None,ticker,dimension,calendardate,datekey,reportperiod,lastupdated,accoci,assets,assetsavg,assetsc,assetsnc,assetturnover,bvps,capex,cashneq,cashnequsd,cor,consolinc,currentratio,de,debt,debtc,debtnc,debtusd,deferredrev,depamor,deposits,divyield,dps,ebit,ebitda,ebitdamargin,ebitdausd,ebitusd,ebt,eps,epsdil,epsusd,equity,equityavg,equityusd,ev,evebit,evebitda,fcf,fcfps,fxusd,gp,grossmargin,intangibles,intexp,invcap,invcapavg,inventory,investments,investmentsc,investmentsnc,liabilities,liabilitiesc,liabilitiesnc,marketcap,ncf,ncfbus,ncfcommon,ncfdebt,ncfdiv,ncff,ncfi,ncfinv,ncfo,ncfx,netinc,netinccmn,netinccmnusd,netincdis,netincnci,netmargin,opex,opinc,payables,payoutratio,pb,pe,pe1,ppnenet,prefdivis,price,ps,ps1,receivables,retearn,revenue,revenueusd,rnd,roa,roe,roic,ros,sbcomp,sgna,sharefactor,sharesbas,shareswa,shareswadil,sps,tangibles,taxassets,taxexp,taxliabilities,tbvps,workingcapital
0,JBL,MRY,2021-12-31,2021-08-31,2021-08-31,2021-10-22,-25000000.0,16654000000.0,15539587250.0,10877000000.0,5777000000.0,1.885,14.384,-793000000.0,1567000000.0,1567000000.0,26926000000.0,698000000.0,1.018,6.796,3319000000.0,108000000.0,3211000000.0,3319000000.0,0.0,876000000.0,0.0,0.005,0.32,1072000000.0,1948000000.0,0.067,1948000000.0,1072000000.0,942000000.0,4.69,4.58,4.69,2136000000.0,2085635750.0,2136000000.0,11112245541.0,10.0,5.704,640000000.0,4.31,1.0,2359000000.0,0.081,897000000.0,130000000.0,6826000000.0,6927978750.0,4414000000.0,0.0,0.0,0.0,14517000000.0,10683000000.0,3834000000.0,9009354541.0,173000000.0,-50000000.0,-389000000.0,111000000.0,-50000000.0,-413000000.0,-851000000.0,-4000000.0,1433000000.0,4000000.0,696000000.0,696000000.0,696000000.0,0.0,2000000.0,0.024,1293000000.0,1066000000.0,6841000000.0,0.068,4.218,12.944,13.173,4465000000.0,0.0,61.78,0.308,0.313,3141000000.0,2688000000.0,29285000000.0,29285000000.0,34000000.0,0.045,0.334,0.155,0.037,102000000.0,1213000000.0,1.0,145829630.0,148500000,152100000.0,197.205,15757000000.0,176000000.0,246000000.0,289000000.0,106.108,194000000.0
1,JBL,MRY,2020-12-31,2020-08-31,2020-08-31,2021-10-22,-34000000.0,14397000000.0,13843129250.0,9135000000.0,5262000000.0,1.97,11.946,-796000000.0,1394000000.0,1394000000.0,25335000000.0,57000000.0,1.008,6.942,3141000000.0,161000000.0,2980000000.0,3141000000.0,0.0,795000000.0,0.0,0.009,0.32,432000000.0,1227000000.0,0.045,1227000000.0,432000000.0,258000000.0,0.36,0.35,0.36,1811000000.0,1756454750.0,1811000000.0,7280319329.0,17.0,5.933,461000000.0,3.041,1.0,1931000000.0,0.071,907000000.0,174000000.0,6178000000.0,6106560500.0,3132000000.0,0.0,0.0,0.0,12572000000.0,9059000000.0,3513000000.0,5142103329.0,231000000.0,-147000000.0,-185000000.0,233000000.0,-50000000.0,-65000000.0,-921000000.0,0.0,1257000000.0,-40000000.0,54000000.0,54000000.0,54000000.0,0.0,3000000.0,0.002,1462000000.0,469000000.0,5687000000.0,0.889,2.839,95.224,94.861,4028000000.0,0.0,34.15,0.189,0.19,2848000000.0,2041000000.0,27266000000.0,27266000000.0,43000000.0,0.004,0.031,0.071,0.016,83000000.0,1175000000.0,1.0,150574036.0,151600000,155300000.0,179.855,13490000000.0,165000000.0,204000000.0,264000000.0,88.984,76000000.0
2,JBL,MRY,2019-12-31,2019-08-31,2019-08-31,2021-10-22,-82794000.0,12970475000.0,12708545750.0,8345085000.0,4625390000.0,1.989,12.13,-787000000.0,1163343000.0,1163343000.0,23369000000.0,289000000.0,0.978,5.865,2496465000.0,375181000.0,2121284000.0,2496465000.0,0.0,772000000.0,0.0,0.011,0.32,637000000.0,1409000000.0,0.056,1409000000.0,637000000.0,449000000.0,1.85,1.81,1.85,1887443000.0,1870376750.0,1887443000.0,6643425057.0,10.0,4.715,406000000.0,2.609,1.0,1913000000.0,0.076,879108000.0,188000000.0,4892384000.0,5566993750.0,3023003000.0,0.0,0.0,0.0,11069717000.0,8532105000.0,2537612000.0,4405839057.0,-95000000.0,-153000000.0,-323000000.0,-27000000.0,-52000000.0,-416000000.0,-872000000.0,97000000.0,1193000000.0,0.0,287000000.0,287000000.0,287000000.0,0.0,2000000.0,0.011,1265000000.0,648000000.0,5166780000.0,0.173,2.334,15.351,15.573,3333750000.0,0.0,28.81,0.174,0.177,2745226000.0,2037037000.0,25282000000.0,25282000000.0,43000000.0,0.023,0.153,0.114,0.025,61000000.0,1111000000.0,1.0,152927423.0,155600000,158600000.0,162.481,12091367000.0,198827000.0,162000000.0,252507000.0,77.708,-187020000.0
3,JBL,MRY,2018-12-31,2018-08-31,2018-08-31,2021-10-22,-19399000.0,12045641000.0,11557243250.0,7549923000.0,4495718000.0,1.912,11.323,-686360000.0,1257949000.0,1257949000.0,20388624000.0,87541000.0,1.044,5.17,2518699000.0,25197000.0,2493502000.0,2518699000.0,0.0,773704000.0,0.0,0.011,0.32,521192000.0,1294896000.0,0.059,1294896000.0,521192000.0,372190000.0,0.5,0.49,0.5,1950257000.0,2183808000.0,1950257000.0,6750367633.0,13.0,5.213,-1791808000.0,-10.403,1.0,1706792000.0,0.077,906876000.0,149002000.0,5168642000.0,5097507000.0,3457706000.0,0.0,0.0,0.0,10082261000.0,7230873000.0,2851388000.0,4979226633.0,68030000.0,-109664000.0,-425454000.0,471408000.0,-57833000.0,-47044000.0,1240914000.0,2039298000.0,-1105448000.0,-20392000.0,86330000.0,86330000.0,86330000.0,0.0,1211000.0,0.004,1202202000.0,504590000.0,4942932000.0,0.64,2.553,57.677,59.12,3198016000.0,0.0,29.56,0.225,0.23,1693268000.0,1760097000.0,22095416000.0,22095416000.0,38531000.0,0.007,0.04,0.102,0.024,90664000.0,1050716000.0,1.0,168444744.0,172237000,175044000.0,128.285,11138765000.0,218252000.0,285860000.0,263269000.0,64.671,319050000.0
4,JBL,MRY,2017-12-31,2017-08-31,2017-08-31,2021-10-22,54620000.0,11095995000.0,10496079500.0,6626683000.0,4469312000.0,1.816,12.938,-541485000.0,1189919000.0,1189919000.0,17517478000.0,127167000.0,0.964,3.708,2050272000.0,444255000.0,1606017000.0,2050272000.0,0.0,760405000.0,0.0,0.01,0.32,396230000.0,1156635000.0,0.061,1156635000.0,396230000.0,258156000.0,0.71,0.69,0.71,2353514000.0,2366561000.0,2353514000.0,7058902237.0,18.0,6.103,-2005570000.0,-11.026,1.0,1545643000.0,0.081,892780000.0,138074000.0,4192975000.0,4826209250.0,2942083000.0,0.0,0.0,0.0,8727651000.0,6870593000.0,1857058000.0,5619258237.0,277860000.0,-36620000.0,-284849000.0,-45043000.0,-59959000.0,-404546000.0,2141263000.0,2720728000.0,-1464085000.0,5228000.0,129090000.0,129090000.0,129090000.0,0.0,-1923000.0,0.007,1161749000.0,383894000.0,4257623000.0,0.451,2.388,43.53,44.155,3228678000.0,0.0,31.35,0.295,0.299,1397424000.0,1730893000.0,19063121000.0,19063121000.0,29680000.0,0.012,0.055,0.082,0.021,48544000.0,907702000.0,1.0,179242687.0,181902000,185838000.0,104.799,10203215000.0,205722000.0,129066000.0,150229000.0,56.092,-243910000.0
5,JBL,MRY,2016-12-31,2016-08-31,2016-08-31,2021-10-22,-39877000.0,10322677000.0,10087026250.0,5848381000.0,4474296000.0,1.819,12.805,-898208000.0,912059000.0,912059000.0,16825382000.0,254896000.0,1.05,3.226,2119822000.0,45810000.0,2074012000.0,2119822000.0,0.0,696752000.0,0.0,0.015,0.32,522780000.0,1219532000.0,0.066,1219532000.0,522780000.0,386244000.0,1.33,1.32,1.33,2438171000.0,2445054750.0,2438171000.0,5313026267.0,10.0,4.357,17999000.0,0.095,1.0,1527704000.0,0.083,891727000.0,136536000.0,5070657000.0,4938322250.0,2456612000.0,0.0,0.0,0.0,7865180000.0,5568056000.0,2297124000.0,4049104267.0,-1904000.0,-242143000.0,-127430000.0,458293000.0,-62436000.0,253512000.0,-1179981000.0,-29380000.0,916207000.0,8358000.0,254095000.0,254095000.0,254095000.0,0.0,801000.0,0.014,1013251000.0,514453000.0,3593195000.0,0.241,1.661,15.935,15.932,3331879000.0,0.0,21.19,0.221,0.22,1359610000.0,1660820000.0,18353086000.0,18353086000.0,31954000.0,0.025,0.104,0.106,0.028,58997000.0,924427000.0,1.0,191085619.0,190413000,192750000.0,96.386,9430950000.0,148859000.0,132149000.0,145094000.0,49.529,280325000.0
6,JBL,MRY,2015-12-31,2015-08-31,2015-08-31,2021-10-22,-50854000.0,9591600000.0,9001299250.0,5866309000.0,3725291000.0,1.989,11.951,-947361000.0,913963000.0,913963000.0,16395978000.0,285612000.0,1.034,3.135,1658784000.0,322966000.0,1335818000.0,1658784000.0,0.0,529176000.0,0.0,0.017,0.32,549571000.0,1078747000.0,0.06,1078747000.0,549571000.0,421480000.0,1.47,1.45,1.47,2314856000.0,2276559750.0,2314856000.0,4459017745.0,8.0,4.134,293167000.0,1.514,1.0,1503218000.0,0.084,745918000.0,128091000.0,3916229000.0,4182130250.0,2507264000.0,0.0,0.0,0.0,7256589000.0,5674274000.0,1582315000.0,3750584745.0,-86286000.0,-167441000.0,-67514000.0,-21295000.0,-63138000.0,-162795000.0,-1121447000.0,-11939000.0,1240528000.0,-42572000.0,284019000.0,284019000.0,284019000.0,8573000.0,1593000.0,0.016,953434000.0,549784000.0,3663264000.0,0.218,1.62,13.205,13.163,2804333000.0,0.0,19.35,0.21,0.209,1467247000.0,1468910000.0,17899196000.0,17899196000.0,27645000.0,0.032,0.125,0.131,0.031,62560000.0,862647000.0,1.0,193828669.0,193689000,196005000.0,92.412,8845682000.0,164214000.0,137461000.0,181001000.0,45.67,192035000.0
7,JBL,MRY,2014-12-31,2014-08-31,2014-08-31,2021-10-22,86962000.0,8479746000.0,8464671500.0,5359017000.0,3120729000.0,1.862,11.071,-462922000.0,1000249000.0,1000249000.0,14736543000.0,242265000.0,1.24,2.774,1682545000.0,12960000.0,1669585000.0,1682545000.0,0.0,487278000.0,0.0,0.015,0.32,443079000.0,930357000.0,0.059,930357000.0,443079000.0,315024000.0,1.19,1.19,1.19,2241828000.0,2334321500.0,2241828000.0,4732464804.0,11.0,5.087,36717000.0,0.181,1.0,1025603000.0,0.065,627700000.0,128055000.0,4213245000.0,4427765000.0,2008077000.0,0.0,0.0,0.0,6219378000.0,4321097000.0,1898281000.0,4312323804.0,-11124000.0,531189000.0,-244503000.0,-224136000.0,-68211000.0,-577601000.0,60667000.0,-3600000.0,499639000.0,6171000.0,241313000.0,241313000.0,241313000.0,-243853000.0,952000.0,0.015,821204000.0,204399000.0,3060814000.0,0.269,1.924,17.87,18.134,2271705000.0,0.0,21.58,0.274,0.277,1208516000.0,1245772000.0,15762146000.0,15762146000.0,28611000.0,0.029,0.103,0.1,0.028,10624000.0,675730000.0,1.0,199829648.0,202497000,202497000.0,77.839,7852046000.0,157646000.0,73711000.0,154319000.0,38.776,1037920000.0
8,JBL,MRY,2013-12-31,2013-08-31,2013-08-31,2021-10-22,81248000.0,9153781000.0,8430101500.0,5820245000.0,3333536000.0,2.046,11.498,-721066000.0,1011373000.0,1011373000.0,16037303000.0,370091000.0,1.196,2.911,1905866000.0,215448000.0,1690418000.0,1905866000.0,0.0,418117000.0,0.0,0.014,0.32,500136000.0,918253000.0,0.053,918253000.0,500136000.0,379113000.0,1.83,1.79,1.83,2335287000.0,2197672500.0,2335287000.0,4933733594.0,10.0,5.373,492823000.0,2.427,1.0,1212190000.0,0.07,609445000.0,121023000.0,4574395000.0,4390368000.0,2118716000.0,0.0,0.0,0.0,6798214000.0,4864434000.0,1933780000.0,4624641594.0,-205883000.0,-650054000.0,-110977000.0,177662000.0,-67181000.0,-22993000.0,-1374462000.0,-3342000.0,1213889000.0,-22317000.0,371482000.0,371482000.0,371482000.0,-50608000.0,-1391000.0,0.022,740269000.0,471921000.0,3191328000.0,0.175,1.98,12.449,12.47,2309320000.0,0.0,22.82,0.268,0.269,1168954000.0,1071175000.0,17249493000.0,17249493000.0,28412000.0,0.044,0.169,0.114,0.029,53778000.0,614295000.0,1.0,202657388.0,203096000,207815000.0,84.933,8544336000.0,149302000.0,7631000.0,178689000.0,42.07,955811000.0
9,JBL,MRY,2012-12-31,2012-08-31,2012-08-31,2021-10-22,106275000.0,7803141000.0,7385601750.0,5639328000.0,2163813000.0,2.185,10.211,-481289000.0,1217256000.0,1217256000.0,14979754000.0,396089000.0,1.461,2.706,1676357000.0,18031000.0,1658326000.0,1676357000.0,0.0,353492000.0,0.0,0.014,0.32,603641000.0,957133000.0,0.059,957133000.0,603641000.0,497553000.0,1.91,1.87,1.91,2105057000.0,2004488500.0,2105057000.0,5375316696.0,9.0,5.616,152937000.0,0.742,1.0,1160951000.0,0.072,214071000.0,106088000.0,4189175000.0,3796409000.0,2268949000.0,0.0,0.0,0.0,5695806000.0,3858996000.0,1836810000.0,4680873696.0,328645000.0,-125098000.0,-44988000.0,478740000.0,-65240000.0,317358000.0,-605870000.0,517000.0,634226000.0,-17069000.0,394687000.0,394687000.0,394687000.0,-62406000.0,1402000.0,0.024,620316000.0,540635000.0,2992865000.0,0.168,2.224,11.86,11.927,1779155000.0,0.0,22.78,0.29,0.291,1125015000.0,766934000.0,16140705000.0,16140705000.0,25837000.0,0.053,0.197,0.159,0.037,80520000.0,572645000.0,1.0,205481725.0,206160000,211181000.0,78.292,7589070000.0,112193000.0,102866000.0,132390000.0,36.812,1780332000.0
10,JBL,MRY,2011-12-31,2011-08-31,2011-08-31,2021-10-22,194706000.0,7057940000.0,6752686750.0,5115787000.0,1942153000.0,2.446,8.704,-435506000.0,888611000.0,888611000.0,15264257000.0,382958000.0,1.315,2.771,1186754000.0,74160000.0,1112594000.0,1186754000.0,0.0,319179000.0,0.0,0.017,0.28,576985000.0,896164000.0,0.054,896164000.0,576985000.0,479292000.0,1.78,1.73,1.78,1867120000.0,1821018000.0,1867120000.0,3959864297.0,7.0,4.419,392503000.0,1.83,1.0,1254570000.0,0.076,125305000.0,97693000.0,3340890000.0,3365009500.0,2227339000.0,0.0,0.0,0.0,5174117000.0,3889888000.0,1284229000.0,3683365297.0,144282000.0,3985000.0,-168582000.0,-29146000.0,-60411000.0,-267722000.0,-426278000.0,5243000.0,828009000.0,10273000.0,381063000.0,381063000.0,381063000.0,0.0,1895000.0,0.023,654878000.0,599692000.0,2885168000.0,0.157,1.973,9.666,9.466,1641335000.0,0.0,16.85,0.223,0.219,1100926000.0,441793000.0,16518827000.0,16518827000.0,25034000.0,0.056,0.209,0.171,0.035,76050000.0,590572000.0,1.0,218597347.0,214502000,220719000.0,77.01,6932635000.0,105008000.0,98229000.0,142381000.0,32.32,1225899000.0
11,JBL,MRY,2010-12-31,2010-08-31,2010-08-31,2021-10-22,122062000.0,6367747000.0,5782789750.0,4654018000.0,1713729000.0,2.319,7.363,-388145000.0,744329000.0,744329000.0,12405267000.0,170766000.0,1.291,3.026,1186496000.0,167566000.0,1018930000.0,1186496000.0,0.0,283284000.0,0.0,0.027,0.28,324509000.0,607793000.0,0.045,607793000.0,324509000.0,245341000.0,0.79,0.78,0.79,1578046000.0,1507321000.0,1578046000.0,2754691919.0,8.0,4.532,39265000.0,0.183,1.0,1004144000.0,0.075,132568000.0,79168000.0,3072172000.0,2986687000.0,2094135000.0,0.0,0.0,0.0,4774975000.0,3605174000.0,1169801000.0,2229003919.0,-131943000.0,-27140000.0,10744000.0,-46368000.0,-59869000.0,-100280000.0,-440257000.0,-24972000.0,427410000.0,-18816000.0,168840000.0,168840000.0,168840000.0,0.0,1926000.0,0.013,656061000.0,348083000.0,2741719000.0,0.354,1.413,13.202,12.975,1451392000.0,0.0,10.25,0.166,0.164,1408319000.0,123303000.0,13409411000.0,13409411000.0,28085000.0,0.029,0.112,0.109,0.024,104609000.0,589738000.0,1.0,217463797.0,214332000,217597000.0,62.564,6235179000.0,113171000.0,76501000.0,111450000.0,29.091,1048844000.0
12,JBL,MRY,2009-12-31,2009-08-31,2009-08-31,2021-10-22,196972000.0,5317858000.0,5640938250.0,3676826000.0,1641032000.0,2.071,6.933,-281999000.0,876272000.0,876272000.0,10965723000.0,-1166031000.0,1.369,2.7,1234448000.0,197575000.0,1036873000.0,1234448000.0,0.0,291997000.0,0.0,0.026,0.28,-922067000.0,-630070000.0,-0.054,-630070000.0,-922067000.0,-1004314000.0,-5.63,-5.63,-5.63,1435162000.0,1634252750.0,1435162000.0,2790849531.0,-3.0,-4.429,275310000.0,1.33,1.0,718815000.0,0.062,156288000.0,82247000.0,2833820000.0,3018711750.0,1226656000.0,0.0,0.0,0.0,3875449000.0,2685926000.0,1189523000.0,2339338531.0,103349000.0,-4176000.0,7420000.0,-132674000.0,-59583000.0,-195913000.0,-286175000.0,0.0,557309000.0,28128000.0,-1165212000.0,-1165212000.0,-1165212000.0,0.0,-819000.0,-0.1,1649127000.0,-930312000.0,1938009000.0,-0.05,1.63,-2.008,-1.945,1377729000.0,0.0,10.95,0.2,0.194,1260962000.0,-13700000.0,11684538000.0,11684538000.0,27321000.0,-0.207,-0.713,-0.305,-0.079,44026000.0,495941000.0,1.0,213638222.0,207002000,207002000.0,56.446,5161570000.0,114814000.0,160898000.0,95017000.0,24.935,990900000.0
13,JBL,MRY,2008-12-31,2008-08-31,2008-08-31,2021-10-22,301401000.0,7032137000.0,6784538250.0,4139137000.0,2893000000.0,1.884,12.944,-326477000.0,772923000.0,772923000.0,11911902000.0,132074000.0,1.358,1.587,1369410000.0,269937000.0,1099473000.0,1369410000.0,0.0,276311000.0,0.0,0.017,0.28,253327000.0,529638000.0,0.041,529638000.0,253327000.0,159011000.0,0.64,0.64,0.64,2715725000.0,2643896000.0,2715725000.0,4076531064.0,16.0,7.697,93525000.0,0.446,1.0,867801000.0,0.068,1291945000.0,94316000.0,3289039000.0,3091835250.0,1528862000.0,0.0,0.0,0.0,4309008000.0,3047640000.0,1261368000.0,3541152064.0,109298000.0,-58243000.0,16475000.0,122772000.0,-58634000.0,85000000.0,-384720000.0,0.0,420002000.0,-10984000.0,133892000.0,133892000.0,133892000.0,0.0,-1818000.0,0.01,628306000.0,239495000.0,2218969000.0,0.438,1.304,26.448,26.344,1392479000.0,0.0,16.86,0.277,0.277,1475530000.0,1210417000.0,12779703000.0,12779703000.0,32984000.0,0.02,0.051,0.082,0.02,23880000.0,491324000.0,1.0,210032744.0,209805000,210425000.0,60.912,5740192000.0,224260000.0,25119000.0,119348000.0,27.36,1091497000.0
14,JBL,MRY,2007-12-31,2007-08-31,2007-08-31,2021-10-22,170960000.0,6295232000.0,6113378250.0,3666293000.0,2628939000.0,2.01,11.989,-282524000.0,663625000.0,663625000.0,11478562000.0,73236000.0,1.226,1.573,1262193000.0,501716000.0,760477000.0,1262193000.0,0.0,239702000.0,0.0,0.013,0.28,180706000.0,420408000.0,0.034,420408000.0,180706000.0,94637000.0,0.36,0.35,0.36,2443011000.0,2406674250.0,2443011000.0,5373416958.0,30.0,12.781,-98635000.0,-0.484,1.0,812030000.0,0.066,1271076000.0,86069000.0,2631877000.0,2387600000.0,1374400000.0,0.0,0.0,0.0,3843539000.0,2990847000.0,852692000.0,4607740958.0,-109938000.0,-771898000.0,25112000.0,740907000.0,-57604000.0,715140000.0,-1054422000.0,0.0,183889000.0,45455000.0,73236000.0,73236000.0,73236000.0,0.0,0.0,0.006,645979000.0,166051000.0,2001508000.0,0.778,1.886,62.916,61.667,1261481000.0,0.0,22.2,0.375,0.368,1352383000.0,1131403000.0,12290592000.0,12290592000.0,36381000.0,0.012,0.03,0.076,0.015,36562000.0,491967000.0,1.0,207555899.0,203779000,206972000.0,60.313,5024156000.0,133650000.0,21401000.0,73822000.0,24.655,675446000.0
15,JBL,MRY,2006-12-31,2006-08-31,2006-08-31,2021-10-22,113104000.0,5411730000.0,4862615500.0,3678965000.0,1732765000.0,2.111,11.062,-250784000.0,773563000.0,773563000.0,9500547000.0,164518000.0,1.362,1.359,393333000.0,63813000.0,329520000.0,393333000.0,0.0,198676000.0,0.0,0.005,0.14,248623000.0,447299000.0,0.044,447299000.0,248623000.0,225116000.0,0.79,0.77,0.79,2294481000.0,2365908750.0,2294481000.0,5197024711.0,21.0,11.619,197392000.0,0.952,1.0,764900000.0,0.075,688774000.0,23507000.0,1641392000.0,1694341000.0,1452737000.0,0.0,0.0,0.0,3117249000.0,2701334000.0,415915000.0,5695687711.0,-22508000.0,-166686000.0,-68608000.0,9747000.0,-14855000.0,-67906000.0,-417470000.0,0.0,448176000.0,14692000.0,164518000.0,164518000.0,164518000.0,0.0,0.0,0.016,535011000.0,229889000.0,2231864000.0,0.177,2.482,34.62,33.962,985262000.0,0.0,26.83,0.555,0.542,1288024000.0,1116035000.0,10265447000.0,10265447000.0,34975000.0,0.034,0.07,0.147,0.024,38038000.0,382210000.0,1.0,212288025.0,207413000,212540000.0,49.493,4722956000.0,89154000.0,60598000.0,50391000.0,22.771,977631000.0
16,JBL,MRY,2005-12-31,2005-08-31,2005-08-31,2021-10-22,80103000.0,4087986000.0,3806180750.0,2685935000.0,1402051000.0,1.977,10.597,-242469000.0,796071000.0,796071000.0,6895880000.0,203875000.0,1.713,0.905,327254000.0,674000.0,326580000.0,327254000.0,0.0,220123000.0,0.0,0.0,0.0,261635000.0,481758000.0,0.064,481758000.0,261635000.0,240968000.0,1.01,0.98,1.01,2145941000.0,2040235750.0,2145941000.0,5613246286.0,21.0,11.652,347532000.0,1.716,1.0,628506000.0,0.084,453301000.0,20667000.0,1597739000.0,1576190500.0,818435000.0,0.0,0.0,0.0,1942045000.0,1568129000.0,373916000.0,5981770286.0,174749000.0,-219869000.0,50262000.0,15242000.0,0.0,60940000.0,-488694000.0,-26356000.0,590001000.0,12502000.0,203875000.0,203875000.0,203875000.0,0.0,0.0,0.027,380645000.0,247861000.0,1339866000.0,0.0,2.787,29.34,29.149,880736000.0,0.0,29.44,0.795,0.792,955353000.0,980667000.0,7524386000.0,7524386000.0,22507000.0,0.054,0.1,0.166,0.035,40735000.0,314270000.0,1.0,203185132.0,202501000,207706000.0,37.157,3634685000.0,76192000.0,37093000.0,2823000.0,17.949,1117806000.0
17,JBL,MRY,2004-12-31,2004-08-31,2004-08-31,2021-10-22,53057000.0,3329356000.0,3424826500.0,2182675000.0,1146681000.0,1.826,9.077,-204101000.0,621322000.0,621322000.0,5714517000.0,173730000.0,1.883,0.83,309606000.0,4412000.0,305194000.0,309606000.0,0.0,221668000.0,0.0,0.0,0.0,221815000.0,443483000.0,0.071,443483000.0,221815000.0,203269000.0,0.87,0.85,0.87,1819340000.0,1742332750.0,1819340000.0,3849038833.0,17.0,8.679,247140000.0,1.233,1.0,538380000.0,0.086,352426000.0,18546000.0,1506130000.0,1527261000.0,656681000.0,0.0,0.0,0.0,1510016000.0,1159084000.0,350932000.0,4145678833.0,-78426000.0,-1492000.0,28891000.0,-347331000.0,0.0,-318440000.0,-205593000.0,0.0,451241000.0,-5634000.0,173730000.0,173730000.0,173730000.0,0.0,0.0,0.028,323802000.0,214578000.0,937636000.0,0.0,2.279,23.863,23.713,776353000.0,0.0,20.63,0.663,0.661,777357000.0,789953000.0,6252897000.0,6252897000.0,13813000.0,0.051,0.1,0.145,0.035,-3245000.0,257748000.0,1.0,200953894.0,200430000,205559000.0,31.197,2976930000.0,63095000.0,29539000.0,3618000.0,14.853,1023591000.0
18,JBL,MRY,2003-12-31,2003-08-31,2003-08-31,2021-10-22,21079000.0,3244745000.0,3019021500.0,2093947000.0,1150798000.0,1.567,8.003,-102327000.0,699748000.0,699748000.0,4294016000.0,43007000.0,1.658,1.043,644255000.0,347237000.0,297018000.0,644255000.0,0.0,224439000.0,0.0,0.0,0.0,53973000.0,278412000.0,0.059,278412000.0,53973000.0,36954000.0,0.22,0.21,0.22,1588476000.0,1561759750.0,1588476000.0,5538480050.0,103.0,19.893,161166000.0,0.812,1.0,435466000.0,0.092,381319000.0,17019000.0,1544715000.0,1587003750.0,510218000.0,0.0,0.0,0.0,1656269000.0,1263218000.0,393051000.0,5597898050.0,59013000.0,-415166000.0,17111000.0,295309000.0,0.0,312420000.0,-517493000.0,0.0,263493000.0,593000.0,43007000.0,43007000.0,43007000.0,0.0,0.0,0.009,391013000.0,44453000.0,712697000.0,0.0,3.524,130.162,127.955,746204000.0,0.0,28.15,1.184,1.181,759696000.0,623053000.0,4729482000.0,4729482000.0,9906000.0,0.014,0.028,0.034,0.011,690000.0,243663000.0,1.0,198859611.0,198495000,202103000.0,23.827,2863426000.0,61343000.0,-6053000.0,19223000.0,14.426,830729000.0
19,JBL,MRY,2002-12-31,2002-08-31,2002-08-31,2021-10-22,377000.0,2547906000.0,2438209750.0,1588344000.0,959562000.0,1.454,7.634,-71606000.0,640735000.0,640735000.0,3210875000.0,34715000.0,2.677,0.691,363360000.0,8692000.0,354668000.0,363360000.0,0.0,188308000.0,0.0,0.0,0.0,57811000.0,246119000.0,0.069,246119000.0,57811000.0,44756000.0,0.18,0.17,0.18,1506966000.0,1476284500.0,1506966000.0,3300879985.0,57.0,13.412,481956000.0,2.442,1.0,334591000.0,0.094,194447000.0,13055000.0,1482702000.0,1476902000.0,395918000.0,0.0,0.0,0.0,1040940000.0,593382000.0,447558000.0,3697830985.0,210083000.0,-278617000.0,14681000.0,-8333000.0,0.0,6348000.0,-350223000.0,0.0,553562000.0,396000.0,34715000.0,34715000.0,34715000.0,0.0,0.0,0.01,286541000.0,48050000.0,431588000.0,0.0,2.454,106.52,103.944,740868000.0,0.0,18.71,1.043,1.042,446879000.0,580046000.0,3545466000.0,3545466000.0,7864000.0,0.014,0.024,0.039,0.016,42796000.0,203845000.0,1.0,197639283.0,197396000,200782000.0,17.961,2353459000.0,70684000.0,10041000.0,41323000.0,11.923,994962000.0
20,JBL,MRY,2001-12-31,2001-08-31,2001-08-31,2021-10-22,-321000.0,2357578000.0,2264590750.0,1446798000.0,910780000.0,1.912,7.37,-302316000.0,430652000.0,430652000.0,3936589000.0,118517000.0,2.866,0.667,370000000.0,8333000.0,361667000.0,370000000.0,0.0,155388000.0,0.0,0.0,0.0,172005000.0,327393000.0,0.076,327393000.0,172005000.0,166148000.0,0.62,0.59,0.62,1414076000.0,1375660250.0,1414076000.0,4337163534.0,25.0,13.248,-119621000.0,-0.623,1.0,394066000.0,0.091,148888000.0,5857000.0,1643263000.0,1477617000.0,431499000.0,0.0,0.0,0.0,943502000.0,504775000.0,438727000.0,4424621534.0,93050000.0,-139200000.0,16642000.0,329216000.0,0.0,351787000.0,-441516000.0,0.0,182695000.0,84000.0,118517000.0,118517000.0,118517000.0,0.0,0.0,0.027,230304000.0,163762000.0,392181000.0,0.0,3.129,37.333,37.274,744723000.0,0.0,23.11,1.022,1.024,528196000.0,545331000.0,4330655000.0,4330655000.0,6448000.0,0.052,0.086,0.116,0.04,8450000.0,184112000.0,1.0,191459175.0,191862000,202223000.0,22.572,2208690000.0,22454000.0,47631000.0,36960000.0,11.512,942023000.0
21,JBL,MRY,2000-12-31,2000-08-31,2000-08-31,2021-10-22,-605000.0,2015915000.0,1485431000.0,1384993000.0,630922000.0,2.395,7.095,-326800000.0,337602000.0,337602000.0,3199972000.0,145648000.0,2.002,0.587,33333000.0,8333000.0,25000000.0,33333000.0,2922000.0,99337000.0,0.0,0.0,0.0,220301000.0,319638000.0,0.09,319638000.0,220301000.0,212696000.0,0.81,0.78,0.81,1270183000.0,804593250.0,1270183000.0,12290605612.0,56.0,38.452,-291384000.0,-1.628,1.0,358349000.0,0.101,34360000.0,7605000.0,985311000.0,907653250.0,477548000.0,0.0,0.0,0.0,745732000.0,691975000.0,53757000.0,12116271612.0,211653000.0,-36716000.0,542816000.0,-32490000.0,0.0,512577000.0,-336340000.0,27176000.0,35416000.0,0.0,145648000.0,145648000.0,145648000.0,0.0,0.0,0.041,145433000.0,212916000.0,594111000.0,0.0,9.539,83.189,78.741,587494000.0,0.0,63.78,3.405,3.209,523096000.0,426814000.0,3558321000.0,3558321000.0,4839000.0,0.098,0.181,0.243,0.062,0.0,132717000.0,1.0,189969765.0,179032000,187448000.0,19.875,1981555000.0,15763000.0,67048000.0,43105000.0,11.068,693018000.0
22,JBL,MRY,1999-12-31,1999-08-31,1999-08-31,2021-10-22,-218000.0,1035421000.0,798130750.0,661113000.0,374308000.0,2.805,3.465,-165539000.0,125949000.0,125949000.0,1992803000.0,84819000.0,1.604,0.792,65823000.0,32490000.0,33333000.0,65823000.0,1798000.0,63417000.0,0.0,0.0,0.0,140413000.0,203830000.0,0.091,203830000.0,140413000.0,133303000.0,0.51,0.49,0.51,577811000.0,413869750.0,577811000.0,3569284237.0,25.0,17.511,-55074000.0,-0.33,1.0,245588000.0,0.11,0.0,7110000.0,563015000.0,498308000.0,217840000.0,27176000.0,27176000.0,0.0,457610000.0,412280000.0,45330000.0,3677753237.0,92926000.0,0.0,206753000.0,-31972000.0,0.0,175176000.0,-192715000.0,-27176000.0,110465000.0,0.0,84819000.0,84819000.0,84819000.0,0.0,0.0,0.038,109711000.0,135877000.0,300093000.0,0.0,6.365,43.36,43.931,353522000.0,0.0,22.405,1.643,1.669,261078000.0,281166000.0,2238391000.0,2238391000.0,5863000.0,0.106,0.205,0.282,0.063,0.0,92015000.0,1.0,164148772.0,166754000,174334000.0,13.423,1035421000.0,13896000.0,48484000.0,30710000.0,6.209,248833000.0
23,JBL,MRY,1998-12-31,1998-08-31,1998-08-31,2021-10-22,0.0,523327000.0,471275750.0,287003000.0,236324000.0,3.149,1.566,-108502000.0,23139000.0,23139000.0,1307692000.0,57469000.0,1.537,1.107,90000000.0,8333000.0,81667000.0,90000000.0,2227000.0,42333000.0,0.0,0.0,0.0,86917000.0,129250000.0,0.087,129250000.0,86917000.0,83041000.0,0.36,0.35,0.36,248366000.0,231166500.0,248366000.0,880500628.0,10.0,6.812,-7183000.0,-0.045,1.0,176553000.0,0.119,0.0,3876000.0,403469000.0,314189750.0,123097000.0,0.0,0.0,0.0,274961000.0,186719000.0,88242000.0,873848628.0,-20551000.0,-64990000.0,3301000.0,49078000.0,0.0,53328000.0,-175198000.0,0.0,101319000.0,0.0,57469000.0,57469000.0,57469000.0,0.0,0.0,0.039,89874000.0,86679000.0,132601000.0,0.0,3.518,15.206,16.319,224680000.0,0.0,5.875,0.589,0.628,126276000.0,176749000.0,1484245000.0,1484245000.0,5355000.0,0.122,0.249,0.277,0.059,0.0,60116000.0,1.0,148740192.0,158589000,164934000.0,9.359,523327000.0,12719000.0,25572000.0,9673000.0,3.3,100284000.0
24,JBL,MRY,1997-12-31,1997-08-31,1997-08-31,2021-10-22,0.0,405903000.0,353832750.0,265998000.0,139905000.0,2.764,1.25,-93437000.0,45457000.0,45457000.0,857245000.0,52497000.0,1.577,1.237,52475000.0,2475000.0,50000000.0,52475000.0,2105000.0,24924000.0,0.0,0.0,0.0,81854000.0,106778000.0,0.109,106778000.0,81854000.0,80242000.0,0.36,0.34,0.36,181485000.0,155995500.0,181485000.0,2164937392.0,26.0,20.275,-24077000.0,-0.166,1.0,120857000.0,0.124,0.0,1612000.0,244271000.0,213625000.0,96187000.0,0.0,0.0,0.0,224418000.0,168650000.0,55768000.0,2162818392.0,-27862000.0,0.0,3624000.0,-8347000.0,0.0,-3785000.0,-93437000.0,0.0,69360000.0,0.0,52497000.0,52497000.0,52497000.0,0.0,0.0,0.054,39003000.0,81854000.0,125741000.0,0.0,11.917,41.199,41.146,139520000.0,0.0,14.812,2.211,2.199,116987000.0,119816000.0,978102000.0,978102000.0,3117000.0,0.148,0.337,0.383,0.084,0.0,35886000.0,1.0,146013056.0,145198000,153360000.0,6.736,405903000.0,6591000.0,27745000.0,9849000.0,2.796,97348000.0
25,JBL,MRY,1996-12-31,1996-08-31,1996-08-31,2021-10-22,0.0,299940000.0,,227338000.0,72602000.0,,0.901,-26894000.0,73319000.0,73319000.0,790311000.0,24349000.0,2.037,1.414,60822000.0,2451000.0,58371000.0,60822000.0,2872000.0,18210000.0,0.0,0.0,0.0,45406000.0,63616000.0,0.074,63616000.0,45406000.0,38073000.0,0.177,0.168,0.177,124234000.0,,124234000.0,,,,73170000.0,0.531,1.0,72974000.0,0.085,0.0,7333000.0,175863000.0,,64869000.0,0.0,0.0,0.0,175706000.0,111580000.0,64126000.0,,67833000.0,0.0,40098000.0,-48240000.0,0.0,-5337000.0,-26894000.0,0.0,100064000.0,0.0,24349000.0,24349000.0,24349000.0,0.0,0.0,0.028,27568000.0,45406000.0,78600000.0,0.0,,,8.651,70704000.0,0.0,1.531,,0.244,84839000.0,67319000.0,863285000.0,863285000.0,2112000.0,,,,0.053,0.0,25456000.0,1.0,,137832000,145336000.0,6.263,299940000.0,3971000.0,13724000.0,8862000.0,2.176,115758000.0
26,JBL,MRY,1995-12-31,1995-08-31,1995-08-31,2021-10-22,,,,,,,,-25424000.0,,,523338000.0,7280000.0,,,,,,,,11991000.0,,0.0,0.0,16419000.0,28410000.0,0.051,28410000.0,16419000.0,10072000.0,0.058,0.058,0.058,,,,,,,-38472000.0,-0.309,1.0,36136000.0,0.065,,6347000.0,,,,,,,,,,,3688000.0,0.0,735000.0,38750000.0,0.0,42160000.0,-25424000.0,0.0,-13048000.0,0.0,7280000.0,7280000.0,7280000.0,0.0,0.0,0.013,19717000.0,16419000.0,,0.0,,,29.095,,0.0,1.688,,0.375,,,559474000.0,559474000.0,1819000.0,,,,0.029,0.0,17898000.0,1.0,,124400000,124400000.0,4.497,,,2792000.0,,,
0,JBL,MRQ,2021-09-30,2021-08-31,2021-08-31,2021-10-22,-25000000.0,16654000000.0,,10877000000.0,5777000000.0,,14.68,-201682000.0,1567000000.0,1567000000.0,6822564000.0,174621000.0,1.018,6.796,3319000000.0,108000000.0,3211000000.0,3319000000.0,0.0,231257000.0,0.0,0.005,0.08,269388000.0,500645000.0,0.068,500645000.0,269388000.0,236563000.0,1.2,1.17,1.2,2136000000.0,,2136000000.0,11112245541.0,10.0,5.704,560458000.0,3.852,1.0,586715000.0,0.079,897000000.0,32825000.0,6826000000.0,,4414000000.0,0.0,0.0,0.0,14517000000.0,10683000000.0,3834000000.0,9009354541.0,325828000.0,-167000.0,-147566000.0,-62221000.0,-12128000.0,-235859000.0,-206768000.0,-4000000.0,762140000.0,6315000.0,174424000.0,174424000.0,174424000.0,0.0,197000.0,0.024,317622000.0,269093000.0,6841000000.0,0.067,4.218,12.944,13.173,4465000000.0,0.0,61.78,0.308,0.313,3141000000.0,2688000000.0,7409279000.0,7409279000.0,6857000.0,,,,,25881000.0,298747000.0,1.0,145829630.0,145500000,149886000.0,50.923,15757000000.0,176000000.0,62139000.0,289000000.0,108.296,194000000.0
1,JBL,MRQ,2021-06-30,2021-05-31,2021-05-31,2021-10-22,14722000.0,15740708000.0,,10259514000.0,5481194000.0,,14.435,-196890000.0,1240729000.0,1240729000.0,6646845000.0,170018000.0,1.042,6.362,3343620000.0,163318000.0,3180302000.0,3343620000.0,0.0,224327000.0,0.0,0.006,0.08,246560000.0,470887000.0,0.065,470887000.0,246560000.0,212757000.0,1.14,1.12,1.14,2138011000.0,,2138011000.0,10708269011.0,11.0,5.959,388025000.0,2.62,1.0,567800000.0,0.079,914253000.0,33803000.0,7082350000.0,,3979329000.0,0.0,0.0,0.0,13601748000.0,9846996000.0,3754752000.0,8399645011.0,402630000.0,-439000.0,-129793000.0,186988000.0,-11993000.0,12114000.0,-197043000.0,0.0,584915000.0,2644000.0,169480000.0,169480000.0,169480000.0,0.0,538000.0,0.023,324674000.0,243126000.0,6193198000.0,0.07,3.929,14.251,14.364,4173097000.0,0.0,56.45,0.288,0.287,3227627000.0,2525323000.0,7214645000.0,7214645000.0,9657000.0,,,,,18765000.0,305559000.0,1.0,148797963.0,148110000,151976000.0,48.711,14826455000.0,165612000.0,43277000.0,271848000.0,100.104,412518000.0
2,JBL,MRQ,2021-03-31,2021-02-28,2021-02-28,2021-10-22,-4270000.0,14494163000.0,,9143653000.0,5350510000.0,,13.904,-152339000.0,838099000.0,838099000.0,6258621000.0,152354000.0,1.034,5.932,3146723000.0,160860000.0,2985863000.0,3146723000.0,0.0,214650000.0,0.0,0.007,0.08,238864000.0,453514000.0,0.066,453514000.0,238864000.0,207838000.0,1.01,0.99,1.01,2089161000.0,,2089161000.0,8548253877.0,11.0,5.413,-131854000.0,-0.878,1.0,569925000.0,0.083,924049000.0,31026000.0,7036361000.0,,3558970000.0,0.0,0.0,0.0,12392221000.0,8842377000.0,3549844000.0,6483097877.0,-269474000.0,-30977000.0,-61612000.0,-11798000.0,-12065000.0,-101862000.0,-183316000.0,0.0,20485000.0,-4781000.0,151654000.0,151654000.0,151654000.0,0.0,700000.0,0.022,332016000.0,237909000.0,5644359000.0,0.079,3.103,17.571,17.62,4061416000.0,0.0,43.17,0.229,0.229,3062742000.0,2368012000.0,6828546000.0,6828546000.0,9368000.0,,,,,23813000.0,305942000.0,1.0,150175999.0,150257000,152975000.0,45.446,13570114000.0,154706000.0,56184000.0,258571000.0,90.313,301276000.0
3,JBL,MRQ,2020-12-31,2020-11-30,2020-11-30,2021-10-22,-14346000.0,15269478000.0,,9847192000.0,5422286000.0,,13.182,-242089000.0,1107573000.0,1107573000.0,7197969000.0,201007000.0,1.019,6.707,3172729000.0,169345000.0,3003384000.0,3172729000.0,0.0,205766000.0,0.0,0.008,0.08,317188000.0,522954000.0,0.067,522954000.0,317188000.0,284842000.0,1.33,1.31,1.33,1979371000.0,,1979371000.0,7463497759.0,12.0,5.332,-176629000.0,-1.176,1.0,634560000.0,0.081,905426000.0,32346000.0,6767204000.0,,3271842000.0,0.0,0.0,0.0,13275527000.0,9662004000.0,3613523000.0,5715814759.0,-285984000.0,-18417000.0,-50029000.0,-1969000.0,-13814000.0,-87393000.0,-263873000.0,0.0,65460000.0,-178000.0,200442000.0,200442000.0,200442000.0,0.0,565000.0,0.026,318688000.0,315872000.0,6431567000.0,0.06,2.888,26.707,26.915,4183095000.0,0.0,38.22,0.207,0.208,3651869000.0,2228729000.0,7832529000.0,7832529000.0,8118000.0,,,,,33541000.0,302752000.0,1.0,149550360.0,150157000,152918000.0,52.162,14364052000.0,165264000.0,84400000.0,279046000.0,95.66,185188000.0
4,JBL,MRQ,2020-09-30,2020-08-31,2020-08-31,2021-10-22,-34000000.0,14397000000.0,,9135000000.0,5262000000.0,,12.031,-240734000.0,1394000000.0,1394000000.0,6808689000.0,69130000.0,1.008,6.942,3141000000.0,161000000.0,2980000000.0,3141000000.0,0.0,194308000.0,0.0,0.009,0.08,155232000.0,349540000.0,0.048,349540000.0,155232000.0,114199000.0,0.45,0.44,0.45,1811000000.0,,1811000000.0,7280319329.0,17.0,5.933,445540000.0,2.96,1.0,490888000.0,0.067,907000000.0,41033000.0,6178000000.0,,3132000000.0,0.0,0.0,0.0,12572000000.0,9059000000.0,3513000000.0,5142103329.0,631006000.0,-1405000.0,-11679000.0,244669000.0,-11589000.0,194592000.0,-241537000.0,0.0,686274000.0,-8323000.0,67819000.0,67819000.0,67819000.0,0.0,1311000.0,0.009,299406000.0,191482000.0,5687000000.0,0.178,2.839,95.224,94.861,4028000000.0,0.0,34.15,0.189,0.19,2848000000.0,2041000000.0,7299577000.0,7299577000.0,9353000.0,,,,,20786000.0,258228000.0,1.0,150574036.0,150532000,165332000.0,48.492,13490000000.0,165000000.0,46380000.0,264000000.0,89.615,76000000.0
5,JBL,MRQ,2020-06-30,2020-05-31,2020-05-31,2021-10-22,-149403000.0,13390876000.0,,8266292000.0,5124584000.0,,10.83,-143125000.0,763337000.0,763337000.0,5879494000.0,-50263000.0,0.943,7.196,2901553000.0,502021000.0,2399532000.0,2901553000.0,0.0,198345000.0,0.0,0.011,0.08,54951000.0,253296000.0,0.04,253296000.0,54951000.0,13078000.0,-0.34,-0.34,-0.34,1632302000.0,,1632302000.0,6948832087.0,16.0,5.674,343435000.0,2.279,1.0,456148000.0,0.072,922245000.0,41873000.0,5838563000.0,,3283701000.0,0.0,0.0,0.0,11745572000.0,8768284000.0,2977288000.0,4509465087.0,66592000.0,-4400000.0,-20840000.0,-239330000.0,-12131000.0,-273865000.0,-124114000.0,0.0,486560000.0,-21989000.0,-50958000.0,-50958000.0,-50958000.0,0.0,695000.0,-0.008,402366000.0,53782000.0,5019286000.0,-0.235,2.763,116.388,119.68,3863209000.0,0.0,29.92,0.17,0.17,2579803000.0,1985546000.0,6335642000.0,6335642000.0,11587000.0,,,,,16882000.0,302849000.0,1.0,150717416.0,150723000,150723000.0,42.035,12468631000.0,173008000.0,64036000.0,256691000.0,82.725,-501992000.0
6,JBL,MRQ,2020-03-31,2020-02-29,2020-02-29,2021-10-22,-102943000.0,13139678000.0,,7977839000.0,5161839000.0,,11.488,-204957000.0,696745000.0,696745000.0,5694958000.0,-2581000.0,0.949,6.515,3136112000.0,737874000.0,2398238000.0,3136112000.0,0.0,199488000.0,0.0,0.01,0.08,74558000.0,274046000.0,0.045,274046000.0,74558000.0,28375000.0,-0.02,-0.02,-0.02,1746831000.0,,1746831000.0,7082149302.0,14.0,5.457,-141735000.0,-0.932,1.0,430125000.0,0.07,935574000.0,46183000.0,6238330000.0,,3339890000.0,0.0,0.0,0.0,11380538000.0,8405141000.0,2975397000.0,4874475302.0,-23097000.0,-24428000.0,-56091000.0,235103000.0,-12549000.0,151153000.0,-229619000.0,0.0,63222000.0,-7853000.0,-3283000.0,-3283000.0,-3283000.0,0.0,702000.0,-0.001,347996000.0,82129000.0,4652138000.0,-4.0,2.79,36.599,36.839,3835451000.0,0.0,32.05,0.185,0.185,2314055000.0,2048954000.0,6125083000.0,6125083000.0,11290000.0,,,,,15109000.0,285024000.0,1.0,152089713.0,152058000,152058000.0,40.281,12204104000.0,194468000.0,31658000.0,261284000.0,80.26,-427302000.0
7,JBL,MRQ,2019-12-31,2019-11-30,2019-11-30,2021-10-22,-74322000.0,14444963000.0,,9252231000.0,5192732000.0,,11.99,-207184000.0,719842000.0,719842000.0,6951859000.0,40714000.0,0.968,6.862,2927516000.0,473820000.0,2453696000.0,2927516000.0,0.0,202859000.0,0.0,0.008,0.08,147259000.0,350118000.0,0.047,350118000.0,147259000.0,102348000.0,0.26,0.26,0.26,1835686000.0,,1835686000.0,7262298246.0,13.0,5.327,-186240000.0,-1.216,1.0,553839000.0,0.074,919240000.0,44911000.0,6171349000.0,,3342198000.0,0.0,0.0,0.0,12595670000.0,9562048000.0,3033622000.0,5929176246.0,-443501000.0,-116767000.0,-96390000.0,-7442000.0,-13731000.0,-136880000.0,-325730000.0,0.0,20944000.0,-1835000.0,40422000.0,40422000.0,40422000.0,0.0,292000.0,0.005,412232000.0,141607000.0,5920277000.0,0.308,3.23,29.09,29.203,3856106000.0,0.0,38.84,0.226,0.226,3596145000.0,2064758000.0,7505698000.0,7505698000.0,10770000.0,,,,,30223000.0,328899000.0,1.0,152656443.0,153100000,156462000.0,49.025,13525723000.0,203945000.0,61926000.0,260557000.0,88.346,-309817000.0
8,JBL,MRQ,2019-09-30,2019-08-31,2019-08-31,2021-10-22,-82794000.0,12970475000.0,,8345085000.0,4625390000.0,,12.316,-165427000.0,1163343000.0,1163343000.0,6078456000.0,53287000.0,0.978,5.865,2496465000.0,375181000.0,2121284000.0,2496465000.0,0.0,197078000.0,0.0,0.011,0.08,150160000.0,347238000.0,0.053,347238000.0,150160000.0,101486000.0,0.35,0.34,0.35,1887443000.0,,1887443000.0,6643425057.0,10.0,4.715,914917000.0,5.97,1.0,494677000.0,0.075,879108000.0,48674000.0,4892384000.0,,3023003000.0,0.0,0.0,0.0,11069717000.0,8532105000.0,2537612000.0,4405839057.0,468863000.0,239000.0,12741000.0,-435784000.0,-12264000.0,-435909000.0,-167905000.0,154000.0,1080344000.0,-7667000.0,52564000.0,52564000.0,52564000.0,0.0,723000.0,0.008,318897000.0,175780000.0,5166780000.0,0.229,2.334,15.351,15.573,3333750000.0,0.0,28.81,0.174,0.177,2745226000.0,2037037000.0,6573133000.0,6573133000.0,10253000.0,,,,,13548000.0,276250000.0,1.0,152927423.0,153248000,157292000.0,42.892,12091367000.0,198827000.0,48922000.0,252507000.0,78.901,-187020000.0
9,JBL,MRQ,2019-06-30,2019-05-31,2019-05-31,2021-10-22,-50005000.0,12608777000.0,,7974369000.0,4634408000.0,,12.133,-229401000.0,694086000.0,694086000.0,5691803000.0,44032000.0,1.014,5.791,2931672000.0,454830000.0,2476842000.0,2931672000.0,0.0,193412000.0,0.0,0.013,0.08,133042000.0,326454000.0,0.053,326454000.0,133042000.0,82528000.0,0.28,0.28,0.28,1854973000.0,,1854973000.0,5667794110.0,9.0,4.053,-224510000.0,-1.468,1.0,443799000.0,0.072,890679000.0,50514000.0,6088469000.0,,3159369000.0,0.0,0.0,0.0,10741577000.0,7867215000.0,2874362000.0,3759278110.0,-54971000.0,-72461000.0,-5000.0,272034000.0,-12314000.0,259021000.0,-314487000.0,0.0,4891000.0,-4396000.0,43482000.0,43482000.0,43482000.0,0.0,550000.0,0.007,316965000.0,126834000.0,4826333000.0,0.286,2.027,21.224,21.198,3335837000.0,0.0,24.59,0.154,0.154,2696599000.0,1996901000.0,6135602000.0,6135602000.0,11449000.0,,,,,14506000.0,274482000.0,1.0,152878329.0,152889000,155678000.0,40.131,11718098000.0,202556000.0,39046000.0,251770000.0,76.644,107154000.0
10,JBL,MRQ,2019-03-31,2019-02-28,2019-02-28,2021-10-22,-13253000.0,12476594000.0,,7906057000.0,4570537000.0,,11.938,-170886000.0,749057000.0,749057000.0,5612116000.0,67607000.0,1.02,5.748,2657573000.0,175186000.0,2482387000.0,2657573000.0,0.0,192674000.0,0.0,0.011,0.08,146733000.0,339407000.0,0.056,339407000.0,146733000.0,100573000.0,0.44,0.43,0.44,1847175000.0,,1847175000.0,6102605635.0,10.0,4.421,28572000.0,0.185,1.0,454874000.0,0.075,901735000.0,46160000.0,5731515000.0,,3248273000.0,0.0,0.0,0.0,10617742000.0,7751860000.0,2865882000.0,4393909635.0,-55352000.0,-80778000.0,-131149000.0,143388000.0,-12894000.0,-3652000.0,-258356000.0,0.0,199458000.0,7198000.0,67354000.0,67354000.0,67354000.0,0.0,253000.0,0.011,312648000.0,142226000.0,4900070000.0,0.182,2.379,24.94,25.133,3279505000.0,0.0,28.4,0.185,0.185,2543615000.0,1966100000.0,6066990000.0,6066990000.0,10155000.0,,,,,15697000.0,282142000.0,1.0,154715128.0,154725000,156737000.0,39.211,11574859000.0,194015000.0,33219000.0,250613000.0,74.809,154197000.0
11,JBL,MRQ,2018-12-31,2018-11-30,2018-11-30,2021-10-22,-31948000.0,12778337000.0,,8220739000.0,4557598000.0,,11.711,-221286000.0,804409000.0,804409000.0,5986625000.0,124074000.0,1.023,5.747,2513105000.0,25193000.0,2487912000.0,2513105000.0,0.0,188836000.0,0.0,0.013,0.08,207065000.0,395901000.0,0.061,395901000.0,207065000.0,164413000.0,0.77,0.76,0.77,1891916000.0,,1891916000.0,5302866907.0,9.0,3.92,-312979000.0,-1.937,1.0,519650000.0,0.08,896115000.0,42652000.0,5555607000.0,,3214513000.0,0.0,0.0,0.0,10872824000.0,8035311000.0,2837513000.0,4042116907.0,-453540000.0,0.0,-204587000.0,-6638000.0,-14528000.0,-235460000.0,-131252000.0,96846000.0,-91693000.0,4865000.0,123600000.0,123600000.0,123600000.0,0.0,474000.0,0.019,316490000.0,203160000.0,5458398000.0,0.104,2.137,27.66,27.744,3271559000.0,0.0,24.97,0.176,0.175,2777601000.0,1911451000.0,6506275000.0,6506275000.0,11143000.0,,,,,17249000.0,278126000.0,1.0,161878931.0,161557000,163670000.0,40.272,11882222000.0,216209000.0,40813000.0,253284000.0,73.548,185428000.0
12,JBL,MRQ,2018-09-30,2018-08-31,2018-08-31,2021-10-22,-19399000.0,12045641000.0,,7549923000.0,4495718000.0,,11.685,-113563000.0,1257949000.0,1257949000.0,5329684000.0,-56608000.0,1.044,5.17,2518699000.0,25197000.0,2493502000.0,2518699000.0,0.0,190058000.0,0.0,0.011,0.08,146623000.0,336681000.0,0.058,336681000.0,146623000.0,107841000.0,-0.33,-0.32,-0.33,1950257000.0,,1950257000.0,6750367633.0,13.0,5.213,157294000.0,0.942,1.0,442147000.0,0.077,906876000.0,38782000.0,5168642000.0,,3457706000.0,0.0,0.0,0.0,10082261000.0,7230873000.0,2851388000.0,4979226633.0,580457000.0,0.0,-121904000.0,96380000.0,-13559000.0,-39846000.0,354579000.0,468142000.0,270857000.0,-5133000.0,-57314000.0,-57314000.0,-57314000.0,0.0,706000.0,-0.01,299308000.0,142839000.0,4942932000.0,-0.242,2.553,57.677,59.12,3198016000.0,0.0,29.56,0.225,0.23,1693268000.0,1760097000.0,5771831000.0,5771831000.0,10996000.0,,,,,15687000.0,261234000.0,1.0,168444744.0,166909000,169185000.0,34.581,11138765000.0,218252000.0,165155000.0,263269000.0,66.736,319050000.0
13,JBL,MRQ,2018-06-30,2018-05-31,2018-05-31,2021-10-22,25932000.0,11175510000.0,,6731987000.0,4443523000.0,,12.745,-264712000.0,677492000.0,677492000.0,5038725000.0,42702000.0,1.023,4.137,2448633000.0,273500000.0,2175133000.0,2448633000.0,0.0,201324000.0,0.0,0.011,0.08,107170000.0,308494000.0,0.057,308494000.0,107170000.0,70992000.0,0.25,0.25,0.25,2173141000.0,,2173141000.0,6112184600.0,12.0,4.831,-777018000.0,-4.557,1.0,398227000.0,0.073,919824000.0,36178000.0,5445402000.0,,3343782000.0,0.0,0.0,0.0,8989952000.0,6581425000.0,2408527000.0,4844344600.0,-263304000.0,-13806000.0,-91280000.0,239691000.0,-13843000.0,133746000.0,130454000.0,408972000.0,-512306000.0,-15198000.0,42541000.0,42541000.0,42541000.0,0.0,161000.0,0.008,295395000.0,102832000.0,4327659000.0,0.32,2.229,25.588,26.43,3127083000.0,0.0,28.28,0.227,0.226,1586685000.0,1830921000.0,5436952000.0,5436952000.0,10082000.0,,,,,15039000.0,252487000.0,1.0,171299314.0,170514000,173279000.0,31.886,10255686000.0,230751000.0,28451000.0,166704000.0,60.146,150562000.0
14,JBL,MRQ,2018-03-31,2018-02-28,2018-02-28,2021-10-22,86608000.0,11488257000.0,,7036175000.0,4452082000.0,,13.068,-109798000.0,940796000.0,940796000.0,4903968000.0,37528000.0,1.04,4.029,2208636000.0,27158000.0,2181478000.0,2208636000.0,0.0,187689000.0,0.0,0.012,0.08,123838000.0,311527000.0,0.059,311527000.0,123838000.0,86042000.0,0.21,0.21,0.21,2282095000.0,,2282095000.0,6121328029.0,15.0,5.193,-324152000.0,-1.856,1.0,397133000.0,0.075,927599000.0,37796000.0,5063438000.0,,3387995000.0,0.0,0.0,0.0,9193911000.0,6765060000.0,2428851000.0,4747134029.0,194538000.0,0.0,-118961000.0,91936000.0,-14200000.0,-50148000.0,455035000.0,566126000.0,-214354000.0,4005000.0,37308000.0,37308000.0,37308000.0,0.0,220000.0,0.007,278086000.0,119047000.0,4642860000.0,0.381,2.08,39.071,39.838,3141952000.0,0.0,27.09,0.233,0.232,1549899000.0,1802372000.0,5301101000.0,5301101000.0,8344000.0,,,,,14964000.0,243940000.0,1.0,175235660.0,174635000,176953000.0,30.355,10560658000.0,216281000.0,48734000.0,174176000.0,60.473,271115000.0
15,JBL,MRQ,2017-12-31,2017-11-30,2017-11-30,2021-10-22,51484000.0,11519565000.0,,6922128000.0,4597437000.0,,13.167,-198287000.0,746258000.0,746258000.0,5116247000.0,63919000.0,0.955,3.938,2120452000.0,427019000.0,1693433000.0,2120452000.0,0.0,194633000.0,0.0,0.011,0.08,143561000.0,338194000.0,0.061,338194000.0,143561000.0,107315000.0,0.36,0.35,0.36,2329739000.0,,2329739000.0,5984324464.0,16.0,5.244,-847932000.0,-4.792,1.0,469285000.0,0.084,931489000.0,36246000.0,4712546000.0,,3283215000.0,0.0,0.0,0.0,9174873000.0,7249724000.0,1925149000.0,5096153464.0,-443661000.0,-95858000.0,-93309000.0,43401000.0,-16231000.0,-90796000.0,300846000.0,596058000.0,-649645000.0,-4066000.0,63795000.0,63795000.0,63795000.0,0.0,124000.0,0.011,329413000.0,139872000.0,4803194000.0,0.222,2.187,48.601,49.741,3289754000.0,0.0,28.85,0.261,0.261,1534754000.0,1779335000.0,5585532000.0,5585532000.0,9109000.0,,,,,44974000.0,293055000.0,1.0,176643101.0,176936000,180203000.0,31.568,10588076000.0,216830000.0,43520000.0,156089000.0,59.841,-327596000.0
16,JBL,MRQ,2017-09-30,2017-08-31,2017-08-31,2021-10-22,54620000.0,11095995000.0,,6626683000.0,4469312000.0,,13.173,-102183000.0,1189919000.0,1189919000.0,4597211000.0,46041000.0,0.964,3.708,2050272000.0,444255000.0,1606017000.0,2050272000.0,0.0,189848000.0,0.0,0.01,0.08,117237000.0,307085000.0,0.061,307085000.0,117237000.0,81250000.0,0.25,0.24,0.25,2353514000.0,,2353514000.0,7058902237.0,18.0,6.103,-2099291000.0,-11.75,1.0,425818000.0,0.085,892780000.0,35987000.0,4192975000.0,,2942083000.0,0.0,0.0,0.0,8727651000.0,6870593000.0,1857058000.0,5619258237.0,445988000.0,0.0,-58960000.0,-106610000.0,-14409000.0,-181620000.0,2618545000.0,2720728000.0,-1997108000.0,6171000.0,45679000.0,45679000.0,45679000.0,0.0,362000.0,0.009,310225000.0,115593000.0,4257623000.0,0.32,2.388,43.53,44.155,3228678000.0,0.0,31.35,0.295,0.299,1397424000.0,1730893000.0,5023029000.0,5023029000.0,7698000.0,,,,,15167000.0,241823000.0,1.0,179242687.0,178662000,183489000.0,28.115,10203215000.0,205722000.0,35571000.0,150229000.0,57.109,-243910000.0
17,JBL,MRQ,2017-06-30,2017-05-31,2017-05-31,2021-10-22,15927000.0,10329649000.0,,5893361000.0,4436288000.0,,12.856,-137591000.0,743931000.0,743931000.0,4163142000.0,-25699000.0,0.963,3.432,2183575000.0,538985000.0,1644590000.0,2183575000.0,0.0,190240000.0,0.0,0.011,0.08,31643000.0,221883000.0,0.049,221883000.0,31643000.0,-3800000.0,-0.14,-0.14,-0.14,2327477000.0,,2327477000.0,6801901473.0,18.0,6.036,49229000.0,0.272,1.0,326415000.0,0.073,896534000.0,35443000.0,4755524000.0,,2706530000.0,0.0,0.0,0.0,7986806000.0,6117235000.0,1869571000.0,5454130473.0,-11167000.0,-31364000.0,-85651000.0,79506000.0,-14610000.0,-21514000.0,-168955000.0,0.0,186820000.0,-7518000.0,-25281000.0,-25281000.0,-25281000.0,0.0,-418000.0,-0.006,298853000.0,27562000.0,3641247000.0,-0.571,2.343,44.898,46.031,3210107000.0,0.0,29.92,0.295,0.293,1445148000.0,1698704000.0,4489557000.0,4489557000.0,7274000.0,,,,,18350000.0,233884000.0,1.0,182290457.0,181038000,181038000.0,24.799,9433115000.0,189881000.0,21481000.0,144038000.0,52.106,-223874000.0
18,JBL,MRQ,2017-03-31,2017-02-28,2017-02-28,2021-10-22,-8679000.0,10014828000.0,,5636521000.0,4378307000.0,,13.203,-139317000.0,755098000.0,755098000.0,4083733000.0,20124000.0,1.063,3.147,2102869000.0,47324000.0,2055545000.0,2102869000.0,0.0,191416000.0,0.0,0.013,0.08,82642000.0,274058000.0,0.062,274058000.0,82642000.0,48842000.0,0.11,0.11,0.11,2411308000.0,,2411308000.0,6012206203.0,15.0,5.239,54946000.0,0.301,1.0,361904000.0,0.081,877096000.0,33800000.0,5184297000.0,,2498137000.0,0.0,0.0,0.0,7587730000.0,5301206000.0,2286524000.0,4648711203.0,7683000.0,-5256000.0,-26073000.0,-8788000.0,-14881000.0,-52918000.0,-143900000.0,0.0,194263000.0,10238000.0,20665000.0,20665000.0,20665000.0,0.0,-541000.0,0.005,282092000.0,79812000.0,3301826000.0,0.727,1.928,30.589,31.11,3177728000.0,0.0,25.51,0.254,0.255,1433676000.0,1738823000.0,4445637000.0,4445637000.0,7085000.0,,,,,15318000.0,217943000.0,1.0,182230937.0,182632000,185010000.0,24.342,9137732000.0,175300000.0,28177000.0,145678000.0,50.034,335315000.0
19,JBL,MRQ,2016-12-31,2016-11-30,2016-11-30,2021-10-22,-52915000.0,10543846000.0,,6083416000.0,4460430000.0,,12.812,-162394000.0,747415000.0,747415000.0,4673392000.0,86701000.0,1.039,3.434,2110910000.0,43198000.0,2067712000.0,2110910000.0,0.0,188901000.0,0.0,0.015,0.08,164708000.0,353609000.0,0.069,353609000.0,164708000.0,131864000.0,0.48,0.47,0.48,2373945000.0,,2373945000.0,5132773655.0,11.0,4.288,-10454000.0,-0.056,1.0,431506000.0,0.085,878203000.0,32844000.0,5172041000.0,,2506199000.0,0.0,0.0,0.0,8151884000.0,5857097000.0,2294787000.0,3925010655.0,-164644000.0,0.0,-114165000.0,-9151000.0,-16059000.0,-148494000.0,-164427000.0,0.0,151940000.0,-3663000.0,88027000.0,88027000.0,88027000.0,0.0,-1326000.0,0.017,270579000.0,160927000.0,3867345000.0,0.167,1.653,18.669,18.884,3279844000.0,0.0,21.15,0.215,0.215,1519651000.0,1733208000.0,5104898000.0,5104898000.0,7623000.0,,,,,-291000.0,214052000.0,1.0,185579700.0,185292000,187856000.0,27.551,9665643000.0,165102000.0,43837000.0,142021000.0,52.164,226319000.0
20,JBL,MRQ,2016-09-30,2016-08-31,2016-08-31,2021-10-22,-39877000.0,10322677000.0,,5848381000.0,4474296000.0,,12.892,-248413000.0,912059000.0,912059000.0,4107114000.0,38709000.0,1.05,3.226,2119822000.0,45810000.0,2074012000.0,2119822000.0,0.0,183780000.0,0.0,0.015,0.08,93604000.0,277384000.0,0.063,277384000.0,93604000.0,59577000.0,0.2,0.2,0.2,2438171000.0,,2438171000.0,5313026267.0,10.0,4.357,179585000.0,0.95,1.0,323649000.0,0.073,891727000.0,34027000.0,5070657000.0,,2456612000.0,0.0,0.0,0.0,7865180000.0,5568056000.0,2297124000.0,4049104267.0,25068000.0,-36104000.0,-83523000.0,-20928000.0,-15314000.0,-122232000.0,-289597000.0,-80000.0,427998000.0,8899000.0,38067000.0,38067000.0,38067000.0,0.0,642000.0,0.009,231878000.0,91771000.0,3593195000.0,0.4,1.661,15.935,15.932,3331879000.0,0.0,21.19,0.221,0.22,1359610000.0,1660820000.0,4430763000.0,4430763000.0,7523000.0,,,,,492000.0,208330000.0,1.0,191085619.0,189129000,191826000.0,23.427,9430950000.0,148859000.0,21510000.0,145094000.0,49.865,280325000.0
21,JBL,MRQ,2016-06-30,2016-05-31,2016-05-31,2021-10-22,-46107000.0,9906074000.0,,5532726000.0,4373348000.0,,13.035,-200963000.0,886991000.0,886991000.0,3989665000.0,5839000.0,1.027,2.967,2150913000.0,359885000.0,1791028000.0,2150913000.0,0.0,183671000.0,0.0,0.017,0.08,58859000.0,242530000.0,0.056,242530000.0,58859000.0,23647000.0,0.03,0.03,0.03,2492452000.0,,2492452000.0,5114156667.0,9.0,4.136,214588000.0,1.122,1.0,321087000.0,0.074,893615000.0,35212000.0,4888717000.0,,2292350000.0,0.0,0.0,0.0,7394817000.0,5387664000.0,2007153000.0,3647860667.0,3773000.0,631000.0,0.0,-198993000.0,-15327000.0,-214939000.0,-201132000.0,-800000.0,415551000.0,4293000.0,5213000.0,5213000.0,5213000.0,0.0,626000.0,0.001,263904000.0,57183000.0,3191304000.0,2.667,1.464,12.01,12.0,3218141000.0,0.0,19.08,0.196,0.196,1296924000.0,1637392000.0,4310752000.0,4310752000.0,7675000.0,,,,,13445000.0,239646000.0,1.0,191187666.0,191206000,193069000.0,22.545,9012459000.0,150836000.0,18434000.0,147850000.0,47.135,145062000.0
22,JBL,MRQ,2016-03-31,2016-02-29,2016-02-29,2021-10-22,-69011000.0,9898202000.0,,5565223000.0,4332979000.0,,12.919,-199761000.0,883218000.0,883218000.0,4004161000.0,78433000.0,1.036,3.005,2349514000.0,538294000.0,1811220000.0,2349514000.0,0.0,167938000.0,0.0,0.015,0.08,155546000.0,323484000.0,0.073,323484000.0,155546000.0,121284000.0,0.41,0.41,0.41,2466991000.0,,2466991000.0,5009373326.0,8.0,3.957,-272594000.0,-1.428,1.0,399433000.0,0.091,896436000.0,34262000.0,5095128000.0,,2293024000.0,0.0,0.0,0.0,7412988000.0,5372934000.0,2040054000.0,3972958326.0,-247126000.0,-139359000.0,10660000.0,181196000.0,-15254000.0,176555000.0,-345120000.0,-1000000.0,-72833000.0,-5728000.0,78930000.0,78930000.0,78930000.0,0.0,-497000.0,0.018,246671000.0,152762000.0,3020794000.0,0.195,1.61,10.717,10.803,3180042000.0,0.0,20.85,0.213,0.213,1449338000.0,1648119000.0,4403594000.0,4403594000.0,8465000.0,,,,,20268000.0,224905000.0,1.0,190549560.0,190957000,193294000.0,23.061,9001766000.0,148692000.0,42354000.0,162307000.0,47.14,192289000.0
23,JBL,MRQ,2015-12-31,2015-11-30,2015-11-30,2021-10-22,-59532000.0,10221152000.0,,6317174000.0,3903978000.0,,12.517,-249071000.0,1130344000.0,1130344000.0,4724442000.0,131915000.0,1.094,3.282,2166759000.0,348312000.0,1818447000.0,2166759000.0,0.0,161363000.0,0.0,0.013,0.08,214772000.0,376135000.0,0.072,376135000.0,214772000.0,181737000.0,0.69,0.68,0.69,2382605000.0,,2382605000.0,5599930237.0,9.0,4.711,-103580000.0,-0.544,1.0,483535000.0,0.093,783449000.0,33035000.0,4698787000.0,,2503625000.0,0.0,0.0,0.0,7819855000.0,5775331000.0,2044524000.0,4843502237.0,216381000.0,-67311000.0,-54567000.0,497018000.0,-16541000.0,414128000.0,-344132000.0,-27500000.0,145491000.0,894000.0,131885000.0,131885000.0,131885000.0,0.0,30000.0,0.025,270797000.0,212738000.0,3711471000.0,0.116,2.033,14.091,14.296,2876610000.0,0.0,25.59,0.261,0.263,1674438000.0,1585136000.0,5207977000.0,5207977000.0,8292000.0,,,,,24792000.0,251547000.0,1.0,189273241.0,190355000,193243000.0,27.359,9437703000.0,142339000.0,49852000.0,156534000.0,49.579,541843000.0
24,JBL,MRQ,2015-09-30,2015-08-31,2015-08-31,2021-10-22,-50854000.0,9591600000.0,,5866309000.0,3725291000.0,,11.938,-225089000.0,913963000.0,913963000.0,4304239000.0,88539000.0,1.034,3.135,1658784000.0,322966000.0,1335818000.0,1658784000.0,0.0,144040000.0,0.0,0.017,0.08,150184000.0,294224000.0,0.063,294224000.0,150184000.0,117977000.0,0.46,0.45,0.46,2314856000.0,,2314856000.0,4459017745.0,8.0,4.134,132518000.0,0.683,1.0,376575000.0,0.08,745918000.0,32207000.0,3916229000.0,,2507264000.0,0.0,0.0,0.0,7256589000.0,5674274000.0,1582315000.0,3750584745.0,-48831000.0,-99097000.0,-36478000.0,-12484000.0,-15515000.0,-67690000.0,-324186000.0,-11939000.0,357607000.0,-14562000.0,87702000.0,87702000.0,87702000.0,2474000.0,837000.0,0.019,226581000.0,149994000.0,3663264000.0,0.174,1.62,13.205,13.163,2804333000.0,0.0,19.35,0.21,0.209,1467247000.0,1468910000.0,4680814000.0,4680814000.0,8143000.0,,,,,9459000.0,209464000.0,1.0,193828669.0,193905000,196641000.0,24.14,8845682000.0,164214000.0,30275000.0,181001000.0,45.619,192035000.0
25,JBL,MRQ,2015-06-30,2015-05-31,2015-05-31,2021-10-22,-9244000.0,8965533000.0,,5502641000.0,3462892000.0,,11.929,-258694000.0,962794000.0,962794000.0,3982804000.0,72424000.0,1.164,2.87,1671227000.0,11365000.0,1659862000.0,1671227000.0,0.0,135695000.0,0.0,0.013,0.08,136324000.0,272019000.0,0.062,272019000.0,136324000.0,104327000.0,0.37,0.37,0.37,2311660000.0,,2311660000.0,5468354979.0,13.0,5.802,98802000.0,0.51,1.0,375837000.0,0.086,658972000.0,31997000.0,4288452000.0,,2260736000.0,0.0,0.0,0.0,6634595000.0,4726542000.0,1908053000.0,4760732979.0,-3620000.0,-66110000.0,5000.0,-3340000.0,-15545000.0,-19656000.0,-336343000.0,0.0,357496000.0,-5117000.0,72203000.0,72203000.0,72203000.0,-167000.0,221000.0,0.017,242295000.0,133542000.0,3298917000.0,0.216,2.059,27.985,27.607,2593457000.0,0.0,24.57,0.276,0.276,1208351000.0,1397187000.0,4358641000.0,4358641000.0,6997000.0,,,,,20119000.0,228476000.0,1.0,193762026.0,193785000,196304000.0,22.492,8306561000.0,165881000.0,32124000.0,168249000.0,42.865,776099000.0
26,JBL,MRQ,2015-03-31,2015-02-28,2015-02-28,2021-10-22,-578000.0,8578156000.0,,5342182000.0,3235974000.0,,11.596,-269666000.0,966414000.0,966414000.0,3941504000.0,52273000.0,1.207,2.813,1674036000.0,11258000.0,1662778000.0,1674036000.0,0.0,127061000.0,0.0,0.015,0.08,119272000.0,246333000.0,0.057,246333000.0,119272000.0,87224000.0,0.27,0.27,0.27,2244565000.0,,2244565000.0,5001485172.0,9.0,4.86,66658000.0,0.344,1.0,367819000.0,0.085,618594000.0,32048000.0,4241444000.0,,2105183000.0,0.0,0.0,0.0,6314187000.0,4425740000.0,1888447000.0,4245125172.0,44910000.0,-2234000.0,8999000.0,-2095000.0,-15471000.0,-8781000.0,-270606000.0,0.0,336324000.0,-12027000.0,51952000.0,51952000.0,51952000.0,5509000.0,321000.0,0.012,244633000.0,123186000.0,3087905000.0,0.296,1.891,14.834,15.152,2435704000.0,0.0,21.97,0.254,0.255,1269171000.0,1340972000.0,4309323000.0,4309323000.0,6501000.0,,,,,14939000.0,210326000.0,1.0,193223722.0,193561000,195473000.0,22.263,7959562000.0,151377000.0,35272000.0,152857000.0,41.122,916442000.0
27,JBL,MRQ,2014-12-31,2014-11-30,2014-11-30,2021-10-22,49710000.0,8869908000.0,,5737357000.0,3132551000.0,,11.551,-193912000.0,921504000.0,921504000.0,4167431000.0,72376000.0,1.215,2.96,1677864000.0,11487000.0,1666377000.0,1677864000.0,0.0,122380000.0,0.0,0.015,0.08,143789000.0,266169000.0,0.058,266169000.0,143789000.0,111950000.0,0.37,0.37,0.37,2235158000.0,,2235158000.0,4695218388.0,11.0,5.217,-4811000.0,-0.025,1.0,382987000.0,0.084,620944000.0,31839000.0,4282396000.0,,2099214000.0,0.0,0.0,0.0,6615996000.0,4722928000.0,1893068000.0,4012922388.0,-78745000.0,0.0,-40040000.0,-3376000.0,-16607000.0,-66668000.0,-190312000.0,0.0,189101000.0,-10866000.0,72162000.0,72162000.0,72162000.0,758000.0,214000.0,0.016,239926000.0,143061000.0,3358871000.0,0.216,1.795,20.521,20.96,2314464000.0,0.0,20.75,0.251,0.251,1584794000.0,1305041000.0,4550418000.0,4550418000.0,6005000.0,,,,,18043000.0,214380000.0,1.0,193393850.0,193502000,195314000.0,23.516,8248964000.0,151023000.0,39788000.0,157417000.0,42.63,1014429000.0
28,JBL,MRQ,2014-09-30,2014-08-31,2014-08-31,2021-10-22,86962000.0,8479746000.0,,5359017000.0,3120729000.0,,11.322,-189275000.0,1000249000.0,1000249000.0,3793993000.0,-25592000.0,1.24,2.774,1682545000.0,12960000.0,1669585000.0,1682545000.0,0.0,120656000.0,0.0,0.015,0.08,37376000.0,158032000.0,0.039,158032000.0,37376000.0,6591000.0,-0.12,-0.11,-0.12,2241828000.0,,2241828000.0,4732464804.0,11.0,5.087,-99024000.0,-0.5,1.0,262252000.0,0.065,627700000.0,30785000.0,4213245000.0,,2008077000.0,0.0,0.0,0.0,6219378000.0,4321097000.0,1898281000.0,4312323804.0,-322017000.0,-13306000.0,-115440000.0,-59319000.0,-16049000.0,-203135000.0,-210181000.0,-3600000.0,90251000.0,1048000.0,-26197000.0,-26197000.0,-26197000.0,7204000.0,605000.0,-0.006,213642000.0,48610000.0,3060814000.0,-0.667,1.924,17.87,18.134,2271705000.0,0.0,21.58,0.274,0.277,1208516000.0,1245772000.0,4056245000.0,4056245000.0,7224000.0,,,,,2367000.0,177934000.0,1.0,199829648.0,198003000,192891000.0,20.486,7852046000.0,157646000.0,32788000.0,154319000.0,39.656,1037920000.0
29,JBL,MRQ,2014-06-30,2014-05-31,2014-05-31,2021-10-22,87741000.0,8221330000.0,,5157158000.0,3064172000.0,,11.926,-243000.0,1322266000.0,1322266000.0,3569925000.0,188308000.0,1.326,2.404,1742407000.0,69886000.0,1672521000.0,1742407000.0,0.0,119453000.0,0.0,0.017,0.08,239070000.0,358523000.0,0.095,358523000.0,239070000.0,206963000.0,0.93,0.93,0.93,2409209000.0,,2409209000.0,4986588494.0,10.0,5.09,274529000.0,1.359,1.0,215950000.0,0.057,617618000.0,32107000.0,4135695000.0,,1861235000.0,0.0,0.0,0.0,5791051000.0,3888158000.0,1902893000.0,3825556494.0,647137000.0,544495000.0,-65012000.0,-93690000.0,-16370000.0,-175559000.0,544252000.0,0.0,274772000.0,3672000.0,188255000.0,188255000.0,188255000.0,-241196000.0,53000.0,0.05,216178000.0,-228000.0,2697598000.0,0.086,1.588,9.697,9.651,2212908000.0,0.0,18.82,0.236,0.234,998420000.0,1288029000.0,3785875000.0,3785875000.0,5729000.0,,,,,16078000.0,190804000.0,1.0,203270802.0,202008000,202008000.0,18.741,7603712000.0,178886000.0,18708000.0,162505000.0,37.641,1269000000.0
30,JBL,MRQ,2014-03-31,2014-02-28,2014-02-28,2021-10-22,94571000.0,8128208000.0,,4962679000.0,3165529000.0,,11.183,-76231000.0,675129000.0,675129000.0,3364165000.0,-38516000.0,1.268,2.53,1836161000.0,160839000.0,1675322000.0,1836161000.0,0.0,121573000.0,0.0,0.017,0.08,-4270000.0,117303000.0,0.033,117303000.0,-4270000.0,-36128000.0,-0.19,-0.19,-0.19,2295377000.0,,2295377000.0,4843048846.0,14.0,5.872,-59321000.0,-0.289,1.0,213150000.0,0.06,625282000.0,31858000.0,4748963000.0,,1821815000.0,0.0,0.0,0.0,5807784000.0,3914995000.0,1892789000.0,3817217846.0,-94094000.0,0.0,-64051000.0,43199000.0,-16531000.0,-34993000.0,-76231000.0,0.0,16910000.0,220000.0,-38667000.0,-38667000.0,-38667000.0,6251000.0,151000.0,-0.011,211359000.0,1791000.0,2461765000.0,-0.421,1.663,14.89,14.575,2331970000.0,0.0,18.51,0.23,0.228,941059000.0,1116461000.0,3577315000.0,3577315000.0,6604000.0,,,,,16745000.0,164522000.0,1.0,206224627.0,205251000,205251000.0,17.429,7502926000.0,168515000.0,2539000.0,154396000.0,36.555,1047684000.0
31,JBL,MRQ,2013-12-31,2013-11-30,2013-11-30,2021-10-22,93914000.0,9029402000.0,,5608695000.0,3420707000.0,,11.676,-197173000.0,769223000.0,769223000.0,4008460000.0,118065000.0,1.199,2.765,1795054000.0,117230000.0,1677824000.0,1795054000.0,0.0,125596000.0,0.0,0.016,0.08,170903000.0,296499000.0,0.068,296499000.0,170903000.0,137598000.0,0.58,0.57,0.58,2390872000.0,,2390872000.0,5012752266.0,10.0,5.264,-79467000.0,-0.388,1.0,334251000.0,0.077,762666000.0,33305000.0,4613157000.0,,2166797000.0,0.0,0.0,0.0,6611654000.0,4679410000.0,1932244000.0,4118163266.0,-242150000.0,0.0,0.0,-114326000.0,-19261000.0,-163914000.0,-197173000.0,0.0,117706000.0,1231000.0,117922000.0,117922000.0,117922000.0,-16112000.0,143000.0,0.027,180025000.0,154226000.0,3185090000.0,0.138,1.722,10.737,10.668,2474466000.0,0.0,20.27,0.239,0.241,1430997000.0,1172105000.0,4342711000.0,4342711000.0,9054000.0,,,,,-24566000.0,142470000.0,1.0,203165430.0,204762000,206813000.0,21.209,8266736000.0,163758000.0,19676000.0,195143000.0,40.372,929285000.0
32,JBL,MRQ,2013-09-30,2013-08-31,2013-08-31,2021-10-22,81248000.0,9153781000.0,,5820245000.0,3333536000.0,,11.506,-279347000.0,1011373000.0,1011373000.0,4199852000.0,126790000.0,1.196,2.911,1905866000.0,215448000.0,1690418000.0,1905866000.0,0.0,122407000.0,0.0,0.014,0.08,84892000.0,207299000.0,0.046,207299000.0,84892000.0,53333000.0,0.63,0.61,0.63,2335287000.0,,2335287000.0,4933733594.0,10.0,5.373,124861000.0,0.615,1.0,313842000.0,0.07,609445000.0,31559000.0,4574395000.0,,2118716000.0,0.0,0.0,0.0,6798214000.0,4864434000.0,1933780000.0,4624641594.0,-340353000.0,-640392000.0,7386000.0,193071000.0,-15438000.0,182144000.0,-920139000.0,-400000.0,404208000.0,-6566000.0,127019000.0,127019000.0,127019000.0,-13103000.0,-229000.0,0.028,242832000.0,71010000.0,3191328000.0,0.127,1.98,12.449,12.47,2309320000.0,0.0,22.82,0.268,0.269,1168954000.0,1071175000.0,4513694000.0,4513694000.0,7075000.0,,,,,1907000.0,172513000.0,1.0,202657388.0,202958000,208640000.0,22.24,8544336000.0,149302000.0,-73686000.0,178689000.0,42.099,955811000.0
33,JBL,MRQ,2013-06-30,2013-05-31,2013-05-31,2021-10-22,98616000.0,8133484000.0,,5808189000.0,2325295000.0,,10.884,-79751000.0,1351726000.0,1351726000.0,3898652000.0,49628000.0,1.42,2.687,1660818000.0,9459000.0,1651359000.0,1660818000.0,0.0,100688000.0,0.0,0.016,0.08,102921000.0,203609000.0,0.049,203609000.0,102921000.0,72212000.0,0.25,0.24,0.25,2205587000.0,,2205587000.0,4766668437.0,9.0,5.086,424246000.0,2.094,1.0,297572000.0,0.071,214382000.0,30709000.0,4138621000.0,,2356304000.0,0.0,0.0,0.0,5926465000.0,4089573000.0,1836892000.0,4065017437.0,290071000.0,-3800000.0,32000.0,-102387000.0,-16995000.0,-119397000.0,-83551000.0,0.0,503997000.0,-10978000.0,50083000.0,50083000.0,50083000.0,-10379000.0,-455000.0,0.012,180269000.0,117303000.0,3085848000.0,0.32,1.843,12.421,12.46,1939848000.0,0.0,20.06,0.249,0.249,1008106000.0,961160000.0,4196224000.0,4196224000.0,6475000.0,,,,,15688000.0,146969000.0,1.0,202642943.0,202648000,207569000.0,20.707,7919102000.0,143230000.0,22129000.0,147046000.0,39.078,1718616000.0
34,JBL,MRQ,2013-03-31,2013-02-28,2013-02-28,2021-10-22,118624000.0,8247641000.0,,5897273000.0,2350368000.0,,10.748,-197464000.0,1061655000.0,1061655000.0,3877833000.0,88089000.0,1.395,2.789,1763306000.0,109598000.0,1653708000.0,1763306000.0,0.0,99819000.0,0.0,0.017,0.08,145119000.0,244938000.0,0.059,244938000.0,145119000.0,115951000.0,0.44,0.43,0.44,2176103000.0,,2176103000.0,4421768974.0,7.0,4.525,-43694000.0,-0.216,1.0,288522000.0,0.069,212363000.0,29168000.0,4508341000.0,,2496618000.0,0.0,0.0,0.0,6069651000.0,4228588000.0,1841063000.0,3786094974.0,31621000.0,-5862000.0,7666000.0,97657000.0,-16197000.0,88812000.0,-206268000.0,-2942000.0,153770000.0,-4693000.0,88533000.0,88533000.0,88533000.0,-12797000.0,-444000.0,0.021,157035000.0,131487000.0,3142825000.0,0.182,1.74,10.003,10.124,1961492000.0,0.0,18.73,0.231,0.231,1300046000.0,927361000.0,4166355000.0,4166355000.0,7655000.0,,,,,17710000.0,145622000.0,1.0,202140682.0,202458000,206804000.0,20.579,8035278000.0,113928000.0,27418000.0,126309000.0,39.689,1668685000.0
35,JBL,MRQ,2012-12-31,2012-11-30,2012-11-30,2021-10-22,112890000.0,8185500000.0,,5946076000.0,2239424000.0,,10.149,-164504000.0,1030034000.0,1030034000.0,4286423000.0,105584000.0,1.393,2.946,1665708000.0,9650000.0,1656058000.0,1665708000.0,0.0,95203000.0,0.0,0.017,0.08,169485000.0,264688000.0,0.057,264688000.0,169485000.0,139881000.0,0.52,0.51,0.52,2073713000.0,,2073713000.0,4364710771.0,7.0,4.508,-12590000.0,-0.062,1.0,350595000.0,0.076,211569000.0,29604000.0,4340115000.0,,2465801000.0,0.0,0.0,0.0,6109455000.0,4269490000.0,1839965000.0,3905609771.0,-187222000.0,0.0,-126061000.0,-10679000.0,-18551000.0,-174552000.0,-164504000.0,0.0,151914000.0,-80000.0,105847000.0,105847000.0,105847000.0,0.0,-263000.0,0.023,181883000.0,168712000.0,3374927000.0,0.154,1.883,10.075,10.106,1859166000.0,0.0,19.0,0.237,0.236,1430468000.0,855819000.0,4637018000.0,4637018000.0,7263000.0,,,,,18473000.0,169600000.0,1.0,205558409.0,204318000,207816000.0,22.695,7973931000.0,110643000.0,34034000.0,131534000.0,39.027,1676586000.0
36,JBL,MRQ,2012-09-30,2012-08-31,2012-08-31,2021-10-22,106275000.0,7803141000.0,,5639328000.0,2163813000.0,,10.236,-202052000.0,1217256000.0,1217256000.0,3157390000.0,82465000.0,1.461,2.706,1676357000.0,18031000.0,1658326000.0,1676357000.0,0.0,91306000.0,0.0,0.014,0.08,132636000.0,223942000.0,0.067,223942000.0,132636000.0,104851000.0,0.4,0.4,0.4,2105057000.0,,2105057000.0,5375316696.0,9.0,5.616,240647000.0,1.17,1.0,169454000.0,0.051,214071000.0,27785000.0,4189175000.0,,2268949000.0,0.0,0.0,0.0,5695806000.0,3858996000.0,1836810000.0,4680873696.0,475127000.0,0.0,7427000.0,233626000.0,-16524000.0,224640000.0,-202052000.0,0.0,442699000.0,9840000.0,82797000.0,82797000.0,82797000.0,-62406000.0,-332000.0,0.025,99979000.0,69475000.0,2992865000.0,0.2,2.224,11.86,11.927,1779155000.0,0.0,22.78,0.29,0.291,1125015000.0,766934000.0,3326844000.0,3326844000.0,6784000.0,,,,,20663000.0,91263000.0,1.0,205481725.0,205662000,209477000.0,16.176,7589070000.0,112193000.0,22054000.0,132390000.0,36.901,1780332000.0
37,JBL,MRQ,2012-06-30,2012-05-31,2012-05-31,2021-10-22,109265000.0,7372838000.0,,5335037000.0,2037801000.0,,9.76,-108397000.0,742129000.0,742129000.0,3921595000.0,101598000.0,1.317,2.66,1436572000.0,296418000.0,1140154000.0,1436572000.0,0.0,88452000.0,0.0,0.016,0.08,155159000.0,243611000.0,0.057,243611000.0,155159000.0,128697000.0,0.49,0.48,0.49,2013566000.0,,2013566000.0,4640405154.0,7.0,4.723,77902000.0,0.378,1.0,329323000.0,0.077,216425000.0,26462000.0,3799618000.0,,2377485000.0,0.0,0.0,0.0,5356961000.0,4051238000.0,1305723000.0,3953678154.0,34779000.0,3364000.0,-26854000.0,37535000.0,-16568000.0,-26846000.0,-105013000.0,20000.0,186299000.0,-19661000.0,101320000.0,101320000.0,101320000.0,0.0,278000.0,0.024,174619000.0,154704000.0,2900664000.0,0.163,1.964,9.277,9.332,1659484000.0,0.0,19.13,0.231,0.231,1127794000.0,701367000.0,4250918000.0,4250918000.0,6518000.0,,,,,20123000.0,162748000.0,1.0,206674237.0,206298000,211541000.0,20.606,7156413000.0,118973000.0,27377000.0,129274000.0,34.69,1283799000.0
38,JBL,MRQ,2012-03-31,2012-02-29,2012-02-29,2021-10-22,169009000.0,7167054000.0,,5113350000.0,2053704000.0,,9.652,-75754000.0,707350000.0,707350000.0,3914010000.0,98245000.0,1.328,2.573,1394077000.0,281602000.0,1112475000.0,1394077000.0,0.0,87873000.0,0.0,0.012,0.08,148040000.0,235913000.0,0.056,235913000.0,148040000.0,121718000.0,0.47,0.46,0.47,2000832000.0,,2000832000.0,5746432968.0,9.0,5.904,-185099000.0,-0.893,1.0,322164000.0,0.076,222863000.0,26322000.0,3779425000.0,,2350842000.0,0.0,0.0,0.0,5148260000.0,3851493000.0,1296767000.0,5411951968.0,-154554000.0,-128462000.0,-28744000.0,197733000.0,-16620000.0,152043000.0,-204229000.0,-13000.0,-109345000.0,6977000.0,97698000.0,97698000.0,97698000.0,0.0,547000.0,0.023,173865000.0,148299000.0,2723132000.0,0.17,2.705,12.599,12.6,1658461000.0,0.0,25.83,0.317,0.314,1122529000.0,617661000.0,4236174000.0,4236174000.0,6264000.0,,,,,21069000.0,160811000.0,1.0,209521950.0,207287000,212148000.0,20.436,6944191000.0,125649000.0,24020000.0,138850000.0,33.5,1261857000.0
39,JBL,MRQ,2011-12-31,2011-11-30,2011-11-30,2021-10-22,138872000.0,7199374000.0,,5317006000.0,1882368000.0,,9.243,-95086000.0,861904000.0,861904000.0,3986759000.0,113781000.0,1.329,2.783,1196385000.0,83859000.0,1112526000.0,1196385000.0,0.0,85861000.0,0.0,0.014,0.08,167806000.0,253667000.0,0.059,253667000.0,167806000.0,142287000.0,0.55,0.54,0.55,1898499000.0,,1898499000.0,4518165489.0,8.0,4.919,19487000.0,0.095,1.0,340010000.0,0.079,117054000.0,25519000.0,3417418000.0,,2384555000.0,0.0,0.0,0.0,5283661000.0,3999383000.0,1284278000.0,4220022489.0,-26707000.0,0.0,3183000.0,9846000.0,-15528000.0,-32479000.0,-94576000.0,510000.0,114573000.0,-14225000.0,112872000.0,112872000.0,112872000.0,0.0,909000.0,0.026,171853000.0,168157000.0,3098467000.0,0.145,2.223,10.897,11.016,1628855000.0,0.0,20.27,0.252,0.248,1112721000.0,537287000.0,4326769000.0,4326769000.0,6271000.0,,,,,18665000.0,157823000.0,1.0,208190552.0,205388000,209937000.0,21.066,7082320000.0,113885000.0,29415000.0,127713000.0,34.483,1317623000.0
40,JBL,MRQ,2011-09-30,2011-08-31,2011-08-31,2021-10-22,194706000.0,7057940000.0,,5115787000.0,1942153000.0,,8.777,-128210000.0,888611000.0,888611000.0,3951092000.0,115541000.0,1.315,2.771,1186754000.0,74160000.0,1112594000.0,1186754000.0,0.0,84867000.0,0.0,0.017,0.07,164385000.0,249252000.0,0.058,249252000.0,164385000.0,139780000.0,0.54,0.52,0.54,1867120000.0,,1867120000.0,3959864297.0,7.0,4.419,175382000.0,0.824,1.0,329203000.0,0.077,125305000.0,24605000.0,3340890000.0,,2227339000.0,0.0,0.0,0.0,5174117000.0,3889888000.0,1284229000.0,3683365297.0,-22534000.0,0.0,-186360000.0,-6354000.0,-15105000.0,-207842000.0,-128246000.0,-36000.0,303592000.0,9962000.0,114288000.0,114288000.0,114288000.0,0.0,1253000.0,0.027,164211000.0,164992000.0,2885168000.0,0.13,1.973,9.666,9.466,1641335000.0,0.0,16.85,0.223,0.219,1100926000.0,441793000.0,4280295000.0,4280295000.0,6209000.0,,,,,16196000.0,152204000.0,1.0,218597347.0,212732000,220557000.0,20.121,6932635000.0,105008000.0,25492000.0,142381000.0,32.589,1225899000.0
41,JBL,MRQ,2011-06-30,2011-05-31,2011-05-31,2021-10-22,190188000.0,6955568000.0,,5076540000.0,1879028000.0,,8.963,-109766000.0,911145000.0,911145000.0,3909312000.0,104288000.0,1.359,2.589,1187644000.0,80449000.0,1107195000.0,1187644000.0,0.0,82438000.0,0.0,0.013,0.07,152066000.0,234504000.0,0.055,234504000.0,152066000.0,126917000.0,0.49,0.47,0.49,1933355000.0,,1933355000.0,5051252122.0,10.0,6.157,47046000.0,0.218,1.0,318376000.0,0.075,129080000.0,25149000.0,3367129000.0,,2257984000.0,0.0,0.0,0.0,5006193000.0,3735858000.0,1270335000.0,4715514122.0,8828000.0,0.0,2984000.0,-57606000.0,-15092000.0,-69624000.0,-77040000.0,32726000.0,156812000.0,-1320000.0,104695000.0,104695000.0,104695000.0,0.0,-407000.0,0.025,167614000.0,150762000.0,2752668000.0,0.143,2.439,14.488,14.105,1593406000.0,0.0,21.58,0.293,0.289,1045238000.0,342725000.0,4227688000.0,4227688000.0,6544000.0,,,,,20053000.0,154112000.0,1.0,218513166.0,215705000,222337000.0,19.599,6826488000.0,123558000.0,22222000.0,132281000.0,31.647,1340682000.0
42,JBL,MRQ,2011-03-31,2011-02-28,2011-02-28,2021-10-22,161219000.0,6612785000.0,,4772255000.0,1840530000.0,,8.329,-98251000.0,902317000.0,902317000.0,3632263000.0,55718000.0,1.345,2.681,1238055000.0,137508000.0,1100547000.0,1238055000.0,0.0,76924000.0,0.0,0.013,0.07,104218000.0,181142000.0,0.046,181142000.0,104218000.0,78441000.0,0.26,0.25,0.26,1792186000.0,,1792186000.0,5336951485.0,12.0,7.107,352082000.0,1.636,1.0,296400000.0,0.075,146844000.0,25777000.0,3254698000.0,,2160275000.0,0.0,0.0,0.0,4804388000.0,3546981000.0,1257407000.0,4668728485.0,272163000.0,3985000.0,14159000.0,-67540000.0,-15020000.0,-68490000.0,-112633000.0,-18367000.0,450333000.0,2953000.0,55403000.0,55403000.0,55403000.0,0.0,315000.0,0.014,168662000.0,127738000.0,2672382000.0,0.269,2.605,17.114,16.742,1547394000.0,0.0,21.43,0.305,0.301,1051482000.0,253664000.0,3928663000.0,3928663000.0,6540000.0,,,,,20301000.0,141807000.0,1.0,217859472.0,215170000,221022000.0,18.258,6465941000.0,124862000.0,23038000.0,132238000.0,30.05,1225274000.0
43,JBL,MRQ,2010-12-31,2010-11-30,2010-11-30,2021-10-22,134421000.0,6384454000.0,,4625047000.0,1759407000.0,,7.889,-99279000.0,630154000.0,630154000.0,3771590000.0,107411000.0,1.35,2.765,1298377000.0,198928000.0,1099449000.0,1298377000.0,0.0,74950000.0,0.0,0.019,0.07,156316000.0,231266000.0,0.057,231266000.0,156316000.0,134154000.0,0.5,0.49,0.5,1691411000.0,,1691411000.0,3733420189.0,9.0,5.33,-182007000.0,-0.849,1.0,310591000.0,0.076,130222000.0,22162000.0,3497321000.0,,2158235000.0,0.0,0.0,0.0,4677327000.0,3425134000.0,1252193000.0,3291253189.0,-114175000.0,0.0,635000.0,102354000.0,-15194000.0,78234000.0,-108359000.0,-9080000.0,-82728000.0,-1322000.0,106677000.0,106677000.0,106677000.0,0.0,734000.0,0.026,154391000.0,156200000.0,2592939000.0,0.14,1.946,13.313,13.026,1485309000.0,0.0,15.11,0.229,0.225,1183949000.0,213883000.0,4082181000.0,4082181000.0,5741000.0,,,,,19500000.0,142449000.0,1.0,217819536.0,214395000,217405000.0,19.04,6254232000.0,117489000.0,27477000.0,126461000.0,29.172,1199913000.0
44,JBL,MRQ,2010-09-30,2010-08-31,2010-08-31,2021-10-22,122062000.0,6367747000.0,,4654018000.0,1713729000.0,,7.334,-150284000.0,744329000.0,744329000.0,3573425000.0,59376000.0,1.291,3.026,1186496000.0,167566000.0,1018930000.0,1186496000.0,0.0,71341000.0,0.0,0.027,0.07,102120000.0,173461000.0,0.045,173461000.0,102120000.0,82601000.0,0.28,0.27,0.28,1578046000.0,,1578046000.0,2754691919.0,8.0,4.532,134950000.0,0.627,1.0,287508000.0,0.074,132568000.0,19519000.0,3072172000.0,,2094135000.0,0.0,0.0,0.0,4774975000.0,3605174000.0,1169801000.0,2229003919.0,143980000.0,-27140000.0,4534000.0,53467000.0,-14968000.0,43029000.0,-202396000.0,-24972000.0,285234000.0,18113000.0,58691000.0,58691000.0,58691000.0,0.0,685000.0,0.015,176600000.0,110908000.0,2741719000.0,0.25,1.413,13.202,12.975,1451392000.0,0.0,10.25,0.166,0.164,1408319000.0,123303000.0,3860933000.0,3860933000.0,6632000.0,,,,,36747000.0,160512000.0,1.0,217463797.0,215175000,216121000.0,17.943,6235179000.0,113171000.0,23910000.0,111450000.0,28.977,1048844000.0
45,JBL,MRQ,2010-06-30,2010-05-31,2010-05-31,2021-10-22,127630000.0,5693283000.0,,4057967000.0,1635316000.0,,7.009,-126815000.0,600349000.0,600349000.0,3193464000.0,52687000.0,1.355,2.789,1126037000.0,87625000.0,1038412000.0,1126037000.0,0.0,69482000.0,0.0,0.02,0.07,95543000.0,165025000.0,0.048,165025000.0,95543000.0,76040000.0,0.24,0.24,0.24,1499172000.0,,1499172000.0,3382469929.0,13.0,6.3,-89431000.0,-0.418,1.0,262114000.0,0.076,141464000.0,19503000.0,3083008000.0,,1781798000.0,0.0,0.0,0.0,4181649000.0,2994499000.0,1187150000.0,2980251929.0,-193788000.0,0.0,378000.0,-60508000.0,-14980000.0,-76730000.0,-126815000.0,0.0,37384000.0,-27627000.0,52031000.0,52031000.0,52031000.0,0.0,656000.0,0.015,166541000.0,95573000.0,2369005000.0,0.292,1.988,25.768,25.352,1378057000.0,0.0,13.69,0.241,0.237,1266724000.0,79805000.0,3455578000.0,3455578000.0,6331000.0,,,,,27494000.0,151409000.0,1.0,217695539.0,213881000,216522000.0,16.157,5551819000.0,115598000.0,24009000.0,114883000.0,25.958,1063468000.0
46,JBL,MRQ,2010-03-31,2010-02-28,2010-02-28,2021-10-22,174036000.0,5449878000.0,,3858030000.0,1591848000.0,,6.942,-75909000.0,794137000.0,794137000.0,2781898000.0,29822000.0,1.393,2.67,1196355000.0,158461000.0,1037894000.0,1196355000.0,0.0,69403000.0,0.0,0.018,0.07,61306000.0,130709000.0,0.044,130709000.0,61306000.0,41276000.0,0.14,0.14,0.14,1482901000.0,,1482901000.0,3623660078.0,24.0,8.294,-45380000.0,-0.212,1.0,222746000.0,0.074,144314000.0,20030000.0,2937725000.0,,1565335000.0,0.0,0.0,0.0,3959155000.0,2770057000.0,1189098000.0,3291208078.0,-57930000.0,0.0,5639000.0,13077000.0,-14929000.0,3827000.0,-75909000.0,0.0,30529000.0,-16377000.0,29830000.0,29830000.0,29830000.0,0.0,-8000.0,0.01,162092000.0,60654000.0,2120863000.0,0.5,2.219,94.404,94.812,1336214000.0,0.0,15.17,0.286,0.282,1174614000.0,43413000.0,3004644000.0,3004644000.0,7425000.0,,,,,26472000.0,146264000.0,1.0,216955048.0,213625000,214760000.0,14.065,5305564000.0,113814000.0,11446000.0,107439000.0,24.836,1087973000.0
47,JBL,MRQ,2009-12-31,2009-11-30,2009-11-30,2021-10-22,206966000.0,5620251000.0,,4014836000.0,1605415000.0,,6.876,-35137000.0,852067000.0,852067000.0,2856480000.0,28881000.0,1.362,2.82,1184519000.0,147111000.0,1037408000.0,1184519000.0,0.0,73058000.0,0.0,0.021,0.07,65540000.0,138598000.0,0.045,138598000.0,65540000.0,45424000.0,0.13,0.13,0.13,1469165000.0,,1469165000.0,3209003865.0,-5.0,-9.927,39126000.0,0.183,1.0,231776000.0,0.075,151489000.0,20116000.0,2853843000.0,,1416881000.0,0.0,0.0,0.0,4143254000.0,2947371000.0,1195883000.0,2850827865.0,-24205000.0,0.0,193000.0,-52404000.0,-14992000.0,-70406000.0,-35137000.0,0.0,74263000.0,7075000.0,28288000.0,28288000.0,28288000.0,0.0,593000.0,0.009,150828000.0,80948000.0,2210740000.0,0.538,1.94,-3.311,-3.192,1338682000.0,0.0,13.31,0.25,0.25,1392344000.0,28791000.0,3088256000.0,3088256000.0,7697000.0,,,,,13896000.0,131553000.0,1.0,214186917.0,213665000,215059000.0,14.454,5468762000.0,127228000.0,17136000.0,108060000.0,25.595,1067465000.0
48,JBL,MRQ,2009-09-30,2009-08-31,2009-08-31,2021-10-22,196972000.0,5317858000.0,,3676826000.0,1641032000.0,,6.91,-55440000.0,876272000.0,876272000.0,2608561000.0,5933000.0,1.369,2.7,1234448000.0,197575000.0,1036873000.0,1234448000.0,0.0,73683000.0,0.0,0.026,0.07,28889000.0,102572000.0,0.037,102572000.0,28889000.0,9496000.0,0.03,0.03,0.03,1435162000.0,,1435162000.0,2790849531.0,-3.0,-4.429,113574000.0,0.547,1.0,190967000.0,0.068,156288000.0,19393000.0,2833820000.0,,1226656000.0,0.0,0.0,0.0,3875449000.0,2685926000.0,1189523000.0,2339338531.0,107357000.0,-3061000.0,4024000.0,5494000.0,-14954000.0,-18035000.0,-58501000.0,0.0,169014000.0,14879000.0,5507000.0,5507000.0,5507000.0,0.0,426000.0,0.002,163764000.0,27203000.0,1938009000.0,2.333,1.63,-2.008,-1.945,1377729000.0,0.0,10.95,0.2,0.194,1260962000.0,-13700000.0,2799528000.0,2799528000.0,8714000.0,,,,,13358000.0,127807000.0,1.0,213638222.0,207707000,207707000.0,13.478,5161570000.0,114814000.0,3989000.0,95017000.0,24.85,990900000.0
49,JBL,MRQ,2009-06-30,2009-05-31,2009-05-31,2021-10-22,171960000.0,5169055000.0,,3514419000.0,1654636000.0,,6.8,-45765000.0,768915000.0,768915000.0,2466512000.0,-29239000.0,1.393,2.664,1220426000.0,156259000.0,1064167000.0,1220426000.0,0.0,72195000.0,0.0,0.036,0.07,-7191000.0,65004000.0,0.025,65004000.0,-7191000.0,-26234000.0,-0.14,-0.14,-0.14,1408845000.0,,1408845000.0,2141541752.0,-2.0,-3.742,33336000.0,0.161,1.0,148589000.0,0.057,167019000.0,19043000.0,2931513000.0,,1255510000.0,0.0,0.0,0.0,3753372000.0,2522034000.0,1231338000.0,1673813752.0,-6021000.0,0.0,1000.0,-28020000.0,-14974000.0,-44116000.0,-45765000.0,0.0,79101000.0,4759000.0,-28762000.0,-28762000.0,-28762000.0,0.0,-477000.0,-0.011,157344000.0,-8755000.0,1745144000.0,-0.5,1.188,-1.504,-1.45,1381444000.0,0.0,7.83,0.138,0.134,1151832000.0,-5146000.0,2615101000.0,2615101000.0,7198000.0,,,,,13540000.0,125419000.0,1.0,213769317.0,207190000,207190000.0,12.622,5002036000.0,109615000.0,2528000.0,113396000.0,24.142,992385000.0
50,JBL,MRQ,2009-03-31,2009-02-28,2009-02-28,2021-10-22,133441000.0,5293789000.0,,3672066000.0,1621723000.0,,6.784,-67073000.0,774936000.0,774936000.0,2731854000.0,-866611000.0,1.384,2.77,1242664000.0,172948000.0,1069716000.0,1242664000.0,0.0,74563000.0,0.0,0.068,0.07,-704005000.0,-629442000.0,-0.218,-629442000.0,-704005000.0,-724082000.0,-4.19,-4.19,-4.19,1402297000.0,,1402297000.0,1635051159.0,-2.0,-3.254,275449000.0,1.333,1.0,155546000.0,0.054,169661000.0,20077000.0,2939072000.0,,1403588000.0,0.0,0.0,0.0,3884183000.0,2652784000.0,1231399000.0,885296159.0,195054000.0,-715000.0,3330000.0,-88743000.0,-14916000.0,-97409000.0,-67788000.0,0.0,342522000.0,17729000.0,-866100000.0,-866100000.0,-866100000.0,0.0,-511000.0,-0.3,861982000.0,-706436000.0,1885142000.0,-0.017,0.631,-0.846,-0.817,1371370000.0,0.0,4.14,0.07,0.068,1138598000.0,38570000.0,2887400000.0,2887400000.0,5754000.0,,,,,2267000.0,111053000.0,1.0,213839652.0,206711000,206711000.0,13.968,5124128000.0,90051000.0,142018000.0,112342000.0,24.789,1019282000.0
51,JBL,MRQ,2008-12-31,2008-11-30,2008-11-30,2021-10-22,152973000.0,6783051000.0,,4281925000.0,2501126000.0,,11.098,-113721000.0,579882000.0,579882000.0,3158796000.0,-276114000.0,1.314,1.958,1329637000.0,257907000.0,1071730000.0,1329637000.0,0.0,71556000.0,0.0,0.043,0.07,-239760000.0,-168204000.0,-0.05,-168204000.0,-239760000.0,-263494000.0,-1.34,-1.34,-1.34,2290707000.0,,2290707000.0,1982560118.0,-24.0,10.016,-147049000.0,-0.712,1.0,223713000.0,0.066,904013000.0,23734000.0,3370442000.0,,1611266000.0,0.0,0.0,0.0,4484513000.0,3258351000.0,1226162000.0,1386073118.0,-193041000.0,-400000.0,65000.0,-21405000.0,-14739000.0,-36353000.0,-114121000.0,0.0,-33328000.0,-9239000.0,-275857000.0,-275857000.0,-275857000.0,0.0,-257000.0,-0.082,466037000.0,-242324000.0,2322871000.0,-0.052,0.605,-6.796,-6.58,1391760000.0,0.0,6.58,0.108,0.106,1673684000.0,919644000.0,3382509000.0,3382509000.0,5655000.0,,,,,14861000.0,131662000.0,1.0,210649410.0,206411000,206411000.0,16.387,5879038000.0,218127000.0,12363000.0,119217000.0,28.482,1023574000.0
52,JBL,MRQ,2008-09-30,2008-08-31,2008-08-31,2021-10-22,301401000.0,7032137000.0,,4139137000.0,2893000000.0,,12.123,-119208000.0,772923000.0,772923000.0,3034874000.0,55673000.0,1.358,1.587,1369410000.0,269937000.0,1099473000.0,1369410000.0,0.0,71270000.0,0.0,0.017,0.07,89027000.0,160297000.0,0.049,160297000.0,89027000.0,65220000.0,0.27,0.27,0.27,2715725000.0,,2715725000.0,4076531064.0,16.0,7.697,-118570000.0,-0.529,1.0,230000000.0,0.07,1291945000.0,23807000.0,3289039000.0,,1528862000.0,0.0,0.0,0.0,4309008000.0,3047640000.0,1261368000.0,3541152064.0,-87146000.0,0.0,7073000.0,-16240000.0,-14704000.0,-24935000.0,-119208000.0,0.0,638000.0,56359000.0,57491000.0,57491000.0,57491000.0,0.0,-1818000.0,0.018,144312000.0,85688000.0,2218969000.0,0.259,1.304,26.448,26.344,1392479000.0,0.0,16.86,0.277,0.277,1475530000.0,1210417000.0,3264874000.0,3264874000.0,8603000.0,,,,,-108000.0,123707000.0,1.0,210032744.0,224022000,222830000.0,14.574,5740192000.0,224260000.0,7729000.0,119348000.0,25.623,1091497000.0
53,JBL,MRQ,2008-06-30,2008-05-31,2008-05-31,2021-10-22,324775000.0,6928051000.0,,4089189000.0,2838862000.0,,13.022,-61116000.0,860069000.0,860069000.0,2878087000.0,38445000.0,1.401,1.587,1395448000.0,247641000.0,1147807000.0,1395448000.0,0.0,70548000.0,0.0,0.022,0.07,64315000.0,134863000.0,0.044,134863000.0,64315000.0,43102000.0,0.19,0.19,0.19,2675513000.0,,2675513000.0,3270984685.0,15.0,6.741,85440000.0,0.416,1.0,210182000.0,0.068,1333004000.0,21213000.0,3211806000.0,,1511600000.0,0.0,0.0,0.0,4244774000.0,2918620000.0,1326154000.0,2660630685.0,328700000.0,-675000.0,1413000.0,267359000.0,-14704000.0,256182000.0,-61791000.0,0.0,146556000.0,-12247000.0,38445000.0,38445000.0,38445000.0,0.0,0.0,0.012,149101000.0,61081000.0,2063104000.0,0.368,0.994,30.191,29.581,1342815000.0,0.0,12.72,0.21,0.207,1323726000.0,1167665000.0,3088269000.0,3088269000.0,8006000.0,,,,,7194000.0,126557000.0,1.0,209169079.0,205463000,206077000.0,15.031,5595047000.0,223130000.0,4657000.0,128930000.0,27.231,1170569000.0
54,JBL,MRQ,2008-03-31,2008-02-29,2008-02-29,2021-10-22,291499000.0,6443926000.0,,3650792000.0,2793134000.0,,12.714,-81943000.0,531369000.0,531369000.0,2870708000.0,-24045000.0,1.37,1.469,1141723000.0,142726000.0,998997000.0,1141723000.0,0.0,68224000.0,0.0,0.022,0.07,2768000.0,70992000.0,0.023,70992000.0,2768000.0,-20943000.0,-0.12,-0.12,-0.12,2607423000.0,,2607423000.0,3318712321.0,18.0,7.401,47859000.0,0.233,1.0,187905000.0,0.061,1324926000.0,23711000.0,3064776000.0,,1482471000.0,0.0,0.0,0.0,3829012000.0,2664578000.0,1164434000.0,2707151321.0,-133087000.0,2505000.0,5903000.0,-137349000.0,-14667000.0,-142891000.0,-79438000.0,0.0,129802000.0,-40560000.0,-24045000.0,-24045000.0,-24045000.0,0.0,0.0,-0.008,189604000.0,-1699000.0,2005306000.0,-0.583,1.038,48.415,47.852,1330777000.0,0.0,12.92,0.216,0.211,1337929000.0,1143924000.0,3058613000.0,3058613000.0,9863000.0,,,,,11805000.0,124910000.0,1.0,209531836.0,205082000,205082000.0,14.914,5119000000.0,191287000.0,3102000.0,106087000.0,24.961,986214000.0
55,JBL,MRQ,2007-12-31,2007-11-30,2007-11-30,2021-10-22,246297000.0,6734039000.0,,4021079000.0,2712960000.0,,12.592,-64210000.0,664456000.0,664456000.0,3128233000.0,62001000.0,1.24,1.61,1276017000.0,517242000.0,758775000.0,1276017000.0,0.0,66269000.0,0.0,0.017,0.07,97217000.0,163486000.0,0.049,163486000.0,97217000.0,71632000.0,0.3,0.3,0.3,2576923000.0,,2576923000.0,4125371348.0,19.0,8.743,78796000.0,0.385,1.0,239714000.0,0.071,1300318000.0,25585000.0,2801720000.0,,1472806000.0,0.0,0.0,0.0,4148003000.0,3243562000.0,904441000.0,3526803348.0,831000.0,-60073000.0,2086000.0,9002000.0,-14559000.0,-3356000.0,-124283000.0,0.0,143006000.0,-14536000.0,62001000.0,62001000.0,62001000.0,0.0,0.0,0.018,145289000.0,94425000.0,2195090000.0,0.233,1.369,37.575,36.848,1304977000.0,0.0,16.95,0.284,0.279,1587615000.0,1182673000.0,3367947000.0,3367947000.0,6512000.0,,,,,4989000.0,116150000.0,1.0,208070994.0,204649000,206605000.0,16.457,5433721000.0,160713000.0,9631000.0,89051000.0,26.551,777517000.0
56,JBL,MRQ,2007-09-30,2007-08-31,2007-08-31,2021-10-22,170960000.0,6295232000.0,,3666293000.0,2628939000.0,,11.921,-79737000.0,663625000.0,663625000.0,2900285000.0,11725000.0,1.226,1.573,1262193000.0,501716000.0,760477000.0,1262193000.0,0.0,65873000.0,0.0,0.013,0.07,49989000.0,115862000.0,0.037,115862000.0,49989000.0,25022000.0,0.06,0.05,0.06,2443011000.0,,2443011000.0,5373416958.0,30.0,12.781,165127000.0,0.806,1.0,229546000.0,0.073,1271076000.0,24967000.0,2631877000.0,,1374400000.0,0.0,0.0,0.0,3843539000.0,2990847000.0,852692000.0,4607740958.0,105267000.0,-537000.0,10591000.0,-62279000.0,-14517000.0,-59156000.0,-80274000.0,0.0,244864000.0,-167000.0,11725000.0,11725000.0,11725000.0,0.0,0.0,0.004,183409000.0,46137000.0,2001508000.0,1.167,1.886,62.916,61.667,1261481000.0,0.0,22.2,0.375,0.368,1352383000.0,1131403000.0,3129831000.0,3129831000.0,9409000.0,,,,,-1390000.0,121503000.0,1.0,207555899.0,204928000,209189000.0,15.273,5024156000.0,133650000.0,13297000.0,73822000.0,24.517,675446000.0
57,JBL,MRQ,2007-06-30,2007-05-31,2007-05-31,2021-10-22,180389000.0,6219668000.0,,3593478000.0,2626190000.0,,11.938,-83887000.0,558358000.0,558358000.0,2782907000.0,6234000.0,1.086,1.554,1324034000.0,939571000.0,384463000.0,1324034000.0,0.0,63852000.0,0.0,0.012,0.07,34252000.0,98104000.0,0.033,98104000.0,34252000.0,5729000.0,0.03,0.03,0.03,2432124000.0,,2432124000.0,5591011852.0,46.0,16.093,107702000.0,0.529,1.0,218989000.0,0.073,1278451000.0,28523000.0,2397674000.0,,1446505000.0,0.0,0.0,0.0,3779396000.0,3309219000.0,470177000.0,4737933852.0,3671000.0,-28358000.0,1177000.0,-87682000.0,-14414000.0,-101243000.0,-112245000.0,0.0,191589000.0,25570000.0,6234000.0,6234000.0,6234000.0,0.0,0.0,0.002,189169000.0,29820000.0,1901197000.0,2.333,1.948,298.133,287.5,1260677000.0,0.0,23.0,0.391,0.387,1336784000.0,1134238000.0,3001896000.0,3001896000.0,10498000.0,,,,,14590000.0,140733000.0,1.0,205997124.0,203728000,205772000.0,14.735,4941217000.0,109068000.0,-505000.0,62618000.0,24.254,284259000.0
58,JBL,MRQ,2007-03-31,2007-02-28,2007-02-28,2021-10-22,139307000.0,6252530000.0,,3681416000.0,2571114000.0,,11.722,-49199000.0,554687000.0,554687000.0,2763352000.0,13900000.0,1.095,1.616,1407765000.0,1006773000.0,400992000.0,1407765000.0,0.0,57893000.0,0.0,0.01,0.07,36501000.0,94394000.0,0.032,94394000.0,36501000.0,15429000.0,0.07,0.07,0.07,2383971000.0,,2383971000.0,5173673028.0,31.0,13.666,-49529000.0,-0.244,1.0,171510000.0,0.058,1263365000.0,21072000.0,2479752000.0,,1532728000.0,0.0,0.0,0.0,3853087000.0,3362491000.0,490596000.0,5672336028.0,-96605000.0,-742647000.0,9598000.0,690748000.0,-14378000.0,685202000.0,-791846000.0,0.0,-330000.0,10369000.0,13900000.0,13900000.0,13900000.0,0.0,0.0,0.005,138879000.0,32631000.0,1910048000.0,1.0,2.379,76.774,74.222,1231544000.0,0.0,26.72,0.485,0.464,1341052000.0,1142521000.0,2934862000.0,2934862000.0,7766000.0,,,,,12610000.0,119975000.0,1.0,212288025.0,203377000,205925000.0,14.431,4989165000.0,102738000.0,1529000.0,70128000.0,24.532,318925000.0
59,JBL,MRQ,2006-12-31,2006-11-30,2006-11-30,2021-10-22,143040000.0,5686083000.0,,3921960000.0,1764123000.0,,11.659,-69701000.0,651292000.0,651292000.0,3032018000.0,41377000.0,1.352,1.402,595515000.0,266475000.0,329040000.0,595515000.0,0.0,52084000.0,0.0,0.007,0.07,59964000.0,112048000.0,0.035,112048000.0,59964000.0,48457000.0,0.2,0.2,0.2,2367591000.0,,2367591000.0,5521825389.0,25.0,13.163,-321935000.0,-1.585,1.0,191985000.0,0.06,689223000.0,11507000.0,2041097000.0,,1545689000.0,0.0,0.0,0.0,3318492000.0,2899986000.0,418506000.0,6020488389.0,-122271000.0,-356000.0,3746000.0,200120000.0,-14295000.0,190337000.0,-70057000.0,0.0,-252234000.0,9683000.0,41377000.0,41377000.0,41377000.0,0.0,0.0,0.013,134522000.0,57463000.0,2204687000.0,0.35,2.543,46.669,45.742,1011364000.0,0.0,28.36,0.543,0.52,1512778000.0,1143035000.0,3224003000.0,3224003000.0,8708000.0,,,,,10752000.0,109756000.0,1.0,212288025.0,203077000,206361000.0,15.876,4996860000.0,97832000.0,7080000.0,55815000.0,24.606,1021974000.0
60,JBL,MRQ,2006-09-30,2006-08-31,2006-08-31,2021-10-22,113104000.0,5411730000.0,,3678965000.0,1732765000.0,,11.092,-75945000.0,773563000.0,773563000.0,2756827000.0,-45619000.0,1.362,1.359,393333000.0,63813000.0,329520000.0,393333000.0,0.0,50883000.0,0.0,0.005,0.07,-8008000.0,42875000.0,0.015,42875000.0,-8008000.0,-16160000.0,-0.22,-0.21,-0.22,2294481000.0,,2294481000.0,5197024711.0,21.0,11.619,102034000.0,0.493,1.0,196787000.0,0.067,688774000.0,8152000.0,1641392000.0,,1452737000.0,0.0,0.0,0.0,3117249000.0,2701334000.0,415915000.0,5695687711.0,-81316000.0,-3850000.0,-192313000.0,36898000.0,-14855000.0,-176885000.0,-79795000.0,0.0,177979000.0,-2615000.0,-45619000.0,-45619000.0,-45619000.0,0.0,0.0,-0.015,207924000.0,-11137000.0,2231864000.0,-0.318,2.482,34.62,33.962,985262000.0,0.0,26.83,0.555,0.542,1288024000.0,1116035000.0,2953614000.0,2953614000.0,10219000.0,,,,,17326000.0,107069000.0,1.0,212288025.0,206858000,210086000.0,14.278,4722956000.0,89154000.0,29459000.0,50391000.0,22.832,977631000.0
61,JBL,MRQ,2006-06-30,2006-05-31,2006-05-31,2021-10-22,114526000.0,5043595000.0,,3367574000.0,1676021000.0,,12.043,-57892000.0,854879000.0,854879000.0,2404821000.0,64226000.0,1.59,0.99,356216000.0,25149000.0,331067000.0,356216000.0,0.0,50530000.0,0.0,0.002,0.07,78728000.0,129258000.0,0.05,129258000.0,78728000.0,72910000.0,0.31,0.3,0.31,2534265000.0,,2534265000.0,6705394788.0,22.0,13.138,62898000.0,0.299,1.0,187643000.0,0.072,648220000.0,5818000.0,1778809000.0,,1229704000.0,0.0,0.0,0.0,2509330000.0,2117903000.0,391427000.0,7294308788.0,-63743000.0,-151489000.0,29056000.0,-29921000.0,0.0,4633000.0,-209381000.0,0.0,120790000.0,20215000.0,64226000.0,64226000.0,64226000.0,0.0,0.0,0.025,113892000.0,73751000.0,1790879000.0,0.226,2.878,28.866,28.309,963265000.0,0.0,34.82,0.78,0.784,1139332000.0,1217082000.0,2592464000.0,2592464000.0,9578000.0,,,,,3350000.0,93536000.0,1.0,209486180.0,210441000,215861000.0,12.319,4395375000.0,94114000.0,8684000.0,17204000.0,20.886,1249671000.0
62,JBL,MRQ,2006-03-31,2006-02-28,2006-02-28,2021-10-22,83064000.0,4553420000.0,,3153351000.0,1400069000.0,,11.607,-51481000.0,918622000.0,918622000.0,2130314000.0,69021000.0,1.781,0.889,329708000.0,3873000.0,325835000.0,329708000.0,0.0,49179000.0,0.0,0.0,0.0,86129000.0,135308000.0,0.058,135308000.0,86129000.0,80850000.0,0.33,0.32,0.33,2409955000.0,,2409955000.0,7224734976.0,23.0,14.015,-45583000.0,-0.22,1.0,184648000.0,0.08,439940000.0,5279000.0,1753662000.0,,990711000.0,0.0,0.0,0.0,2143465000.0,1770904000.0,372561000.0,7774181976.0,43002000.0,-11298000.0,83569000.0,2713000.0,0.0,93209000.0,-62779000.0,0.0,5898000.0,6674000.0,69021000.0,69021000.0,69021000.0,0.0,0.0,0.03,104162000.0,80486000.0,1532401000.0,0.0,3.226,31.37,31.281,917313000.0,0.0,37.85,0.894,0.904,1069300000.0,1167711000.0,2314962000.0,2314962000.0,8577000.0,,,,,225000.0,87063000.0,1.0,205394504.0,207622000,214158000.0,11.15,4113480000.0,68923000.0,11829000.0,5393000.0,19.812,1382447000.0
63,JBL,MRQ,2005-12-31,2005-11-30,2005-11-30,2021-10-22,64713000.0,4441717000.0,,3043139000.0,1398578000.0,,10.869,-65466000.0,875620000.0,875620000.0,2208585000.0,76890000.0,1.647,0.996,326173000.0,1955000.0,324218000.0,326173000.0,0.0,48084000.0,0.0,0.0,0.0,91774000.0,139858000.0,0.058,139858000.0,91774000.0,87516000.0,0.38,0.37,0.38,2224934000.0,,2224934000.0,6310434954.0,22.0,12.714,78043000.0,0.381,1.0,195822000.0,0.081,441517000.0,4258000.0,1603501000.0,,941433000.0,0.0,0.0,0.0,2216783000.0,1847252000.0,369531000.0,6779251954.0,79549000.0,-49000.0,11080000.0,57000.0,0.0,11137000.0,-65515000.0,0.0,143509000.0,-9582000.0,76890000.0,76890000.0,76890000.0,0.0,0.0,0.032,109033000.0,86789000.0,1573386000.0,0.0,3.047,30.15,29.838,899670000.0,0.0,33.12,0.837,0.837,1085574000.0,1098690000.0,2404407000.0,2404407000.0,6601000.0,,,,,17137000.0,94542000.0,1.0,204687559.0,204699000,209861000.0,11.746,4000200000.0,66279000.0,10626000.0,7386000.0,19.542,1195887000.0
64,JBL,MRQ,2005-09-30,2005-08-31,2005-08-31,2021-10-22,80103000.0,4087986000.0,,2685935000.0,1402051000.0,,10.522,-92083000.0,796071000.0,796071000.0,1865476000.0,42560000.0,1.713,0.905,327254000.0,674000.0,326580000.0,327254000.0,0.0,52158000.0,0.0,0.0,0.0,53816000.0,105974000.0,0.052,105974000.0,53816000.0,48686000.0,0.21,0.2,0.21,2145941000.0,,2145941000.0,5613246286.0,21.0,11.652,80534000.0,0.395,1.0,171114000.0,0.084,453301000.0,5130000.0,1597739000.0,,818435000.0,0.0,0.0,0.0,1942045000.0,1568129000.0,373916000.0,5981770286.0,115029000.0,-3746000.0,27770000.0,13525000.0,0.0,36731000.0,-95829000.0,-10000000.0,172617000.0,1510000.0,42560000.0,42560000.0,42560000.0,0.0,0.0,0.021,122065000.0,49049000.0,1339866000.0,0.0,2.787,29.34,29.149,880736000.0,0.0,29.44,0.795,0.792,955353000.0,980667000.0,2036590000.0,2036590000.0,4746000.0,,,,,35506000.0,108356000.0,1.0,203185132.0,203941000,210895000.0,9.986,3634685000.0,76192000.0,6126000.0,2823000.0,17.822,1117806000.0
65,JBL,MRQ,2005-06-30,2005-05-31,2005-05-31,2021-10-22,90776000.0,3782824000.0,,2448799000.0,1334025000.0,,10.096,-62337000.0,681042000.0,681042000.0,1776333000.0,59353000.0,1.773,0.849,312518000.0,637000.0,311881000.0,312518000.0,0.0,58041000.0,0.0,0.0,0.0,76334000.0,134375000.0,0.069,134375000.0,76334000.0,70478000.0,0.29,0.29,0.29,2046094000.0,,2046094000.0,5424419358.0,20.0,10.937,128247000.0,0.633,1.0,162082000.0,0.084,457896000.0,5856000.0,1575245000.0,,739111000.0,0.0,0.0,0.0,1736730000.0,1381159000.0,355571000.0,5913663358.0,-98734000.0,-210936000.0,11790000.0,17461000.0,0.0,29251000.0,-299629000.0,-16356000.0,190584000.0,-18940000.0,59353000.0,59353000.0,59353000.0,0.0,0.0,0.031,89962000.0,72120000.0,1165720000.0,0.0,2.89,27.842,27.575,831269000.0,0.0,29.23,0.831,0.833,899427000.0,951268000.0,1938415000.0,1938415000.0,5667000.0,,,,,511000.0,71688000.0,1.0,202314860.0,202666000,207736000.0,9.565,3324928000.0,59325000.0,11125000.0,1360000.0,16.406,1067640000.0
66,JBL,MRQ,2005-03-31,2005-02-28,2005-02-28,2021-10-22,137054000.0,3578737000.0,,2384828000.0,1193909000.0,,10.007,-40900000.0,779776000.0,779776000.0,1575555000.0,46047000.0,1.961,0.771,290532000.0,644000.0,289888000.0,290532000.0,0.0,56207000.0,0.0,0.0,0.0,59937000.0,116144000.0,0.068,116144000.0,59937000.0,55020000.0,0.23,0.22,0.23,2020719000.0,,2020719000.0,4862467283.0,20.0,10.394,158038000.0,0.783,1.0,140451000.0,0.082,352940000.0,4917000.0,1520208000.0,,677087000.0,0.0,0.0,0.0,1558018000.0,1216345000.0,341673000.0,5185344283.0,159940000.0,-5187000.0,8024000.0,-4975000.0,0.0,3049000.0,-46087000.0,0.0,198938000.0,4040000.0,46047000.0,46047000.0,46047000.0,0.0,0.0,0.027,83442000.0,57009000.0,1009467000.0,0.0,2.566,26.842,26.505,803734000.0,0.0,25.71,0.762,0.763,795432000.0,891915000.0,1716006000.0,1716006000.0,6175000.0,,,,,4423000.0,66137000.0,1.0,201685892.0,201930000,206459000.0,8.498,3225797000.0,75542000.0,8973000.0,10699000.0,15.975,1168483000.0
67,JBL,MRQ,2004-12-31,2004-11-30,2004-11-30,2021-10-22,123018000.0,3775176000.0,,2579471000.0,1195705000.0,,9.67,-47149000.0,619836000.0,619836000.0,1678517000.0,55915000.0,1.743,0.938,296959000.0,1966000.0,294993000.0,296959000.0,0.0,53717000.0,0.0,0.0,0.0,72170000.0,125887000.0,0.069,125887000.0,72170000.0,66784000.0,0.28,0.27,0.28,1948189000.0,,1948189000.0,4737903947.0,20.0,10.337,-19287000.0,-0.096,1.0,154858000.0,0.084,360506000.0,5386000.0,1611570000.0,,751127000.0,0.0,0.0,0.0,1826987000.0,1480223000.0,346764000.0,5049619947.0,-1486000.0,0.0,2678000.0,-10769000.0,0.0,-8091000.0,-47149000.0,0.0,27862000.0,25892000.0,55915000.0,55915000.0,55915000.0,0.0,0.0,0.03,84553000.0,70305000.0,1213068000.0,0.0,2.592,26.982,26.66,807297000.0,0.0,25.06,0.768,0.768,1066416000.0,845868000.0,1833375000.0,1833375000.0,5919000.0,,,,,295000.0,68089000.0,1.0,201501195.0,201467000,205843000.0,9.1,3414670000.0,71487000.0,10869000.0,11691000.0,16.949,1099248000.0
68,JBL,MRQ,2004-09-30,2004-08-31,2004-08-31,2021-10-22,53057000.0,3329356000.0,,2182675000.0,1146681000.0,,9.046,-76900000.0,621322000.0,621322000.0,1488488000.0,51088000.0,1.883,0.83,309606000.0,4412000.0,305194000.0,309606000.0,0.0,56068000.0,0.0,0.0,0.0,63494000.0,119562000.0,0.074,119562000.0,63494000.0,60068000.0,0.26,0.26,0.26,1819340000.0,,1819340000.0,3849038833.0,17.0,8.679,22002000.0,0.109,1.0,137689000.0,0.085,352426000.0,3426000.0,1506130000.0,,656681000.0,0.0,0.0,0.0,1510016000.0,1159084000.0,350932000.0,4145678833.0,25158000.0,0.0,6729000.0,-999000.0,0.0,5730000.0,-76900000.0,0.0,98902000.0,-2574000.0,51088000.0,51088000.0,51088000.0,0.0,0.0,0.031,75874000.0,61815000.0,937636000.0,0.0,2.279,23.863,23.713,776353000.0,0.0,20.63,0.663,0.661,777357000.0,789953000.0,1626177000.0,1626177000.0,4405000.0,,,,,-6340000.0,59840000.0,1.0,200953894.0,201111000,203783000.0,8.086,2976930000.0,63095000.0,8980000.0,3618000.0,14.802,1023591000.0
69,JBL,MRQ,2004-06-30,2004-05-31,2004-05-31,2021-10-22,42725000.0,3251011000.0,,2132967000.0,1118044000.0,,8.759,-52247000.0,596164000.0,596164000.0,1489935000.0,40131000.0,1.922,0.849,299524000.0,4332000.0,295192000.0,299524000.0,0.0,54614000.0,0.0,0.0,0.0,51609000.0,106223000.0,0.065,106223000.0,51609000.0,46025000.0,0.2,0.19,0.2,1758021000.0,,1758021000.0,5440828735.0,29.0,13.226,42349000.0,0.211,1.0,135915000.0,0.084,361671000.0,5584000.0,1482664000.0,,656994000.0,0.0,0.0,0.0,1492990000.0,1110036000.0,382954000.0,5682374735.0,-304523000.0,177000.0,3940000.0,-346087000.0,0.0,-342147000.0,-52070000.0,0.0,94596000.0,-4902000.0,40131000.0,40131000.0,40131000.0,0.0,0.0,0.025,86393000.0,49522000.0,892484000.0,0.0,3.232,39.817,39.873,742987000.0,0.0,28.31,0.959,0.959,720490000.0,745695000.0,1625850000.0,1625850000.0,3318000.0,,,,,3095000.0,65913000.0,1.0,200719701.0,200716000,206371000.0,8.1,2889340000.0,85512000.0,5894000.0,25434000.0,14.395,1022931000.0
70,JBL,MRQ,2004-03-31,2004-02-29,2004-02-29,2021-10-22,60188000.0,3601714000.0,,2467034000.0,1134680000.0,,8.63,-36467000.0,900687000.0,900687000.0,1360549000.0,40015000.0,1.686,1.084,659141000.0,349346000.0,309795000.0,659141000.0,0.0,54658000.0,0.0,0.0,0.0,52020000.0,106678000.0,0.072,106678000.0,52020000.0,47244000.0,0.2,0.19,0.2,1728318000.0,,1728318000.0,5498650386.0,39.0,15.047,144439000.0,0.721,1.0,131327000.0,0.088,376912000.0,4776000.0,1519876000.0,,675730000.0,0.0,0.0,0.0,1873396000.0,1463380000.0,410016000.0,5596003386.0,152007000.0,-980000.0,10823000.0,-127000.0,0.0,10696000.0,-37447000.0,0.0,180906000.0,-2148000.0,40015000.0,40015000.0,40015000.0,0.0,0.0,0.027,81122000.0,50205000.0,902952000.0,0.0,3.238,52.275,52.792,738128000.0,0.0,27.98,1.014,1.016,687915000.0,705564000.0,1491876000.0,1491876000.0,3184000.0,,,,,0.0,65986000.0,1.0,200000121.0,200267000,214738000.0,7.449,3224802000.0,100458000.0,7229000.0,46872000.0,16.103,1003654000.0
71,JBL,MRQ,2003-12-31,2003-11-30,2003-11-30,2021-10-22,46360000.0,3517225000.0,,2374387000.0,1142838000.0,,8.334,-38487000.0,748680000.0,748680000.0,1375545000.0,42496000.0,1.65,1.114,651327000.0,348353000.0,302974000.0,651327000.0,0.0,56328000.0,0.0,0.0,0.0,54692000.0,111020000.0,0.074,111020000.0,54692000.0,49932000.0,0.21,0.2,0.21,1663652000.0,,1663652000.0,5439461606.0,54.0,16.455,38350000.0,0.192,1.0,133449000.0,0.088,380530000.0,4760000.0,1600374000.0,,588776000.0,0.0,0.0,0.0,1853573000.0,1438968000.0,414605000.0,5494954606.0,48932000.0,-689000.0,7399000.0,-118000.0,0.0,7281000.0,-39176000.0,0.0,76837000.0,3990000.0,42496000.0,42496000.0,42496000.0,0.0,0.0,0.028,80413000.0,53036000.0,872869000.0,0.0,3.303,71.228,72.395,737910000.0,0.0,27.51,1.063,1.062,865450000.0,665549000.0,1508994000.0,1508994000.0,2906000.0,,,,,0.0,66009000.0,1.0,199743897.0,199626000,213940000.0,7.559,3136695000.0,92891000.0,7436000.0,43716000.0,15.713,935419000.0
72,JBL,MRQ,2003-09-30,2003-08-31,2003-08-31,2021-10-22,21079000.0,3244745000.0,,2093947000.0,1150798000.0,,7.98,-40152000.0,699748000.0,699748000.0,1175611000.0,20072000.0,1.658,1.043,644255000.0,347237000.0,297018000.0,644255000.0,0.0,58334000.0,0.0,0.0,0.0,29125000.0,87459000.0,0.067,87459000.0,29125000.0,23879000.0,0.1,0.1,0.1,1588476000.0,,1588476000.0,5538480050.0,103.0,19.893,27434000.0,0.138,1.0,120404000.0,0.093,381319000.0,5246000.0,1544715000.0,,510218000.0,0.0,0.0,0.0,1656269000.0,1263218000.0,393051000.0,5597898050.0,185323000.0,-49751000.0,9217000.0,203613000.0,0.0,212830000.0,-89903000.0,0.0,67586000.0,-5190000.0,20072000.0,20072000.0,20072000.0,0.0,0.0,0.015,92963000.0,27441000.0,712697000.0,0.0,3.524,130.162,127.955,746204000.0,0.0,28.15,1.184,1.181,759696000.0,623053000.0,1296015000.0,1296015000.0,2506000.0,,,,,0.0,65051000.0,1.0,198859611.0,199062000,204200000.0,6.511,2863426000.0,61343000.0,3807000.0,19223000.0,14.385,830729000.0
73,JBL,MRQ,2003-06-30,2003-05-31,2003-05-31,2021-10-22,55311000.0,2999004000.0,,1847721000.0,1151283000.0,,8.023,-14813000.0,514425000.0,514425000.0,1106673000.0,4466000.0,1.509,0.882,455007000.0,353804000.0,101203000.0,455007000.0,0.0,56268000.0,0.0,0.0,0.0,4009000.0,60277000.0,0.049,60277000.0,4009000.0,147000.0,0.02,0.02,0.02,1593419000.0,,1593419000.0,4135253049.0,139.0,16.827,29312000.0,0.148,1.0,112631000.0,0.092,362656000.0,3862000.0,1352335000.0,,487174000.0,0.0,0.0,0.0,1405585000.0,1224595000.0,180990000.0,4169296049.0,17074000.0,-8141000.0,776000.0,-8252000.0,0.0,-7508000.0,-22954000.0,0.0,44125000.0,3411000.0,4466000.0,4466000.0,4466000.0,0.0,0.0,0.004,110087000.0,2544000.0,640868000.0,0.0,2.617,168.341,174.917,765559000.0,0.0,20.99,0.943,0.943,723747000.0,602981000.0,1219304000.0,1219304000.0,2353000.0,,,,,690000.0,62462000.0,1.0,198632494.0,198596000,202132000.0,6.14,2636348000.0,68006000.0,-4319000.0,42140000.0,13.275,623126000.0
74,JBL,MRQ,2003-03-31,2003-02-28,2003-02-28,2021-10-22,20948000.0,2954490000.0,,1793030000.0,1161460000.0,,7.83,-25765000.0,497351000.0,497351000.0,1041030000.0,10112000.0,2.079,0.902,463308000.0,8764000.0,454544000.0,463308000.0,0.0,58354000.0,0.0,0.0,0.0,13452000.0,71806000.0,0.063,71806000.0,13452000.0,9270000.0,0.05,0.05,0.05,1553124000.0,,1553124000.0,3229233120.0,57.0,12.185,32433000.0,0.164,1.0,104887000.0,0.092,336843000.0,4182000.0,1721155000.0,,527190000.0,0.0,0.0,0.0,1401366000.0,862449000.0,538917000.0,3291754120.0,-40908000.0,-32518000.0,6766000.0,-49970000.0,0.0,-43195000.0,-58283000.0,0.0,58198000.0,2372000.0,10112000.0,10112000.0,10112000.0,0.0,0.0,0.009,93282000.0,11605000.0,660739000.0,0.0,2.119,80.078,79.095,801515000.0,0.0,16.61,0.812,0.813,676463000.0,598515000.0,1145917000.0,1145917000.0,2431000.0,,,,,0.0,60310000.0,1.0,198179056.0,198351000,200726000.0,5.777,2617647000.0,47934000.0,-842000.0,41381000.0,13.197,930581000.0
75,JBL,MRQ,2002-12-31,2002-11-30,2002-11-30,2021-10-22,-3278000.0,2877847000.0,,1726724000.0,1151123000.0,,7.638,-21597000.0,575799000.0,575799000.0,970702000.0,8357000.0,2.257,0.903,513278000.0,8692000.0,504586000.0,513278000.0,0.0,51483000.0,0.0,0.0,0.0,7387000.0,58870000.0,0.055,58870000.0,7387000.0,3658000.0,0.04,0.04,0.04,1512020000.0,,1512020000.0,3971354406.0,77.0,16.029,71987000.0,0.364,1.0,97544000.0,0.091,320587000.0,3729000.0,1729810000.0,,444184000.0,0.0,0.0,0.0,1365827000.0,764929000.0,600898000.0,4248729406.0,-102476000.0,-324756000.0,352000.0,149918000.0,0.0,150293000.0,-346353000.0,0.0,93584000.0,0.0,8357000.0,8357000.0,8357000.0,0.0,0.0,0.008,92081000.0,5463000.0,588825000.0,0.0,2.81,122.452,119.167,793732000.0,0.0,21.45,1.139,1.139,583565000.0,588403000.0,1068246000.0,1068246000.0,2616000.0,,,,,0.0,55840000.0,1.0,198075963.0,197972000,200099000.0,5.396,2557260000.0,83397000.0,-4699000.0,43837000.0,12.917,961795000.0
76,JBL,MRQ,2002-09-30,2002-08-31,2002-08-31,2021-10-22,377000.0,2547906000.0,,1588344000.0,959562000.0,,7.616,-32601000.0,640735000.0,640735000.0,892597000.0,1832000.0,2.677,0.691,363360000.0,8692000.0,354668000.0,363360000.0,0.0,49950000.0,0.0,0.0,0.0,4846000.0,54796000.0,0.055,54796000.0,4846000.0,1805000.0,0.01,0.01,0.01,1506966000.0,,1506966000.0,3300879985.0,57.0,13.412,73931000.0,0.374,1.0,95626000.0,0.097,194447000.0,3041000.0,1482702000.0,,395918000.0,0.0,0.0,0.0,1040940000.0,593382000.0,447558000.0,3697830985.0,-17956000.0,-98360000.0,6085000.0,1000.0,0.0,6086000.0,-130961000.0,0.0,106532000.0,387000.0,1832000.0,1832000.0,1832000.0,0.0,0.0,0.002,93289000.0,2337000.0,431588000.0,0.0,2.454,106.52,103.944,740868000.0,0.0,18.71,1.043,1.042,446879000.0,580046000.0,988223000.0,988223000.0,2053000.0,,,,,-1000.0,55106000.0,1.0,197639283.0,197867000,200539000.0,4.994,2353459000.0,70684000.0,-27000.0,41323000.0,11.894,994962000.0
77,JBL,MRQ,2002-06-30,2002-05-31,2002-05-31,2021-10-22,-312000.0,2428186000.0,,1541207000.0,886979000.0,,7.587,-17203000.0,758617000.0,758617000.0,766737000.0,20806000.0,3.184,0.621,361666000.0,8333000.0,353333000.0,361666000.0,5861000.0,48610000.0,0.0,0.0,0.0,30925000.0,79535000.0,0.094,79535000.0,30925000.0,27159000.0,0.11,0.1,0.11,1498361000.0,,1498361000.0,4262324581.0,58.0,16.688,125849000.0,0.637,1.0,83865000.0,0.099,176284000.0,3766000.0,1370910000.0,,325318000.0,0.0,0.0,0.0,929825000.0,484041000.0,445784000.0,4535668581.0,15347000.0,-103356000.0,693000.0,-8334000.0,0.0,-7641000.0,-120559000.0,0.0,143052000.0,495000.0,20806000.0,20806000.0,20806000.0,0.0,0.0,0.024,56013000.0,27852000.0,369631000.0,0.0,3.027,102.794,99.826,691688000.0,0.0,22.96,1.295,1.295,349261000.0,578214000.0,850602000.0,850602000.0,2074000.0,,,,,42797000.0,49404000.0,1.0,197546541.0,197481000,200997000.0,4.307,2251902000.0,68134000.0,6353000.0,44988000.0,11.403,1057166000.0
78,JBL,MRQ,2002-03-31,2002-02-28,2002-02-28,2021-10-22,-807000.0,2412894000.0,,1496396000.0,916498000.0,,7.483,-327000.0,643344000.0,643344000.0,748582000.0,3702000.0,3.083,0.634,370000000.0,8333000.0,361667000.0,370000000.0,6305000.0,45818000.0,0.0,0.0,0.0,8737000.0,54555000.0,0.066,54555000.0,8737000.0,5272000.0,0.02,0.02,0.02,1476367000.0,,1476367000.0,3554561387.0,53.0,14.835,150599000.0,0.763,1.0,73492000.0,0.089,177084000.0,3465000.0,1477069000.0,,348391000.0,0.0,0.0,0.0,936527000.0,485397000.0,451130000.0,3676944387.0,150961000.0,-5912000.0,6760000.0,0.0,0.0,6760000.0,-6239000.0,0.0,150926000.0,-486000.0,3702000.0,3702000.0,3702000.0,0.0,0.0,0.005,66763000.0,6729000.0,363746000.0,0.0,2.491,87.284,84.773,719496000.0,0.0,18.65,0.995,0.995,400177000.0,557408000.0,822074000.0,822074000.0,1859000.0,,,,,0.0,49732000.0,1.0,197155195.0,197305000,201348000.0,4.167,2235810000.0,67499000.0,1570000.0,44955000.0,11.332,1010999000.0
79,JBL,MRQ,2001-12-31,2001-11-30,2001-11-30,2021-10-22,-471000.0,2363853000.0,,1420441000.0,943412000.0,,7.225,-21475000.0,492383000.0,492383000.0,802959000.0,8375000.0,2.875,0.661,370000000.0,8333000.0,361667000.0,370000000.0,6812000.0,43930000.0,0.0,0.0,0.0,13303000.0,57233000.0,0.065,57233000.0,13303000.0,10520000.0,0.04,0.04,0.04,1423444000.0,,1423444000.0,5124254925.0,44.0,17.894,131577000.0,0.668,1.0,81608000.0,0.092,170403000.0,2783000.0,1576927000.0,,405664000.0,0.0,0.0,0.0,940409000.0,494140000.0,446269000.0,5184906925.0,61731000.0,-70989000.0,1143000.0,0.0,0.0,1143000.0,-92464000.0,0.0,153052000.0,0.0,8375000.0,8375000.0,8375000.0,0.0,0.0,0.009,70476000.0,11132000.0,375925000.0,0.0,3.643,65.507,64.146,755110000.0,0.0,26.3,1.269,1.268,460356000.0,553706000.0,884567000.0,884567000.0,1878000.0,,,,,0.0,49603000.0,1.0,197144750.0,197012000,199515000.0,4.49,2193450000.0,18208000.0,2145000.0,40895000.0,11.134,926301000.0
80,JBL,MRQ,2001-09-30,2001-08-31,2001-08-31,2021-10-22,-321000.0,2357578000.0,,1446798000.0,910780000.0,,7.25,-34153000.0,430652000.0,430652000.0,860171000.0,11241000.0,2.866,0.667,370000000.0,8333000.0,361667000.0,370000000.0,0.0,43913000.0,0.0,0.0,0.0,20180000.0,64093000.0,0.068,64093000.0,20180000.0,17550000.0,0.06,0.05,0.06,1414076000.0,,1414076000.0,4337163534.0,25.0,13.248,111561000.0,0.572,1.0,83890000.0,0.089,148888000.0,2630000.0,1643263000.0,,431499000.0,0.0,0.0,0.0,943502000.0,504775000.0,438727000.0,4424621534.0,-26806000.0,-139200000.0,8200000.0,-7451000.0,0.0,749000.0,-173353000.0,0.0,145714000.0,84000.0,11241000.0,11241000.0,11241000.0,0.0,0.0,0.012,66008000.0,17882000.0,392181000.0,0.0,3.129,37.333,37.274,744723000.0,0.0,23.11,1.022,1.024,528196000.0,545331000.0,944061000.0,944061000.0,1730000.0,,,,,8450000.0,47131000.0,1.0,191459175.0,195045000,209648000.0,4.84,2208690000.0,22454000.0,6309000.0,36960000.0,11.324,942023000.0
81,JBL,MRQ,2001-06-30,2001-05-31,2001-05-31,2021-10-22,-860000.0,2390555000.0,,1596223000.0,794332000.0,,7.29,-40850000.0,457458000.0,457458000.0,956199000.0,18808000.0,2.716,0.715,370000000.0,8333000.0,361667000.0,370000000.0,7825000.0,39272000.0,0.0,0.0,0.0,24456000.0,63728000.0,0.061,63728000.0,24456000.0,23988000.0,0.1,0.09,0.1,1394096000.0,,1394096000.0,5506542381.0,25.0,15.235,-26351000.0,-0.138,1.0,90265000.0,0.086,50127000.0,468000.0,1665323000.0,,530050000.0,0.0,0.0,0.0,996459000.0,587647000.0,408812000.0,5619334381.0,311333000.0,0.0,1017000.0,336667000.0,0.0,337684000.0,-40850000.0,0.0,14499000.0,0.0,18808000.0,18808000.0,18808000.0,0.0,0.0,0.018,67895000.0,22370000.0,490103000.0,0.0,4.031,36.412,36.272,744205000.0,0.0,29.38,1.262,1.262,539802000.0,534090000.0,1046464000.0,1046464000.0,1737000.0,,,,,0.0,46009000.0,1.0,191263934.0,191234000,198101000.0,5.472,2340428000.0,21116000.0,5180000.0,39320000.0,12.239,1008576000.0
82,JBL,MRQ,2001-03-31,2001-02-28,2001-02-28,2021-10-22,-390000.0,2160215000.0,,1373570000.0,786645000.0,,7.2,-79929000.0,146125000.0,146125000.0,1102737000.0,40726000.0,1.875,0.571,33333000.0,8333000.0,25000000.0,33333000.0,8332000.0,41633000.0,0.0,0.0,0.0,59687000.0,101320000.0,0.084,101320000.0,59687000.0,57367000.0,0.21,0.21,0.21,1374741000.0,,1374741000.0,4191693728.0,16.0,10.903,3533000.0,0.019,1.0,108438000.0,0.09,0.0,2320000.0,1314765000.0,,631746000.0,0.0,0.0,0.0,785474000.0,732658000.0,52816000.0,4289427728.0,15058000.0,0.0,5596000.0,0.0,0.0,11525000.0,-79929000.0,0.0,83462000.0,0.0,40726000.0,40726000.0,40726000.0,0.0,0.0,0.034,50116000.0,58322000.0,645946000.0,0.0,3.12,24.696,24.172,742985000.0,0.0,22.48,0.981,0.982,535763000.0,515282000.0,1211175000.0,1211175000.0,1553000.0,,,,,0.0,46892000.0,1.0,190810842.0,190931000,198326000.0,6.344,2160215000.0,18053000.0,16641000.0,30505000.0,11.314,640912000.0
83,JBL,MRQ,2000-12-31,2000-11-30,2000-11-30,2021-10-22,-631000.0,2150015000.0,,1401022000.0,748993000.0,,6.927,-147384000.0,131067000.0,131067000.0,1017482000.0,47742000.0,1.831,0.629,33333000.0,8333000.0,25000000.0,33333000.0,2712000.0,30570000.0,0.0,0.0,0.0,67682000.0,98252000.0,0.087,98252000.0,67682000.0,67243000.0,0.25,0.24,0.25,1319728000.0,,1319728000.0,5647541594.0,23.0,15.94,-208364000.0,-1.094,1.0,111473000.0,0.099,0.0,439000.0,1287117000.0,,641514000.0,0.0,0.0,0.0,830287000.0,765164000.0,65123000.0,5951810594.0,-206535000.0,0.0,1829000.0,0.0,0.0,1829000.0,-147384000.0,0.0,-60980000.0,0.0,47742000.0,47742000.0,47742000.0,0.0,0.0,0.042,46285000.0,65188000.0,664467000.0,0.0,4.51,35.661,34.341,704785000.0,0.0,31.25,1.489,1.489,568298000.0,474556000.0,1128955000.0,1128955000.0,1428000.0,,,,,0.0,44080000.0,1.0,190457939.0,190526000,198907000.0,5.925,2150015000.0,19600000.0,19501000.0,61877000.0,11.285,635858000.0
84,JBL,MRQ,2000-09-30,2000-08-31,2000-08-31,2021-10-22,-605000.0,2015915000.0,,1384993000.0,630922000.0,,6.723,-110927000.0,337602000.0,337602000.0,958751000.0,47051000.0,2.002,0.587,33333000.0,8333000.0,25000000.0,33333000.0,2922000.0,28253000.0,0.0,0.0,0.0,69879000.0,98132000.0,0.092,98132000.0,69879000.0,68180000.0,0.25,0.24,0.25,1270183000.0,,1270183000.0,12290605612.0,56.0,38.452,-48778000.0,-0.258,1.0,106337000.0,0.1,34360000.0,1699000.0,985311000.0,,477548000.0,0.0,0.0,0.0,745732000.0,691975000.0,53757000.0,12116271612.0,298603000.0,-3631000.0,531012000.0,-180000000.0,0.0,351012000.0,-114558000.0,0.0,62149000.0,0.0,47051000.0,47051000.0,47051000.0,0.0,0.0,0.044,41804000.0,64533000.0,594111000.0,0.0,9.539,83.189,78.741,587494000.0,0.0,63.78,3.405,3.209,523096000.0,426814000.0,1065088000.0,1065088000.0,1312000.0,,,,,0.0,39727000.0,1.0,189969765.0,188920000,197537000.0,5.638,1981555000.0,15763000.0,21129000.0,43105000.0,10.489,693018000.0
85,JBL,MRQ,2000-06-30,2000-05-31,2000-05-31,2021-10-22,-543000.0,1479195000.0,,936825000.0,542370000.0,,3.918,-89783000.0,38999000.0,38999000.0,871307000.0,38173000.0,1.686,1.137,213333000.0,8333000.0,205000000.0,213333000.0,3165000.0,27560000.0,0.0,0.0,0.0,59184000.0,86744000.0,0.09,86744000.0,59184000.0,55317000.0,0.22,0.21,0.22,692181000.0,,692181000.0,6458111623.0,35.0,23.786,-95733000.0,-0.542,1.0,94542000.0,0.098,0.0,3867000.0,1097891000.0,,409983000.0,0.0,0.0,0.0,787014000.0,555638000.0,231376000.0,6378057623.0,-17613000.0,0.0,1453000.0,76667000.0,0.0,78120000.0,-89783000.0,0.0,-5950000.0,0.0,38173000.0,38173000.0,38173000.0,0.0,0.0,0.04,36185000.0,58357000.0,462731000.0,0.0,9.214,53.703,53.132,501322000.0,0.0,36.13,2.06,2.062,437333000.0,379763000.0,965849000.0,965849000.0,1142000.0,,,,,0.0,34327000.0,1.0,176530795.0,176674000,184960000.0,5.467,1479195000.0,13638000.0,17144000.0,32116000.0,8.372,381187000.0
86,JBL,MRQ,2000-03-31,2000-02-29,2000-02-29,2021-10-22,-542000.0,1307866000.0,,827517000.0,480349000.0,,3.687,-64956000.0,56612000.0,56612000.0,753479000.0,33936000.0,1.632,1.019,136666000.0,8333000.0,128333000.0,136666000.0,3443000.0,20518000.0,0.0,0.0,0.0,50656000.0,71174000.0,0.085,71174000.0,50656000.0,49182000.0,0.19,0.18,0.19,647882000.0,,647882000.0,6031954972.0,37.0,25.27,-85043000.0,-0.484,1.0,84083000.0,0.1,0.0,1474000.0,880944000.0,,353326000.0,0.0,0.0,0.0,659984000.0,506976000.0,153008000.0,6031954972.0,13358000.0,-5699000.0,5818000.0,93412000.0,0.0,76924000.0,-43479000.0,27176000.0,-20087000.0,0.0,33936000.0,33936000.0,33936000.0,0.0,0.0,0.041,33459000.0,50624000.0,427863000.0,0.0,9.31,58.577,58.847,439879000.0,0.0,34.72,2.224,2.25,379223000.0,341590000.0,837562000.0,837562000.0,1203000.0,,,,,0.0,31612000.0,1.0,173731422.0,175715000,184518000.0,4.767,1307866000.0,14227000.0,15246000.0,32095000.0,7.443,320541000.0
87,JBL,MRQ,1999-12-31,1999-11-30,1999-11-30,2021-10-22,-543000.0,1138748000.0,,702513000.0,436235000.0,,3.479,-61134000.0,43254000.0,43254000.0,616435000.0,26488000.0,1.487,0.873,43254000.0,9921000.0,33333000.0,43254000.0,3731000.0,23006000.0,0.0,0.0,0.0,40582000.0,63588000.0,0.092,63588000.0,40582000.0,40017000.0,0.15,0.14,0.15,608127000.0,,608127000.0,5189386365.0,35.0,23.366,-61830000.0,-0.354,1.0,73387000.0,0.106,0.0,565000.0,666467000.0,,299477000.0,4870000.0,4870000.0,0.0,530621000.0,472281000.0,58340000.0,5261276365.0,-82695000.0,-27386000.0,4533000.0,-22569000.0,0.0,6521000.0,-88520000.0,0.0,-696000.0,0.0,26488000.0,26488000.0,26488000.0,0.0,0.0,0.038,33985000.0,39402000.0,384571000.0,0.0,8.652,57.631,59.204,396295000.0,0.0,31.97,2.162,2.297,318647000.0,307654000.0,689822000.0,689822000.0,1182000.0,,,,,0.0,27051000.0,1.0,164569170.0,174820000,183175000.0,3.946,1138748000.0,13500000.0,13529000.0,36417000.0,6.514,230232000.0
88,JBL,MRQ,1999-09-30,1999-08-31,1999-08-31,2021-10-22,-218000.0,1035421000.0,,661113000.0,374308000.0,,3.31,-31759000.0,125949000.0,125949000.0,535365000.0,20168000.0,1.604,0.792,65823000.0,32490000.0,33333000.0,65823000.0,1798000.0,15466000.0,0.0,0.0,0.0,34537000.0,50003000.0,0.083,50003000.0,34537000.0,33124000.0,0.12,0.11,0.12,577811000.0,,577811000.0,3569284237.0,25.0,17.511,-26743000.0,-0.153,1.0,66970000.0,0.111,0.0,1413000.0,563015000.0,,217840000.0,27176000.0,27176000.0,0.0,457610000.0,412280000.0,45330000.0,3677753237.0,-46141000.0,0.0,4104000.0,3674000.0,0.0,7778000.0,-58935000.0,-27176000.0,5016000.0,0.0,20168000.0,20168000.0,20168000.0,0.0,0.0,0.033,34740000.0,32230000.0,300093000.0,0.0,6.365,43.36,43.931,353522000.0,0.0,22.405,1.643,1.669,261078000.0,281166000.0,602335000.0,602335000.0,1587000.0,,,,,0.0,25836000.0,1.0,164148772.0,174560000,182584000.0,3.451,1035421000.0,13896000.0,12956000.0,30710000.0,5.932,248833000.0
89,JBL,MRQ,1999-06-30,1999-05-31,1999-05-31,2021-10-22,0.0,841863000.0,,523798000.0,318065000.0,,2.984,-39110000.0,158469000.0,158469000.0,518417000.0,22382000.0,1.884,0.629,50000000.0,16666000.0,33334000.0,50000000.0,2003000.0,16763000.0,0.0,0.0,0.0,37174000.0,53937000.0,0.093,53937000.0,37174000.0,35692000.0,0.13,0.12,0.13,516676000.0,,516676000.0,4064265298.0,38.0,23.343,32189000.0,0.186,1.0,63821000.0,0.11,0.0,1482000.0,455394000.0,,137845000.0,0.0,0.0,0.0,325187000.0,278000000.0,47187000.0,3952353298.0,145523000.0,0.0,199376000.0,-86042000.0,0.0,113334000.0,-39110000.0,0.0,71299000.0,0.0,22382000.0,22382000.0,22382000.0,0.0,0.0,0.038,28154000.0,35667000.0,201314000.0,0.0,7.65,60.222,64.333,300111000.0,0.0,24.125,1.829,1.933,208274000.0,242055000.0,582238000.0,582238000.0,1387000.0,,,,,0.0,22902000.0,1.0,163828116.0,173130000,181328000.0,3.363,841863000.0,9826000.0,13310000.0,25136000.0,4.863,245798000.0
90,JBL,MRQ,1999-03-31,1999-02-28,1999-02-28,2021-10-22,0.0,698930000.0,,404318000.0,294612000.0,,1.833,-59096000.0,18088000.0,18088000.0,498601000.0,22254000.0,1.479,1.384,130000000.0,8333000.0,121667000.0,130000000.0,2208000.0,18224000.0,0.0,0.0,0.0,36343000.0,54567000.0,0.098,54567000.0,36343000.0,34032000.0,0.14,0.13,0.14,293199000.0,,293199000.0,2512433360.0,26.0,16.295,-51546000.0,-0.322,1.0,60102000.0,0.108,0.0,2311000.0,537474000.0,,156546000.0,0.0,0.0,0.0,405731000.0,273368000.0,132363000.0,2435449360.0,3912000.0,0.0,3132000.0,52326000.0,0.0,55458000.0,-59096000.0,0.0,7550000.0,0.0,22254000.0,22254000.0,22254000.0,0.0,0.0,0.04,24178000.0,35924000.0,212870000.0,0.0,8.306,40.236,45.319,283823000.0,0.0,16.315,1.29,1.382,209092000.0,217652000.0,558703000.0,558703000.0,1432000.0,,,,,0.0,22452000.0,1.0,149276700.0,159944000,167006000.0,3.493,698930000.0,14515000.0,11778000.0,18984000.0,4.37,130950000.0
91,JBL,MRQ,1998-12-31,1998-11-30,1998-11-30,2021-10-22,0.0,616309000.0,,358408000.0,257901000.0,,1.68,-35574000.0,13016000.0,13016000.0,440420000.0,20016000.0,1.4,1.301,90000000.0,8333000.0,81667000.0,90000000.0,2421000.0,12964000.0,0.0,0.0,0.0,32385000.0,45349000.0,0.092,45349000.0,32385000.0,30456000.0,0.125,0.12,0.125,267793000.0,,267793000.0,2163384784.0,24.0,15.664,-8974000.0,-0.056,1.0,54695000.0,0.11,0.0,1929000.0,437349000.0,,146272000.0,0.0,0.0,0.0,348516000.0,255944000.0,92572000.0,2156732784.0,-10368000.0,0.0,141000.0,-1930000.0,0.0,-1394000.0,-35574000.0,0.0,26600000.0,0.0,20016000.0,20016000.0,20016000.0,0.0,0.0,0.04,22639000.0,32056000.0,192764000.0,0.0,8.054,36.922,40.845,246496000.0,0.0,14.5,1.299,1.392,180793000.0,196035000.0,495115000.0,495115000.0,1457000.0,,,,,0.0,20825000.0,1.0,148740192.0,159378000,165556000.0,3.107,616309000.0,14960000.0,10440000.0,19392000.0,3.867,102464000.0
92,JBL,MRQ,1998-09-30,1998-08-31,1998-08-31,2021-10-22,0.0,523327000.0,,287003000.0,236324000.0,,1.312,-37968000.0,23139000.0,23139000.0,473071000.0,978000.0,1.537,1.107,90000000.0,8333000.0,81667000.0,90000000.0,2227000.0,18788000.0,0.0,0.0,0.0,1471000.0,20259000.0,0.039,20259000.0,1471000.0,164000.0,-0.02,-0.015,-0.02,248366000.0,,248366000.0,880500628.0,10.0,6.812,-6130000.0,-0.032,1.0,51375000.0,0.098,0.0,1307000.0,403469000.0,,123097000.0,0.0,0.0,0.0,274961000.0,186719000.0,88242000.0,873848628.0,-18442000.0,-64990000.0,1882000.0,51553000.0,0.0,54384000.0,-104664000.0,0.0,31838000.0,0.0,978000.0,978000.0,978000.0,0.0,0.0,0.002,50142000.0,1233000.0,132601000.0,0.0,3.518,15.206,16.319,224680000.0,0.0,5.875,0.589,0.628,126276000.0,176749000.0,524446000.0,524446000.0,2499000.0,,,,,0.0,23240000.0,1.0,148740192.0,189288000,196320000.0,2.771,523327000.0,12719000.0,-814000.0,9673000.0,2.765,100284000.0
93,JBL,MRQ,1998-06-30,1998-05-31,1998-05-31,2021-10-22,0.0,445417000.0,,258440000.0,186977000.0,,1.658,-12177000.0,43348000.0,43348000.0,269826000.0,17281000.0,1.712,0.807,50000000.0,8333000.0,41667000.0,50000000.0,2429000.0,8242000.0,0.0,0.0,0.0,25767000.0,34009000.0,0.11,34009000.0,25767000.0,25045000.0,0.115,0.11,0.115,246509000.0,,246509000.0,1260322707.0,11.0,8.687,-12409000.0,-0.083,1.0,39773000.0,0.128,0.0,722000.0,301081000.0,,83651000.0,0.0,0.0,0.0,198908000.0,150988000.0,47920000.0,1266002707.0,-12332000.0,0.0,77000.0,0.0,0.0,77000.0,-12177000.0,0.0,-232000.0,0.0,17281000.0,17281000.0,17281000.0,0.0,0.0,0.056,14006000.0,25767000.0,100232000.0,0.0,5.136,16.987,16.962,185880000.0,0.0,8.515,1.001,1.001,123863000.0,176307000.0,309599000.0,309599000.0,1065000.0,,,,,0.0,12941000.0,1.0,148679120.0,148668000,154460000.0,2.082,445417000.0,6046000.0,7764000.0,10995000.0,2.996,107452000.0
94,JBL,MRQ,1998-03-31,1998-02-28,1998-02-28,2021-10-22,0.0,455274000.0,,272439000.0,182835000.0,,1.545,-26949000.0,55680000.0,55680000.0,286628000.0,20139000.0,1.597,0.987,50000000.0,0.0,50000000.0,50000000.0,1699000.0,8175000.0,0.0,0.0,0.0,30323000.0,38498000.0,0.116,38498000.0,30323000.0,29189000.0,0.135,0.13,0.135,229151000.0,,229151000.0,1965986945.0,18.0,14.257,21271000.0,0.143,1.0,44060000.0,0.133,0.0,1134000.0,278994000.0,,90114000.0,0.0,0.0,0.0,226123000.0,170600000.0,55523000.0,1949137945.0,12529000.0,0.0,1258000.0,-10000000.0,0.0,-8742000.0,-26949000.0,0.0,48220000.0,0.0,20139000.0,20139000.0,20139000.0,0.0,0.0,0.061,13737000.0,30323000.0,126530000.0,0.0,8.506,27.139,26.962,182465000.0,0.0,13.158,1.62,1.622,119545000.0,159026000.0,330688000.0,330688000.0,879000.0,,,,,0.0,12858000.0,1.0,148138928.0,148320000,154256000.0,2.23,455274000.0,6046000.0,9050000.0,13801000.0,3.07,101839000.0
95,JBL,MRQ,1997-12-31,1997-11-30,1997-11-30,2021-10-22,0.0,461085000.0,,296134000.0,164951000.0,,1.355,-31408000.0,43151000.0,43151000.0,278167000.0,19071000.0,1.447,1.298,60000000.0,10000000.0,50000000.0,60000000.0,1902000.0,7128000.0,0.0,0.0,0.0,29356000.0,36484000.0,0.114,36484000.0,29356000.0,28643000.0,0.13,0.122,0.13,200640000.0,,200640000.0,1759021096.0,18.0,14.281,-9915000.0,-0.067,1.0,41345000.0,0.129,0.0,713000.0,273215000.0,,111779000.0,0.0,0.0,0.0,260445000.0,204719000.0,55726000.0,1756902096.0,-2306000.0,0.0,84000.0,7525000.0,0.0,7609000.0,-31408000.0,0.0,21493000.0,0.0,19071000.0,19071000.0,19071000.0,0.0,0.0,0.06,11989000.0,29356000.0,149847000.0,0.0,8.756,28.003,27.983,163989000.0,0.0,12.033,1.605,1.628,134357000.0,138887000.0,319512000.0,319512000.0,912000.0,,,,,0.0,11077000.0,1.0,146013056.0,148076000,154700000.0,2.158,461085000.0,6046000.0,9572000.0,18272000.0,3.114,91415000.0
96,JBL,MRQ,1997-09-30,1997-08-31,1997-08-31,2021-10-22,0.0,405903000.0,,265998000.0,139905000.0,,1.231,-30671000.0,45457000.0,45457000.0,265953000.0,18038000.0,1.577,1.237,52475000.0,2475000.0,50000000.0,52475000.0,2105000.0,8713000.0,0.0,0.0,0.0,27381000.0,36094000.0,0.118,36094000.0,27381000.0,27222000.0,0.122,0.115,0.122,181485000.0,,181485000.0,2164937392.0,26.0,20.275,-5326000.0,-0.036,1.0,39255000.0,0.129,0.0,159000.0,244271000.0,,96187000.0,0.0,0.0,0.0,224418000.0,168650000.0,55768000.0,2162818392.0,-10974000.0,0.0,411000.0,-6075000.0,0.0,-5648000.0,-30671000.0,0.0,25345000.0,0.0,18038000.0,18038000.0,18038000.0,0.0,0.0,0.059,11874000.0,27381000.0,125741000.0,0.0,11.917,41.199,41.146,139520000.0,0.0,14.812,2.211,2.199,116987000.0,119816000.0,305208000.0,305208000.0,885000.0,,,,,0.0,10989000.0,1.0,146013056.0,147376000,155028000.0,2.071,405903000.0,6591000.0,9184000.0,9849000.0,2.754,97348000.0
97,JBL,MRQ,1997-06-30,1997-05-31,1997-05-31,2021-10-22,0.0,374221000.0,,255273000.0,118948000.0,,1.109,-31114000.0,56431000.0,56431000.0,215603000.0,14572000.0,1.658,1.311,58550000.0,5206000.0,53344000.0,58550000.0,2276000.0,4764000.0,0.0,0.0,0.0,22059000.0,26823000.0,0.108,26823000.0,22059000.0,21653000.0,0.1,0.095,0.1,161933000.0,,161933000.0,1061082236.0,16.0,12.784,-7979000.0,-0.055,1.0,32034000.0,0.129,0.0,406000.0,222362000.0,,96944000.0,0.0,0.0,0.0,212288000.0,153978000.0,58310000.0,1066589236.0,-8727000.0,0.0,345000.0,-1093000.0,0.0,-748000.0,-31114000.0,0.0,23135000.0,0.0,14572000.0,14572000.0,14572000.0,0.0,0.0,0.059,9975000.0,22059000.0,105526000.0,0.0,6.587,26.003,25.241,116856000.0,0.0,7.32,1.259,1.262,95196000.0,101778000.0,247637000.0,247637000.0,723000.0,,,,,0.0,9252000.0,1.0,145708912.0,146012000,153568000.0,1.696,374221000.0,6216000.0,7081000.0,7631000.0,2.563,101295000.0
98,JBL,MRQ,1997-03-31,1997-02-28,1997-02-28,2021-10-22,0.0,333018000.0,,239882000.0,93136000.0,,1.016,-18354000.0,65158000.0,65158000.0,195711000.0,11059000.0,1.939,1.265,59651000.0,2459000.0,57192000.0,59651000.0,2729000.0,6014000.0,0.0,0.0,0.0,17754000.0,23768000.0,0.107,23768000.0,17754000.0,17365000.0,0.077,0.072,0.077,147016000.0,,147016000.0,579989527.0,11.0,7.649,-10022000.0,-0.069,1.0,26476000.0,0.119,0.0,389000.0,203789000.0,,78281000.0,0.0,0.0,0.0,186002000.0,123722000.0,62280000.0,592202527.0,-7261000.0,0.0,2402000.0,-563000.0,0.0,2761000.0,-18354000.0,0.0,8332000.0,0.0,11059000.0,11059000.0,11059000.0,0.0,0.0,0.05,8722000.0,17754000.0,93372000.0,0.0,4.028,18.12,17.927,91254000.0,0.0,4.141,0.723,0.732,90838000.0,87206000.0,222187000.0,222187000.0,804000.0,,,,,0.0,7918000.0,1.0,143000912.0,144724000,153308000.0,1.535,333018000.0,5142000.0,6306000.0,5505000.0,2.301,116160000.0
99,JBL,MRQ,1996-12-31,1996-11-30,1996-11-30,2021-10-22,0.0,302189000.0,,223288000.0,78901000.0,,0.881,-13298000.0,72419000.0,72419000.0,179978000.0,8828000.0,2.109,1.263,60206000.0,2459000.0,57747000.0,60206000.0,2297000.0,5433000.0,0.0,0.0,0.0,14660000.0,20093000.0,0.099,20093000.0,14660000.0,14002000.0,0.058,0.058,0.058,133548000.0,,133548000.0,,,,-750000.0,-0.005,1.0,23092000.0,0.114,0.0,658000.0,184078000.0,,67496000.0,0.0,0.0,0.0,168641000.0,105898000.0,62743000.0,455815407.0,-900000.0,0.0,466000.0,-616000.0,0.0,-150000.0,-13298000.0,0.0,12548000.0,0.0,8828000.0,8828000.0,8828000.0,0.0,0.0,0.043,8432000.0,14660000.0,73994000.0,0.0,3.413,16.301,16.263,78609000.0,0.0,3.188,0.548,0.58,77923000.0,76147000.0,203070000.0,203070000.0,705000.0,,,,,0.0,7727000.0,1.0,143000912.0,151536000,151536000.0,1.34,302189000.0,5142000.0,5174000.0,8860000.0,1.994,117390000.0
100,JBL,MRQ,1996-09-30,1996-08-31,1996-08-31,2021-10-22,0.0,299940000.0,,227338000.0,72602000.0,,0.901,9175000.0,73319000.0,73319000.0,155272000.0,6559000.0,2.037,1.414,60822000.0,2451000.0,58371000.0,60822000.0,2872000.0,1311000.0,0.0,0.0,0.0,11007000.0,12318000.0,0.071,12318000.0,11007000.0,10428000.0,0.055,0.045,0.055,124234000.0,,124234000.0,,,,82811000.0,0.601,1.0,18829000.0,0.108,0.0,579000.0,175863000.0,,64869000.0,0.0,0.0,0.0,175706000.0,111580000.0,64126000.0,,47392000.0,0.0,-38982000.0,758000.0,0.0,-35419000.0,9175000.0,0.0,73636000.0,0.0,6559000.0,6559000.0,6559000.0,0.0,0.0,0.038,7822000.0,11007000.0,78600000.0,0.0,,,8.651,70704000.0,0.0,1.531,,0.244,84839000.0,67319000.0,174101000.0,174101000.0,609000.0,,,,,0.0,7213000.0,1.0,,137832000,143920000.0,1.263,299940000.0,3971000.0,3869000.0,8862000.0,2.176,115758000.0
101,JBL,MRQ,1996-06-30,1996-05-31,1996-05-31,2021-10-22,,,,,,,,-16890000.0,,,201142000.0,6237000.0,,,,,,,,8275000.0,,0.0,0.0,11371000.0,19646000.0,0.089,19646000.0,11371000.0,9603000.0,0.041,0.041,0.041,,,,,,,11528000.0,0.076,1.0,18559000.0,0.084,,1768000.0,,,,,,,,,,,21587000.0,0.0,39429000.0,-29370000.0,0.0,10059000.0,-16890000.0,0.0,28418000.0,0.0,6237000.0,6237000.0,6237000.0,0.0,0.0,0.028,7188000.0,11371000.0,,0.0,,,,,0.0,1.656,,,,,219701000.0,219701000.0,576000.0,,,,,0.0,6612000.0,1.0,,151144000,151144000.0,1.454,,,3366000.0,,,
102,JBL,MRQ,1996-03-31,1996-02-29,1996-02-29,2021-10-22,,,,,,,,-6329000.0,,,217360000.0,6338000.0,,,,,,,,4587000.0,,0.0,0.0,11670000.0,16257000.0,0.069,16257000.0,11670000.0,9347000.0,0.043,0.043,0.043,,,,,,,15667000.0,0.104,1.0,18268000.0,0.078,,2323000.0,,,,,,,,,,,931000.0,0.0,365000.0,-15101000.0,0.0,-14736000.0,-6329000.0,0.0,21996000.0,0.0,6338000.0,6338000.0,6338000.0,0.0,0.0,0.027,6598000.0,11670000.0,,0.0,,,,,0.0,0.969,,,,,235628000.0,235628000.0,528000.0,,,,,0.0,6070000.0,1.0,,150544000,150544000.0,1.565,,,3009000.0,,,
103,JBL,MRQ,1995-12-31,1995-11-30,1995-11-30,2021-10-22,,,,,,,,-12850000.0,,,216537000.0,5215000.0,,,,,,,,4037000.0,,0.0,0.0,11358000.0,15395000.0,0.066,15395000.0,11358000.0,8695000.0,0.039,0.039,0.039,,,,,,,-36836000.0,-0.271,1.0,17318000.0,0.074,,2663000.0,,,,,,,,,,,-2077000.0,0.0,39286000.0,-4527000.0,0.0,34759000.0,-12850000.0,0.0,-23986000.0,0.0,5215000.0,5215000.0,5215000.0,0.0,0.0,0.022,5960000.0,11358000.0,,0.0,,,,,0.0,2.594,,,,,233855000.0,233855000.0,399000.0,,,,,0.0,5561000.0,1.0,,135736000,135736000.0,1.723,,,3480000.0,,,
0,JBL,MRT,2021-09-30,2021-08-31,2021-08-31,2021-10-22,-25000000.0,16654000000.0,15539587250.0,10877000000.0,5777000000.0,1.885,14.384,-793000000.0,1567000000.0,1567000000.0,26926000000.0,698000000.0,1.018,6.796,3319000000.0,108000000.0,3211000000.0,3319000000.0,0.0,876000000.0,0.0,0.005,0.32,1072000000.0,1948000000.0,0.067,1948000000.0,1072000000.0,942000000.0,4.69,4.58,4.69,2136000000.0,2085635750.0,2136000000.0,11112245541.0,10.0,5.704,640000000.0,4.31,1.0,2359000000.0,0.081,897000000.0,130000000.0,6826000000.0,6927978750.0,4414000000.0,0.0,0.0,0.0,14517000000.0,10683000000.0,3834000000.0,9009354541.0,173000000.0,-50000000.0,-389000000.0,111000000.0,-50000000.0,-413000000.0,-851000000.0,-4000000.0,1433000000.0,4000000.0,696000000.0,696000000.0,696000000.0,0.0,2000000.0,0.024,1293000000.0,1066000000.0,6841000000.0,0.068,4.218,12.944,13.173,4465000000.0,0.0,61.78,0.308,0.313,3141000000.0,2688000000.0,29285000000.0,29285000000.0,34000000.0,0.045,0.334,0.155,0.037,102000000.0,1213000000.0,1.0,145829630.0,148500000,152100000.0,197.205,15757000000.0,176000000.0,246000000.0,289000000.0,106.108,194000000.0
1,JBL,MRT,2021-06-30,2021-05-31,2021-05-31,2021-10-22,14722000.0,15740708000.0,14975337250.0,10259514000.0,5481194000.0,1.948,14.435,-832052000.0,1240729000.0,1240729000.0,26912124000.0,592509000.0,1.042,6.362,3343620000.0,163318000.0,3180302000.0,3343620000.0,0.0,839051000.0,0.0,0.006,0.32,957844000.0,1796895000.0,0.062,1796895000.0,957844000.0,819636000.0,3.93,3.86,3.93,2138011000.0,2004385750.0,2138011000.0,10708269011.0,11.0,5.959,525082000.0,3.545,1.0,2263173000.0,0.078,914253000.0,138208000.0,7082350000.0,6765978750.0,3979329000.0,0.0,0.0,0.0,13601748000.0,9846996000.0,3754752000.0,8399645011.0,478178000.0,-51238000.0,-253113000.0,417890000.0,-49461000.0,17451000.0,-885769000.0,0.0,1357134000.0,-10638000.0,589395000.0,589395000.0,589395000.0,0.0,3114000.0,0.02,1274784000.0,988389000.0,6193198000.0,0.081,3.929,14.251,14.364,4173097000.0,0.0,56.45,0.288,0.287,3227627000.0,2525323000.0,29175297000.0,29175297000.0,36496000.0,0.039,0.294,0.142,0.033,96905000.0,1172481000.0,1.0,148797963.0,148110000,151976000.0,196.984,14826455000.0,165612000.0,230241000.0,271848000.0,100.104,412518000.0
2,JBL,MRT,2021-03-31,2021-02-28,2021-02-28,2021-10-22,-4270000.0,14494163000.0,14387879250.0,9143653000.0,5350510000.0,1.967,13.904,-778287000.0,838099000.0,838099000.0,26144773000.0,372228000.0,1.034,5.932,3146723000.0,160860000.0,2985863000.0,3146723000.0,0.0,813069000.0,0.0,0.007,0.32,766235000.0,1579304000.0,0.056,1579304000.0,766235000.0,619957000.0,2.45,2.4,2.45,2089161000.0,1877958500.0,2089161000.0,8548253877.0,11.0,5.413,480492000.0,3.198,1.0,2151521000.0,0.076,924049000.0,146278000.0,7036361000.0,6455032000.0,3558970000.0,0.0,0.0,0.0,12392221000.0,8842377000.0,3549844000.0,6483097877.0,142140000.0,-55199000.0,-144160000.0,-8428000.0,-49599000.0,-268528000.0,-812840000.0,0.0,1258779000.0,-35271000.0,368957000.0,368957000.0,368957000.0,0.0,3271000.0,0.013,1352476000.0,799045000.0,5644359000.0,0.131,3.103,17.571,17.62,4061416000.0,0.0,43.17,0.229,0.229,3062742000.0,2368012000.0,28296294000.0,28296294000.0,38426000.0,0.026,0.196,0.119,0.027,95022000.0,1169771000.0,1.0,150175999.0,150257000,152975000.0,188.319,13570114000.0,154706000.0,251000000.0,258571000.0,90.313,301276000.0
3,JBL,MRT,2020-12-31,2020-11-30,2020-11-30,2021-10-22,-14346000.0,15269478000.0,14049258000.0,9847192000.0,5422286000.0,1.964,13.182,-830905000.0,1107573000.0,1107573000.0,25581110000.0,217293000.0,1.019,6.707,3172729000.0,169345000.0,3003384000.0,3172729000.0,0.0,797907000.0,0.0,0.008,0.32,601929000.0,1399836000.0,0.051,1399836000.0,601929000.0,440494000.0,1.42,1.39,1.42,1979371000.0,1792376000.0,1979371000.0,7463497759.0,12.0,5.332,470611000.0,3.134,1.0,2011721000.0,0.073,905426000.0,161435000.0,6767204000.0,6255524250.0,3271842000.0,0.0,0.0,0.0,13275527000.0,9662004000.0,3613523000.0,5715814759.0,388517000.0,-48650000.0,-138639000.0,238473000.0,-50083000.0,-15513000.0,-859143000.0,0.0,1301516000.0,-38343000.0,214020000.0,214020000.0,214020000.0,0.0,3273000.0,0.008,1368456000.0,643265000.0,6431567000.0,0.225,2.888,26.707,26.915,4183095000.0,0.0,38.22,0.207,0.208,3651869000.0,2228729000.0,27592831000.0,27592831000.0,40348000.0,0.015,0.119,0.096,0.022,86318000.0,1148853000.0,1.0,149550360.0,150157000,152918000.0,183.76,14364052000.0,165264000.0,226474000.0,279046000.0,95.66,185188000.0
4,JBL,MRT,2020-09-30,2020-08-31,2020-08-31,2021-10-22,-34000000.0,14397000000.0,13843129250.0,9135000000.0,5262000000.0,1.97,11.946,-796000000.0,1394000000.0,1394000000.0,25335000000.0,57000000.0,1.008,6.942,3141000000.0,161000000.0,2980000000.0,3141000000.0,0.0,795000000.0,0.0,0.009,0.32,432000000.0,1227000000.0,0.045,1227000000.0,432000000.0,258000000.0,0.36,0.35,0.36,1811000000.0,1756454750.0,1811000000.0,7280319329.0,17.0,5.933,461000000.0,3.041,1.0,1931000000.0,0.071,907000000.0,174000000.0,6178000000.0,6106560500.0,3132000000.0,0.0,0.0,0.0,12572000000.0,9059000000.0,3513000000.0,5142103329.0,231000000.0,-147000000.0,-185000000.0,233000000.0,-50000000.0,-65000000.0,-921000000.0,0.0,1257000000.0,-40000000.0,54000000.0,54000000.0,54000000.0,0.0,3000000.0,0.002,1462000000.0,469000000.0,5687000000.0,0.889,2.839,95.224,94.861,4028000000.0,0.0,34.15,0.189,0.19,2848000000.0,2041000000.0,27266000000.0,27266000000.0,43000000.0,0.004,0.031,0.071,0.016,83000000.0,1175000000.0,1.0,150574036.0,151600000,155300000.0,179.855,13490000000.0,165000000.0,204000000.0,264000000.0,88.984,76000000.0
5,JBL,MRT,2020-06-30,2020-05-31,2020-05-31,2021-10-22,-149403000.0,13390876000.0,13486498000.0,8266292000.0,5124584000.0,1.968,10.83,-720693000.0,763337000.0,763337000.0,24604767000.0,41157000.0,0.943,7.196,2901553000.0,502021000.0,2399532000.0,2901553000.0,0.0,797770000.0,0.0,0.011,0.32,426928000.0,1224698000.0,0.046,1224698000.0,426928000.0,245287000.0,0.25,0.24,0.25,1632302000.0,1775565500.0,1632302000.0,6948832087.0,16.0,5.674,930377000.0,6.173,1.0,1934789000.0,0.073,922245000.0,181641000.0,5838563000.0,5785156500.0,3283701000.0,0.0,0.0,0.0,11745572000.0,8768284000.0,2977288000.0,4509465087.0,68857000.0,-145356000.0,-160580000.0,-447453000.0,-50675000.0,-695501000.0,-847368000.0,154000.0,1651070000.0,-39344000.0,38745000.0,38745000.0,38745000.0,0.0,2412000.0,0.001,1481491000.0,453298000.0,5019286000.0,1.28,2.763,116.388,119.68,3863209000.0,0.0,29.92,0.17,0.17,2579803000.0,1985546000.0,26539556000.0,26539556000.0,43900000.0,0.003,0.022,0.074,0.016,75762000.0,1193022000.0,1.0,150717416.0,150723000,150723000.0,176.082,12468631000.0,173008000.0,206542000.0,256691000.0,82.725,-501992000.0
6,JBL,MRT,2020-03-31,2020-02-29,2020-02-29,2021-10-22,-102943000.0,13139678000.0,13290973250.0,7977839000.0,5161839000.0,1.982,11.488,-806969000.0,696745000.0,696745000.0,24417076000.0,135452000.0,0.949,6.515,3136112000.0,737874000.0,2398238000.0,3136112000.0,0.0,792837000.0,0.0,0.01,0.32,505019000.0,1297856000.0,0.049,1297856000.0,505019000.0,314737000.0,0.87,0.86,0.87,1746831000.0,1831233250.0,1746831000.0,7082149302.0,14.0,5.457,362432000.0,2.384,1.0,1922440000.0,0.073,935574000.0,190282000.0,6238330000.0,5847633000.0,3339890000.0,0.0,0.0,0.0,11380538000.0,8405141000.0,2975397000.0,4874475302.0,-52706000.0,-213417000.0,-139745000.0,63911000.0,-50858000.0,-162615000.0,-1037741000.0,154000.0,1169401000.0,-21751000.0,133185000.0,133185000.0,133185000.0,0.0,2267000.0,0.005,1396090000.0,526350000.0,4652138000.0,0.368,2.79,36.599,36.839,3835451000.0,0.0,32.05,0.185,0.185,2314055000.0,2048954000.0,26339516000.0,26339516000.0,43762000.0,0.01,0.073,0.086,0.019,73386000.0,1164655000.0,1.0,152089713.0,152058000,152058000.0,173.22,12204104000.0,194468000.0,181552000.0,261284000.0,80.26,-427302000.0
7,JBL,MRT,2019-12-31,2019-11-30,2019-11-30,2021-10-22,-74322000.0,14444963000.0,13125202250.0,9252231000.0,5192732000.0,2.002,11.99,-772898000.0,719842000.0,719842000.0,24334234000.0,205640000.0,0.968,6.862,2927516000.0,473820000.0,2453696000.0,2927516000.0,0.0,786023000.0,0.0,0.008,0.32,577194000.0,1363217000.0,0.052,1363217000.0,577194000.0,386935000.0,1.33,1.31,1.33,1835686000.0,1856319250.0,1835686000.0,7262298246.0,13.0,5.327,532739000.0,3.48,1.0,1947189000.0,0.074,919240000.0,190259000.0,6171349000.0,5720929250.0,3342198000.0,0.0,0.0,0.0,12595670000.0,9562048000.0,3033622000.0,5929176246.0,-84961000.0,-269767000.0,-214803000.0,-27804000.0,-51203000.0,-317420000.0,-1066478000.0,154000.0,1305637000.0,-6700000.0,203822000.0,203822000.0,203822000.0,0.0,1818000.0,0.008,1360742000.0,586447000.0,5920277000.0,0.241,3.23,29.09,29.203,3856106000.0,0.0,38.84,0.226,0.226,3596145000.0,2064758000.0,26281423000.0,26281423000.0,42627000.0,0.016,0.11,0.101,0.022,73974000.0,1161773000.0,1.0,152656443.0,153100000,156462000.0,171.662,13525723000.0,203945000.0,183113000.0,260557000.0,88.346,-309817000.0
8,JBL,MRT,2019-09-30,2019-08-31,2019-08-31,2021-10-22,-82794000.0,12970475000.0,12708545750.0,8345085000.0,4625390000.0,1.989,12.13,-787000000.0,1163343000.0,1163343000.0,23369000000.0,289000000.0,0.978,5.865,2496465000.0,375181000.0,2121284000.0,2496465000.0,0.0,772000000.0,0.0,0.011,0.32,637000000.0,1409000000.0,0.056,1409000000.0,637000000.0,449000000.0,1.85,1.81,1.85,1887443000.0,1870376750.0,1887443000.0,6643425057.0,10.0,4.715,406000000.0,2.609,1.0,1913000000.0,0.076,879108000.0,188000000.0,4892384000.0,5566993750.0,3023003000.0,0.0,0.0,0.0,11069717000.0,8532105000.0,2537612000.0,4405839057.0,-95000000.0,-153000000.0,-323000000.0,-27000000.0,-52000000.0,-416000000.0,-872000000.0,97000000.0,1193000000.0,0.0,287000000.0,287000000.0,287000000.0,0.0,2000000.0,0.011,1265000000.0,648000000.0,5166780000.0,0.173,2.334,15.351,15.573,3333750000.0,0.0,28.81,0.174,0.177,2745226000.0,2037037000.0,25282000000.0,25282000000.0,43000000.0,0.023,0.153,0.114,0.025,61000000.0,1111000000.0,1.0,152927423.0,155600000,158600000.0,162.481,12091367000.0,198827000.0,162000000.0,252507000.0,77.708,-187020000.0
9,JBL,MRT,2019-06-30,2019-05-31,2019-05-31,2021-10-22,-50005000.0,12608777000.0,12477337250.0,7974369000.0,4634408000.0,1.962,12.133,-735136000.0,694086000.0,694086000.0,22620228000.0,179105000.0,1.014,5.791,2931672000.0,454830000.0,2476842000.0,2931672000.0,0.0,764980000.0,0.0,0.013,0.32,633463000.0,1398443000.0,0.057,1398443000.0,633463000.0,455355000.0,1.16,1.15,1.16,1854973000.0,1886080250.0,1854973000.0,5667794110.0,9.0,4.053,-351623000.0,-2.3,1.0,1860470000.0,0.076,890679000.0,178108000.0,6088469000.0,5636058250.0,3159369000.0,0.0,0.0,0.0,10741577000.0,7867215000.0,2874362000.0,3759278110.0,16594000.0,-153239000.0,-457645000.0,505164000.0,-53295000.0,-19937000.0,-349516000.0,564988000.0,383513000.0,2534000.0,177122000.0,177122000.0,177122000.0,0.0,1983000.0,0.007,1245411000.0,615059000.0,4826333000.0,0.276,2.027,21.224,21.198,3335837000.0,0.0,24.59,0.154,0.154,2696599000.0,1996901000.0,24480698000.0,24480698000.0,43743000.0,0.014,0.094,0.112,0.026,63139000.0,1095984000.0,1.0,152878329.0,152889000,155678000.0,160.121,11718098000.0,202556000.0,278233000.0,251770000.0,76.644,107154000.0
10,JBL,MRT,2019-03-31,2019-02-28,2019-02-28,2021-10-22,-13253000.0,12476594000.0,12119020500.0,7906057000.0,4570537000.0,1.962,11.938,-770447000.0,749057000.0,749057000.0,21967150000.0,177775000.0,1.02,5.748,2657573000.0,175186000.0,2482387000.0,2657573000.0,0.0,772892000.0,0.0,0.011,0.32,607591000.0,1380483000.0,0.058,1380483000.0,607591000.0,443819000.0,1.13,1.12,1.13,1847175000.0,1965622250.0,1847175000.0,6102605635.0,10.0,4.421,-904131000.0,-5.843,1.0,1814898000.0,0.076,901735000.0,163772000.0,5731515000.0,5475291500.0,3248273000.0,0.0,0.0,0.0,10617742000.0,7751860000.0,2865882000.0,4393909635.0,-191739000.0,-94584000.0,-548920000.0,472821000.0,-54824000.0,-145212000.0,95425000.0,973960000.0,-133684000.0,-8268000.0,176181000.0,176181000.0,176181000.0,0.0,1594000.0,0.007,1223841000.0,591057000.0,4900070000.0,0.283,2.379,24.94,25.133,3279505000.0,0.0,28.4,0.185,0.185,2543615000.0,1966100000.0,23782048000.0,23782048000.0,42376000.0,0.015,0.09,0.111,0.026,63672000.0,1073989000.0,1.0,154715128.0,154725000,156737000.0,153.705,11574859000.0,194015000.0,267638000.0,250613000.0,74.809,154197000.0
11,JBL,MRT,2018-12-31,2018-11-30,2018-11-30,2021-10-22,-31948000.0,12778337000.0,11871936250.0,8220739000.0,4557598000.0,1.939,11.711,-709359000.0,804409000.0,804409000.0,21259002000.0,147696000.0,1.023,5.747,2513105000.0,25193000.0,2487912000.0,2513105000.0,0.0,767907000.0,0.0,0.013,0.32,584696000.0,1352603000.0,0.059,1352603000.0,584696000.0,429288000.0,0.9,0.9,0.9,1891916000.0,2074352250.0,1891916000.0,5302866907.0,9.0,3.92,-1256855000.0,-7.78,1.0,1757157000.0,0.076,896115000.0,155408000.0,5555607000.0,5308272250.0,3214513000.0,0.0,0.0,0.0,10872824000.0,8035311000.0,2837513000.0,4042116907.0,58151000.0,-13806000.0,-536732000.0,421369000.0,-56130000.0,-191708000.0,808816000.0,1540086000.0,-547496000.0,-11461000.0,146135000.0,146135000.0,146135000.0,0.0,1561000.0,0.006,1189279000.0,567878000.0,5458398000.0,0.356,2.137,27.66,27.744,3271559000.0,0.0,24.97,0.176,0.175,2777601000.0,1911451000.0,23016159000.0,23016159000.0,40565000.0,0.012,0.07,0.11,0.025,62939000.0,1035787000.0,1.0,161878931.0,161557000,163670000.0,142.465,11882222000.0,216209000.0,283153000.0,253284000.0,73.548,185428000.0
12,JBL,MRT,2018-09-30,2018-08-31,2018-08-31,2021-10-22,-19399000.0,12045641000.0,11557243250.0,7549923000.0,4495718000.0,1.912,11.323,-686360000.0,1257949000.0,1257949000.0,20388624000.0,87541000.0,1.044,5.17,2518699000.0,25197000.0,2493502000.0,2518699000.0,0.0,773704000.0,0.0,0.011,0.32,521192000.0,1294896000.0,0.059,1294896000.0,521192000.0,372190000.0,0.5,0.49,0.5,1950257000.0,2183808000.0,1950257000.0,6750367633.0,13.0,5.213,-1791808000.0,-10.403,1.0,1706792000.0,0.077,906876000.0,149002000.0,5168642000.0,5097507000.0,3457706000.0,0.0,0.0,0.0,10082261000.0,7230873000.0,2851388000.0,4979226633.0,68030000.0,-109664000.0,-425454000.0,471408000.0,-57833000.0,-47044000.0,1240914000.0,2039298000.0,-1105448000.0,-20392000.0,86330000.0,86330000.0,86330000.0,0.0,1211000.0,0.004,1202202000.0,504590000.0,4942932000.0,0.64,2.553,57.677,59.12,3198016000.0,0.0,29.56,0.225,0.23,1693268000.0,1760097000.0,22095416000.0,22095416000.0,38531000.0,0.007,0.04,0.102,0.024,90664000.0,1050716000.0,1.0,168444744.0,172237000,175044000.0,128.285,11138765000.0,218252000.0,285860000.0,263269000.0,64.671,319050000.0
13,JBL,MRT,2018-06-30,2018-05-31,2018-05-31,2021-10-22,25932000.0,11175510000.0,11319831750.0,6731987000.0,4443523000.0,1.886,12.745,-674980000.0,677492000.0,677492000.0,19656151000.0,190190000.0,1.023,4.137,2448633000.0,273500000.0,2175133000.0,2448633000.0,0.0,773494000.0,0.0,0.011,0.32,491806000.0,1265300000.0,0.059,1265300000.0,491806000.0,345599000.0,1.07,1.05,1.07,2173141000.0,2284622250.0,2173141000.0,6112184600.0,12.0,4.831,-4048393000.0,-23.742,1.0,1690463000.0,0.079,919824000.0,146207000.0,5445402000.0,4853590250.0,3343782000.0,0.0,0.0,0.0,8989952000.0,6581425000.0,2408527000.0,4844344600.0,-66439000.0,-109664000.0,-362510000.0,268418000.0,-58683000.0,-188818000.0,3504880000.0,4291884000.0,-3373413000.0,-9088000.0,189323000.0,189323000.0,189323000.0,0.0,867000.0,0.009,1213119000.0,477344000.0,4327659000.0,0.299,2.229,25.588,26.43,3127083000.0,0.0,28.28,0.227,0.226,1586685000.0,1830921000.0,21346614000.0,21346614000.0,35233000.0,0.017,0.083,0.101,0.023,90144000.0,1031305000.0,1.0,171299314.0,170514000,173279000.0,125.19,10255686000.0,230751000.0,156276000.0,166704000.0,60.146,150562000.0
14,JBL,MRT,2018-03-31,2018-02-28,2018-02-28,2021-10-22,86608000.0,11488257000.0,11108366500.0,7036175000.0,4452082000.0,1.836,13.068,-547859000.0,940796000.0,940796000.0,18780568000.0,121789000.0,1.04,4.029,2208636000.0,27158000.0,2181478000.0,2208636000.0,0.0,762410000.0,0.0,0.012,0.32,416279000.0,1178689000.0,0.058,1178689000.0,416279000.0,270807000.0,0.68,0.66,0.68,2282095000.0,2323206250.0,2282095000.0,6121328029.0,15.0,5.193,-3222146000.0,-18.451,1.0,1618651000.0,0.079,927599000.0,145472000.0,5063438000.0,4681120750.0,3387995000.0,0.0,0.0,0.0,9193911000.0,6765060000.0,2428851000.0,4747134029.0,185698000.0,-127222000.0,-356881000.0,108233000.0,-59450000.0,-344078000.0,3205471000.0,3882912000.0,-2674287000.0,-1408000.0,121501000.0,121501000.0,121501000.0,0.0,288000.0,0.006,1216577000.0,402074000.0,4642860000.0,0.471,2.08,39.071,39.838,3141952000.0,0.0,27.09,0.233,0.232,1549899000.0,1802372000.0,20399219000.0,20399219000.0,32425000.0,0.011,0.052,0.089,0.02,93455000.0,1012702000.0,1.0,175235660.0,174635000,176953000.0,116.811,10560658000.0,216281000.0,149306000.0,174176000.0,60.473,271115000.0
15,JBL,MRT,2017-12-31,2017-11-30,2017-11-30,2021-10-22,51484000.0,11519565000.0,10740009250.0,6922128000.0,4597437000.0,1.82,13.167,-577378000.0,746258000.0,746258000.0,17960333000.0,104385000.0,0.955,3.938,2120452000.0,427019000.0,1693433000.0,2120452000.0,0.0,766137000.0,0.0,0.011,0.32,375083000.0,1141220000.0,0.058,1141220000.0,375083000.0,233607000.0,0.58,0.56,0.58,2329739000.0,2355509500.0,2329739000.0,5984324464.0,16.0,5.244,-2843048000.0,-16.068,1.0,1583422000.0,0.081,931489000.0,141476000.0,4712546000.0,4711335500.0,3283215000.0,0.0,0.0,0.0,9174873000.0,7249724000.0,1925149000.0,5096153464.0,-1157000.0,-132478000.0,-263993000.0,7509000.0,-60131000.0,-346848000.0,2606536000.0,3316786000.0,-2265670000.0,4825000.0,104858000.0,104858000.0,104858000.0,0.0,-473000.0,0.005,1220583000.0,362839000.0,4803194000.0,0.552,2.187,48.601,49.741,3289754000.0,0.0,28.85,0.261,0.261,1534754000.0,1779335000.0,19543755000.0,19543755000.0,31166000.0,0.01,0.045,0.08,0.019,93809000.0,986705000.0,1.0,176643101.0,176936000,180203000.0,110.457,10588076000.0,216830000.0,128749000.0,156089000.0,59.841,-327596000.0
16,JBL,MRT,2017-09-30,2017-08-31,2017-08-31,2021-10-22,54620000.0,11095995000.0,10496079500.0,6626683000.0,4469312000.0,1.816,12.938,-541485000.0,1189919000.0,1189919000.0,17517478000.0,127167000.0,0.964,3.708,2050272000.0,444255000.0,1606017000.0,2050272000.0,0.0,760405000.0,0.0,0.01,0.32,396230000.0,1156635000.0,0.061,1156635000.0,396230000.0,258156000.0,0.71,0.69,0.71,2353514000.0,2366561000.0,2353514000.0,7058902237.0,18.0,6.103,-2005570000.0,-11.026,1.0,1545643000.0,0.081,892780000.0,138074000.0,4192975000.0,4826209250.0,2942083000.0,0.0,0.0,0.0,8727651000.0,6870593000.0,1857058000.0,5619258237.0,277860000.0,-36620000.0,-284849000.0,-45043000.0,-59959000.0,-404546000.0,2141263000.0,2720728000.0,-1464085000.0,5228000.0,129090000.0,129090000.0,129090000.0,0.0,-1923000.0,0.007,1161749000.0,383894000.0,4257623000.0,0.451,2.388,43.53,44.155,3228678000.0,0.0,31.35,0.295,0.299,1397424000.0,1730893000.0,19063121000.0,19063121000.0,29680000.0,0.012,0.055,0.082,0.021,48544000.0,907702000.0,1.0,179242687.0,181902000,185838000.0,104.799,10203215000.0,205722000.0,129066000.0,150229000.0,56.092,-243910000.0
17,JBL,MRT,2017-06-30,2017-05-31,2017-05-31,2021-10-22,15927000.0,10329649000.0,10302750000.0,5893361000.0,4436288000.0,1.793,12.856,-687715000.0,743931000.0,743931000.0,17027381000.0,119835000.0,0.963,3.432,2183575000.0,538985000.0,1644590000.0,2183575000.0,0.0,754337000.0,0.0,0.011,0.32,372597000.0,1126934000.0,0.061,1126934000.0,372597000.0,236483000.0,0.65,0.64,0.65,2327477000.0,2387725250.0,2327477000.0,6801901473.0,18.0,6.036,273306000.0,1.51,1.0,1443474000.0,0.078,896534000.0,136114000.0,4755524000.0,5045629750.0,2706530000.0,0.0,0.0,0.0,7986806000.0,6117235000.0,1869571000.0,5454130473.0,-143060000.0,-72724000.0,-309412000.0,40639000.0,-60864000.0,-345158000.0,-766879000.0,-80000.0,961021000.0,7956000.0,121478000.0,121478000.0,121478000.0,0.0,-1643000.0,0.007,1083402000.0,360072000.0,3641247000.0,0.492,2.343,44.898,46.031,3210107000.0,0.0,29.92,0.295,0.293,1445148000.0,1698704000.0,18470855000.0,18470855000.0,29505000.0,0.012,0.051,0.074,0.02,33869000.0,874209000.0,1.0,182290457.0,181038000,181038000.0,102.028,9433115000.0,189881000.0,115005000.0,144038000.0,52.106,-223874000.0
18,JBL,MRT,2017-03-31,2017-02-28,2017-02-28,2021-10-22,-8679000.0,10014828000.0,10196856250.0,5636521000.0,4378307000.0,1.794,13.203,-751087000.0,755098000.0,755098000.0,16853904000.0,151373000.0,1.063,3.147,2102869000.0,47324000.0,2055545000.0,2102869000.0,0.0,747768000.0,0.0,0.013,0.32,399813000.0,1147581000.0,0.063,1147581000.0,399813000.0,263930000.0,0.82,0.81,0.82,2411308000.0,2428969000.0,2411308000.0,6012206203.0,15.0,5.239,438665000.0,2.402,1.0,1438146000.0,0.079,877096000.0,135883000.0,5184297000.0,5078928000.0,2498137000.0,0.0,0.0,0.0,7587730000.0,5301206000.0,2286524000.0,4648711203.0,-128120000.0,-40729000.0,-223761000.0,-237860000.0,-61581000.0,-538583000.0,-799056000.0,-880000.0,1189752000.0,19767000.0,151972000.0,151972000.0,151972000.0,0.0,-599000.0,0.008,1048453000.0,389693000.0,3301826000.0,0.39,1.928,30.589,31.11,3177728000.0,0.0,25.51,0.254,0.255,1433676000.0,1738823000.0,18292050000.0,18292050000.0,29906000.0,0.015,0.063,0.079,0.022,28964000.0,879971000.0,1.0,182230937.0,182632000,185010000.0,100.158,9137732000.0,175300000.0,111958000.0,145678000.0,50.034,335315000.0
19,JBL,MRT,2016-12-31,2016-11-30,2016-11-30,2021-10-22,-52915000.0,10543846000.0,10167699750.0,6083416000.0,4460430000.0,1.795,12.812,-811531000.0,747415000.0,747415000.0,16774332000.0,209682000.0,1.039,3.434,2110910000.0,43198000.0,2067712000.0,2110910000.0,0.0,724290000.0,0.0,0.015,0.32,472717000.0,1197007000.0,0.066,1197007000.0,472717000.0,336372000.0,1.12,1.11,1.12,2373945000.0,2442889750.0,2373945000.0,5132773655.0,11.0,4.288,111125000.0,0.6,1.0,1475675000.0,0.081,878203000.0,136345000.0,5172041000.0,5056635750.0,2506199000.0,0.0,0.0,0.0,8151884000.0,5857097000.0,2294787000.0,3925010655.0,-382929000.0,-174832000.0,-187028000.0,-47876000.0,-61954000.0,-309110000.0,-1000276000.0,-1880000.0,922656000.0,3801000.0,210237000.0,210237000.0,210237000.0,0.0,-555000.0,0.012,1013032000.0,462643000.0,3867345000.0,0.286,1.653,18.669,18.884,3279844000.0,0.0,21.15,0.215,0.215,1519651000.0,1733208000.0,18250007000.0,18250007000.0,31286000.0,0.021,0.086,0.093,0.026,33914000.0,886933000.0,1.0,185579700.0,185292000,187856000.0,98.493,9665643000.0,165102000.0,126135000.0,142021000.0,52.164,226319000.0
20,JBL,MRT,2016-09-30,2016-08-31,2016-08-31,2021-10-22,-39877000.0,10322677000.0,10087026250.0,5848381000.0,4474296000.0,1.819,12.805,-898208000.0,912059000.0,912059000.0,16825382000.0,254896000.0,1.05,3.226,2119822000.0,45810000.0,2074012000.0,2119822000.0,0.0,696752000.0,0.0,0.015,0.32,522780000.0,1219532000.0,0.066,1219532000.0,522780000.0,386244000.0,1.33,1.32,1.33,2438171000.0,2445054750.0,2438171000.0,5313026267.0,10.0,4.357,17999000.0,0.095,1.0,1527704000.0,0.083,891727000.0,136536000.0,5070657000.0,4938322250.0,2456612000.0,0.0,0.0,0.0,7865180000.0,5568056000.0,2297124000.0,4049104267.0,-1904000.0,-242143000.0,-127430000.0,458293000.0,-62436000.0,253512000.0,-1179981000.0,-29380000.0,916207000.0,8358000.0,254095000.0,254095000.0,254095000.0,0.0,801000.0,0.014,1013251000.0,514453000.0,3593195000.0,0.241,1.661,15.935,15.932,3331879000.0,0.0,21.19,0.221,0.22,1359610000.0,1660820000.0,18353086000.0,18353086000.0,31954000.0,0.025,0.104,0.106,0.028,58997000.0,924427000.0,1.0,191085619.0,190413000,192750000.0,96.386,9430950000.0,148859000.0,132149000.0,145094000.0,49.529,280325000.0
21,JBL,MRT,2016-06-30,2016-05-31,2016-05-31,2021-10-22,-46107000.0,9906074000.0,9904257000.0,5532726000.0,4373348000.0,1.878,13.035,-874884000.0,886991000.0,886991000.0,17022507000.0,304726000.0,1.027,2.967,2150913000.0,359885000.0,1791028000.0,2150913000.0,0.0,657012000.0,0.0,0.017,0.32,579361000.0,1236373000.0,0.066,1236373000.0,579361000.0,444645000.0,1.59,1.57,1.59,2492452000.0,2414226000.0,2492452000.0,5114156667.0,9.0,4.136,-29068000.0,-0.152,1.0,1580630000.0,0.085,893615000.0,134716000.0,4888717000.0,4649715250.0,2292350000.0,0.0,0.0,0.0,7394817000.0,5387664000.0,2007153000.0,3647860667.0,-75803000.0,-305136000.0,-80385000.0,466737000.0,-62637000.0,308054000.0,-1214570000.0,-41239000.0,845816000.0,-15103000.0,303730000.0,303730000.0,303730000.0,2474000.0,996000.0,0.016,1007953000.0,572677000.0,3191304000.0,0.201,1.464,12.01,12.0,3218141000.0,0.0,19.08,0.196,0.196,1296924000.0,1637392000.0,18603137000.0,18603137000.0,32575000.0,0.031,0.126,0.125,0.031,67964000.0,925562000.0,1.0,191187666.0,191206000,193069000.0,97.294,9012459000.0,150836000.0,140915000.0,147850000.0,47.135,145062000.0
22,JBL,MRT,2016-03-31,2016-02-29,2016-02-29,2021-10-22,-69011000.0,9898202000.0,9669121750.0,5565223000.0,4332979000.0,1.929,12.919,-932615000.0,883218000.0,883218000.0,17015646000.0,371311000.0,1.036,3.005,2349514000.0,538294000.0,1811220000.0,2349514000.0,0.0,609036000.0,0.0,0.015,0.32,656826000.0,1265862000.0,0.068,1265862000.0,656826000.0,525325000.0,1.93,1.91,1.93,2466991000.0,2369028000.0,2466991000.0,5009373326.0,8.0,3.957,-144854000.0,-0.759,1.0,1635380000.0,0.088,896436000.0,131501000.0,5095128000.0,4499649000.0,2293024000.0,0.0,0.0,0.0,7412988000.0,5372934000.0,2040054000.0,3972958326.0,-83196000.0,-371877000.0,-80380000.0,662390000.0,-62855000.0,503337000.0,-1349781000.0,-40439000.0,787761000.0,-24513000.0,370720000.0,370720000.0,370720000.0,2307000.0,591000.0,0.02,986344000.0,649036000.0,3020794000.0,0.166,1.61,10.717,10.803,3180042000.0,0.0,20.85,0.213,0.213,1449338000.0,1648119000.0,18651026000.0,18651026000.0,31897000.0,0.038,0.156,0.146,0.035,74638000.0,914392000.0,1.0,190549560.0,190957000,193294000.0,97.671,9001766000.0,148692000.0,154605000.0,162307000.0,47.14,192289000.0
23,JBL,MRT,2015-12-31,2015-11-30,2015-11-30,2021-10-22,-59532000.0,10221152000.0,9339110250.0,6317174000.0,3903978000.0,1.987,12.517,-1002520000.0,1130344000.0,1130344000.0,16952989000.0,345151000.0,1.094,3.282,2166759000.0,348312000.0,1818447000.0,2166759000.0,0.0,568159000.0,0.0,0.013,0.32,620552000.0,1188711000.0,0.064,1188711000.0,620552000.0,491265000.0,1.79,1.77,1.79,2382605000.0,2313421500.0,2382605000.0,5599930237.0,9.0,4.711,194398000.0,1.021,1.0,1603766000.0,0.086,783449000.0,129287000.0,4698787000.0,4286228000.0,2503625000.0,0.0,0.0,0.0,7819855000.0,5775331000.0,2044524000.0,4843502237.0,208840000.0,-234752000.0,-82041000.0,479099000.0,-63072000.0,318001000.0,-1275267000.0,-39439000.0,1196918000.0,-30812000.0,343742000.0,343742000.0,343742000.0,7816000.0,1409000.0,0.019,984306000.0,619460000.0,3711471000.0,0.179,2.033,14.091,14.296,2876610000.0,0.0,25.59,0.261,0.263,1674438000.0,1585136000.0,18556755000.0,18556755000.0,29933000.0,0.037,0.149,0.145,0.033,69309000.0,899813000.0,1.0,189273241.0,190355000,193243000.0,97.485,9437703000.0,142339000.0,147523000.0,156534000.0,49.579,541843000.0
24,JBL,MRT,2015-09-30,2015-08-31,2015-08-31,2021-10-22,-50854000.0,9591600000.0,9001299250.0,5866309000.0,3725291000.0,1.989,11.951,-947361000.0,913963000.0,913963000.0,16395978000.0,285612000.0,1.034,3.135,1658784000.0,322966000.0,1335818000.0,1658784000.0,0.0,529176000.0,0.0,0.017,0.32,549571000.0,1078747000.0,0.06,1078747000.0,549571000.0,421480000.0,1.47,1.45,1.47,2314856000.0,2276559750.0,2314856000.0,4459017745.0,8.0,4.134,293167000.0,1.514,1.0,1503218000.0,0.084,745918000.0,128091000.0,3916229000.0,4182130250.0,2507264000.0,0.0,0.0,0.0,7256589000.0,5674274000.0,1582315000.0,3750584745.0,-86286000.0,-167441000.0,-67514000.0,-21295000.0,-63138000.0,-162795000.0,-1121447000.0,-11939000.0,1240528000.0,-42572000.0,284019000.0,284019000.0,284019000.0,8573000.0,1593000.0,0.016,953434000.0,549784000.0,3663264000.0,0.218,1.62,13.205,13.163,2804333000.0,0.0,19.35,0.21,0.209,1467247000.0,1468910000.0,17899196000.0,17899196000.0,27645000.0,0.032,0.125,0.131,0.031,62560000.0,862647000.0,1.0,193828669.0,193689000,196005000.0,92.412,8845682000.0,164214000.0,137461000.0,181001000.0,45.67,192035000.0
25,JBL,MRT,2015-06-30,2015-05-31,2015-05-31,2021-10-22,-9244000.0,8965533000.0,8723335750.0,5502641000.0,3462892000.0,1.98,11.929,-911547000.0,962794000.0,962794000.0,15885732000.0,171481000.0,1.164,2.87,1671227000.0,11365000.0,1659862000.0,1671227000.0,0.0,505792000.0,0.0,0.013,0.32,436761000.0,942553000.0,0.055,942553000.0,436761000.0,310092000.0,0.89,0.9,0.89,2311660000.0,2258302750.0,2311660000.0,5468354979.0,13.0,5.802,61625000.0,0.318,1.0,1388895000.0,0.08,658972000.0,126669000.0,4288452000.0,4256384250.0,2260736000.0,0.0,0.0,0.0,6634595000.0,4726542000.0,1908053000.0,4760732979.0,-359472000.0,-81650000.0,-146476000.0,-68130000.0,-63672000.0,-298240000.0,-1007442000.0,-3600000.0,973172000.0,-26962000.0,170120000.0,170120000.0,170120000.0,13304000.0,1361000.0,0.01,940496000.0,448399000.0,3298917000.0,0.36,2.059,27.985,27.607,2593457000.0,0.0,24.57,0.276,0.276,1208351000.0,1397187000.0,17274627000.0,17274627000.0,26727000.0,0.02,0.075,0.103,0.025,55468000.0,831116000.0,1.0,193762026.0,193785000,196304000.0,89.143,8306561000.0,165881000.0,139972000.0,168249000.0,42.865,776099000.0
26,JBL,MRT,2015-03-31,2015-02-28,2015-02-28,2021-10-22,-578000.0,8578156000.0,8537285000.0,5342182000.0,3235974000.0,1.956,11.596,-653096000.0,966414000.0,966414000.0,15472853000.0,287365000.0,1.207,2.813,1674036000.0,11258000.0,1662778000.0,1674036000.0,0.0,489550000.0,0.0,0.015,0.32,539507000.0,1029057000.0,0.062,1029057000.0,539507000.0,412728000.0,1.45,1.46,1.45,2244565000.0,2282690000.0,2244565000.0,5001485172.0,9.0,4.86,237352000.0,1.226,1.0,1229008000.0,0.074,618594000.0,126779000.0,4241444000.0,4218195000.0,2105183000.0,0.0,0.0,0.0,6314187000.0,4425740000.0,1888447000.0,4245125172.0,291285000.0,528955000.0,-211493000.0,-158480000.0,-64497000.0,-454143000.0,-126847000.0,-3600000.0,890448000.0,-18173000.0,286172000.0,286172000.0,286172000.0,-227725000.0,1193000.0,0.017,914379000.0,314629000.0,3087905000.0,0.221,1.891,14.834,15.152,2435704000.0,0.0,21.97,0.254,0.255,1269171000.0,1340972000.0,16701861000.0,16701861000.0,25459000.0,0.034,0.125,0.128,0.032,51427000.0,793444000.0,1.0,193223722.0,193561000,195473000.0,86.287,7959562000.0,151377000.0,126556000.0,152857000.0,41.122,916442000.0
27,JBL,MRT,2014-12-31,2014-11-30,2014-11-30,2021-10-22,49710000.0,8869908000.0,8424798000.0,5737357000.0,3132551000.0,1.896,11.551,-459661000.0,921504000.0,921504000.0,14895514000.0,196576000.0,1.215,2.96,1677864000.0,11487000.0,1666377000.0,1677864000.0,0.0,484062000.0,0.0,0.015,0.32,415965000.0,900027000.0,0.056,900027000.0,415965000.0,289376000.0,0.99,1.0,0.99,2235158000.0,2295393000.0,2235158000.0,4695218388.0,11.0,5.217,111373000.0,0.576,1.0,1074339000.0,0.067,620944000.0,126589000.0,4282396000.0,4345074750.0,2099214000.0,0.0,0.0,0.0,6615996000.0,4722928000.0,1893068000.0,4012922388.0,152281000.0,531189000.0,-284543000.0,-113186000.0,-65557000.0,-480355000.0,67528000.0,-3600000.0,571034000.0,-5926000.0,195553000.0,195553000.0,195553000.0,-226983000.0,1023000.0,0.012,881105000.0,193234000.0,3358871000.0,0.323,1.795,20.521,20.96,2314464000.0,0.0,20.75,0.251,0.251,1584794000.0,1305041000.0,15969853000.0,15969853000.0,25562000.0,0.023,0.085,0.096,0.026,53233000.0,747640000.0,1.0,193393850.0,193502000,195314000.0,82.531,8248964000.0,151023000.0,93823000.0,157417000.0,42.63,1014429000.0
28,JBL,MRT,2014-09-30,2014-08-31,2014-08-31,2021-10-22,86962000.0,8479746000.0,8464671500.0,5359017000.0,3120729000.0,1.862,11.071,-462922000.0,1000249000.0,1000249000.0,14736543000.0,242265000.0,1.24,2.774,1682545000.0,12960000.0,1669585000.0,1682545000.0,0.0,487278000.0,0.0,0.015,0.32,443079000.0,930357000.0,0.059,930357000.0,443079000.0,315024000.0,1.19,1.19,1.19,2241828000.0,2334321500.0,2241828000.0,4732464804.0,11.0,5.087,36717000.0,0.181,1.0,1025603000.0,0.065,627700000.0,128055000.0,4213245000.0,4427765000.0,2008077000.0,0.0,0.0,0.0,6219378000.0,4321097000.0,1898281000.0,4312323804.0,-11124000.0,531189000.0,-244503000.0,-224136000.0,-68211000.0,-577601000.0,60667000.0,-3600000.0,499639000.0,6171000.0,241313000.0,241313000.0,241313000.0,-243853000.0,952000.0,0.015,821204000.0,204399000.0,3060814000.0,0.269,1.924,17.87,18.134,2271705000.0,0.0,21.58,0.274,0.277,1208516000.0,1245772000.0,15762146000.0,15762146000.0,28611000.0,0.029,0.103,0.1,0.028,10624000.0,675730000.0,1.0,199829648.0,202497000,202497000.0,77.839,7852046000.0,157646000.0,73711000.0,154319000.0,38.776,1037920000.0
29,JBL,MRT,2014-06-30,2014-05-31,2014-05-31,2021-10-22,87741000.0,8221330000.0,8633180250.0,5157158000.0,3064172000.0,1.879,11.926,-552994000.0,1322266000.0,1322266000.0,15142402000.0,394647000.0,1.326,2.404,1742407000.0,69886000.0,1672521000.0,1742407000.0,0.0,489029000.0,0.0,0.017,0.32,490595000.0,979624000.0,0.06,979624000.0,490595000.0,361766000.0,1.95,1.92,1.95,2409209000.0,2357686250.0,2409209000.0,4986588494.0,10.0,5.09,260602000.0,1.29,1.0,1077193000.0,0.066,617618000.0,128829000.0,4135695000.0,4518052500.0,1861235000.0,0.0,0.0,0.0,5791051000.0,3888158000.0,1902893000.0,3825556494.0,-29460000.0,-95897000.0,-121677000.0,28254000.0,-67600000.0,-192322000.0,-649291000.0,-400000.0,813596000.0,-1443000.0,394529000.0,394529000.0,394529000.0,-264160000.0,118000.0,0.024,850394000.0,226799000.0,2697598000.0,0.164,1.588,9.697,9.651,2212908000.0,0.0,18.82,0.236,0.234,998420000.0,1288029000.0,16219595000.0,16219595000.0,28462000.0,0.046,0.167,0.109,0.03,10164000.0,670309000.0,1.0,203270802.0,202008000,202008000.0,80.292,7603712000.0,178886000.0,-32763000.0,162505000.0,37.641,1269000000.0
30,JBL,MRT,2014-03-31,2014-02-28,2014-02-28,2021-10-22,94571000.0,8128208000.0,8611218750.0,4962679000.0,3165529000.0,1.931,11.183,-632502000.0,675129000.0,675129000.0,15471129000.0,255967000.0,1.268,2.53,1836161000.0,160839000.0,1675322000.0,1836161000.0,0.0,470264000.0,0.0,0.017,0.32,354446000.0,824710000.0,0.05,824710000.0,354446000.0,227015000.0,1.27,1.23,1.27,2295377000.0,2306780750.0,2295377000.0,4843048846.0,14.0,5.872,410319000.0,1.999,1.0,1158815000.0,0.07,625282000.0,127431000.0,4748963000.0,4518784000.0,1821815000.0,0.0,0.0,0.0,5807784000.0,3914995000.0,1892789000.0,3817217846.0,-386526000.0,-644192000.0,-56633000.0,19557000.0,-68225000.0,-136160000.0,-1277094000.0,-400000.0,1042821000.0,-16093000.0,256357000.0,256357000.0,256357000.0,-33343000.0,-390000.0,0.015,814485000.0,344330000.0,2461765000.0,0.252,1.663,14.89,14.575,2331970000.0,0.0,18.51,0.23,0.228,941059000.0,1116461000.0,16629944000.0,16629944000.0,29208000.0,0.03,0.111,0.078,0.021,9774000.0,626474000.0,1.0,206224627.0,205251000,205251000.0,81.022,7502926000.0,168515000.0,-29342000.0,154396000.0,36.555,1047684000.0
31,JBL,MRT,2013-12-31,2013-11-30,2013-11-30,2021-10-22,93914000.0,9029402000.0,8641077000.0,5608695000.0,3420707000.0,1.993,11.676,-753735000.0,769223000.0,769223000.0,15984797000.0,382572000.0,1.199,2.765,1795054000.0,117230000.0,1677824000.0,1795054000.0,0.0,448510000.0,0.0,0.016,0.32,503835000.0,952345000.0,0.055,952345000.0,503835000.0,379094000.0,1.9,1.85,1.9,2390872000.0,2276962250.0,2390872000.0,5012752266.0,10.0,5.264,425946000.0,2.08,1.0,1234187000.0,0.072,762666000.0,124741000.0,4613157000.0,4458628500.0,2166797000.0,0.0,0.0,0.0,6611654000.0,4679410000.0,1932244000.0,4118163266.0,-260811000.0,-650054000.0,15084000.0,74015000.0,-67891000.0,-12355000.0,-1407131000.0,-3342000.0,1179681000.0,-21006000.0,383557000.0,383557000.0,383557000.0,-52391000.0,-985000.0,0.022,760161000.0,474026000.0,3185090000.0,0.168,1.722,10.737,10.668,2474466000.0,0.0,20.27,0.239,0.241,1430997000.0,1172105000.0,17218984000.0,17218984000.0,30259000.0,0.044,0.168,0.113,0.029,10739000.0,607574000.0,1.0,203165430.0,204762000,206813000.0,84.093,8266736000.0,163758000.0,-4463000.0,195143000.0,40.372,929285000.0
32,JBL,MRT,2013-09-30,2013-08-31,2013-08-31,2021-10-22,81248000.0,9153781000.0,8430101500.0,5820245000.0,3333536000.0,2.046,11.498,-721066000.0,1011373000.0,1011373000.0,16037303000.0,370091000.0,1.196,2.911,1905866000.0,215448000.0,1690418000.0,1905866000.0,0.0,418117000.0,0.0,0.014,0.32,500136000.0,918253000.0,0.053,918253000.0,500136000.0,379113000.0,1.83,1.79,1.83,2335287000.0,2197672500.0,2335287000.0,4933733594.0,10.0,5.373,492823000.0,2.427,1.0,1212190000.0,0.07,609445000.0,121023000.0,4574395000.0,4390368000.0,2118716000.0,0.0,0.0,0.0,6798214000.0,4864434000.0,1933780000.0,4624641594.0,-205883000.0,-650054000.0,-110977000.0,177662000.0,-67181000.0,-22993000.0,-1374462000.0,-3342000.0,1213889000.0,-22317000.0,371482000.0,371482000.0,371482000.0,-50608000.0,-1391000.0,0.022,740269000.0,471921000.0,3191328000.0,0.175,1.98,12.449,12.47,2309320000.0,0.0,22.82,0.268,0.269,1168954000.0,1071175000.0,17249493000.0,17249493000.0,28412000.0,0.044,0.169,0.114,0.029,53778000.0,614295000.0,1.0,202657388.0,203096000,207815000.0,84.933,8544336000.0,149302000.0,7631000.0,178689000.0,42.07,955811000.0
33,JBL,MRT,2013-06-30,2013-05-31,2013-05-31,2021-10-22,98616000.0,8133484000.0,8092441500.0,5808189000.0,2325295000.0,2.017,10.884,-643771000.0,1351726000.0,1351726000.0,15220298000.0,325766000.0,1.42,2.687,1660818000.0,9459000.0,1651359000.0,1660818000.0,0.0,387016000.0,0.0,0.016,0.32,550161000.0,937177000.0,0.057,937177000.0,550161000.0,432895000.0,1.61,1.58,1.61,2205587000.0,2140115000.0,2205587000.0,4766668437.0,9.0,5.086,608609000.0,3.003,1.0,1106143000.0,0.068,214382000.0,117266000.0,4138621000.0,4294063000.0,2356304000.0,0.0,0.0,0.0,5926465000.0,4089573000.0,1836892000.0,4065017437.0,609597000.0,-9662000.0,-110936000.0,218217000.0,-68267000.0,19503000.0,-656375000.0,-2942000.0,1252380000.0,-5911000.0,327260000.0,327260000.0,327260000.0,-85582000.0,-1494000.0,0.02,619166000.0,486977000.0,3085848000.0,0.199,1.843,12.421,12.46,1939848000.0,0.0,20.06,0.249,0.249,1008106000.0,961160000.0,16326441000.0,16326441000.0,28177000.0,0.04,0.153,0.128,0.034,72534000.0,553454000.0,1.0,202642943.0,202648000,207569000.0,80.566,7919102000.0,143230000.0,105635000.0,147046000.0,39.078,1718616000.0
34,JBL,MRT,2013-03-31,2013-02-28,2013-02-28,2021-10-22,118624000.0,8247641000.0,7902280000.0,5897273000.0,2350368000.0,2.073,10.748,-672417000.0,1061655000.0,1061655000.0,15243241000.0,377736000.0,1.395,2.789,1763306000.0,109598000.0,1653708000.0,1763306000.0,0.0,374780000.0,0.0,0.017,0.32,602399000.0,977179000.0,0.06,977179000.0,602399000.0,489380000.0,1.85,1.82,1.85,2176103000.0,2092109750.0,2176103000.0,4421768974.0,7.0,4.525,262265000.0,1.295,1.0,1137894000.0,0.069,212363000.0,113019000.0,4508341000.0,4209312250.0,2496618000.0,0.0,0.0,0.0,6069651000.0,4228588000.0,1841063000.0,3786094974.0,354305000.0,-2498000.0,-137822000.0,358139000.0,-67840000.0,112054000.0,-677837000.0,-2922000.0,934682000.0,-14594000.0,378497000.0,378497000.0,378497000.0,-75203000.0,-761000.0,0.023,613516000.0,524378000.0,3142825000.0,0.173,1.74,10.003,10.124,1961492000.0,0.0,18.73,0.231,0.231,1300046000.0,927361000.0,16381135000.0,16381135000.0,28220000.0,0.048,0.181,0.143,0.037,76969000.0,569233000.0,1.0,202140682.0,202458000,206804000.0,80.911,8035278000.0,113928000.0,110883000.0,126309000.0,39.689,1668685000.0
35,JBL,MRT,2012-12-31,2012-11-30,2012-11-30,2021-10-22,112890000.0,8185500000.0,7632133250.0,5946076000.0,2239424000.0,2.155,10.149,-550707000.0,1030034000.0,1030034000.0,15279418000.0,387892000.0,1.393,2.946,1665708000.0,9650000.0,1656058000.0,1665708000.0,0.0,362834000.0,0.0,0.017,0.32,605320000.0,968154000.0,0.059,968154000.0,605320000.0,495147000.0,1.88,1.85,1.88,2073713000.0,2048292000.0,2073713000.0,4364710771.0,7.0,4.508,120860000.0,0.592,1.0,1171536000.0,0.071,211569000.0,110173000.0,4340115000.0,4027083250.0,2465801000.0,0.0,0.0,0.0,6109455000.0,4269490000.0,1839965000.0,3905609771.0,168130000.0,-125098000.0,-174232000.0,458215000.0,-68263000.0,175285000.0,-675798000.0,7000.0,671567000.0,-2924000.0,387662000.0,387662000.0,387662000.0,-62406000.0,230000.0,0.024,630346000.0,541190000.0,3374927000.0,0.17,1.883,10.075,10.106,1859166000.0,0.0,19.0,0.237,0.236,1430468000.0,855819000.0,16450954000.0,16450954000.0,26829000.0,0.051,0.189,0.15,0.037,80328000.0,584422000.0,1.0,205558409.0,204318000,207816000.0,80.516,7973931000.0,110643000.0,107485000.0,131534000.0,39.027,1676586000.0
36,JBL,MRT,2012-09-30,2012-08-31,2012-08-31,2021-10-22,106275000.0,7803141000.0,7385601750.0,5639328000.0,2163813000.0,2.185,10.211,-481289000.0,1217256000.0,1217256000.0,14979754000.0,396089000.0,1.461,2.706,1676357000.0,18031000.0,1658326000.0,1676357000.0,0.0,353492000.0,0.0,0.014,0.32,603641000.0,957133000.0,0.059,957133000.0,603641000.0,497553000.0,1.91,1.87,1.91,2105057000.0,2004488500.0,2105057000.0,5375316696.0,9.0,5.616,152937000.0,0.742,1.0,1160951000.0,0.072,214071000.0,106088000.0,4189175000.0,3796409000.0,2268949000.0,0.0,0.0,0.0,5695806000.0,3858996000.0,1836810000.0,4680873696.0,328645000.0,-125098000.0,-44988000.0,478740000.0,-65240000.0,317358000.0,-605870000.0,517000.0,634226000.0,-17069000.0,394687000.0,394687000.0,394687000.0,-62406000.0,1402000.0,0.024,620316000.0,540635000.0,2992865000.0,0.168,2.224,11.86,11.927,1779155000.0,0.0,22.78,0.29,0.291,1125015000.0,766934000.0,16140705000.0,16140705000.0,25837000.0,0.053,0.197,0.159,0.037,80520000.0,572645000.0,1.0,205481725.0,206160000,211181000.0,78.292,7589070000.0,112193000.0,102866000.0,132390000.0,36.812,1780332000.0
37,JBL,MRT,2012-06-30,2012-05-31,2012-05-31,2021-10-22,109265000.0,7372838000.0,7199301500.0,5335037000.0,2037801000.0,2.374,9.76,-407447000.0,742129000.0,742129000.0,15773456000.0,429165000.0,1.317,2.66,1436572000.0,296418000.0,1140154000.0,1436572000.0,0.0,347053000.0,0.0,0.016,0.31,635390000.0,982443000.0,0.057,982443000.0,635390000.0,532482000.0,2.05,2.0,2.05,2013566000.0,1945004250.0,2013566000.0,4640405154.0,7.0,4.723,87672000.0,0.425,1.0,1320700000.0,0.077,216425000.0,102908000.0,3799618000.0,3584337750.0,2377485000.0,0.0,0.0,0.0,5356961000.0,4051238000.0,1305723000.0,3953678154.0,-169016000.0,-125098000.0,-238775000.0,238760000.0,-63821000.0,-115124000.0,-532064000.0,481000.0,495119000.0,-16947000.0,426178000.0,426178000.0,426178000.0,0.0,2987000.0,0.025,684548000.0,636152000.0,2900664000.0,0.151,1.964,9.277,9.332,1659484000.0,0.0,19.13,0.231,0.231,1127794000.0,701367000.0,17094156000.0,17094156000.0,25262000.0,0.059,0.219,0.177,0.037,76053000.0,633586000.0,1.0,206674237.0,206298000,211541000.0,82.861,7156413000.0,118973000.0,106304000.0,129274000.0,34.69,1283799000.0
38,JBL,MRT,2012-03-31,2012-02-29,2012-02-29,2021-10-22,169009000.0,7167054000.0,7094984000.0,5113350000.0,2053704000.0,2.406,9.652,-408816000.0,707350000.0,707350000.0,15761173000.0,431855000.0,1.328,2.573,1394077000.0,281602000.0,1112475000.0,1394077000.0,0.0,341039000.0,0.0,0.012,0.3,632297000.0,973336000.0,0.057,973336000.0,632297000.0,530702000.0,2.05,1.99,2.05,2000832000.0,1924951500.0,2000832000.0,5746432968.0,9.0,5.904,56816000.0,0.274,1.0,1309753000.0,0.077,222863000.0,101595000.0,3779425000.0,3476215500.0,2350842000.0,0.0,0.0,0.0,5148260000.0,3851493000.0,1296767000.0,5411951968.0,-194967000.0,-128462000.0,-208937000.0,143619000.0,-62345000.0,-157902000.0,-504091000.0,33187000.0,465632000.0,1394000.0,429553000.0,429553000.0,429553000.0,0.0,2302000.0,0.025,677543000.0,632210000.0,2723132000.0,0.146,2.705,12.599,12.6,1658461000.0,0.0,25.83,0.317,0.314,1122529000.0,617661000.0,17070926000.0,17070926000.0,25288000.0,0.061,0.223,0.182,0.037,75983000.0,624950000.0,1.0,209521950.0,207287000,212148000.0,82.354,6944191000.0,125649000.0,101149000.0,138850000.0,33.5,1261857000.0
39,JBL,MRT,2011-12-31,2011-11-30,2011-11-30,2021-10-22,138872000.0,7199374000.0,6956416750.0,5317006000.0,1882368000.0,2.41,9.243,-431313000.0,861904000.0,861904000.0,15479426000.0,389328000.0,1.329,2.783,1196385000.0,83859000.0,1112526000.0,1196385000.0,0.0,330090000.0,0.0,0.014,0.29,588475000.0,918565000.0,0.055,918565000.0,588475000.0,487425000.0,1.84,1.78,1.84,1898499000.0,1872790000.0,1898499000.0,4518165489.0,8.0,4.919,593997000.0,2.892,1.0,1283989000.0,0.077,117054000.0,101050000.0,3417418000.0,3345033750.0,2384555000.0,0.0,0.0,0.0,5283661000.0,3999383000.0,1284278000.0,4220022489.0,231750000.0,3985000.0,-166034000.0,-121654000.0,-60745000.0,-378435000.0,-412495000.0,14833000.0,1025310000.0,-2630000.0,387258000.0,387258000.0,387258000.0,0.0,2070000.0,0.023,672340000.0,611649000.0,3098467000.0,0.158,2.223,10.897,11.016,1628855000.0,0.0,20.27,0.252,0.248,1112721000.0,537287000.0,16763415000.0,16763415000.0,25564000.0,0.056,0.207,0.176,0.035,75215000.0,605946000.0,1.0,208190552.0,205388000,209937000.0,81.618,7082320000.0,113885000.0,100167000.0,127713000.0,34.483,1317623000.0
40,JBL,MRT,2011-09-30,2011-08-31,2011-08-31,2021-10-22,194706000.0,7057940000.0,6752686750.0,5115787000.0,1942153000.0,2.446,8.704,-435506000.0,888611000.0,888611000.0,15264257000.0,382958000.0,1.315,2.771,1186754000.0,74160000.0,1112594000.0,1186754000.0,0.0,319179000.0,0.0,0.017,0.28,576985000.0,896164000.0,0.054,896164000.0,576985000.0,479292000.0,1.78,1.73,1.78,1867120000.0,1821018000.0,1867120000.0,3959864297.0,7.0,4.419,392503000.0,1.83,1.0,1254570000.0,0.076,125305000.0,97693000.0,3340890000.0,3365009500.0,2227339000.0,0.0,0.0,0.0,5174117000.0,3889888000.0,1284229000.0,3683365297.0,144282000.0,3985000.0,-168582000.0,-29146000.0,-60411000.0,-267722000.0,-426278000.0,5243000.0,828009000.0,10273000.0,381063000.0,381063000.0,381063000.0,0.0,1895000.0,0.023,654878000.0,599692000.0,2885168000.0,0.157,1.973,9.666,9.466,1641335000.0,0.0,16.85,0.223,0.219,1100926000.0,441793000.0,16518827000.0,16518827000.0,25034000.0,0.056,0.209,0.171,0.035,76050000.0,590572000.0,1.0,218597347.0,214502000,220719000.0,77.01,6932635000.0,105008000.0,98229000.0,142381000.0,32.32,1225899000.0
41,JBL,MRT,2011-06-30,2011-05-31,2011-05-31,2021-10-22,190188000.0,6955568000.0,6580138500.0,5076540000.0,1879028000.0,2.447,8.963,-457580000.0,911145000.0,911145000.0,14886590000.0,326793000.0,1.359,2.589,1187644000.0,80449000.0,1107195000.0,1187644000.0,0.0,305653000.0,0.0,0.013,0.28,514720000.0,820373000.0,0.051,820373000.0,514720000.0,422113000.0,1.53,1.48,1.53,1933355000.0,1748749500.0,1933355000.0,5051252122.0,10.0,6.157,352071000.0,1.632,1.0,1212875000.0,0.075,129080000.0,92607000.0,3367129000.0,3297830000.0,2257984000.0,0.0,0.0,0.0,5006193000.0,3735858000.0,1270335000.0,4715514122.0,310796000.0,-23155000.0,22312000.0,30675000.0,-60274000.0,-16851000.0,-500428000.0,-19693000.0,809651000.0,18424000.0,325466000.0,325466000.0,325466000.0,0.0,1327000.0,0.02,667267000.0,545608000.0,2752668000.0,0.183,2.439,14.488,14.105,1593406000.0,0.0,21.58,0.293,0.289,1045238000.0,342725000.0,16099465000.0,16099465000.0,25457000.0,0.049,0.186,0.156,0.032,96601000.0,598880000.0,1.0,218513166.0,215705000,222337000.0,74.636,6826488000.0,123558000.0,96647000.0,132281000.0,31.647,1340682000.0
42,JBL,MRT,2011-03-31,2011-02-28,2011-02-28,2021-10-22,161219000.0,6612785000.0,6264567250.0,4772255000.0,1840530000.0,2.447,8.329,-474629000.0,902317000.0,902317000.0,14170742000.0,275192000.0,1.345,2.681,1238055000.0,137508000.0,1100547000.0,1238055000.0,0.0,292697000.0,0.0,0.013,0.28,458197000.0,750894000.0,0.049,750894000.0,458197000.0,371236000.0,1.28,1.25,1.28,1792186000.0,1640203750.0,1792186000.0,5336951485.0,12.0,7.107,215594000.0,1.002,1.0,1156613000.0,0.075,146844000.0,86961000.0,3254698000.0,3226799750.0,2160275000.0,0.0,0.0,0.0,4804388000.0,3546981000.0,1257407000.0,4668728485.0,108180000.0,-23155000.0,19706000.0,27773000.0,-60162000.0,-23957000.0,-550203000.0,-52419000.0,690223000.0,-7883000.0,272802000.0,272802000.0,272802000.0,0.0,2390000.0,0.018,666194000.0,490419000.0,2672382000.0,0.219,2.605,17.114,16.742,1547394000.0,0.0,21.43,0.305,0.301,1051482000.0,253664000.0,15327355000.0,15327355000.0,25244000.0,0.044,0.166,0.142,0.03,104042000.0,596177000.0,1.0,217859472.0,215170000,221022000.0,71.234,6465941000.0,124862000.0,98434000.0,132238000.0,30.05,1225274000.0
43,JBL,MRT,2010-12-31,2010-11-30,2010-11-30,2021-10-22,134421000.0,6384454000.0,5973840500.0,4625047000.0,1759407000.0,2.411,7.889,-452287000.0,630154000.0,630154000.0,13320377000.0,249296000.0,1.35,2.765,1298377000.0,198928000.0,1099449000.0,1298377000.0,0.0,285176000.0,0.0,0.019,0.28,415285000.0,700461000.0,0.049,700461000.0,415285000.0,334071000.0,1.16,1.14,1.16,1691411000.0,1562882500.0,1691411000.0,3733420189.0,9.0,5.33,-181868000.0,-0.848,1.0,1082959000.0,0.075,130222000.0,81214000.0,3497321000.0,3147556500.0,2158235000.0,0.0,0.0,0.0,4677327000.0,3425134000.0,1252193000.0,3291253189.0,-221913000.0,-27140000.0,11186000.0,108390000.0,-60071000.0,48360000.0,-513479000.0,-34052000.0,270419000.0,-27213000.0,247229000.0,247229000.0,247229000.0,0.0,2067000.0,0.017,659624000.0,423335000.0,2592939000.0,0.241,1.946,13.313,13.026,1485309000.0,0.0,15.11,0.229,0.225,1183949000.0,213883000.0,14403336000.0,14403336000.0,26129000.0,0.041,0.158,0.132,0.029,110213000.0,600634000.0,1.0,217819536.0,214395000,217405000.0,67.181,6254232000.0,117489000.0,86842000.0,126461000.0,29.172,1199913000.0
44,JBL,MRT,2010-09-30,2010-08-31,2010-08-31,2021-10-22,122062000.0,6367747000.0,5782789750.0,4654018000.0,1713729000.0,2.319,7.363,-388145000.0,744329000.0,744329000.0,12405267000.0,170766000.0,1.291,3.026,1186496000.0,167566000.0,1018930000.0,1186496000.0,0.0,283284000.0,0.0,0.027,0.28,324509000.0,607793000.0,0.045,607793000.0,324509000.0,245341000.0,0.79,0.78,0.79,1578046000.0,1507321000.0,1578046000.0,2754691919.0,8.0,4.532,39265000.0,0.183,1.0,1004144000.0,0.075,132568000.0,79168000.0,3072172000.0,2986687000.0,2094135000.0,0.0,0.0,0.0,4774975000.0,3605174000.0,1169801000.0,2229003919.0,-131943000.0,-27140000.0,10744000.0,-46368000.0,-59869000.0,-100280000.0,-440257000.0,-24972000.0,427410000.0,-18816000.0,168840000.0,168840000.0,168840000.0,0.0,1926000.0,0.013,656061000.0,348083000.0,2741719000.0,0.354,1.413,13.202,12.975,1451392000.0,0.0,10.25,0.166,0.164,1408319000.0,123303000.0,13409411000.0,13409411000.0,28085000.0,0.029,0.112,0.109,0.024,104609000.0,589738000.0,1.0,217463797.0,214332000,217597000.0,62.564,6235179000.0,113171000.0,76501000.0,111450000.0,29.091,1048844000.0
45,JBL,MRT,2010-06-30,2010-05-31,2010-05-31,2021-10-22,127630000.0,5693283000.0,5520317500.0,4057967000.0,1635316000.0,2.237,7.009,-293301000.0,600349000.0,600349000.0,11440403000.0,117323000.0,1.355,2.789,1126037000.0,87625000.0,1038412000.0,1126037000.0,0.0,285626000.0,0.0,0.02,0.28,251278000.0,536904000.0,0.043,536904000.0,251278000.0,172236000.0,0.54,0.54,0.54,1499172000.0,1471600000.0,1499172000.0,3382469929.0,13.0,6.3,17889000.0,0.084,1.0,907603000.0,0.074,141464000.0,79042000.0,3083008000.0,2927099000.0,1781798000.0,0.0,0.0,0.0,4181649000.0,2994499000.0,1187150000.0,2980251929.0,-168566000.0,-3061000.0,10234000.0,-94341000.0,-59855000.0,-161344000.0,-296362000.0,0.0,311190000.0,-22050000.0,115656000.0,115656000.0,115656000.0,0.0,1667000.0,0.009,643225000.0,264378000.0,2369005000.0,0.519,1.988,25.768,25.352,1378057000.0,0.0,13.69,0.241,0.237,1266724000.0,79805000.0,12348006000.0,12348006000.0,30167000.0,0.021,0.079,0.086,0.02,81220000.0,557033000.0,1.0,217695539.0,213881000,216522000.0,57.733,5551819000.0,115598000.0,56580000.0,114883000.0,25.958,1063468000.0
46,JBL,MRT,2010-03-31,2010-02-28,2010-02-28,2021-10-22,174036000.0,5449878000.0,5389260500.0,3858030000.0,1591848000.0,2.135,6.942,-212251000.0,794137000.0,794137000.0,10713451000.0,35397000.0,1.393,2.67,1196355000.0,158461000.0,1037894000.0,1196355000.0,0.0,288339000.0,0.0,0.018,0.28,148544000.0,436883000.0,0.038,436883000.0,148544000.0,69962000.0,0.16,0.16,0.16,1482901000.0,1449018250.0,1482901000.0,3623660078.0,24.0,8.294,140656000.0,0.658,1.0,794078000.0,0.069,144314000.0,78582000.0,2937725000.0,2889225250.0,1565335000.0,0.0,0.0,0.0,3959155000.0,2770057000.0,1189098000.0,3291208078.0,19201000.0,-3061000.0,9857000.0,-61853000.0,-59849000.0,-128730000.0,-215312000.0,0.0,352907000.0,10336000.0,34863000.0,34863000.0,34863000.0,0.0,534000.0,0.003,634028000.0,160050000.0,2120863000.0,1.75,2.219,94.404,94.812,1336214000.0,0.0,15.17,0.286,0.282,1174614000.0,43413000.0,11507529000.0,11507529000.0,31034000.0,0.006,0.024,0.051,0.013,67266000.0,531043000.0,1.0,216955048.0,213625000,214760000.0,53.868,5305564000.0,113814000.0,35099000.0,107439000.0,24.836,1087973000.0
47,JBL,MRT,2009-12-31,2009-11-30,2009-11-30,2021-10-22,206966000.0,5620251000.0,5350238250.0,4014836000.0,1605415000.0,2.129,6.876,-203415000.0,852067000.0,852067000.0,10663407000.0,-861036000.0,1.362,2.82,1184519000.0,147111000.0,1037408000.0,1184519000.0,0.0,293499000.0,0.0,0.021,0.28,-616767000.0,-323268000.0,-0.028,-323268000.0,-616767000.0,-695396000.0,-4.17,-4.17,-4.17,1469165000.0,1428867250.0,1469165000.0,3209003865.0,-5.0,-9.927,461485000.0,2.16,1.0,726878000.0,0.064,151489000.0,78629000.0,2853843000.0,2889562000.0,1416881000.0,0.0,0.0,0.0,4143254000.0,2947371000.0,1195883000.0,2850827865.0,272185000.0,-3776000.0,7548000.0,-163673000.0,-59836000.0,-229966000.0,-207191000.0,0.0,664900000.0,44442000.0,-861067000.0,-861067000.0,-861067000.0,0.0,31000.0,-0.076,1333918000.0,-607040000.0,2210740000.0,-0.067,1.94,-3.311,-3.192,1338682000.0,0.0,13.31,0.25,0.25,1392344000.0,28791000.0,11390285000.0,11390285000.0,29363000.0,-0.161,-0.603,-0.213,-0.054,43061000.0,495832000.0,1.0,214186917.0,213665000,215059000.0,53.309,5468762000.0,127228000.0,165671000.0,108060000.0,25.595,1067465000.0
48,JBL,MRT,2009-09-30,2009-08-31,2009-08-31,2021-10-22,196972000.0,5317858000.0,5640938250.0,3676826000.0,1641032000.0,2.071,6.933,-281999000.0,876272000.0,876272000.0,10965723000.0,-1166031000.0,1.369,2.7,1234448000.0,197575000.0,1036873000.0,1234448000.0,0.0,291997000.0,0.0,0.026,0.28,-922067000.0,-630070000.0,-0.054,-630070000.0,-922067000.0,-1004314000.0,-5.63,-5.63,-5.63,1435162000.0,1634252750.0,1435162000.0,2790849531.0,-3.0,-4.429,275310000.0,1.33,1.0,718815000.0,0.062,156288000.0,82247000.0,2833820000.0,3018711750.0,1226656000.0,0.0,0.0,0.0,3875449000.0,2685926000.0,1189523000.0,2339338531.0,103349000.0,-4176000.0,7420000.0,-132674000.0,-59583000.0,-195913000.0,-286175000.0,0.0,557309000.0,28128000.0,-1165212000.0,-1165212000.0,-1165212000.0,0.0,-819000.0,-0.1,1649127000.0,-930312000.0,1938009000.0,-0.05,1.63,-2.008,-1.945,1377729000.0,0.0,10.95,0.2,0.194,1260962000.0,-13700000.0,11684538000.0,11684538000.0,27321000.0,-0.207,-0.713,-0.305,-0.079,44026000.0,495941000.0,1.0,213638222.0,207002000,207002000.0,56.446,5161570000.0,114814000.0,160898000.0,95017000.0,24.935,990900000.0
49,JBL,MRT,2009-06-30,2009-05-31,2009-05-31,2021-10-22,171960000.0,5169055000.0,6069508000.0,3514419000.0,1654636000.0,2.002,6.8,-345767000.0,768915000.0,768915000.0,11392036000.0,-1116291000.0,1.393,2.664,1220426000.0,156259000.0,1064167000.0,1220426000.0,0.0,289584000.0,0.0,0.036,0.28,-861929000.0,-572345000.0,-0.047,-572345000.0,-861929000.0,-948590000.0,-5.4,-5.4,-5.4,1408845000.0,1954393500.0,1408845000.0,2141541752.0,-2.0,-3.742,43166000.0,0.208,1.0,757848000.0,0.062,167019000.0,86661000.0,2931513000.0,3132516500.0,1255510000.0,0.0,0.0,0.0,3753372000.0,2522034000.0,1231338000.0,1673813752.0,-91154000.0,-1115000.0,10469000.0,-154408000.0,-59333000.0,-202813000.0,-346882000.0,0.0,388933000.0,69608000.0,-1113228000.0,-1113228000.0,-1113228000.0,0.0,-3063000.0,-0.092,1629675000.0,-871827000.0,1745144000.0,-0.052,1.188,-1.504,-1.45,1381444000.0,0.0,7.83,0.138,0.134,1151832000.0,-5146000.0,12149884000.0,12149884000.0,27210000.0,-0.183,-0.57,-0.275,-0.071,30560000.0,491841000.0,1.0,213769317.0,207190000,207190000.0,58.641,5002036000.0,109615000.0,164638000.0,113396000.0,24.142,992385000.0
50,JBL,MRT,2009-03-31,2009-02-28,2009-02-28,2021-10-22,133441000.0,5293789000.0,6509257000.0,3672066000.0,1621723000.0,1.939,6.784,-361118000.0,774936000.0,774936000.0,11803611000.0,-1048607000.0,1.384,2.77,1242664000.0,172948000.0,1069716000.0,1242664000.0,0.0,287937000.0,0.0,0.068,0.28,-790423000.0,-502486000.0,-0.04,-502486000.0,-790423000.0,-879254000.0,-5.07,-5.07,-5.07,1402297000.0,2271060500.0,1402297000.0,1635051159.0,-2.0,-3.254,95270000.0,0.461,1.0,819441000.0,0.065,169661000.0,88831000.0,2939072000.0,3202589750.0,1403588000.0,0.0,0.0,0.0,3884183000.0,2652784000.0,1231399000.0,885296159.0,243567000.0,-1790000.0,11881000.0,140971000.0,-59063000.0,97485000.0,-362908000.0,0.0,456388000.0,52602000.0,-1046021000.0,-1046021000.0,-1046021000.0,0.0,-2586000.0,-0.083,1621432000.0,-801991000.0,1885142000.0,-0.055,0.631,-0.846,-0.817,1371370000.0,0.0,4.14,0.07,0.068,1138598000.0,38570000.0,12623052000.0,12623052000.0,28018000.0,-0.161,-0.461,-0.247,-0.063,24214000.0,492979000.0,1.0,213839652.0,206711000,206711000.0,61.066,5124128000.0,90051000.0,166767000.0,112342000.0,24.789,1019282000.0
51,JBL,MRT,2008-12-31,2008-11-30,2008-11-30,2021-10-22,152973000.0,6783051000.0,6796791250.0,4281925000.0,2501126000.0,1.882,11.098,-375988000.0,579882000.0,579882000.0,11942465000.0,-206041000.0,1.314,1.958,1329637000.0,257907000.0,1071730000.0,1329637000.0,0.0,281598000.0,0.0,0.043,0.28,-83650000.0,197948000.0,0.015,197948000.0,-83650000.0,-176115000.0,-1.0,-1.0,-1.0,2290707000.0,2572342000.0,2290707000.0,1982560118.0,-24.0,10.016,-132320000.0,-0.641,1.0,851800000.0,0.067,904013000.0,92465000.0,3370442000.0,3234015750.0,1611266000.0,0.0,0.0,0.0,4484513000.0,3258351000.0,1226162000.0,1386073118.0,-84574000.0,1430000.0,14454000.0,92365000.0,-58814000.0,52003000.0,-374558000.0,0.0,243668000.0,-5687000.0,-203966000.0,-203966000.0,-203966000.0,0.0,-2075000.0,-0.016,949054000.0,-97254000.0,2322871000.0,-0.28,0.605,-6.796,-6.58,1391760000.0,0.0,6.58,0.108,0.106,1673684000.0,919644000.0,12794265000.0,12794265000.0,32127000.0,-0.03,-0.079,-0.026,-0.007,33752000.0,506836000.0,1.0,210649410.0,206411000,206411000.0,61.984,5879038000.0,218127000.0,27851000.0,119217000.0,28.482,1023574000.0
52,JBL,MRT,2008-09-30,2008-08-31,2008-08-31,2021-10-22,301401000.0,7032137000.0,6784538250.0,4139137000.0,2893000000.0,1.884,12.944,-326477000.0,772923000.0,772923000.0,11911902000.0,132074000.0,1.358,1.587,1369410000.0,269937000.0,1099473000.0,1369410000.0,0.0,276311000.0,0.0,0.017,0.28,253327000.0,529638000.0,0.041,529638000.0,253327000.0,159011000.0,0.64,0.64,0.64,2715725000.0,2643896000.0,2715725000.0,4076531064.0,16.0,7.697,93525000.0,0.446,1.0,867801000.0,0.068,1291945000.0,94316000.0,3289039000.0,3091835250.0,1528862000.0,0.0,0.0,0.0,4309008000.0,3047640000.0,1261368000.0,3541152064.0,109298000.0,-58243000.0,16475000.0,122772000.0,-58634000.0,85000000.0,-384720000.0,0.0,420002000.0,-10984000.0,133892000.0,133892000.0,133892000.0,0.0,-1818000.0,0.01,628306000.0,239495000.0,2218969000.0,0.438,1.304,26.448,26.344,1392479000.0,0.0,16.86,0.277,0.277,1475530000.0,1210417000.0,12779703000.0,12779703000.0,32984000.0,0.02,0.051,0.082,0.02,23880000.0,491324000.0,1.0,210032744.0,209805000,210425000.0,60.912,5740192000.0,224260000.0,25119000.0,119348000.0,27.36,1091497000.0
53,JBL,MRT,2008-06-30,2008-05-31,2008-05-31,2021-10-22,324775000.0,6928051000.0,6600312000.0,4089189000.0,2838862000.0,1.916,13.022,-287006000.0,860069000.0,860069000.0,11777313000.0,88126000.0,1.401,1.587,1395448000.0,247641000.0,1147807000.0,1395448000.0,0.0,270914000.0,0.0,0.022,0.28,214289000.0,485203000.0,0.038,485203000.0,214289000.0,118813000.0,0.43,0.42,0.43,2675513000.0,2575717500.0,2675513000.0,3270984685.0,15.0,6.741,377222000.0,1.836,1.0,867347000.0,0.069,1333004000.0,95476000.0,3211806000.0,2927544750.0,1511600000.0,0.0,0.0,0.0,4244774000.0,2918620000.0,1326154000.0,2660630685.0,301711000.0,-58780000.0,19993000.0,76733000.0,-58447000.0,50779000.0,-345786000.0,0.0,664228000.0,-67510000.0,88126000.0,88126000.0,88126000.0,0.0,0.0,0.007,667403000.0,199944000.0,2063104000.0,0.651,0.994,30.191,29.581,1342815000.0,0.0,12.72,0.21,0.207,1323726000.0,1167665000.0,12644660000.0,12644660000.0,33790000.0,0.013,0.034,0.073,0.017,22598000.0,489120000.0,1.0,209169079.0,205463000,206077000.0,61.542,5595047000.0,223130000.0,30687000.0,128930000.0,27.231,1170569000.0
54,JBL,MRT,2008-03-31,2008-02-29,2008-02-29,2021-10-22,291499000.0,6443926000.0,6423216250.0,3650792000.0,2793134000.0,1.955,12.714,-309777000.0,531369000.0,531369000.0,11682133000.0,55915000.0,1.37,1.469,1141723000.0,142726000.0,998997000.0,1141723000.0,0.0,264218000.0,0.0,0.022,0.28,184226000.0,448444000.0,0.036,448444000.0,184226000.0,81440000.0,0.27,0.26,0.27,2607423000.0,2514870250.0,2607423000.0,3318712321.0,18.0,7.401,399484000.0,1.948,1.0,876154000.0,0.07,1324926000.0,102786000.0,3064776000.0,2724011750.0,1482471000.0,0.0,0.0,0.0,3829012000.0,2664578000.0,1164434000.0,2707151321.0,-23318000.0,-86463000.0,19757000.0,-278308000.0,-58157000.0,-306646000.0,-396240000.0,0.0,709261000.0,-29693000.0,55915000.0,55915000.0,55915000.0,0.0,0.0,0.004,707471000.0,168683000.0,2005306000.0,1.037,1.038,48.415,47.852,1330777000.0,0.0,12.92,0.216,0.211,1337929000.0,1143924000.0,12558287000.0,12558287000.0,36282000.0,0.009,0.022,0.068,0.015,29994000.0,503296000.0,1.0,209531836.0,205082000,205082000.0,61.235,5119000000.0,191287000.0,25525000.0,106087000.0,24.961,986214000.0
55,JBL,MRT,2007-12-31,2007-11-30,2007-11-30,2021-10-22,246297000.0,6734039000.0,6375367250.0,4021079000.0,2712960000.0,1.95,12.592,-277033000.0,664456000.0,664456000.0,11574777000.0,93860000.0,1.24,1.61,1276017000.0,517242000.0,758775000.0,1276017000.0,0.0,253887000.0,0.0,0.017,0.28,217959000.0,471846000.0,0.038,471846000.0,217959000.0,117812000.0,0.46,0.45,0.46,2576923000.0,2459007250.0,2576923000.0,4125371348.0,19.0,8.743,302096000.0,1.476,1.0,859759000.0,0.069,1300318000.0,100147000.0,2801720000.0,2577755750.0,1472806000.0,0.0,0.0,0.0,4148003000.0,3243562000.0,904441000.0,3526803348.0,13164000.0,-831615000.0,23452000.0,549789000.0,-57868000.0,521447000.0,-1108648000.0,0.0,579129000.0,21236000.0,93860000.0,93860000.0,93860000.0,0.0,0.0,0.008,656746000.0,203013000.0,2195090000.0,0.609,1.369,37.575,36.848,1304977000.0,0.0,16.95,0.284,0.279,1587615000.0,1182673000.0,12434536000.0,12434536000.0,34185000.0,0.015,0.038,0.085,0.018,30799000.0,498361000.0,1.0,208070994.0,204649000,206605000.0,60.76,5433721000.0,160713000.0,23952000.0,89051000.0,26.551,777517000.0
56,JBL,MRT,2007-09-30,2007-08-31,2007-08-31,2021-10-22,170960000.0,6295232000.0,6113378250.0,3666293000.0,2628939000.0,2.01,11.989,-282524000.0,663625000.0,663625000.0,11478562000.0,73236000.0,1.226,1.573,1262193000.0,501716000.0,760477000.0,1262193000.0,0.0,239702000.0,0.0,0.013,0.28,180706000.0,420408000.0,0.034,420408000.0,180706000.0,94637000.0,0.36,0.35,0.36,2443011000.0,2406674250.0,2443011000.0,5373416958.0,30.0,12.781,-98635000.0,-0.484,1.0,812030000.0,0.066,1271076000.0,86069000.0,2631877000.0,2387600000.0,1374400000.0,0.0,0.0,0.0,3843539000.0,2990847000.0,852692000.0,4607740958.0,-109938000.0,-771898000.0,25112000.0,740907000.0,-57604000.0,715140000.0,-1054422000.0,0.0,183889000.0,45455000.0,73236000.0,73236000.0,73236000.0,0.0,0.0,0.006,645979000.0,166051000.0,2001508000.0,0.778,1.886,62.916,61.667,1261481000.0,0.0,22.2,0.375,0.368,1352383000.0,1131403000.0,12290592000.0,12290592000.0,36381000.0,0.012,0.03,0.076,0.015,36562000.0,491967000.0,1.0,207555899.0,203779000,206972000.0,60.313,5024156000.0,133650000.0,21401000.0,73822000.0,24.655,675446000.0
57,JBL,MRT,2007-06-30,2007-05-31,2007-05-31,2021-10-22,180389000.0,6219668000.0,5892502750.0,3593478000.0,2626190000.0,2.056,11.938,-278732000.0,558358000.0,558358000.0,11335104000.0,15892000.0,1.086,1.554,1324034000.0,939571000.0,384463000.0,1324034000.0,0.0,224712000.0,0.0,0.012,0.28,122709000.0,347421000.0,0.029,347421000.0,122709000.0,53455000.0,0.08,0.09,0.08,2432124000.0,2369541750.0,2432124000.0,5591011852.0,46.0,16.093,-161728000.0,-0.794,1.0,779271000.0,0.064,1278451000.0,69254000.0,2397674000.0,2139978750.0,1446505000.0,0.0,0.0,0.0,3779396000.0,3309219000.0,470177000.0,4737933852.0,-296521000.0,-775211000.0,-177792000.0,840084000.0,-57942000.0,597411000.0,-1053943000.0,0.0,117004000.0,43007000.0,15892000.0,15892000.0,15892000.0,0.0,0.0,0.001,670494000.0,108777000.0,1901197000.0,3.5,1.948,298.133,287.5,1260677000.0,0.0,23.0,0.391,0.387,1336784000.0,1134238000.0,12114375000.0,12114375000.0,37191000.0,0.003,0.007,0.057,0.01,55278000.0,477533000.0,1.0,205997124.0,203728000,205772000.0,59.463,4941217000.0,109068000.0,37563000.0,62618000.0,24.254,284259000.0
58,JBL,MRT,2007-03-31,2007-02-28,2007-02-28,2021-10-22,139307000.0,6252530000.0,5598484500.0,3681416000.0,2571114000.0,2.091,11.722,-252737000.0,554687000.0,554687000.0,10957018000.0,73884000.0,1.095,1.616,1407765000.0,1006773000.0,400992000.0,1407765000.0,0.0,211390000.0,0.0,0.01,0.28,167185000.0,378575000.0,0.032,378575000.0,167185000.0,120636000.0,0.36,0.36,0.36,2383971000.0,2395077000.0,2383971000.0,5173673028.0,31.0,13.666,-206532000.0,-1.016,1.0,747925000.0,0.064,1263365000.0,46549000.0,2479752000.0,1985262500.0,1532728000.0,0.0,0.0,0.0,3853087000.0,3362491000.0,490596000.0,5672336028.0,-363935000.0,-898342000.0,-149913000.0,897845000.0,-43528000.0,703287000.0,-1151079000.0,0.0,46205000.0,37652000.0,73884000.0,73884000.0,73884000.0,0.0,0.0,0.006,595217000.0,152708000.0,1910048000.0,0.778,2.379,76.774,74.222,1231544000.0,0.0,26.72,0.485,0.464,1341052000.0,1142521000.0,11704943000.0,11704943000.0,36271000.0,0.013,0.031,0.084,0.014,44038000.0,430336000.0,1.0,212288025.0,203377000,205925000.0,57.553,4989165000.0,102738000.0,46752000.0,70128000.0,24.532,318925000.0
59,JBL,MRT,2006-12-31,2006-11-30,2006-11-30,2021-10-22,143040000.0,5686083000.0,5173707000.0,3921960000.0,1764123000.0,2.143,11.659,-255019000.0,651292000.0,651292000.0,10323980000.0,129005000.0,1.352,1.402,595515000.0,266475000.0,329040000.0,595515000.0,0.0,202676000.0,0.0,0.007,0.21,216813000.0,419489000.0,0.038,419489000.0,216813000.0,186057000.0,0.62,0.61,0.62,2367591000.0,2401573000.0,2367591000.0,5521825389.0,25.0,13.163,-202586000.0,-0.998,1.0,761063000.0,0.069,689223000.0,30756000.0,2041097000.0,1803740000.0,1545689000.0,0.0,0.0,0.0,3318492000.0,2899986000.0,418506000.0,6020488389.0,-224328000.0,-166993000.0,-75942000.0,209810000.0,-29150000.0,111294000.0,-422012000.0,0.0,52433000.0,33957000.0,129005000.0,129005000.0,129005000.0,0.0,0.0,0.012,560500000.0,200563000.0,2204687000.0,0.339,2.543,46.669,45.742,1011364000.0,0.0,28.36,0.543,0.52,1512778000.0,1143035000.0,11085043000.0,11085043000.0,37082000.0,0.025,0.054,0.12,0.02,31653000.0,397424000.0,1.0,212288025.0,203077000,206361000.0,54.585,4996860000.0,97832000.0,57052000.0,55815000.0,24.606,1021974000.0
60,JBL,MRT,2006-09-30,2006-08-31,2006-08-31,2021-10-22,113104000.0,5411730000.0,4862615500.0,3678965000.0,1732765000.0,2.111,11.062,-250784000.0,773563000.0,773563000.0,9500547000.0,164518000.0,1.362,1.359,393333000.0,63813000.0,329520000.0,393333000.0,0.0,198676000.0,0.0,0.005,0.14,248623000.0,447299000.0,0.044,447299000.0,248623000.0,225116000.0,0.79,0.77,0.79,2294481000.0,2365908750.0,2294481000.0,5197024711.0,21.0,11.619,197392000.0,0.952,1.0,764900000.0,0.075,688774000.0,23507000.0,1641392000.0,1694341000.0,1452737000.0,0.0,0.0,0.0,3117249000.0,2701334000.0,415915000.0,5695687711.0,-22508000.0,-166686000.0,-68608000.0,9747000.0,-14855000.0,-67906000.0,-417470000.0,0.0,448176000.0,14692000.0,164518000.0,164518000.0,164518000.0,0.0,0.0,0.016,535011000.0,229889000.0,2231864000.0,0.177,2.482,34.62,33.962,985262000.0,0.0,26.83,0.555,0.542,1288024000.0,1116035000.0,10265447000.0,10265447000.0,34975000.0,0.034,0.07,0.147,0.024,38038000.0,382210000.0,1.0,212288025.0,207413000,212540000.0,49.493,4722956000.0,89154000.0,60598000.0,50391000.0,22.771,977631000.0
61,JBL,MRT,2006-06-30,2006-05-31,2006-05-31,2021-10-22,114526000.0,5043595000.0,4531679500.0,3367574000.0,1676021000.0,2.063,12.043,-266922000.0,854879000.0,854879000.0,8609196000.0,252697000.0,1.59,0.99,356216000.0,25149000.0,331067000.0,356216000.0,0.0,199951000.0,0.0,0.002,0.07,310447000.0,510398000.0,0.055,510398000.0,310447000.0,289962000.0,1.23,1.19,1.23,2534265000.0,2328773750.0,2534265000.0,6705394788.0,22.0,13.138,175892000.0,0.836,1.0,739227000.0,0.079,648220000.0,20485000.0,1778809000.0,1683427750.0,1229704000.0,0.0,0.0,0.0,2509330000.0,2117903000.0,391427000.0,7294308788.0,173837000.0,-166582000.0,151475000.0,-13626000.0,0.0,145710000.0,-433504000.0,-10000000.0,442814000.0,18817000.0,252697000.0,252697000.0,252697000.0,0.0,0.0,0.027,449152000.0,290075000.0,1790879000.0,0.057,2.878,28.866,28.309,963265000.0,0.0,34.82,0.78,0.784,1139332000.0,1217082000.0,9348423000.0,9348423000.0,29502000.0,0.056,0.109,0.184,0.033,56218000.0,383497000.0,1.0,209486180.0,210441000,215861000.0,44.423,4395375000.0,94114000.0,37265000.0,17204000.0,20.886,1249671000.0
62,JBL,MRT,2006-03-31,2006-02-28,2006-02-28,2021-10-22,83064000.0,4553420000.0,4216486750.0,3153351000.0,1400069000.0,2.062,11.607,-271367000.0,918622000.0,918622000.0,7980708000.0,247824000.0,1.781,0.889,329708000.0,3873000.0,325835000.0,329708000.0,0.0,207462000.0,0.0,0.0,0.0,308053000.0,515515000.0,0.059,515515000.0,308053000.0,287530000.0,1.21,1.18,1.21,2409955000.0,2206731000.0,2409955000.0,7224734976.0,23.0,14.015,241241000.0,1.162,1.0,713666000.0,0.082,439940000.0,20523000.0,1753662000.0,1632536750.0,990711000.0,0.0,0.0,0.0,2143465000.0,1770904000.0,372561000.0,7774181976.0,138846000.0,-226029000.0,134209000.0,33756000.0,0.0,170328000.0,-523752000.0,-26356000.0,512608000.0,-20338000.0,247824000.0,247824000.0,247824000.0,0.0,0.0,0.029,425222000.0,288444000.0,1532401000.0,0.0,3.226,31.37,31.281,917313000.0,0.0,37.85,0.894,0.904,1069300000.0,1167711000.0,8694374000.0,8694374000.0,25591000.0,0.059,0.112,0.189,0.035,53379000.0,361649000.0,1.0,205394504.0,207622000,214158000.0,41.876,4113480000.0,68923000.0,39706000.0,5393000.0,19.812,1382447000.0
63,JBL,MRT,2005-12-31,2005-11-30,2005-11-30,2021-10-22,64713000.0,4441717000.0,3972816000.0,3043139000.0,1398578000.0,2.038,10.869,-260786000.0,875620000.0,875620000.0,7425949000.0,224850000.0,1.647,0.996,326173000.0,1955000.0,324218000.0,326173000.0,0.0,214490000.0,0.0,0.0,0.0,281861000.0,496351000.0,0.061,496351000.0,281861000.0,261700000.0,1.11,1.08,1.11,2224934000.0,2109422000.0,2224934000.0,6310434954.0,22.0,12.714,444862000.0,2.173,1.0,669469000.0,0.083,441517000.0,20161000.0,1603501000.0,1574173250.0,941433000.0,0.0,0.0,0.0,2216783000.0,1847252000.0,369531000.0,6779251954.0,255784000.0,-219918000.0,58664000.0,26068000.0,0.0,80168000.0,-507060000.0,-26356000.0,705648000.0,-22972000.0,224850000.0,224850000.0,224850000.0,0.0,0.0,0.028,404502000.0,264967000.0,1573386000.0,0.0,3.047,30.15,29.838,899670000.0,0.0,33.12,0.837,0.837,1085574000.0,1098690000.0,8095418000.0,8095418000.0,23189000.0,0.057,0.107,0.179,0.035,57577000.0,340723000.0,1.0,204687559.0,204699000,209861000.0,39.548,4000200000.0,66279000.0,36850000.0,7386000.0,19.542,1195887000.0
64,JBL,MRT,2005-09-30,2005-08-31,2005-08-31,2021-10-22,80103000.0,4087986000.0,3806180750.0,2685935000.0,1402051000.0,1.977,10.597,-242469000.0,796071000.0,796071000.0,6895880000.0,203875000.0,1.713,0.905,327254000.0,674000.0,326580000.0,327254000.0,0.0,220123000.0,0.0,0.0,0.0,261635000.0,481758000.0,0.064,481758000.0,261635000.0,240968000.0,1.01,0.98,1.01,2145941000.0,2040235750.0,2145941000.0,5613246286.0,21.0,11.652,347532000.0,1.716,1.0,628506000.0,0.084,453301000.0,20667000.0,1597739000.0,1576190500.0,818435000.0,0.0,0.0,0.0,1942045000.0,1568129000.0,373916000.0,5981770286.0,174749000.0,-219869000.0,50262000.0,15242000.0,0.0,60940000.0,-488694000.0,-26356000.0,590001000.0,12502000.0,203875000.0,203875000.0,203875000.0,0.0,0.0,0.027,380645000.0,247861000.0,1339866000.0,0.0,2.787,29.34,29.149,880736000.0,0.0,29.44,0.795,0.792,955353000.0,980667000.0,7524386000.0,7524386000.0,22507000.0,0.054,0.1,0.166,0.035,40735000.0,314270000.0,1.0,203185132.0,202501000,207706000.0,37.157,3634685000.0,76192000.0,37093000.0,2823000.0,17.949,1117806000.0
65,JBL,MRT,2005-06-30,2005-05-31,2005-05-31,2021-10-22,90776000.0,3782824000.0,3616523250.0,2448799000.0,1334025000.0,1.967,10.096,-227286000.0,681042000.0,681042000.0,6518893000.0,212403000.0,1.773,0.849,312518000.0,637000.0,311881000.0,312518000.0,0.0,224033000.0,0.0,0.0,0.0,271935000.0,495968000.0,0.07,495968000.0,271935000.0,252350000.0,1.06,1.04,1.06,2046094000.0,1958585500.0,2046094000.0,5424419358.0,20.0,10.937,289000000.0,1.426,1.0,595080000.0,0.084,457896000.0,19585000.0,1575245000.0,1553288250.0,739111000.0,0.0,0.0,0.0,1736730000.0,1381159000.0,355571000.0,5913663358.0,84878000.0,-216123000.0,29221000.0,718000.0,0.0,29939000.0,-469765000.0,-16356000.0,516286000.0,8418000.0,212403000.0,212403000.0,212403000.0,0.0,0.0,0.03,333831000.0,261249000.0,1165720000.0,0.0,2.89,27.842,27.575,831269000.0,0.0,29.23,0.831,0.833,899427000.0,951268000.0,7113973000.0,7113973000.0,22166000.0,0.059,0.108,0.175,0.038,-1111000.0,265754000.0,1.0,202314860.0,202666000,207736000.0,35.102,3324928000.0,59325000.0,39947000.0,1360000.0,16.406,1067640000.0
66,JBL,MRT,2005-03-31,2005-02-28,2005-02-28,2021-10-22,137054000.0,3578737000.0,3483570000.0,2384828000.0,1193909000.0,1.952,10.007,-217196000.0,779776000.0,779776000.0,6232495000.0,193181000.0,1.961,0.771,290532000.0,644000.0,289888000.0,290532000.0,0.0,220606000.0,0.0,0.0,0.0,247210000.0,467816000.0,0.069,467816000.0,247210000.0,227897000.0,0.97,0.94,0.97,2020719000.0,1886567250.0,2020719000.0,4862467283.0,20.0,10.394,203102000.0,1.006,1.0,568913000.0,0.084,352940000.0,19313000.0,1520208000.0,1530143000.0,677087000.0,0.0,0.0,0.0,1558018000.0,1216345000.0,341673000.0,5185344283.0,-120911000.0,-5010000.0,21371000.0,-362830000.0,0.0,-341459000.0,-222206000.0,0.0,420298000.0,22456000.0,193181000.0,193181000.0,193181000.0,0.0,0.0,0.028,330262000.0,238651000.0,1009467000.0,0.0,2.566,26.842,26.505,803734000.0,0.0,25.71,0.762,0.763,795432000.0,891915000.0,6801408000.0,6801408000.0,19817000.0,0.055,0.102,0.162,0.036,1473000.0,259979000.0,1.0,201685892.0,201930000,206459000.0,33.682,3225797000.0,75542000.0,34716000.0,10699000.0,15.975,1168483000.0
67,JBL,MRT,2004-12-31,2004-11-30,2004-11-30,2021-10-22,123018000.0,3775176000.0,3489314250.0,2579471000.0,1195705000.0,1.885,9.67,-212763000.0,619836000.0,619836000.0,6017489000.0,187149000.0,1.743,0.938,296959000.0,1966000.0,294993000.0,296959000.0,0.0,219057000.0,0.0,0.0,0.0,239293000.0,458350000.0,0.07,458350000.0,239293000.0,220121000.0,0.94,0.91,0.94,1948189000.0,1813467000.0,1948189000.0,4737903947.0,20.0,10.337,189503000.0,0.941,1.0,559789000.0,0.085,360506000.0,19172000.0,1611570000.0,1530060000.0,751127000.0,0.0,0.0,0.0,1826987000.0,1480223000.0,346764000.0,5049619947.0,-128844000.0,-803000.0,24170000.0,-357982000.0,0.0,-333812000.0,-213566000.0,0.0,402266000.0,16268000.0,187149000.0,187149000.0,187149000.0,0.0,0.0,0.028,327942000.0,231847000.0,1213068000.0,0.0,2.592,26.982,26.66,807297000.0,0.0,25.06,0.768,0.768,1066416000.0,845868000.0,6577278000.0,6577278000.0,16826000.0,0.054,0.103,0.156,0.036,-2950000.0,259828000.0,1.0,201501195.0,201467000,205843000.0,32.647,3414670000.0,71487000.0,32972000.0,11691000.0,16.949,1099248000.0
68,JBL,MRT,2004-09-30,2004-08-31,2004-08-31,2021-10-22,53057000.0,3329356000.0,3424826500.0,2182675000.0,1146681000.0,1.826,9.077,-204101000.0,621322000.0,621322000.0,5714517000.0,173730000.0,1.883,0.83,309606000.0,4412000.0,305194000.0,309606000.0,0.0,221668000.0,0.0,0.0,0.0,221815000.0,443483000.0,0.071,443483000.0,221815000.0,203269000.0,0.87,0.85,0.87,1819340000.0,1742332750.0,1819340000.0,3849038833.0,17.0,8.679,247140000.0,1.233,1.0,538380000.0,0.086,352426000.0,18546000.0,1506130000.0,1527261000.0,656681000.0,0.0,0.0,0.0,1510016000.0,1159084000.0,350932000.0,4145678833.0,-78426000.0,-1492000.0,28891000.0,-347331000.0,0.0,-318440000.0,-205593000.0,0.0,451241000.0,-5634000.0,173730000.0,173730000.0,173730000.0,0.0,0.0,0.028,323802000.0,214578000.0,937636000.0,0.0,2.279,23.863,23.713,776353000.0,0.0,20.63,0.663,0.661,777357000.0,789953000.0,6252897000.0,6252897000.0,13813000.0,0.051,0.1,0.145,0.035,-3245000.0,257748000.0,1.0,200953894.0,200430000,205559000.0,31.197,2976930000.0,63095000.0,29539000.0,3618000.0,14.853,1023591000.0
69,JBL,MRT,2004-06-30,2004-05-31,2004-05-31,2021-10-22,42725000.0,3251011000.0,3403673750.0,2132967000.0,1118044000.0,1.74,8.759,-167353000.0,596164000.0,596164000.0,5401640000.0,142714000.0,1.922,0.849,299524000.0,4332000.0,295192000.0,299524000.0,0.0,223934000.0,0.0,0.0,0.0,187446000.0,411380000.0,0.069,411380000.0,187446000.0,167080000.0,0.71,0.68,0.71,1758021000.0,1684616750.0,1758021000.0,5440828735.0,29.0,13.226,252572000.0,1.258,1.0,521095000.0,0.088,361671000.0,20366000.0,1482664000.0,1536907250.0,656994000.0,0.0,0.0,0.0,1492990000.0,1110036000.0,382954000.0,5682374735.0,81739000.0,-51243000.0,31379000.0,-142719000.0,0.0,-111340000.0,-218596000.0,0.0,419925000.0,-8250000.0,142714000.0,142714000.0,142714000.0,0.0,0.0,0.024,340891000.0,180204000.0,892484000.0,0.0,3.232,39.817,39.873,742987000.0,0.0,28.31,0.959,0.959,720490000.0,745695000.0,5922735000.0,5922735000.0,11914000.0,0.042,0.085,0.122,0.032,3095000.0,262959000.0,1.0,200719701.0,200716000,206371000.0,29.508,2889340000.0,85512000.0,24366000.0,25434000.0,14.395,1022931000.0
70,JBL,MRT,2004-03-31,2004-02-29,2004-02-29,2021-10-22,60188000.0,3601714000.0,3340672000.0,2467034000.0,1134680000.0,1.651,8.63,-129919000.0,900687000.0,900687000.0,5018378000.0,107049000.0,1.686,1.084,659141000.0,349346000.0,309795000.0,659141000.0,0.0,225588000.0,0.0,0.0,0.0,139846000.0,365434000.0,0.066,365434000.0,139846000.0,121202000.0,0.53,0.51,0.53,1728318000.0,1643466250.0,1728318000.0,5498650386.0,39.0,15.047,239535000.0,1.196,1.0,497811000.0,0.09,376912000.0,18644000.0,1519876000.0,1504325000.0,675730000.0,0.0,0.0,0.0,1873396000.0,1463380000.0,410016000.0,5596003386.0,403336000.0,-59561000.0,28215000.0,195116000.0,0.0,223299000.0,-189480000.0,0.0,369454000.0,63000.0,107049000.0,107049000.0,107049000.0,0.0,0.0,0.019,364585000.0,133226000.0,902952000.0,0.0,3.238,52.275,52.792,738128000.0,0.0,27.98,1.014,1.016,687915000.0,705564000.0,5516189000.0,5516189000.0,10949000.0,0.032,0.065,0.093,0.025,690000.0,259508000.0,1.0,200000121.0,200267000,214738000.0,27.544,3224802000.0,100458000.0,14153000.0,46872000.0,16.103,1003654000.0
71,JBL,MRT,2003-12-31,2003-11-30,2003-11-30,2021-10-22,46360000.0,3517225000.0,3178866000.0,2374387000.0,1142838000.0,1.626,8.334,-119217000.0,748680000.0,748680000.0,4698859000.0,77146000.0,1.65,1.114,651327000.0,348353000.0,302974000.0,651327000.0,0.0,229284000.0,0.0,0.0,0.0,101278000.0,330562000.0,0.064,330562000.0,101278000.0,83228000.0,0.38,0.37,0.38,1663652000.0,1599667750.0,1663652000.0,5439461606.0,54.0,16.455,127529000.0,0.639,1.0,471371000.0,0.091,380530000.0,18050000.0,1600374000.0,1554644750.0,588776000.0,0.0,0.0,0.0,1853573000.0,1438968000.0,414605000.0,5494954606.0,210421000.0,-91099000.0,24158000.0,145273000.0,0.0,169408000.0,-210316000.0,0.0,246746000.0,4583000.0,77146000.0,77146000.0,77146000.0,0.0,0.0,0.015,376745000.0,94626000.0,872869000.0,0.0,3.303,71.228,72.395,737910000.0,0.0,27.51,1.063,1.062,865450000.0,665549000.0,5170230000.0,5170230000.0,10196000.0,0.024,0.048,0.065,0.02,690000.0,253832000.0,1.0,199743897.0,199626000,213940000.0,25.9,3136695000.0,92891000.0,6082000.0,43716000.0,15.713,935419000.0
72,JBL,MRT,2003-09-30,2003-08-31,2003-08-31,2021-10-22,21079000.0,3244745000.0,3019021500.0,2093947000.0,1150798000.0,1.567,8.003,-102327000.0,699748000.0,699748000.0,4294016000.0,43007000.0,1.658,1.043,644255000.0,347237000.0,297018000.0,644255000.0,0.0,224439000.0,0.0,0.0,0.0,53973000.0,278412000.0,0.059,278412000.0,53973000.0,36954000.0,0.22,0.21,0.22,1588476000.0,1561759750.0,1588476000.0,5538480050.0,103.0,19.893,161166000.0,0.812,1.0,435466000.0,0.092,381319000.0,17019000.0,1544715000.0,1587003750.0,510218000.0,0.0,0.0,0.0,1656269000.0,1263218000.0,393051000.0,5597898050.0,59013000.0,-415166000.0,17111000.0,295309000.0,0.0,312420000.0,-517493000.0,0.0,263493000.0,593000.0,43007000.0,43007000.0,43007000.0,0.0,0.0,0.009,391013000.0,44453000.0,712697000.0,0.0,3.524,130.162,127.955,746204000.0,0.0,28.15,1.184,1.181,759696000.0,623053000.0,4729482000.0,4729482000.0,9906000.0,0.014,0.028,0.034,0.011,690000.0,243663000.0,1.0,198859611.0,198495000,202103000.0,23.827,2863426000.0,61343000.0,-6053000.0,19223000.0,14.426,830729000.0
73,JBL,MRT,2003-06-30,2003-05-31,2003-05-31,2021-10-22,55311000.0,2999004000.0,2844811750.0,1847721000.0,1151283000.0,1.554,8.023,-94776000.0,514425000.0,514425000.0,4011002000.0,24767000.0,1.509,0.882,455007000.0,353804000.0,101203000.0,455007000.0,0.0,216055000.0,0.0,0.0,0.0,29694000.0,245749000.0,0.056,245749000.0,29694000.0,14880000.0,0.12,0.12,0.12,1593419000.0,1541382250.0,1593419000.0,4135253049.0,139.0,16.827,207663000.0,1.046,1.0,410688000.0,0.093,362656000.0,14814000.0,1352335000.0,1571500500.0,487174000.0,0.0,0.0,0.0,1405585000.0,1224595000.0,180990000.0,4169296049.0,-144266000.0,-463775000.0,13979000.0,91697000.0,0.0,105676000.0,-558551000.0,0.0,302439000.0,6170000.0,24767000.0,24767000.0,24767000.0,0.0,0.0,0.006,388739000.0,21949000.0,640868000.0,0.0,2.617,168.341,174.917,765559000.0,0.0,20.99,0.943,0.943,723747000.0,602981000.0,4421690000.0,4421690000.0,9453000.0,0.009,0.016,0.019,0.007,689000.0,233718000.0,1.0,198632494.0,198596000,202132000.0,22.265,2636348000.0,68006000.0,-9887000.0,42140000.0,13.275,623126000.0
74,JBL,MRT,2003-03-31,2003-02-28,2003-02-28,2021-10-22,20948000.0,2954490000.0,2702107250.0,1793030000.0,1161460000.0,1.5,7.83,-97166000.0,497351000.0,497351000.0,3671066000.0,41107000.0,2.079,0.902,463308000.0,8764000.0,454544000.0,463308000.0,0.0,208397000.0,0.0,0.0,0.0,56610000.0,265007000.0,0.065,265007000.0,56610000.0,41892000.0,0.21,0.2,0.21,1553124000.0,1517617750.0,1553124000.0,3229233120.0,57.0,12.185,304200000.0,1.534,1.0,381922000.0,0.094,336843000.0,14718000.0,1721155000.0,1576144250.0,527190000.0,0.0,0.0,0.0,1401366000.0,862449000.0,538917000.0,3291754120.0,-145993000.0,-558990000.0,13896000.0,91615000.0,0.0,105543000.0,-656156000.0,0.0,401366000.0,3254000.0,41107000.0,41107000.0,41107000.0,0.0,0.0,0.01,334665000.0,47257000.0,660739000.0,0.0,2.119,80.078,79.095,801515000.0,0.0,16.61,0.812,0.813,676463000.0,598515000.0,4052988000.0,4052988000.0,9174000.0,0.015,0.027,0.036,0.014,42796000.0,220660000.0,1.0,198179056.0,198351000,200726000.0,20.433,2617647000.0,47934000.0,785000.0,41381000.0,13.197,930581000.0
75,JBL,MRT,2002-12-31,2002-11-30,2002-11-30,2021-10-22,-3278000.0,2877847000.0,2566708250.0,1726724000.0,1151123000.0,1.453,7.638,-71728000.0,575799000.0,575799000.0,3378618000.0,34697000.0,2.257,0.903,513278000.0,8692000.0,504586000.0,513278000.0,0.0,195861000.0,0.0,0.0,0.0,51895000.0,247756000.0,0.066,247756000.0,51895000.0,37894000.0,0.18,0.17,0.18,1512020000.0,1498428500.0,1512020000.0,3971354406.0,77.0,16.029,422366000.0,2.133,1.0,350527000.0,0.094,320587000.0,14001000.0,1729810000.0,1515122750.0,444184000.0,0.0,0.0,0.0,1365827000.0,764929000.0,600898000.0,4248729406.0,45876000.0,-532384000.0,13890000.0,141585000.0,0.0,155498000.0,-604112000.0,0.0,494094000.0,396000.0,34697000.0,34697000.0,34697000.0,0.0,0.0,0.009,308146000.0,42381000.0,588825000.0,0.0,2.81,122.452,119.167,793732000.0,0.0,21.45,1.139,1.139,583565000.0,588403000.0,3729145000.0,3729145000.0,8602000.0,0.014,0.023,0.034,0.014,42796000.0,210082000.0,1.0,198075963.0,197972000,200099000.0,18.837,2557260000.0,83397000.0,3197000.0,43837000.0,12.917,961795000.0
76,JBL,MRT,2002-09-30,2002-08-31,2002-08-31,2021-10-22,377000.0,2547906000.0,2438209750.0,1588344000.0,959562000.0,1.454,7.634,-71606000.0,640735000.0,640735000.0,3210875000.0,34715000.0,2.677,0.691,363360000.0,8692000.0,354668000.0,363360000.0,0.0,188308000.0,0.0,0.0,0.0,57811000.0,246119000.0,0.069,246119000.0,57811000.0,44756000.0,0.18,0.17,0.18,1506966000.0,1476284500.0,1506966000.0,3300879985.0,57.0,13.412,481956000.0,2.442,1.0,334591000.0,0.094,194447000.0,13055000.0,1482702000.0,1476902000.0,395918000.0,0.0,0.0,0.0,1040940000.0,593382000.0,447558000.0,3697830985.0,210083000.0,-278617000.0,14681000.0,-8333000.0,0.0,6348000.0,-350223000.0,0.0,553562000.0,396000.0,34715000.0,34715000.0,34715000.0,0.0,0.0,0.01,286541000.0,48050000.0,431588000.0,0.0,2.454,106.52,103.944,740868000.0,0.0,18.71,1.043,1.042,446879000.0,580046000.0,3545466000.0,3545466000.0,7864000.0,0.014,0.024,0.039,0.016,42796000.0,203845000.0,1.0,197639283.0,197396000,200782000.0,17.961,2353459000.0,70684000.0,10041000.0,41323000.0,11.923,994962000.0
77,JBL,MRT,2002-06-30,2002-05-31,2002-05-31,2021-10-22,-312000.0,2428186000.0,2390627750.0,1541207000.0,886979000.0,1.465,7.587,-73158000.0,758617000.0,758617000.0,3178449000.0,44124000.0,3.184,0.621,361666000.0,8333000.0,353333000.0,361666000.0,5861000.0,182271000.0,0.0,0.0,0.0,73145000.0,255416000.0,0.073,255416000.0,73145000.0,60501000.0,0.23,0.21,0.23,1498361000.0,1453062000.0,1498361000.0,4262324581.0,58.0,16.688,519586000.0,2.631,1.0,322855000.0,0.092,176284000.0,12644000.0,1370910000.0,1517042250.0,325318000.0,0.0,0.0,0.0,929825000.0,484041000.0,445784000.0,4535668581.0,201233000.0,-319457000.0,16796000.0,-15785000.0,0.0,1011000.0,-392615000.0,0.0,592744000.0,93000.0,44124000.0,44124000.0,44124000.0,0.0,0.0,0.013,259260000.0,63595000.0,369631000.0,0.0,3.027,102.794,99.826,691688000.0,0.0,22.96,1.295,1.295,349261000.0,578214000.0,3501304000.0,3501304000.0,7541000.0,0.018,0.03,0.048,0.021,51247000.0,195870000.0,1.0,197546541.0,197481000,200997000.0,17.73,2251902000.0,68134000.0,16377000.0,44988000.0,11.403,1057166000.0
78,JBL,MRT,2002-03-31,2002-02-28,2002-02-28,2021-10-22,-807000.0,2412894000.0,2381220000.0,1496396000.0,916498000.0,1.553,7.483,-96805000.0,643344000.0,643344000.0,3367911000.0,42126000.0,3.083,0.634,370000000.0,8333000.0,361667000.0,370000000.0,6305000.0,172933000.0,0.0,0.0,0.0,66676000.0,239609000.0,0.065,239609000.0,66676000.0,57330000.0,0.22,0.2,0.22,1476367000.0,1426995750.0,1476367000.0,3554561387.0,53.0,14.835,367386000.0,1.862,1.0,329255000.0,0.089,177084000.0,9346000.0,1477069000.0,1590645500.0,348391000.0,0.0,0.0,0.0,936527000.0,485397000.0,451130000.0,3676944387.0,497219000.0,-216101000.0,17120000.0,329216000.0,0.0,346336000.0,-312906000.0,0.0,464191000.0,-402000.0,42126000.0,42126000.0,42126000.0,0.0,0.0,0.011,271142000.0,58113000.0,363746000.0,0.0,2.491,87.284,84.773,719496000.0,0.0,18.65,0.995,0.995,400177000.0,557408000.0,3697166000.0,3697166000.0,7204000.0,0.018,0.03,0.042,0.018,8450000.0,192475000.0,1.0,197155195.0,197305000,201348000.0,18.738,2235810000.0,67499000.0,15204000.0,44955000.0,11.332,1010999000.0
79,JBL,MRT,2001-12-31,2001-11-30,2001-11-30,2021-10-22,-471000.0,2363853000.0,2318050250.0,1420441000.0,943412000.0,1.763,7.225,-176407000.0,492383000.0,492383000.0,3722066000.0,79150000.0,2.875,0.661,370000000.0,8333000.0,361667000.0,370000000.0,6812000.0,168748000.0,0.0,0.0,0.0,117626000.0,286374000.0,0.07,286374000.0,117626000.0,109425000.0,0.41,0.39,0.41,1423444000.0,1401589250.0,1423444000.0,5124254925.0,44.0,17.894,220320000.0,1.118,1.0,364201000.0,0.089,170403000.0,8201000.0,1576927000.0,1550069500.0,405664000.0,0.0,0.0,0.0,940409000.0,494140000.0,446269000.0,5184906925.0,361316000.0,-210189000.0,15956000.0,329216000.0,0.0,351101000.0,-386596000.0,0.0,396727000.0,84000.0,79150000.0,79150000.0,79150000.0,0.0,0.0,0.019,254495000.0,109706000.0,375925000.0,0.0,3.643,65.507,64.146,755110000.0,0.0,26.3,1.269,1.268,460356000.0,553706000.0,4086267000.0,4086267000.0,6898000.0,0.034,0.056,0.076,0.029,8450000.0,189635000.0,1.0,197144750.0,197012000,199515000.0,20.741,2193450000.0,18208000.0,30275000.0,40895000.0,11.134,926301000.0
80,JBL,MRT,2001-09-30,2001-08-31,2001-08-31,2021-10-22,-321000.0,2357578000.0,2264590750.0,1446798000.0,910780000.0,1.912,7.37,-302316000.0,430652000.0,430652000.0,3936589000.0,118517000.0,2.866,0.667,370000000.0,8333000.0,361667000.0,370000000.0,0.0,155388000.0,0.0,0.0,0.0,172005000.0,327393000.0,0.076,327393000.0,172005000.0,166148000.0,0.62,0.59,0.62,1414076000.0,1375660250.0,1414076000.0,4337163534.0,25.0,13.248,-119621000.0,-0.623,1.0,394066000.0,0.091,148888000.0,5857000.0,1643263000.0,1477617000.0,431499000.0,0.0,0.0,0.0,943502000.0,504775000.0,438727000.0,4424621534.0,93050000.0,-139200000.0,16642000.0,329216000.0,0.0,351787000.0,-441516000.0,0.0,182695000.0,84000.0,118517000.0,118517000.0,118517000.0,0.0,0.0,0.027,230304000.0,163762000.0,392181000.0,0.0,3.129,37.333,37.274,744723000.0,0.0,23.11,1.022,1.024,528196000.0,545331000.0,4330655000.0,4330655000.0,6448000.0,0.052,0.086,0.116,0.04,8450000.0,184112000.0,1.0,191459175.0,191862000,202223000.0,22.572,2208690000.0,22454000.0,47631000.0,36960000.0,11.512,942023000.0
81,JBL,MRT,2001-06-30,2001-05-31,2001-05-31,2021-10-22,-860000.0,2390555000.0,2179175000.0,1596223000.0,794332000.0,2.043,7.29,-379090000.0,457458000.0,457458000.0,4035169000.0,154327000.0,2.716,0.715,370000000.0,8333000.0,361667000.0,370000000.0,7825000.0,139728000.0,0.0,0.0,0.0,221704000.0,361432000.0,0.081,361432000.0,221704000.0,216778000.0,0.81,0.78,0.81,1394096000.0,1339687000.0,1394096000.0,5506542381.0,25.0,15.235,-279960000.0,-1.464,1.0,416513000.0,0.094,50127000.0,4926000.0,1665323000.0,1313129000.0,530050000.0,0.0,0.0,0.0,996459000.0,587647000.0,408812000.0,5619334381.0,418459000.0,-3631000.0,539454000.0,156667000.0,0.0,702050000.0,-382721000.0,0.0,99130000.0,0.0,154327000.0,154327000.0,154327000.0,0.0,0.0,0.035,206100000.0,210413000.0,490103000.0,0.0,4.031,36.412,36.272,744205000.0,0.0,29.38,1.262,1.262,539802000.0,534090000.0,4451682000.0,4451682000.0,6030000.0,0.071,0.115,0.169,0.05,0.0,176708000.0,1.0,191263934.0,191234000,198101000.0,23.279,2340428000.0,21116000.0,62451000.0,39320000.0,12.239,1008576000.0
82,JBL,MRT,2001-03-31,2001-02-28,2001-02-28,2021-10-22,-390000.0,2160215000.0,1951335000.0,1373570000.0,786645000.0,2.24,7.2,-428023000.0,146125000.0,146125000.0,3950277000.0,173692000.0,1.875,0.571,33333000.0,8333000.0,25000000.0,33333000.0,8332000.0,128016000.0,0.0,0.0,0.0,256432000.0,384448000.0,0.088,384448000.0,256432000.0,248107000.0,0.93,0.9,0.93,1374741000.0,1164208250.0,1374741000.0,4191693728.0,16.0,10.903,-349342000.0,-1.83,1.0,420790000.0,0.096,0.0,8325000.0,1314765000.0,1171271000.0,631746000.0,0.0,0.0,0.0,785474000.0,732658000.0,52816000.0,4289427728.0,89513000.0,-3631000.0,539890000.0,-103333000.0,0.0,442486000.0,-431654000.0,0.0,78681000.0,0.0,173692000.0,173692000.0,173692000.0,0.0,0.0,0.04,174390000.0,246400000.0,645946000.0,0.0,3.12,24.696,24.172,742985000.0,0.0,22.48,0.981,0.982,535763000.0,515282000.0,4371067000.0,4371067000.0,5435000.0,0.089,0.149,0.219,0.059,0.0,165026000.0,1.0,190810842.0,190931000,198326000.0,22.893,2160215000.0,18053000.0,74415000.0,30505000.0,11.314,640912000.0
83,JBL,MRT,2000-12-31,2000-11-30,2000-11-30,2021-10-22,-631000.0,2150015000.0,1738247750.0,1401022000.0,748993000.0,2.3,6.927,-413050000.0,131067000.0,131067000.0,3601019000.0,166902000.0,1.831,0.629,33333000.0,8333000.0,25000000.0,33333000.0,2712000.0,106901000.0,0.0,0.0,0.0,247401000.0,354302000.0,0.089,354302000.0,247401000.0,239922000.0,0.91,0.87,0.91,1319728000.0,982493500.0,1319728000.0,5647541594.0,23.0,15.94,-437918000.0,-2.298,1.0,396435000.0,0.099,0.0,7479000.0,1287117000.0,1062815750.0,641514000.0,0.0,0.0,0.0,830287000.0,765164000.0,65123000.0,5951810594.0,87813000.0,-9330000.0,540112000.0,-9921000.0,0.0,507885000.0,-395204000.0,27176000.0,-24868000.0,0.0,166902000.0,166902000.0,166902000.0,0.0,0.0,0.042,157733000.0,238702000.0,664467000.0,0.0,4.51,35.661,34.341,704785000.0,0.0,31.25,1.489,1.489,568298000.0,474556000.0,3997454000.0,3997454000.0,5085000.0,0.096,0.17,0.233,0.062,0.0,149746000.0,1.0,190457939.0,190526000,198907000.0,20.981,2150015000.0,19600000.0,73020000.0,61877000.0,11.285,635858000.0
84,JBL,MRT,2000-09-30,2000-08-31,2000-08-31,2021-10-22,-605000.0,2015915000.0,1485431000.0,1384993000.0,630922000.0,2.395,7.095,-326800000.0,337602000.0,337602000.0,3199972000.0,145648000.0,2.002,0.587,33333000.0,8333000.0,25000000.0,33333000.0,2922000.0,99337000.0,0.0,0.0,0.0,220301000.0,319638000.0,0.09,319638000.0,220301000.0,212696000.0,0.81,0.78,0.81,1270183000.0,804593250.0,1270183000.0,12290605612.0,56.0,38.452,-291384000.0,-1.628,1.0,358349000.0,0.101,34360000.0,7605000.0,985311000.0,907653250.0,477548000.0,0.0,0.0,0.0,745732000.0,691975000.0,53757000.0,12116271612.0,211653000.0,-36716000.0,542816000.0,-32490000.0,0.0,512577000.0,-336340000.0,27176000.0,35416000.0,0.0,145648000.0,145648000.0,145648000.0,0.0,0.0,0.041,145433000.0,212916000.0,594111000.0,0.0,9.539,83.189,78.741,587494000.0,0.0,63.78,3.405,3.209,523096000.0,426814000.0,3558321000.0,3558321000.0,4839000.0,0.098,0.181,0.243,0.062,0.0,132717000.0,1.0,189969765.0,179032000,187448000.0,19.875,1981555000.0,15763000.0,67048000.0,43105000.0,11.068,693018000.0
85,JBL,MRT,2000-06-30,2000-05-31,2000-05-31,2021-10-22,-543000.0,1479195000.0,1240307500.0,936825000.0,542370000.0,2.496,3.918,-247632000.0,38999000.0,38999000.0,2776586000.0,118765000.0,1.686,1.137,213333000.0,8333000.0,205000000.0,213333000.0,3165000.0,86550000.0,0.0,0.0,0.0,184959000.0,271509000.0,0.088,271509000.0,184959000.0,177640000.0,0.68,0.64,0.68,692181000.0,631500250.0,692181000.0,6458111623.0,35.0,23.786,-269349000.0,-1.525,1.0,318982000.0,0.103,0.0,7319000.0,1097891000.0,802079250.0,409983000.0,0.0,0.0,0.0,787014000.0,555638000.0,231376000.0,6378057623.0,-133091000.0,-33085000.0,15908000.0,151184000.0,0.0,169343000.0,-280717000.0,0.0,-21717000.0,0.0,118765000.0,118765000.0,118765000.0,0.0,0.0,0.038,138369000.0,180613000.0,462731000.0,0.0,9.214,53.703,53.132,501322000.0,0.0,36.13,2.06,2.062,437333000.0,379763000.0,3095568000.0,3095568000.0,5114000.0,0.096,0.188,0.231,0.06,0.0,118826000.0,1.0,176530795.0,176674000,184960000.0,17.521,1479195000.0,13638000.0,58875000.0,32116000.0,8.372,381187000.0
86,JBL,MRT,2000-03-31,2000-02-29,2000-02-29,2021-10-22,-542000.0,1307866000.0,1080974500.0,827517000.0,480349000.0,2.509,3.687,-196959000.0,56612000.0,56612000.0,2423696000.0,102974000.0,1.632,1.019,136666000.0,8333000.0,128333000.0,136666000.0,3443000.0,75753000.0,0.0,0.0,0.0,162949000.0,238702000.0,0.088,238702000.0,162949000.0,158015000.0,0.59,0.55,0.59,647882000.0,587624000.0,647882000.0,6031954972.0,37.0,25.27,-141427000.0,-0.805,1.0,288261000.0,0.106,0.0,4934000.0,880944000.0,641455000.0,353326000.0,0.0,0.0,0.0,659984000.0,506976000.0,153008000.0,6031954972.0,30045000.0,-33085000.0,213831000.0,-11525000.0,0.0,204557000.0,-230044000.0,0.0,55532000.0,0.0,102974000.0,102974000.0,102974000.0,0.0,0.0,0.038,130338000.0,157923000.0,427863000.0,0.0,9.31,58.577,58.847,439879000.0,0.0,34.72,2.224,2.25,379223000.0,341590000.0,2711957000.0,2711957000.0,5359000.0,0.095,0.175,0.254,0.06,0.0,107401000.0,1.0,173731422.0,175715000,184518000.0,15.434,1307866000.0,14227000.0,55041000.0,32095000.0,7.443,320541000.0
87,JBL,MRT,1999-12-31,1999-11-30,1999-11-30,2021-10-22,-543000.0,1138748000.0,928740500.0,702513000.0,436235000.0,2.62,3.479,-191099000.0,43254000.0,43254000.0,2168818000.0,91292000.0,1.487,0.873,43254000.0,9921000.0,33333000.0,43254000.0,3731000.0,73459000.0,0.0,0.0,0.0,148636000.0,222095000.0,0.091,222095000.0,148636000.0,142865000.0,0.54,0.5,0.54,608127000.0,498953250.0,608127000.0,5189386365.0,35.0,23.366,-107930000.0,-0.617,1.0,264280000.0,0.109,0.0,5771000.0,666467000.0,555587500.0,299477000.0,4870000.0,4870000.0,0.0,530621000.0,472281000.0,58340000.0,5261276365.0,20599000.0,-27386000.0,211145000.0,-52611000.0,0.0,183091000.0,-245661000.0,-27176000.0,83169000.0,0.0,91292000.0,91292000.0,91292000.0,0.0,0.0,0.038,121057000.0,143223000.0,384571000.0,0.0,8.652,57.631,59.204,396295000.0,0.0,31.97,2.162,2.297,318647000.0,307654000.0,2433098000.0,2433098000.0,5588000.0,0.098,0.183,0.268,0.061,0.0,98241000.0,1.0,164569170.0,174820000,183175000.0,13.918,1138748000.0,13500000.0,51573000.0,36417000.0,6.514,230232000.0
88,JBL,MRT,1999-09-30,1999-08-31,1999-08-31,2021-10-22,-218000.0,1035421000.0,798130750.0,661113000.0,374308000.0,2.805,3.465,-165539000.0,125949000.0,125949000.0,1992803000.0,84819000.0,1.604,0.792,65823000.0,32490000.0,33333000.0,65823000.0,1798000.0,63417000.0,0.0,0.0,0.0,140413000.0,203830000.0,0.091,203830000.0,140413000.0,133303000.0,0.51,0.49,0.51,577811000.0,413869750.0,577811000.0,3569284237.0,25.0,17.511,-55074000.0,-0.33,1.0,245588000.0,0.11,0.0,7110000.0,563015000.0,498308000.0,217840000.0,27176000.0,27176000.0,0.0,457610000.0,412280000.0,45330000.0,3677753237.0,92926000.0,0.0,206753000.0,-31972000.0,0.0,175176000.0,-192715000.0,-27176000.0,110465000.0,0.0,84819000.0,84819000.0,84819000.0,0.0,0.0,0.038,109711000.0,135877000.0,300093000.0,0.0,6.365,43.36,43.931,353522000.0,0.0,22.405,1.643,1.669,261078000.0,281166000.0,2238391000.0,2238391000.0,5863000.0,0.106,0.205,0.282,0.063,0.0,92015000.0,1.0,164148772.0,166754000,174334000.0,13.423,1035421000.0,13896000.0,48484000.0,30710000.0,6.209,248833000.0
89,JBL,MRT,1999-06-30,1999-05-31,1999-05-31,2021-10-22,0.0,841863000.0,670107250.0,523798000.0,318065000.0,3.224,2.984,-171748000.0,158469000.0,158469000.0,1930509000.0,65630000.0,1.884,0.629,50000000.0,16666000.0,33334000.0,50000000.0,2003000.0,66739000.0,0.0,0.0,0.0,107373000.0,174112000.0,0.081,174112000.0,107373000.0,100344000.0,0.375,0.355,0.375,516676000.0,331508500.0,516676000.0,4064265298.0,38.0,23.343,-34461000.0,-0.199,1.0,229993000.0,0.106,0.0,7029000.0,455394000.0,458421500.0,137845000.0,0.0,0.0,0.0,325187000.0,278000000.0,47187000.0,3952353298.0,120625000.0,-64990000.0,204531000.0,15907000.0,0.0,221782000.0,-238444000.0,0.0,137287000.0,0.0,65630000.0,65630000.0,65630000.0,0.0,0.0,0.03,125113000.0,104880000.0,201314000.0,0.0,7.65,60.222,64.333,300111000.0,0.0,24.125,1.829,1.933,208274000.0,242055000.0,2160502000.0,2160502000.0,6775000.0,0.098,0.198,0.234,0.05,0.0,89419000.0,1.0,163828116.0,173130000,181328000.0,12.479,841863000.0,9826000.0,34714000.0,25136000.0,4.863,245798000.0
90,JBL,MRT,1999-03-31,1999-02-28,1999-02-28,2021-10-22,0.0,698930000.0,570995750.0,404318000.0,294612000.0,3.306,1.833,-144815000.0,18088000.0,18088000.0,1681918000.0,60529000.0,1.479,1.384,130000000.0,8333000.0,121667000.0,130000000.0,2208000.0,58218000.0,0.0,0.0,0.0,95966000.0,154184000.0,0.082,154184000.0,95966000.0,89697000.0,0.36,0.345,0.36,293199000.0,263966750.0,293199000.0,2512433360.0,26.0,16.295,-79059000.0,-0.494,1.0,205945000.0,0.109,0.0,6269000.0,537474000.0,419843250.0,156546000.0,0.0,0.0,0.0,405731000.0,273368000.0,132363000.0,2435449360.0,-37230000.0,-64990000.0,5232000.0,101949000.0,0.0,108525000.0,-211511000.0,0.0,65756000.0,0.0,60529000.0,60529000.0,60529000.0,0.0,0.0,0.032,110965000.0,94980000.0,212870000.0,0.0,8.306,40.236,45.319,283823000.0,0.0,16.315,1.29,1.382,209092000.0,217652000.0,1887863000.0,1887863000.0,6453000.0,0.106,0.229,0.229,0.051,0.0,79458000.0,1.0,149276700.0,159944000,167006000.0,11.803,698930000.0,14515000.0,29168000.0,18984000.0,4.37,130950000.0
91,JBL,MRT,1998-12-31,1998-11-30,1998-11-30,2021-10-22,0.0,616309000.0,510081750.0,358408000.0,257901000.0,3.254,1.68,-112668000.0,13016000.0,13016000.0,1469945000.0,58414000.0,1.4,1.301,90000000.0,8333000.0,81667000.0,90000000.0,2421000.0,48169000.0,0.0,0.0,0.0,89946000.0,138115000.0,0.083,138115000.0,89946000.0,84854000.0,0.355,0.345,0.355,267793000.0,247954750.0,267793000.0,2163384784.0,24.0,15.664,-6242000.0,-0.039,1.0,189903000.0,0.114,0.0,5092000.0,437349000.0,355223250.0,146272000.0,0.0,0.0,0.0,348516000.0,255944000.0,92572000.0,2156732784.0,-28613000.0,-64990000.0,3358000.0,39623000.0,0.0,44325000.0,-179364000.0,0.0,106426000.0,0.0,58414000.0,58414000.0,58414000.0,0.0,0.0,0.035,100524000.0,89379000.0,192764000.0,0.0,8.054,36.922,40.845,246496000.0,0.0,14.5,1.299,1.392,180793000.0,196035000.0,1659848000.0,1659848000.0,5900000.0,0.115,0.236,0.253,0.054,0.0,69864000.0,1.0,148740192.0,159378000,165556000.0,10.415,616309000.0,14960000.0,26440000.0,19392000.0,3.867,102464000.0
92,JBL,MRT,1998-09-30,1998-08-31,1998-08-31,2021-10-22,0.0,523327000.0,471275750.0,287003000.0,236324000.0,3.149,1.566,-108502000.0,23139000.0,23139000.0,1307692000.0,57469000.0,1.537,1.107,90000000.0,8333000.0,81667000.0,90000000.0,2227000.0,42333000.0,0.0,0.0,0.0,86917000.0,129250000.0,0.087,129250000.0,86917000.0,83041000.0,0.36,0.35,0.36,248366000.0,231166500.0,248366000.0,880500628.0,10.0,6.812,-7183000.0,-0.045,1.0,176553000.0,0.119,0.0,3876000.0,403469000.0,314189750.0,123097000.0,0.0,0.0,0.0,274961000.0,186719000.0,88242000.0,873848628.0,-20551000.0,-64990000.0,3301000.0,49078000.0,0.0,53328000.0,-175198000.0,0.0,101319000.0,0.0,57469000.0,57469000.0,57469000.0,0.0,0.0,0.039,89874000.0,86679000.0,132601000.0,0.0,3.518,15.206,16.319,224680000.0,0.0,5.875,0.589,0.628,126276000.0,176749000.0,1484245000.0,1484245000.0,5355000.0,0.122,0.249,0.277,0.059,0.0,60116000.0,1.0,148740192.0,158589000,164934000.0,9.359,523327000.0,12719000.0,25572000.0,9673000.0,3.3,100284000.0
93,JBL,MRT,1998-06-30,1998-05-31,1998-05-31,2021-10-22,0.0,445417000.0,441919750.0,258440000.0,186977000.0,2.863,1.658,-101205000.0,43348000.0,43348000.0,1100574000.0,74529000.0,1.712,0.807,50000000.0,8333000.0,41667000.0,50000000.0,2429000.0,32258000.0,0.0,0.0,0.0,112827000.0,145085000.0,0.115,145085000.0,112827000.0,110099000.0,0.502,0.478,0.502,246509000.0,214446250.0,246509000.0,1260322707.0,11.0,8.687,-6379000.0,-0.043,1.0,164433000.0,0.13,0.0,2728000.0,301081000.0,274390250.0,83651000.0,0.0,0.0,0.0,198908000.0,150988000.0,47920000.0,1266002707.0,-13083000.0,0.0,1830000.0,-8550000.0,0.0,-6704000.0,-101205000.0,0.0,94826000.0,0.0,74529000.0,74529000.0,74529000.0,0.0,0.0,0.059,51606000.0,112827000.0,100232000.0,0.0,5.136,16.987,16.962,185880000.0,0.0,8.515,1.001,1.001,123863000.0,176307000.0,1265007000.0,1265007000.0,3741000.0,0.169,0.348,0.411,0.089,0.0,47865000.0,1.0,148679120.0,148668000,154460000.0,8.509,445417000.0,6046000.0,35570000.0,10995000.0,2.996,107452000.0
94,JBL,MRT,1998-03-31,1998-02-28,1998-02-28,2021-10-22,0.0,455274000.0,424120750.0,272439000.0,182835000.0,2.837,1.545,-120142000.0,55680000.0,55680000.0,1046351000.0,71820000.0,1.597,0.987,50000000.0,0.0,50000000.0,50000000.0,1699000.0,28780000.0,0.0,0.0,0.0,109119000.0,137899000.0,0.115,137899000.0,109119000.0,106707000.0,0.488,0.463,0.488,229151000.0,193302250.0,229151000.0,1965986945.0,18.0,14.257,-1949000.0,-0.013,1.0,156694000.0,0.13,0.0,2412000.0,278994000.0,254710500.0,90114000.0,0.0,0.0,0.0,226123000.0,170600000.0,55523000.0,1949137945.0,-9478000.0,0.0,2098000.0,-9643000.0,0.0,-7529000.0,-120142000.0,0.0,118193000.0,0.0,71820000.0,71820000.0,71820000.0,0.0,0.0,0.06,47575000.0,109119000.0,126530000.0,0.0,8.506,27.139,26.962,182465000.0,0.0,13.158,1.62,1.622,119545000.0,159026000.0,1203045000.0,1203045000.0,3399000.0,0.169,0.372,0.428,0.091,0.0,44176000.0,1.0,148138928.0,148320000,154256000.0,8.111,455274000.0,6046000.0,34887000.0,13801000.0,3.07,101839000.0
95,JBL,MRT,1997-12-31,1997-11-30,1997-11-30,2021-10-22,0.0,461085000.0,393556750.0,296134000.0,164951000.0,2.781,1.355,-111547000.0,43151000.0,43151000.0,955434000.0,62740000.0,1.447,1.298,60000000.0,10000000.0,50000000.0,60000000.0,1902000.0,26619000.0,0.0,0.0,0.0,96550000.0,123169000.0,0.113,123169000.0,96550000.0,94883000.0,0.43,0.405,0.43,200640000.0,172768500.0,200640000.0,1759021096.0,18.0,14.281,-33242000.0,-0.224,1.0,139110000.0,0.127,0.0,1667000.0,273215000.0,235909250.0,111779000.0,0.0,0.0,0.0,260445000.0,204719000.0,55726000.0,1756902096.0,-29268000.0,0.0,3242000.0,-206000.0,0.0,3974000.0,-111547000.0,0.0,78305000.0,0.0,62740000.0,62740000.0,62740000.0,0.0,0.0,0.057,42560000.0,96550000.0,149847000.0,0.0,8.756,28.003,27.983,163989000.0,0.0,12.033,1.605,1.628,134357000.0,138887000.0,1094544000.0,1094544000.0,3324000.0,0.159,0.363,0.409,0.088,0.0,39236000.0,1.0,146013056.0,148076000,154700000.0,7.392,461085000.0,6046000.0,32143000.0,18272000.0,3.114,91415000.0
96,JBL,MRT,1997-09-30,1997-08-31,1997-08-31,2021-10-22,0.0,405903000.0,353832750.0,265998000.0,139905000.0,2.764,1.25,-93437000.0,45457000.0,45457000.0,857245000.0,52497000.0,1.577,1.237,52475000.0,2475000.0,50000000.0,52475000.0,2105000.0,24924000.0,0.0,0.0,0.0,81854000.0,106778000.0,0.109,106778000.0,81854000.0,80242000.0,0.36,0.34,0.36,181485000.0,155995500.0,181485000.0,2164937392.0,26.0,20.275,-24077000.0,-0.166,1.0,120857000.0,0.124,0.0,1612000.0,244271000.0,213625000.0,96187000.0,0.0,0.0,0.0,224418000.0,168650000.0,55768000.0,2162818392.0,-27862000.0,0.0,3624000.0,-8347000.0,0.0,-3785000.0,-93437000.0,0.0,69360000.0,0.0,52497000.0,52497000.0,52497000.0,0.0,0.0,0.054,39003000.0,81854000.0,125741000.0,0.0,11.917,41.199,41.146,139520000.0,0.0,14.812,2.211,2.199,116987000.0,119816000.0,978102000.0,978102000.0,3117000.0,0.148,0.337,0.383,0.084,0.0,35886000.0,1.0,146013056.0,145198000,153360000.0,6.736,405903000.0,6591000.0,27745000.0,9849000.0,2.796,97348000.0
97,JBL,MRT,1997-06-30,1997-05-31,1997-05-31,2021-10-22,0.0,374221000.0,327342000.0,255273000.0,118948000.0,2.587,1.109,-53591000.0,56431000.0,56431000.0,746564000.0,41018000.0,1.658,1.311,58550000.0,5206000.0,53344000.0,58550000.0,2276000.0,17522000.0,0.0,0.0,0.0,65480000.0,83002000.0,0.098,83002000.0,65480000.0,63448000.0,0.29,0.27,0.29,161933000.0,141682750.0,161933000.0,1061082236.0,16.0,12.784,64060000.0,0.439,1.0,100431000.0,0.119,0.0,2032000.0,222362000.0,196523000.0,96944000.0,0.0,0.0,0.0,212288000.0,153978000.0,58310000.0,1066589236.0,30504000.0,0.0,-35769000.0,-1514000.0,0.0,-33556000.0,-53591000.0,0.0,117651000.0,0.0,41018000.0,41018000.0,41018000.0,0.0,0.0,0.048,34951000.0,65480000.0,105526000.0,0.0,6.587,26.003,25.241,116856000.0,0.0,7.32,1.259,1.262,95196000.0,101778000.0,846995000.0,846995000.0,2841000.0,0.125,0.29,0.333,0.077,0.0,32110000.0,1.0,145708912.0,146012000,153568000.0,5.801,374221000.0,6216000.0,22430000.0,7631000.0,2.563,101295000.0
98,JBL,MRT,1997-03-31,1997-02-28,1997-02-28,2021-10-22,0.0,333018000.0,,239882000.0,93136000.0,,1.016,-39367000.0,65158000.0,65158000.0,732103000.0,32683000.0,1.939,1.265,59651000.0,2459000.0,57192000.0,59651000.0,2729000.0,21033000.0,0.0,0.0,0.0,54792000.0,75825000.0,0.093,75825000.0,54792000.0,51398000.0,0.231,0.216,0.231,147016000.0,,147016000.0,579989527.0,11.0,7.649,83567000.0,0.577,1.0,86956000.0,0.106,0.0,3394000.0,203789000.0,,78281000.0,0.0,0.0,0.0,186002000.0,123722000.0,62280000.0,592202527.0,60818000.0,0.0,3315000.0,-29791000.0,0.0,-22749000.0,-39367000.0,0.0,122934000.0,0.0,32683000.0,32683000.0,32683000.0,0.0,0.0,0.04,32164000.0,54792000.0,93372000.0,0.0,4.028,18.12,17.927,91254000.0,0.0,4.141,0.723,0.732,90838000.0,87206000.0,819059000.0,819059000.0,2694000.0,,,,0.067,0.0,29470000.0,1.0,143000912.0,144724000,153308000.0,5.659,333018000.0,5142000.0,18715000.0,5505000.0,2.301,116160000.0
99,JBL,MRT,1996-12-31,1996-11-30,1996-11-30,2021-10-22,0.0,302189000.0,,223288000.0,78901000.0,,0.881,-27342000.0,72419000.0,72419000.0,753752000.0,27962000.0,2.109,1.263,60206000.0,2459000.0,57747000.0,60206000.0,2297000.0,19606000.0,0.0,0.0,0.0,48708000.0,68314000.0,0.082,68314000.0,48708000.0,43380000.0,0.196,0.186,0.196,133548000.0,,133548000.0,,,,109256000.0,0.721,1.0,78748000.0,0.095,0.0,5328000.0,184078000.0,,67496000.0,0.0,0.0,0.0,168641000.0,105898000.0,62743000.0,455815407.0,69010000.0,0.0,1278000.0,-44329000.0,0.0,-40246000.0,-27342000.0,0.0,136598000.0,0.0,27962000.0,27962000.0,27962000.0,0.0,0.0,0.034,30040000.0,48708000.0,73994000.0,0.0,3.413,16.301,16.263,78609000.0,0.0,3.188,0.548,0.58,77923000.0,76147000.0,832500000.0,832500000.0,2418000.0,,,,0.059,0.0,27622000.0,1.0,143000912.0,151536000,151536000.0,5.494,302189000.0,5142000.0,15418000.0,8860000.0,1.994,117390000.0
100,JBL,MRT,1996-09-30,1996-08-31,1996-08-31,2021-10-22,0.0,299940000.0,,227338000.0,72602000.0,,0.901,-26894000.0,73319000.0,73319000.0,790311000.0,24349000.0,2.037,1.414,60822000.0,2451000.0,58371000.0,60822000.0,2872000.0,18210000.0,0.0,0.0,0.0,45406000.0,63616000.0,0.074,63616000.0,45406000.0,38073000.0,0.177,0.168,0.177,124234000.0,,124234000.0,,,,73170000.0,0.531,1.0,72974000.0,0.085,0.0,7333000.0,175863000.0,,64869000.0,0.0,0.0,0.0,175706000.0,111580000.0,64126000.0,,67833000.0,0.0,40098000.0,-48240000.0,0.0,-5337000.0,-26894000.0,0.0,100064000.0,0.0,24349000.0,24349000.0,24349000.0,0.0,0.0,0.028,27568000.0,45406000.0,78600000.0,0.0,,,8.651,70704000.0,0.0,1.531,,0.244,84839000.0,67319000.0,863285000.0,863285000.0,2112000.0,,,,0.053,0.0,25456000.0,1.0,,137832000,145336000.0,6.263,299940000.0,3971000.0,13724000.0,8862000.0,2.176,115758000.0
101,JBL,MRT,1996-06-30,1996-05-31,1996-05-31,2021-10-22,,,,,,,,,,,,,,,,,,,,,,0.0,0.0,,,,,,,,,,,,,,,,,,1.0,,,,,,,,,,,,,,,,,,,,,,,,,,,,,,,,,,,,,,,,1.656,,,,,,,,,,,,,,1.0,,151144000,,,,,,,,
102,JBL,MRT,1996-03-31,1996-02-29,1996-02-29,2021-10-22,,,,,,,,,,,,,,,,,,,,,,0.0,0.0,,,,,,,,,,,,,,,,,,1.0,,,,,,,,,,,,,,,,,,,,,,,,,,,,,,,,,,,,,,,,0.969,,,,,,,,,,,,,,1.0,,150544000,,,,,,,,
103,JBL,MRT,1995-12-31,1995-11-30,1995-11-30,2021-10-22,,,,,,,,,,,,,,,,,,,,,,0.0,0.0,,,,,,,,,,,,,,,,,,1.0,,,,,,,,,,,,,,,,,,,,,,,,,,,,,,,,,,,,,,,,2.594,,,,,,,,,,,,,,1.0,,135736000,,,,,,,,
104,JBL,MRT,1995-09-30,1995-08-31,1995-08-31,2021-10-22,,,,,,,,-25424000.0,,,523338000.0,7280000.0,,,,,,,,11991000.0,,0.0,0.0,16419000.0,28410000.0,0.051,28410000.0,16419000.0,10072000.0,0.058,0.058,0.058,,,,,,,-38472000.0,-0.309,1.0,36136000.0,0.065,,6347000.0,,,,,,,,,,,3688000.0,0.0,735000.0,38750000.0,0.0,42160000.0,-25424000.0,0.0,-13048000.0,0.0,7280000.0,7280000.0,7280000.0,0.0,0.0,0.013,19717000.0,16419000.0,,0.0,,,29.095,,0.0,1.688,,0.375,,,559474000.0,559474000.0,1819000.0,,,,0.029,0.0,17898000.0,1.0,,124400000,124400000.0,4.497,,,2792000.0,,,
