None,ticker,dimension,calendardate,datekey,reportperiod,lastupdated,accoci,assets,assetsavg,assetsc,assetsnc,assetturnover,bvps,capex,cashneq,cashnequsd,cor,consolinc,currentratio,de,debt,debtc,debtnc,debtusd,deferredrev,depamor,deposits,divyield,dps,ebit,ebitda,ebitdamargin,ebitdausd,ebitusd,ebt,eps,epsdil,epsusd,equity,equityavg,equityusd,ev,evebit,evebitda,fcf,fcfps,fxusd,gp,grossmargin,intangibles,intexp,invcap,invcapavg,inventory,investments,investmentsc,investmentsnc,liabilities,liabilitiesc,liabilitiesnc,marketcap,ncf,ncfbus,ncfcommon,ncfdebt,ncfdiv,ncff,ncfi,ncfinv,ncfo,ncfx,netinc,netinccmn,netinccmnusd,netincdis,netincnci,netmargin,opex,opinc,payables,payoutratio,pb,pe,pe1,ppnenet,prefdivis,price,ps,ps1,receivables,retearn,revenue,revenueusd,rnd,roa,roe,roic,ros,sbcomp,sgna,sharefactor,sharesbas,shareswa,shareswadil,sps,tangibles,taxassets,taxexp,taxliabilities,tbvps,workingcapital
0,MJN,MRY,2016-12-31,2016-12-31,2016-12-31,2019-05-17,-411400000.0,4087700000.0,4081700000.0,2706600000.0,1381100000.0,0.917,-2.764,-148700000.0,1795400000.0,1795400000.0,1341000000.0,549300000.0,2.175,-8.894,2980100000.0,3900000.0,2976200000.0,2980100000.0,12400000.0,99600000.0,0.0,0.023,1.65,814300000.0,913900000.0,0.244,913900000.0,814300000.0,708900000.0,2.93,2.92,2.93,-512700000.0,-547175000.0,-512700000.0,14238030685.0,17.0,15.579,542900000.0,2.927,1.0,2401700000.0,0.642,154900000.0,105400000.0,3873300000.0,3938625000.0,473500000.0,0.0,0.0,0.0,4559800000.0,1244200000.0,3315600000.0,13071030685.0,94000000.0,0.0,-100400000.0,1200000.0,-308800000.0,-399600000.0,-148700000.0,0.0,691600000.0,-49300000.0,544900000.0,544900000.0,544900000.0,0.0,4400000.0,0.146,1583000000.0,818700000.0,515800000.0,0.563,-25.495,23.988,24.15,948600000.0,0.0,70.76,3.492,3.507,369000000.0,773400000.0,3742700000.0,3742700000.0,97400000.0,0.133,-0.996,0.207,0.218,34600000.0,1393500000.0,1.0,184723441.0,185500000.0,185800000.0,20.176,3932800000.0,151400000.0,164000000.0,30200000.0,21.201,1462400000.0
1,MJN,MRY,2015-12-31,2015-12-31,2015-12-31,2019-05-17,-347800000.0,3998100000.0,3904950000.0,2602400000.0,1395700000.0,1.043,-3.177,-173200000.0,1701400000.0,1701400000.0,1455300000.0,655300000.0,2.076,-7.26,2984000000.0,3000000.0,2981000000.0,2984000000.0,35500000.0,99100000.0,0.0,0.021,1.649,934400000.0,1033500000.0,0.254,1033500000.0,934400000.0,869400000.0,3.28,3.27,3.28,-632300000.0,285950000.0,-632300000.0,16040950745.0,17.0,15.521,736700000.0,3.702,1.0,2616000000.0,0.643,180900000.0,65000000.0,3846500000.0,2941525000.0,484900000.0,0.0,0.0,0.0,4590600000.0,1253300000.0,3337300000.0,15563650745.0,403700000.0,0.0,-1437000000.0,1487800000.0,-326000000.0,-286800000.0,-173200000.0,0.0,909900000.0,-46200000.0,653500000.0,653500000.0,653500000.0,0.0,1800000.0,0.161,1679800000.0,936200000.0,481500000.0,0.503,-24.614,23.816,24.07,964000000.0,0.0,78.95,3.823,3.859,342500000.0,640400000.0,4071300000.0,4071300000.0,108400000.0,0.167,2.285,0.318,0.23,26400000.0,1532400000.0,1.0,197133005.0,199000000.0,199400000.0,20.459,3817200000.0,131700000.0,215900000.0,74400000.0,19.182,1349100000.0
2,MJN,MRY,2014-12-31,2014-12-31,2014-12-31,2019-05-17,-198900000.0,3763800000.0,3777325000.0,2331300000.0,1432500000.0,1.167,2.842,-186400000.0,1297700000.0,1297700000.0,1700600000.0,728800000.0,1.934,5.422,1496900000.0,4100000.0,1492800000.0,1496900000.0,34300000.0,91600000.0,0.0,0.015,1.5,979300000.0,1070900000.0,0.243,1070900000.0,979300000.0,919000000.0,3.55,3.54,3.55,574300000.0,465900000.0,574300000.0,20614903640.0,21.0,19.25,607000000.0,3.003,1.0,2708700000.0,0.614,238100000.0,60300000.0,2519600000.0,2371000000.0,555500000.0,0.0,0.0,0.0,3114000000.0,1205300000.0,1908700000.0,20312103640.0,246900000.0,0.0,-54100000.0,-5400000.0,-296600000.0,-325500000.0,-182400000.0,4000000.0,793400000.0,-38600000.0,719800000.0,719800000.0,719800000.0,0.0,9000000.0,0.163,1720400000.0,988300000.0,512300000.0,0.423,35.368,28.219,28.321,912700000.0,0.0,100.54,4.607,4.608,387800000.0,1775000000.0,4409300000.0,4409300000.0,115100000.0,0.191,1.545,0.413,0.222,30400000.0,1617600000.0,1.0,202030074.0,202100000.0,202700000.0,21.817,3525700000.0,158100000.0,199200000.0,57200000.0,17.445,1126000000.0
3,MJN,MRY,2013-12-31,2013-12-31,2013-12-31,2019-05-17,-69200000.0,3474100000.0,3346025000.0,2118100000.0,1356000000.0,1.255,1.442,-237800000.0,1050800000.0,1050800000.0,1528500000.0,689200000.0,1.189,10.706,1516700000.0,507600000.0,1009100000.0,1516700000.0,46600000.0,83100000.0,0.0,0.016,1.36,969500000.0,1052600000.0,0.251,1052600000.0,969500000.0,918900000.0,3.37,3.36,3.37,291800000.0,180900000.0,291800000.0,17452473567.0,18.0,16.58,568800000.0,2.81,1.0,2672200000.0,0.636,294300000.0,50600000.0,1864400000.0,2178900000.0,534800000.0,0.0,0.0,0.0,3123900000.0,1781300000.0,1342600000.0,16918273567.0,8700000.0,0.0,-87100000.0,-186100000.0,-267700000.0,-545700000.0,-240500000.0,-2700000.0,806600000.0,-11700000.0,683800000.0,683800000.0,683800000.0,0.0,5400000.0,0.163,1697300000.0,974900000.0,566800000.0,0.404,57.979,24.742,24.855,867500000.0,0.0,83.76,4.027,4.036,384400000.0,1432300000.0,4200700000.0,4200700000.0,100200000.0,0.204,3.78,0.445,0.231,32600000.0,1548600000.0,1.0,201985119.0,202400000.0,203100000.0,20.754,3179800000.0,128200000.0,235100000.0,71400000.0,15.71,336800000.0
4,MJN,MRY,2012-12-31,2012-12-31,2012-12-31,2019-05-17,-187000000.0,3258200000.0,3057525000.0,2015000000.0,1243200000.0,1.276,0.092,-122900000.0,1042100000.0,1042100000.0,1503800000.0,588300000.0,1.471,170.743,1710200000.0,187000000.0,1523200000.0,1710200000.0,36100000.0,76900000.0,0.0,0.018,1.2,827400000.0,904300000.0,0.232,904300000.0,827400000.0,762400000.0,2.84,2.83,2.84,18700000.0,-11900000.0,18700000.0,14153297067.0,17.0,15.651,569800000.0,2.799,1.0,2397500000.0,0.615,400500000.0,65000000.0,2155900000.0,2209775000.0,435900000.0,0.0,0.0,0.0,3192900000.0,1369900000.0,1823000000.0,13377197067.0,201800000.0,-106100000.0,-154900000.0,108400000.0,-236700000.0,-267500000.0,-228800000.0,-6300000.0,692700000.0,5400000.0,580400000.0,580400000.0,580400000.0,0.0,7900000.0,0.149,1562200000.0,835300000.0,508500000.0,0.423,715.358,23.048,23.201,689900000.0,0.0,65.89,3.429,3.439,364600000.0,1124800000.0,3901300000.0,3901300000.0,100100000.0,0.19,-48.773,0.374,0.212,32200000.0,1457300000.0,1.0,203023176.0,203600000.0,204300000.0,19.162,2857700000.0,136900000.0,182000000.0,57700000.0,14.036,645100000.0
5,MJN,MRY,2011-12-31,2011-12-31,2011-12-31,2019-05-17,-133100000.0,2766800000.0,2584575000.0,1889700000.0,877100000.0,1.423,-0.877,-107900000.0,840300000.0,840300000.0,1362300000.0,519000000.0,1.575,-16.386,1531900000.0,0.0,1531900000.0,1531900000.0,47000000.0,75300000.0,0.0,0.015,1.04,763600000.0,838900000.0,0.228,838900000.0,763600000.0,711400000.0,2.48,2.47,2.48,-179100000.0,-197650000.0,-179100000.0,14763793583.0,19.0,17.599,524900000.0,2.569,1.0,2314700000.0,0.63,209100000.0,52200000.0,2049200000.0,2086300000.0,534900000.0,0.0,0.0,0.0,2934800000.0,1200100000.0,1734700000.0,13990993583.0,244700000.0,0.0,-87700000.0,-1200000.0,-205700000.0,-275200000.0,-112600000.0,-4700000.0,632800000.0,-300000.0,508500000.0,508500000.0,508500000.0,0.0,10500000.0,0.138,1540600000.0,774100000.0,488100000.0,0.419,-78.118,27.514,27.714,576100000.0,0.0,68.73,3.805,3.819,352600000.0,770000000.0,3677000000.0,3677000000.0,92500000.0,0.197,-2.573,0.366,0.208,39900000.0,1428500000.0,1.0,203564580.0,204300000.0,205000000.0,17.998,2557700000.0,138300000.0,202900000.0,87800000.0,12.519,689600000.0
6,MJN,MRY,2010-12-31,2010-12-31,2010-12-31,2019-05-17,-64600000.0,2293100000.0,2134850000.0,1449000000.0,844100000.0,1.472,-1.795,-169100000.0,595600000.0,595600000.0,1149600000.0,458200000.0,1.484,-7.217,1533700000.0,1200000.0,1532500000.0,1533700000.0,37000000.0,64700000.0,0.0,0.014,0.9,677400000.0,742100000.0,0.236,742100000.0,677400000.0,628800000.0,2.2,2.2,2.2,-367400000.0,-477625000.0,-367400000.0,13784576978.0,20.0,18.575,345100000.0,1.686,1.0,1992000000.0,0.634,197800000.0,48600000.0,2057300000.0,2053925000.0,356700000.0,0.0,0.0,0.0,2651400000.0,976100000.0,1675300000.0,12734876978.0,34500000.0,0.0,-2000000.0,-135800000.0,-179600000.0,-306400000.0,-174600000.0,-5500000.0,514200000.0,1300000.0,452700000.0,452700000.0,452700000.0,0.0,5500000.0,0.144,1309100000.0,682900000.0,365800000.0,0.409,-34.662,28.131,28.295,550500000.0,0.0,62.25,4.054,4.056,352000000.0,474000000.0,3141600000.0,3141600000.0,78500000.0,0.212,-0.948,0.33,0.216,19700000.0,1201400000.0,1.0,204576337.0,204700000.0,204700000.0,15.347,2095300000.0,126900000.0,176100000.0,80800000.0,10.236,472900000.0
7,MJN,MRY,2009-12-31,2009-12-31,2009-12-31,2019-05-17,-85600000.0,2070300000.0,1917125000.0,1336100000.0,734200000.0,1.474,-3.364,-93200000.0,561100000.0,561100000.0,974700000.0,410600000.0,1.214,-4.052,1604900000.0,120000000.0,1484900000.0,1604900000.0,22700000.0,58900000.0,0.0,0.016,0.7,668600000.0,727500000.0,0.257,727500000.0,668600000.0,576000000.0,1.99,1.99,1.99,-674900000.0,-777225000.0,-674900000.0,10125050000.0,15.0,13.918,483400000.0,2.41,1.0,1851800000.0,0.655,168000000.0,92600000.0,1845900000.0,2136950000.0,309900000.0,30000000.0,30000000.0,0.0,2734600000.0,1100200000.0,1634400000.0,8936650000.0,561100000.0,0.0,782300000.0,-762800000.0,-102300000.0,49100000.0,-81300000.0,0.0,576600000.0,16700000.0,399600000.0,399600000.0,399600000.0,0.0,11000000.0,0.141,1172200000.0,679600000.0,361300000.0,0.352,-13.241,22.364,21.96,501400000.0,0.0,43.7,3.162,3.101,317600000.0,206100000.0,2826500000.0,2826500000.0,71900000.0,0.208,-0.514,0.313,0.237,17700000.0,1067200000.0,1.0,204500000.0,200600000.0,200600000.0,14.09,1902300000.0,111000000.0,176400000.0,88300000.0,9.483,235900000.0
8,MJN,MRY,2008-12-31,2008-12-31,2008-12-31,2019-05-17,-1400900000.0,1361400000.0,1331650000.0,717100000.0,644300000.0,2.165,-8.241,-79400000.0,0.0,0.0,1079800000.0,401000000.0,1.098,-1.968,2000000000.0,0.0,2000000000.0,2000000000.0,24500000.0,52100000.0,0.0,,0.0,688600000.0,740700000.0,0.257,740700000.0,688600000.0,645300000.0,2.32,2.32,2.32,-1400900000.0,-385050000.0,-1400900000.0,,,,409600000.0,2.409,1.0,1802600000.0,0.625,156700000.0,43300000.0,2551900000.0,1570550000.0,354300000.0,0.0,0.0,0.0,2756900000.0,652800000.0,2104100000.0,,0.0,0.0,0.0,0.0,0.0,-409600000.0,-79400000.0,0.0,489000000.0,0.0,393900000.0,393900000.0,393900000.0,0.0,7100000.0,0.137,1106900000.0,695700000.0,241600000.0,0.0,,,,453600000.0,0.0,,,,262700000.0,0.0,2882400000.0,2882400000.0,72800000.0,0.296,-1.023,0.438,0.239,9200000.0,1021000000.0,1.0,204500000.0,170000000.0,170000000.0,16.955,1204700000.0,77400000.0,251400000.0,91900000.0,7.086,64300000.0
9,MJN,MRY,2007-12-31,2007-12-31,2007-12-31,2019-05-17,0.0,1301900000.0,1253100000.0,687500000.0,614400000.0,2.056,3.711,-77200000.0,0.0,0.0,948700000.0,429600000.0,1.222,1.053,0.0,0.0,0.0,0.0,22700000.0,51000000.0,0.0,,0.0,656100000.0,707100000.0,0.274,707100000.0,656100000.0,656100000.0,2.49,2.49,2.49,630800000.0,608300000.0,630800000.0,,,,401500000.0,2.362,1.0,1627700000.0,0.632,150000000.0,0.0,589200000.0,559350000.0,301200000.0,0.0,0.0,0.0,664100000.0,562700000.0,101400000.0,,0.0,0.0,0.0,0.0,0.0,-404500000.0,-74200000.0,0.0,478700000.0,0.0,422500000.0,422500000.0,422500000.0,0.0,7100000.0,0.164,964500000.0,663200000.0,166500000.0,0.0,,,,439700000.0,0.0,,,,283000000.0,,2576400000.0,2576400000.0,67200000.0,0.337,0.695,1.173,0.255,6900000.0,893700000.0,1.0,,170000000.0,170000000.0,15.155,1151900000.0,73600000.0,233600000.0,81300000.0,6.776,124800000.0
10,MJN,MRY,2006-12-31,2006-12-31,2006-12-31,2019-05-17,0.0,1204300000.0,,624100000.0,580200000.0,,3.446,-63000000.0,0.0,0.0,850400000.0,398200000.0,1.178,1.045,0.0,0.0,0.0,0.0,15800000.0,49500000.0,0.0,,0.0,628300000.0,677800000.0,0.289,677800000.0,628300000.0,628300000.0,2.34,2.34,2.34,585800000.0,,585800000.0,,,,288800000.0,1.699,1.0,1494700000.0,0.637,144900000.0,0.0,529500000.0,,254500000.0,0.0,0.0,0.0,611900000.0,529900000.0,82000000.0,,0.0,0.0,0.0,0.0,0.0,-288800000.0,-63000000.0,0.0,351800000.0,0.0,398200000.0,398200000.0,398200000.0,0.0,0.0,0.17,859900000.0,634800000.0,121000000.0,0.0,,,,409500000.0,0.0,,,,276300000.0,,2345100000.0,2345100000.0,62000000.0,,,,0.268,6100000.0,794900000.0,1.0,,170000000.0,170000000.0,13.795,1059400000.0,76600000.0,230100000.0,76200000.0,6.232,94200000.0
11,MJN,MRY,2005-12-31,2005-12-31,2005-12-31,2019-05-17,,,,,,,,-54700000.0,,,781300000.0,389800000.0,,,,,,,,53800000.0,,,0.0,612300000.0,666100000.0,0.303,666100000.0,612300000.0,612300000.0,,,,,,,,,,379700000.0,,1.0,1420500000.0,0.645,,0.0,,,,,,,,,,,0.0,0.0,0.0,0.0,0.0,-379700000.0,-54700000.0,0.0,434400000.0,0.0,389800000.0,389800000.0,389800000.0,0.0,0.0,0.177,802100000.0,618400000.0,,,,,,,0.0,,,,,,2201800000.0,2201800000.0,50800000.0,,,,0.278,900000.0,748900000.0,,,,,,,,222500000.0,,,
0,MJN,MRQ,2017-03-31,2017-03-31,2017-03-31,2019-05-17,-383300000.0,4227100000.0,,2817300000.0,1409800000.0,,-2.349,-48400000.0,1876900000.0,1876900000.0,330200000.0,117600000.0,2.153,-10.717,2977800000.0,4500000.0,2973300000.0,2977800000.0,10900000.0,25800000.0,0.0,0.019,0.412,157400000.0,183200000.0,0.207,183200000.0,157400000.0,130300000.0,0.65,0.65,0.65,-431100000.0,,-431100000.0,17524574027.0,21.0,18.923,148000000.0,0.807,1.0,553300000.0,0.626,157000000.0,27100000.0,3862200000.0,,498500000.0,0.0,0.0,0.0,4619900000.0,1308800000.0,3311100000.0,16339874027.0,81500000.0,0.0,0.0,600000.0,-75900000.0,-74600000.0,-48400000.0,0.0,196400000.0,8100000.0,119900000.0,119900000.0,119900000.0,0.0,-2300000.0,0.136,398200000.0,155100000.0,536000000.0,0.634,-37.903,27.596,27.925,963600000.0,0.0,89.08,4.459,4.461,355000000.0,812400000.0,883500000.0,883500000.0,21400000.0,,,,,0.0,354000000.0,1.0,183429210.0,183500000.0,183900000.0,4.815,4070100000.0,174500000.0,10400000.0,55900000.0,22.18,1508500000.0
1,MJN,MRQ,2016-12-31,2016-12-31,2016-12-31,2019-05-17,-411400000.0,4087700000.0,,2706600000.0,1381100000.0,,-2.786,-38700000.0,1795400000.0,1795400000.0,326500000.0,168200000.0,2.175,-8.894,2980100000.0,3900000.0,2976200000.0,2980100000.0,12400000.0,25200000.0,0.0,0.023,0.412,225600000.0,250800000.0,0.278,250800000.0,225600000.0,199100000.0,0.91,0.9,0.91,-512700000.0,,-512700000.0,14238030685.0,17.0,15.579,142200000.0,0.773,1.0,575100000.0,0.638,154900000.0,26500000.0,3873300000.0,,473500000.0,0.0,0.0,0.0,4559800000.0,1244200000.0,3315600000.0,13071030685.0,-47800000.0,0.0,-100000000.0,2100000.0,-76500000.0,-173700000.0,-38700000.0,0.0,180900000.0,-16300000.0,167800000.0,167800000.0,167800000.0,0.0,400000.0,0.186,349100000.0,226000000.0,515800000.0,0.453,-25.495,23.988,24.15,948600000.0,0.0,70.76,3.492,3.507,369000000.0,773400000.0,901600000.0,901600000.0,22500000.0,,,,,34600000.0,317800000.0,1.0,184723441.0,184000000.0,184300000.0,4.9,3932800000.0,151400000.0,31300000.0,30200000.0,21.374,1462400000.0
2,MJN,MRQ,2016-09-30,2016-09-30,2016-09-30,2019-05-17,-377000000.0,4193700000.0,,2805700000.0,1388000000.0,,-2.591,-29400000.0,1843200000.0,1843200000.0,333700000.0,148600000.0,2.245,-9.681,3010200000.0,1800000.0,3008400000.0,3010200000.0,19000000.0,25100000.0,0.0,0.021,0.412,228900000.0,254000000.0,0.271,254000000.0,228900000.0,202600000.0,0.8,0.8,0.8,-478500000.0,,-478500000.0,15899591788.0,20.0,18.035,205200000.0,1.111,1.0,603800000.0,0.644,160000000.0,26300000.0,3950700000.0,,476000000.0,0.0,0.0,0.0,4632400000.0,1250000000.0,3382400000.0,14589891788.0,127200000.0,0.0,-400000.0,-1900000.0,-77500000.0,-77000000.0,-29400000.0,0.0,234600000.0,-1000000.0,149300000.0,149300000.0,149300000.0,0.0,-700000.0,0.159,375600000.0,228200000.0,474800000.0,0.515,-30.491,28.885,29.155,929600000.0,0.0,79.01,3.831,3.832,397200000.0,782200000.0,937500000.0,937500000.0,23100000.0,,,,,0.0,352300000.0,1.0,184658800.0,184700000.0,185000000.0,5.076,4033700000.0,160600000.0,53300000.0,34200000.0,21.839,1555700000.0
3,MJN,MRQ,2016-06-30,2016-06-30,2016-06-30,2019-05-17,-374100000.0,4028600000.0,,2619900000.0,1408700000.0,,-3.011,-25100000.0,1716000000.0,1716000000.0,333200000.0,155800000.0,2.258,-8.091,3025700000.0,3800000.0,3021900000.0,3025700000.0,10300000.0,24400000.0,0.0,0.018,0.412,213700000.0,238100000.0,0.253,238100000.0,213700000.0,187300000.0,0.83,0.83,0.83,-562100000.0,,-562100000.0,18253150922.0,23.0,20.771,90900000.0,0.487,1.0,608300000.0,0.646,164700000.0,26400000.0,4013100000.0,,465800000.0,0.0,0.0,0.0,4548000000.0,1160500000.0,3387500000.0,16939750922.0,13700000.0,0.0,0.0,800000.0,-77400000.0,-71900000.0,-25100000.0,0.0,116000000.0,-5300000.0,155100000.0,155100000.0,155100000.0,0.0,700000.0,0.165,393900000.0,214400000.0,456300000.0,0.496,-30.137,33.15,33.862,925400000.0,0.0,90.75,4.402,4.403,359500000.0,709800000.0,941500000.0,941500000.0,26400000.0,,,,,0.0,372700000.0,1.0,186663922.0,186700000.0,187000000.0,5.043,3863900000.0,155300000.0,32200000.0,28300000.0,20.696,1459400000.0
4,MJN,MRQ,2016-03-31,2016-03-31,2016-03-31,2019-05-17,-354200000.0,4016800000.0,,2634400000.0,1382400000.0,,-3.405,-55500000.0,1702300000.0,1702300000.0,347600000.0,76700000.0,2.121,-7.254,3015700000.0,3100000.0,3012600000.0,3015700000.0,13400000.0,24900000.0,0.0,0.019,0.412,146100000.0,171000000.0,0.178,171000000.0,146100000.0,119900000.0,0.39,0.39,0.39,-635400000.0,,-635400000.0,17125604197.0,22.0,19.137,104600000.0,0.561,1.0,614500000.0,0.639,170500000.0,26200000.0,3917400000.0,,486900000.0,0.0,0.0,0.0,4609200000.0,1242300000.0,3366900000.0,15843004197.0,900000.0,0.0,0.0,200000.0,-77400000.0,-77000000.0,-55500000.0,0.0,160100000.0,-26700000.0,72700000.0,72700000.0,72700000.0,0.0,4000000.0,0.076,464400000.0,150100000.0,473900000.0,1.056,-24.934,30.538,32.064,927000000.0,0.0,84.97,4.022,4.025,368200000.0,632300000.0,962100000.0,962100000.0,25400000.0,,,,,0.0,350700000.0,1.0,186454092.0,186600000.0,186700000.0,5.156,3846300000.0,134300000.0,47200000.0,77900000.0,20.613,1392100000.0
5,MJN,MRQ,2015-12-31,2015-12-31,2015-12-31,2019-05-17,-347800000.0,3998100000.0,,2602400000.0,1395700000.0,,-3.338,-48400000.0,1701400000.0,1701400000.0,358600000.0,131000000.0,2.076,-7.26,2984000000.0,3000000.0,2981000000.0,2984000000.0,35500000.0,25700000.0,0.0,0.021,0.412,192800000.0,218500000.0,0.226,218500000.0,192800000.0,170300000.0,0.69,0.68,0.69,-632300000.0,,-632300000.0,16040950745.0,17.0,15.521,252600000.0,1.334,1.0,608400000.0,0.629,180900000.0,22500000.0,3846500000.0,,484900000.0,0.0,0.0,0.0,4590600000.0,1253300000.0,3337300000.0,15563650745.0,337900000.0,0.0,-1000000000.0,1168300000.0,-82400000.0,87200000.0,-48400000.0,0.0,301000000.0,-1900000.0,128000000.0,128000000.0,128000000.0,0.0,3000000.0,0.132,412600000.0,195800000.0,481500000.0,0.597,-24.614,23.816,24.07,964000000.0,0.0,78.95,3.823,3.859,342500000.0,640400000.0,967000000.0,967000000.0,28500000.0,,,,,26400000.0,362200000.0,1.0,197133005.0,189400000.0,189800000.0,5.106,3817200000.0,131700000.0,42300000.0,74400000.0,20.154,1349100000.0
6,MJN,MRQ,2015-09-30,2015-09-30,2015-09-30,2019-05-17,-305100000.0,3777900000.0,,2435200000.0,1342700000.0,,1.745,-45200000.0,1363500000.0,1363500000.0,346800000.0,154600000.0,2.04,9.632,1840800000.0,1500000.0,1839300000.0,1840800000.0,20900000.0,24600000.0,0.0,0.023,0.412,226600000.0,251200000.0,0.257,251200000.0,226600000.0,211800000.0,0.77,0.77,0.77,351500000.0,,351500000.0,14304943130.0,15.0,13.621,107200000.0,0.532,1.0,630700000.0,0.645,212000000.0,14800000.0,2849600000.0,,518600000.0,0.0,0.0,0.0,3385700000.0,1193600000.0,2192100000.0,14272843130.0,-111600000.0,0.0,-437000000.0,322500000.0,-83800000.0,-192400000.0,-45200000.0,0.0,152400000.0,-26400000.0,155200000.0,155200000.0,155200000.0,0.0,-600000.0,0.159,404700000.0,226000000.0,450100000.0,0.535,40.606,20.87,20.89,933200000.0,0.0,70.4,3.4,3.377,368900000.0,2026400000.0,977500000.0,977500000.0,26300000.0,,,,,0.0,372200000.0,1.0,202739249.0,201400000.0,201700000.0,4.854,3565900000.0,163000000.0,56600000.0,81500000.0,17.706,1241600000.0
7,MJN,MRQ,2015-06-30,2015-06-30,2015-06-30,2019-05-17,-256100000.0,3959100000.0,,2616700000.0,1342400000.0,,3.735,-33700000.0,1475100000.0,1475100000.0,356400000.0,162600000.0,2.128,4.175,1507200000.0,1000000.0,1506200000.0,1507200000.0,13200000.0,24700000.0,0.0,0.017,0.412,229500000.0,254200000.0,0.246,254200000.0,229500000.0,215600000.0,0.8,0.8,0.8,757100000.0,,757100000.0,18352300173.0,19.0,17.24,148300000.0,0.732,1.0,676000000.0,0.655,223200000.0,13900000.0,2538300000.0,,573300000.0,0.0,0.0,0.0,3161000000.0,1229700000.0,1931300000.0,18274300173.0,41200000.0,0.0,0.0,1000000.0,-83800000.0,-101300000.0,-33700000.0,0.0,182000000.0,-5800000.0,162900000.0,162900000.0,162900000.0,0.0,-300000.0,0.158,446800000.0,229200000.0,521700000.0,0.515,24.137,25.512,25.558,908200000.0,0.0,90.22,4.238,4.241,367300000.0,1954600000.0,1032400000.0,1032400000.0,27700000.0,,,,,0.0,420400000.0,1.0,202552651.0,202700000.0,203100000.0,5.093,3735900000.0,168700000.0,52700000.0,58500000.0,18.431,1387000000.0
8,MJN,MRQ,2015-03-31,2015-03-31,2015-03-31,2019-05-17,-231800000.0,3884700000.0,,2538900000.0,1345800000.0,,3.298,-45900000.0,1433900000.0,1433900000.0,393500000.0,207100000.0,2.116,4.699,1511900000.0,0.0,1511900000.0,1511900000.0,14800000.0,24100000.0,0.0,0.015,0.412,285500000.0,309600000.0,0.283,309600000.0,285500000.0,271700000.0,1.02,1.02,1.02,667500000.0,,667500000.0,20547743484.0,21.0,19.155,228600000.0,1.129,1.0,700900000.0,0.64,231000000.0,13800000.0,2531700000.0,,549900000.0,0.0,0.0,0.0,3136500000.0,1200000000.0,1936500000.0,20337443484.0,136200000.0,0.0,0.0,-4000000.0,-76000000.0,-80300000.0,-45900000.0,0.0,274500000.0,-12100000.0,207400000.0,207400000.0,207400000.0,0.0,-300000.0,0.19,415700000.0,285200000.0,494300000.0,0.404,30.468,28.059,28.081,899200000.0,0.0,100.53,4.632,4.634,381900000.0,1885300000.0,1094400000.0,1094400000.0,25900000.0,,,,,0.0,377600000.0,1.0,202302233.0,202400000.0,202900000.0,5.407,3653700000.0,157100000.0,64300000.0,66300000.0,18.052,1338900000.0
9,MJN,MRQ,2014-12-31,2014-12-31,2014-12-31,2019-05-17,-198900000.0,3763800000.0,,2331300000.0,1432500000.0,,2.842,-42600000.0,1297700000.0,1297700000.0,430200000.0,156600000.0,1.934,5.422,1496900000.0,4100000.0,1492800000.0,1496900000.0,34300000.0,23800000.0,0.0,0.015,0.375,211400000.0,235200000.0,0.215,235200000.0,211400000.0,197100000.0,0.78,0.77,0.78,574300000.0,,574300000.0,20614903640.0,21.0,19.25,186200000.0,0.921,1.0,664000000.0,0.607,238100000.0,14300000.0,2519600000.0,,555500000.0,0.0,0.0,0.0,3114000000.0,1205300000.0,1908700000.0,20312103640.0,102500000.0,0.0,-4400000.0,2600000.0,-75900000.0,-62100000.0,-42600000.0,0.0,228800000.0,-21600000.0,158400000.0,158400000.0,158400000.0,0.0,-1800000.0,0.145,454400000.0,209600000.0,512300000.0,0.481,35.368,28.219,28.321,912700000.0,0.0,100.54,4.607,4.608,387800000.0,1775000000.0,1094200000.0,1094200000.0,32600000.0,,,,,30400000.0,413000000.0,1.0,202030074.0,202100000.0,203000000.0,5.414,3525700000.0,158100000.0,38700000.0,57200000.0,17.445,1126000000.0
10,MJN,MRQ,2014-09-30,2014-09-30,2014-09-30,2019-05-17,-161000000.0,3691800000.0,,2336800000.0,1355000000.0,,2.519,-49300000.0,1195200000.0,1195200000.0,437900000.0,188300000.0,1.889,6.1,1498000000.0,1200000.0,1496800000.0,1498000000.0,13900000.0,23600000.0,0.0,0.015,0.375,241900000.0,265500000.0,0.243,265500000.0,241900000.0,223600000.0,0.93,0.92,0.93,509300000.0,,509300000.0,19873873936.0,21.0,18.802,211300000.0,1.045,1.0,652800000.0,0.599,248300000.0,18300000.0,2509200000.0,,559100000.0,0.0,0.0,0.0,3106900000.0,1237100000.0,1869800000.0,19452373936.0,-391100000.0,0.0,-22900000.0,-502200000.0,-76000000.0,-594200000.0,-49300000.0,0.0,260600000.0,-8200000.0,187600000.0,187600000.0,187600000.0,0.0,700000.0,0.172,410200000.0,242600000.0,519400000.0,0.403,38.194,27.248,27.258,897400000.0,0.0,96.22,4.445,4.446,412100000.0,1748200000.0,1090700000.0,1090700000.0,28700000.0,,,,,0.0,399100000.0,1.0,202165599.0,202200000.0,202700000.0,5.394,3443500000.0,161200000.0,36000000.0,76400000.0,17.03,1099700000.0
11,MJN,MRQ,2014-06-30,2014-06-30,2014-06-30,2019-05-17,-135100000.0,4112500000.0,,2772200000.0,1340300000.0,,2.147,-31800000.0,1586300000.0,1586300000.0,426800000.0,176100000.0,1.59,8.312,2007800000.0,505700000.0,1502100000.0,2007800000.0,11900000.0,22200000.0,0.0,0.015,0.375,240200000.0,262400000.0,0.236,262400000.0,240200000.0,224900000.0,0.85,0.84,0.85,434100000.0,,434100000.0,19253819797.0,20.0,18.092,74600000.0,0.369,1.0,684300000.0,0.616,257800000.0,15300000.0,2532500000.0,,574700000.0,0.0,0.0,0.0,3608300000.0,1743700000.0,1864600000.0,18829719797.0,496300000.0,0.0,-4300000.0,494400000.0,-75900000.0,418400000.0,-31800000.0,0.0,106400000.0,3300000.0,171400000.0,171400000.0,171400000.0,0.0,4700000.0,0.154,439400000.0,244900000.0,543000000.0,0.441,43.376,26.992,27.006,884700000.0,0.0,93.17,4.347,4.349,418200000.0,1641900000.0,1111100000.0,1111100000.0,26700000.0,,,,,0.0,416900000.0,1.0,202100674.0,202200000.0,202700000.0,5.495,3854700000.0,175600000.0,53500000.0,82900000.0,19.064,1028500000.0
12,MJN,MRQ,2014-03-31,2014-03-31,2014-03-31,2019-05-17,-121400000.0,3541200000.0,,2238400000.0,1302800000.0,,1.713,-62700000.0,1090000000.0,1090000000.0,405700000.0,207800000.0,1.257,9.045,1514100000.0,505400000.0,1008700000.0,1514100000.0,22100000.0,22000000.0,0.0,0.017,0.375,285800000.0,307800000.0,0.276,307800000.0,285800000.0,273400000.0,1.0,1.0,1.0,345900000.0,,345900000.0,17231976917.0,18.0,16.123,134900000.0,0.668,1.0,707600000.0,0.636,261700000.0,12400000.0,1922700000.0,,570900000.0,0.0,0.0,0.0,3128700000.0,1780900000.0,1347800000.0,16766076917.0,39200000.0,0.0,-22500000.0,-200000.0,-68800000.0,-87600000.0,-58700000.0,4000000.0,197600000.0,-12100000.0,202400000.0,202400000.0,202400000.0,0.0,5400000.0,0.182,416400000.0,291200000.0,549500000.0,0.375,48.471,24.013,24.099,872300000.0,0.0,83.14,3.921,3.926,397200000.0,1549900000.0,1113300000.0,1113300000.0,27100000.0,,,,,0.0,388600000.0,1.0,201660776.0,201900000.0,202400000.0,5.514,3279500000.0,143600000.0,71000000.0,93000000.0,16.243,457500000.0
13,MJN,MRQ,2013-12-31,2013-12-31,2013-12-31,2019-05-17,-69200000.0,3474100000.0,,2118100000.0,1356000000.0,,1.444,-62500000.0,1050800000.0,1050800000.0,399200000.0,156100000.0,1.189,10.706,1516700000.0,507600000.0,1009100000.0,1516700000.0,46600000.0,21000000.0,0.0,0.016,0.34,200300000.0,221300000.0,0.209,221300000.0,200300000.0,188600000.0,0.75,0.75,0.75,291800000.0,,291800000.0,17452473567.0,18.0,16.58,152100000.0,0.753,1.0,661500000.0,0.624,294300000.0,11700000.0,1864400000.0,,534800000.0,0.0,0.0,0.0,3123900000.0,1781300000.0,1342600000.0,16918273567.0,65600000.0,0.0,5400000.0,-300000.0,-68800000.0,-83400000.0,-62500000.0,0.0,214600000.0,-3100000.0,152500000.0,152500000.0,152500000.0,0.0,3600000.0,0.144,457600000.0,203900000.0,566800000.0,0.453,57.979,24.742,24.855,867500000.0,0.0,83.76,4.027,4.036,384400000.0,1432300000.0,1060700000.0,1060700000.0,29100000.0,,,,,32600000.0,424900000.0,1.0,201985119.0,202100000.0,203100000.0,5.248,3179800000.0,128200000.0,36100000.0,71400000.0,15.734,336800000.0
14,MJN,MRQ,2013-09-30,2013-09-30,2013-09-30,2019-05-17,-214700000.0,3355700000.0,,2080700000.0,1275000000.0,,1.039,-59900000.0,985200000.0,985200000.0,362300000.0,169700000.0,1.691,14.698,1519400000.0,2600000.0,1516800000.0,1519400000.0,23600000.0,20400000.0,0.0,0.018,0.34,252300000.0,272700000.0,0.261,272700000.0,252300000.0,240000000.0,0.85,0.84,0.85,210200000.0,,210200000.0,15599296121.0,17.0,15.469,132300000.0,0.654,1.0,684500000.0,0.654,316100000.0,12300000.0,2343400000.0,,499600000.0,0.0,0.0,0.0,3089500000.0,1230400000.0,1859100000.0,15029296121.0,-18700000.0,0.0,-31900000.0,-52200000.0,-69000000.0,-152100000.0,-61300000.0,-1400000.0,192200000.0,2500000.0,171300000.0,171300000.0,171300000.0,0.0,-1600000.0,0.164,433800000.0,250700000.0,509600000.0,0.4,71.5,23.432,23.426,785100000.0,0.0,74.26,3.647,3.645,405300000.0,1392600000.0,1046800000.0,1046800000.0,23800000.0,,,,,0.0,381100000.0,1.0,202387505.0,202300000.0,202800000.0,5.174,3039600000.0,165700000.0,68700000.0,97000000.0,15.025,850300000.0
15,MJN,MRQ,2013-06-30,2013-06-30,2013-06-30,2019-05-17,-216900000.0,3278800000.0,,2045500000.0,1233300000.0,,0.724,-38700000.0,1003900000.0,1003900000.0,382000000.0,173400000.0,1.646,20.982,1573900000.0,55000000.0,1518900000.0,1573900000.0,17000000.0,21600000.0,0.0,0.016,0.34,245400000.0,267000000.0,0.253,267000000.0,245400000.0,233000000.0,0.85,0.84,0.85,146700000.0,,146700000.0,16668193379.0,19.0,17.749,153200000.0,0.756,1.0,673300000.0,0.638,332300000.0,12400000.0,2273900000.0,,456100000.0,0.0,0.0,0.0,3078000000.0,1242600000.0,1835400000.0,16042093379.0,-13300000.0,0.0,-28500000.0,-67300000.0,-69000000.0,-156100000.0,-39300000.0,-600000.0,191900000.0,-9800000.0,172000000.0,172000000.0,172000000.0,0.0,1400000.0,0.163,426500000.0,246800000.0,522600000.0,0.4,109.353,26.281,26.322,739500000.0,0.0,79.23,4.015,4.017,384400000.0,1305600000.0,1055300000.0,1055300000.0,24800000.0,,,,,0.0,391000000.0,1.0,202474989.0,202600000.0,203200000.0,5.209,2946500000.0,162200000.0,61000000.0,78000000.0,14.543,802900000.0
16,MJN,MRQ,2013-03-31,2013-03-31,2013-03-31,2019-05-17,-207800000.0,3275500000.0,,2055900000.0,1219600000.0,,0.37,-76700000.0,1017200000.0,1017200000.0,385000000.0,190000000.0,1.561,42.023,1643300000.0,122200000.0,1521100000.0,1643300000.0,28300000.0,20100000.0,0.0,0.016,0.34,271500000.0,291600000.0,0.281,291600000.0,271500000.0,257300000.0,0.93,0.92,0.93,74900000.0,,74900000.0,16353340607.0,19.0,17.505,131200000.0,0.647,1.0,652900000.0,0.629,350800000.0,14200000.0,2233900000.0,,444000000.0,0.0,0.0,0.0,3147500000.0,1316900000.0,1830600000.0,15685240607.0,-24900000.0,0.0,-32100000.0,-66300000.0,-60900000.0,-154100000.0,-77400000.0,-700000.0,207900000.0,-1300000.0,188000000.0,188000000.0,188000000.0,0.0,2000000.0,0.181,379400000.0,273500000.0,511700000.0,0.366,209.416,25.96,26.077,716800000.0,0.0,77.45,3.968,3.972,413400000.0,1218600000.0,1037900000.0,1037900000.0,22500000.0,,,,,0.0,351600000.0,1.0,202520860.0,202700000.0,203200000.0,5.12,2924700000.0,136700000.0,69300000.0,81500000.0,14.429,739000000.0
17,MJN,MRQ,2012-12-31,2012-12-31,2012-12-31,2019-05-17,-187000000.0,3258200000.0,,2015000000.0,1243200000.0,,0.093,-38400000.0,1042100000.0,1042100000.0,400500000.0,108200000.0,1.471,170.743,1710200000.0,187000000.0,1523200000.0,1710200000.0,36100000.0,20200000.0,0.0,0.018,0.3,156900000.0,177100000.0,0.181,177100000.0,156900000.0,140900000.0,0.54,0.54,0.54,18700000.0,,18700000.0,14153297067.0,17.0,15.651,214200000.0,1.066,1.0,580600000.0,0.592,400500000.0,16000000.0,2155900000.0,,435900000.0,0.0,0.0,0.0,3192900000.0,1369900000.0,1823000000.0,13377197067.0,83700000.0,0.0,-46600000.0,-20000000.0,-61100000.0,-130800000.0,-40400000.0,-3000000.0,252600000.0,2300000.0,110100000.0,110100000.0,110100000.0,0.0,-1900000.0,0.112,425600000.0,155000000.0,508500000.0,0.556,715.358,23.048,23.201,689900000.0,0.0,65.89,3.429,3.439,364600000.0,1124800000.0,981100000.0,981100000.0,32500000.0,,,,,32200000.0,401800000.0,1.0,203023176.0,200900000.0,203700000.0,4.884,2857700000.0,136900000.0,30800000.0,57700000.0,14.224,645100000.0
18,MJN,MRQ,2012-09-30,2012-09-30,2012-09-30,2019-05-17,-143800000.0,3145400000.0,,1986300000.0,1159100000.0,,0.13,-35300000.0,958400000.0,958400000.0,357500000.0,139200000.0,1.535,115.8,1734500000.0,209100000.0,1525400000.0,1734500000.0,9500000.0,19100000.0,0.0,0.016,0.3,184300000.0,203400000.0,0.221,203400000.0,184300000.0,167400000.0,0.69,0.69,0.69,26500000.0,,26500000.0,15755775457.0,19.0,17.747,137600000.0,0.674,1.0,563800000.0,0.612,413900000.0,16900000.0,2213700000.0,,472900000.0,0.0,0.0,0.0,3068700000.0,1293900000.0,1774800000.0,14931875457.0,171100000.0,0.0,-49500000.0,128400000.0,-61300000.0,19800000.0,-33100000.0,-3300000.0,172900000.0,11500000.0,140300000.0,140300000.0,140300000.0,0.0,-1100000.0,0.152,380600000.0,183200000.0,437000000.0,0.435,563.467,26.861,26.941,608600000.0,0.0,73.28,3.897,3.907,380200000.0,1053400000.0,921300000.0,921300000.0,21500000.0,,,,,0.0,349500000.0,1.0,203764676.0,204300000.0,204300000.0,4.51,2731500000.0,146300000.0,27100000.0,62300000.0,13.37,692400000.0
19,MJN,MRQ,2012-06-30,2012-06-30,2012-06-30,2019-05-17,-151500000.0,2959800000.0,,1827700000.0,1132100000.0,,-0.085,-19300000.0,787300000.0,787300000.0,372300000.0,171100000.0,1.6,-168.144,1611200000.0,83700000.0,1527500000.0,1611200000.0,2700000.0,19100000.0,0.0,0.014,0.3,243000000.0,262100000.0,0.259,262100000.0,243000000.0,225400000.0,0.81,0.81,0.81,-17400000.0,,-17400000.0,17370612401.0,21.0,19.207,228500000.0,1.116,1.0,640000000.0,0.632,427400000.0,17600000.0,2213700000.0,,494500000.0,0.0,0.0,0.0,2925700000.0,1142600000.0,1783100000.0,16415212401.0,126600000.0,0.0,-29200000.0,0.0,-61300000.0,-85400000.0,-19300000.0,0.0,247800000.0,-16500000.0,165800000.0,165800000.0,165800000.0,0.0,5300000.0,0.164,391700000.0,248300000.0,441400000.0,0.37,-943.403,29.297,29.383,579800000.0,0.0,80.51,4.27,4.287,366200000.0,975900000.0,1012300000.0,1012300000.0,23600000.0,,,,,0.0,369800000.0,1.0,203890354.0,204700000.0,204700000.0,4.945,2532400000.0,141700000.0,59600000.0,81600000.0,12.371,685100000.0
20,MJN,MRQ,2012-03-31,2012-03-31,2012-03-31,2019-05-17,-119300000.0,2866700000.0,,1761300000.0,1105400000.0,,-0.37,-29900000.0,660700000.0,660700000.0,373500000.0,169800000.0,1.564,-38.398,1616100000.0,86400000.0,1529700000.0,1616100000.0,12500000.0,18500000.0,0.0,0.013,0.3,243200000.0,261700000.0,0.265,261700000.0,243200000.0,228700000.0,0.8,0.8,0.8,-75400000.0,,-75400000.0,17489667824.0,22.0,20.264,-10500000.0,-0.052,1.0,613100000.0,0.621,440200000.0,14500000.0,2255800000.0,,542000000.0,0.0,0.0,0.0,2895200000.0,1126100000.0,1769100000.0,16798067824.0,-179600000.0,-106100000.0,-29600000.0,0.0,-53000000.0,-71100000.0,-136000000.0,0.0,19400000.0,8100000.0,164200000.0,164200000.0,164200000.0,0.0,5600000.0,0.166,364300000.0,248800000.0,409100000.0,0.375,-222.786,31.899,32.093,581000000.0,0.0,82.48,4.463,4.463,378400000.0,872900000.0,986600000.0,986600000.0,22500000.0,,,,,0.0,336200000.0,1.0,203662316.0,203662316.0,,4.844,2426500000.0,148100000.0,64500000.0,109300000.0,11.914,635200000.0
21,MJN,MRQ,2011-12-31,2011-12-31,2011-12-31,2019-05-17,-133100000.0,2766800000.0,,1889700000.0,877100000.0,,-0.877,-31600000.0,840300000.0,840300000.0,354900000.0,89300000.0,1.575,-16.386,1531900000.0,0.0,1531900000.0,1531900000.0,47000000.0,18200000.0,0.0,0.015,0.26,142400000.0,160600000.0,0.176,160600000.0,142400000.0,128600000.0,0.42,0.41,0.42,-179100000.0,,-179100000.0,14763793583.0,19.0,17.599,141300000.0,0.692,1.0,556400000.0,0.611,209100000.0,13800000.0,2049200000.0,,534900000.0,0.0,0.0,0.0,2934800000.0,1200100000.0,1734700000.0,13990993583.0,79000000.0,0.0,-4900000.0,0.0,-53100000.0,-56600000.0,-36300000.0,-4700000.0,172900000.0,-1000000.0,85600000.0,85600000.0,85600000.0,0.0,3700000.0,0.094,410300000.0,146100000.0,488100000.0,0.619,-78.118,27.514,27.714,576100000.0,0.0,68.73,3.805,3.819,352600000.0,770000000.0,911300000.0,911300000.0,28100000.0,,,,,39900000.0,366000000.0,1.0,203564580.0,204300000.0,,4.461,2557700000.0,138300000.0,43000000.0,87800000.0,12.519,689600000.0
22,MJN,MRQ,2011-09-30,2011-09-30,2011-09-30,2019-05-17,-66100000.0,2580000000.0,,1715900000.0,864100000.0,,-0.747,-27400000.0,761300000.0,761300000.0,358300000.0,145900000.0,1.654,-17.891,1534100000.0,0.0,1534100000.0,1534100000.0,26200000.0,19500000.0,0.0,0.015,0.26,200500000.0,220000000.0,0.236,220000000.0,200500000.0,187400000.0,0.71,0.7,0.71,-152300000.0,,-152300000.0,14869331036.0,19.0,17.681,140800000.0,0.69,1.0,575600000.0,0.616,208100000.0,13100000.0,2107100000.0,,441100000.0,0.0,0.0,0.0,2724800000.0,1037600000.0,1687200000.0,14037431036.0,57600000.0,0.0,-27400000.0,0.0,-53300000.0,-62500000.0,-27400000.0,0.0,168200000.0,-20700000.0,144700000.0,144700000.0,144700000.0,0.0,1200000.0,0.155,373900000.0,201700000.0,398200000.0,0.366,-92.17,26.866,27.098,557700000.0,0.0,68.83,3.933,3.933,358900000.0,737400000.0,933900000.0,933900000.0,22900000.0,,,,,0.0,359300000.0,1.0,203943499.0,203943499.0,,4.579,2371900000.0,118500000.0,42700000.0,81300000.0,11.63,678300000.0
23,MJN,MRQ,2011-06-30,2011-06-30,2011-06-30,2019-05-17,-35200000.0,2526100000.0,,1669100000.0,857000000.0,,-0.963,-16400000.0,703700000.0,703700000.0,329100000.0,134900000.0,1.642,-13.78,1535600000.0,0.0,1535600000.0,1535600000.0,24300000.0,19900000.0,0.0,0.014,0.26,200900000.0,220800000.0,0.237,220800000.0,200900000.0,188700000.0,0.64,0.64,0.64,-196700000.0,,-196700000.0,14625836010.0,20.0,18.257,76200000.0,0.373,1.0,602900000.0,0.647,208000000.0,12200000.0,2133300000.0,,423200000.0,0.0,0.0,0.0,2710600000.0,1016700000.0,1693900000.0,13803336010.0,-4900000.0,0.0,-30900000.0,0.0,-53200000.0,-85000000.0,-16400000.0,0.0,92600000.0,3900000.0,132100000.0,132100000.0,132100000.0,0.0,2800000.0,0.142,399200000.0,203700000.0,427500000.0,0.406,-70.175,28.525,28.745,558400000.0,0.0,67.55,4.006,4.006,367900000.0,645800000.0,932000000.0,932000000.0,22200000.0,,,,,0.0,378500000.0,1.0,204342502.0,204342502.0,,4.561,2318100000.0,115300000.0,56600000.0,95700000.0,11.344,652400000.0
24,MJN,MRQ,2011-03-31,2011-03-31,2011-03-31,2019-05-17,-38900000.0,2465400000.0,,1600500000.0,864900000.0,,-1.283,-32500000.0,708600000.0,708600000.0,320000000.0,148900000.0,1.557,-10.346,1531100000.0,0.0,1531100000.0,1531100000.0,28600000.0,17700000.0,0.0,0.016,0.26,219800000.0,237500000.0,0.264,237500000.0,219800000.0,206700000.0,0.71,0.71,0.71,-262500000.0,,-262500000.0,12789881334.0,18.0,16.653,166600000.0,0.814,1.0,579800000.0,0.644,204100000.0,13100000.0,2055600000.0,,369500000.0,0.0,0.0,0.0,2715800000.0,1028200000.0,1687600000.0,11851781334.0,113000000.0,0.0,-24500000.0,-1200000.0,-46100000.0,-71100000.0,-32500000.0,0.0,199100000.0,17500000.0,146100000.0,146100000.0,146100000.0,0.0,2800000.0,0.162,357200000.0,222600000.0,412400000.0,0.366,-45.15,25.046,25.187,558800000.0,0.0,57.93,3.616,3.616,370700000.0,566900000.0,899800000.0,899800000.0,19300000.0,,,,,0.0,324700000.0,1.0,204587974.0,204587974.0,,4.398,2261300000.0,118900000.0,60600000.0,114800000.0,11.053,572300000.0
25,MJN,MRQ,2010-12-31,2010-12-31,2010-12-31,2019-05-17,-64600000.0,2293100000.0,,1449000000.0,844100000.0,,-1.79,-29000000.0,595600000.0,595600000.0,302800000.0,100800000.0,1.484,-7.217,1533700000.0,1200000.0,1532500000.0,1533700000.0,37000000.0,17300000.0,0.0,0.014,0.225,145400000.0,162700000.0,0.202,162700000.0,145400000.0,132500000.0,0.48,0.48,0.48,-367400000.0,,-367400000.0,13784576978.0,20.0,18.575,136300000.0,0.664,1.0,500900000.0,0.623,197800000.0,12900000.0,2057300000.0,,356700000.0,0.0,0.0,0.0,2651400000.0,976100000.0,1675300000.0,12734876978.0,93700000.0,0.0,-3400000.0,-2000000.0,-46200000.0,-40600000.0,-29000000.0,0.0,165300000.0,-2000000.0,99600000.0,99600000.0,99600000.0,0.0,1200000.0,0.124,354300000.0,146600000.0,365800000.0,0.469,-34.662,28.131,28.295,550500000.0,0.0,62.25,4.054,4.056,352000000.0,474000000.0,803700000.0,803700000.0,20200000.0,,,,,19700000.0,330500000.0,1.0,204576337.0,205300000.0,205300000.0,3.915,2095300000.0,126900000.0,32900000.0,80800000.0,10.206,472900000.0
26,MJN,MRQ,2010-09-30,2010-09-30,2010-09-30,2019-05-17,-64400000.0,2217600000.0,,1351500000.0,866100000.0,,-2.072,-49200000.0,501900000.0,501900000.0,296300000.0,107400000.0,1.442,-6.212,1551600000.0,3200000.0,1548400000.0,1551600000.0,28200000.0,15900000.0,0.0,0.015,0.225,164200000.0,180100000.0,0.222,180100000.0,164200000.0,152200000.0,0.52,0.52,0.52,-423900000.0,,-423900000.0,12737704656.0,20.0,18.088,100100000.0,0.489,1.0,513900000.0,0.634,194000000.0,12000000.0,2136300000.0,,345100000.0,0.0,0.0,0.0,2633300000.0,937000000.0,1696300000.0,11640804656.0,73700000.0,0.0,600000.0,3000000.0,-46200000.0,-42600000.0,-49200000.0,0.0,149300000.0,16200000.0,106100000.0,106100000.0,106100000.0,0.0,1300000.0,0.131,348400000.0,165500000.0,349500000.0,0.433,-27.461,27.909,28.034,544900000.0,0.0,56.91,3.814,3.815,360300000.0,420400000.0,810200000.0,810200000.0,18500000.0,,,,,0.0,302600000.0,1.0,204547613.0,204600000.0,204600000.0,3.96,2023600000.0,122300000.0,46100000.0,69000000.0,9.891,414500000.0
27,MJN,MRQ,2010-06-30,2010-06-30,2010-06-30,2019-05-17,-98400000.0,2032000000.0,,1219000000.0,813000000.0,,-2.556,-34000000.0,428200000.0,428200000.0,278700000.0,122500000.0,1.415,-4.861,1525100000.0,200000.0,1524900000.0,1525100000.0,19800000.0,15900000.0,0.0,0.023,0.225,171800000.0,187700000.0,0.246,187700000.0,171800000.0,160200000.0,0.59,0.59,0.59,-522800000.0,,-522800000.0,11289676342.0,18.0,16.174,21300000.0,0.104,1.0,485500000.0,0.635,183800000.0,11600000.0,2083600000.0,,330000000.0,0.0,0.0,0.0,2541300000.0,861500000.0,1679800000.0,10250476342.0,-33900000.0,0.0,800000.0,200000.0,-46200000.0,-45200000.0,-39500000.0,-5500000.0,55300000.0,-4500000.0,121400000.0,121400000.0,121400000.0,0.0,1100000.0,0.159,312600000.0,172900000.0,334600000.0,0.381,-19.607,25.087,25.186,525100000.0,0.0,50.12,3.484,3.484,312600000.0,360600000.0,764200000.0,764200000.0,19700000.0,,,,,0.0,298500000.0,1.0,204518682.0,204500000.0,204500000.0,3.737,1848200000.0,118400000.0,38800000.0,48600000.0,9.038,357500000.0
28,MJN,MRQ,2010-03-31,2010-03-31,2010-03-31,2019-05-17,-91500000.0,1996700000.0,,1241600000.0,755100000.0,,-2.916,-56900000.0,462100000.0,462100000.0,271800000.0,127500000.0,1.347,-4.327,1501300000.0,0.0,1501300000.0,1501300000.0,15400000.0,15600000.0,0.0,0.018,0.225,196000000.0,211600000.0,0.277,211600000.0,196000000.0,183900000.0,0.61,0.61,0.61,-596400000.0,,-596400000.0,11683935000.0,17.0,15.8,87400000.0,0.427,1.0,491700000.0,0.644,175700000.0,12100000.0,1938500000.0,,318100000.0,0.0,0.0,0.0,2580400000.0,921700000.0,1658700000.0,10640135000.0,-99000000.0,0.0,0.0,-137000000.0,-41000000.0,-178000000.0,-56900000.0,0.0,144300000.0,-8400000.0,125600000.0,125600000.0,125600000.0,0.0,1900000.0,0.165,293800000.0,197900000.0,324800000.0,0.369,-17.841,25.232,25.257,506300000.0,0.0,52.03,3.673,3.673,323700000.0,285400000.0,763500000.0,763500000.0,20100000.0,,,,,0.0,269800000.0,1.0,204500000.0,204500000.0,204500000.0,3.733,1821000000.0,108000000.0,58300000.0,93800000.0,8.905,319900000.0
29,MJN,MRQ,2009-12-31,2009-12-31,2009-12-31,2019-05-17,-85600000.0,2070300000.0,,1336100000.0,734200000.0,,-3.3,-35500000.0,561100000.0,561100000.0,246400000.0,67200000.0,1.214,-4.052,1604900000.0,120000000.0,1484900000.0,1604900000.0,22700000.0,15000000.0,0.0,0.016,0.2,109800000.0,124800000.0,0.175,124800000.0,109800000.0,92500000.0,0.31,0.31,0.31,-674900000.0,,-674900000.0,10125050000.0,15.0,13.918,124400000.0,0.608,1.0,468000000.0,0.655,168000000.0,17300000.0,1845900000.0,,309900000.0,30000000.0,30000000.0,0.0,2734600000.0,1100200000.0,1634400000.0,8936650000.0,-36300000.0,0.0,0.0,-160000000.0,-40900000.0,-165200000.0,-35500000.0,0.0,159900000.0,4500000.0,64000000.0,64000000.0,64000000.0,0.0,3200000.0,0.09,355000000.0,113000000.0,361300000.0,0.645,-13.241,22.364,21.96,501400000.0,0.0,43.7,3.162,3.101,317600000.0,206100000.0,714400000.0,714400000.0,20600000.0,,,,,17700000.0,302300000.0,1.0,204500000.0,204500000.0,204500000.0,3.493,1902300000.0,111000000.0,28500000.0,88300000.0,9.302,235900000.0
30,MJN,MRQ,2009-09-30,2009-09-30,2009-09-30,2019-05-17,-77500000.0,1964300000.0,,1301000000.0,663300000.0,,-3.468,-16800000.0,597400000.0,597400000.0,244600000.0,98800000.0,1.629,-3.753,1785800000.0,39400000.0,1746400000.0,1785800000.0,12600000.0,15400000.0,0.0,0.011,0.5,158500000.0,173900000.0,0.248,173900000.0,158500000.0,135500000.0,0.48,0.48,0.48,-709200000.0,,-709200000.0,10442195000.0,15.0,13.908,77800000.0,0.38,1.0,455200000.0,0.65,158600000.0,23000000.0,2195400000.0,,318300000.0,0.0,0.0,0.0,2661800000.0,798700000.0,1863100000.0,9224995000.0,20500000.0,0.0,0.0,0.0,-61400000.0,-62100000.0,-16800000.0,0.0,94600000.0,4800000.0,97600000.0,97600000.0,97600000.0,0.0,1200000.0,0.139,295500000.0,159700000.0,230600000.0,1.042,-13.008,24.149,23.015,465300000.0,0.0,45.11,3.272,3.272,269300000.0,183100000.0,699800000.0,699800000.0,17600000.0,,,,,0.0,269200000.0,1.0,204500000.0,204500000.0,204500000.0,3.422,1805700000.0,98900000.0,37900000.0,64300000.0,8.83,502300000.0
31,MJN,MRQ,2009-06-30,2009-06-30,2009-06-30,2019-05-17,-86500000.0,1926400000.0,,1276900000.0,649500000.0,,-4.009,-19100000.0,576900000.0,576900000.0,236100000.0,138000000.0,1.576,-3.336,1794100000.0,9500000.0,1784600000.0,1794100000.0,11900000.0,14600000.0,0.0,0.0,0.0,214600000.0,229200000.0,0.319,229200000.0,214600000.0,190300000.0,0.66,0.66,0.66,-819900000.0,,-819900000.0,7945265000.0,11.0,10.571,206100000.0,1.008,1.0,483200000.0,0.672,152400000.0,24300000.0,2180800000.0,,329300000.0,0.0,0.0,0.0,2735100000.0,810400000.0,1924700000.0,6496965000.0,218200000.0,0.0,0.0,-5800000.0,0.0,-5800000.0,-7200000.0,0.0,225200000.0,6000000.0,134500000.0,134500000.0,134500000.0,0.0,3500000.0,0.187,265100000.0,218100000.0,275700000.0,0.0,-7.924,16.784,15.201,455800000.0,0.0,31.77,2.269,2.269,257900000.0,126400000.0,719300000.0,719300000.0,18400000.0,,,,,0.0,256400000.0,1.0,204500000.0,204500000.0,204500000.0,3.517,1774000000.0,89400000.0,55800000.0,89700000.0,8.675,466500000.0
32,MJN,MRQ,2009-03-31,2009-03-31,2009-03-31,2019-05-17,-99700000.0,1707500000.0,,1057100000.0,650400000.0,,-4.793,-21800000.0,358700000.0,358700000.0,247600000.0,106600000.0,1.561,-2.878,1807000000.0,22400000.0,1784600000.0,1807000000.0,21300000.0,13900000.0,0.0,0.0,0.0,185700000.0,199600000.0,0.288,199600000.0,185700000.0,157700000.0,0.55,0.55,0.55,-904900000.0,,-904900000.0,7903915000.0,12.0,10.967,75100000.0,0.398,1.0,445400000.0,0.643,153000000.0,28000000.0,2325700000.0,,321200000.0,0.0,0.0,0.0,2604700000.0,677100000.0,1927600000.0,5903915000.0,358700000.0,0.0,782300000.0,-597000000.0,0.0,282200000.0,-21800000.0,0.0,96900000.0,1400000.0,103500000.0,103500000.0,103500000.0,0.0,3100000.0,0.149,256600000.0,188800000.0,205500000.0,0.0,-6.524,16.096,13.748,446300000.0,0.0,28.87,2.056,1.898,264900000.0,53300000.0,693000000.0,693000000.0,15300000.0,,,,,0.0,239300000.0,1.0,204500000.0,188800000.0,188800000.0,3.671,1554500000.0,88100000.0,54200000.0,85400000.0,8.234,380000000.0
33,MJN,MRQ,2008-12-31,2008-12-31,2008-12-31,2019-05-17,-1400900000.0,1361400000.0,,717100000.0,644300000.0,,-8.241,-30000000.0,0.0,0.0,267800000.0,47200000.0,1.098,-1.968,2000000000.0,0.0,2000000000.0,2000000000.0,24500000.0,14000000.0,0.0,,0.0,134100000.0,148100000.0,0.209,148100000.0,134100000.0,102700000.0,0.27,0.27,0.27,-1400900000.0,,-1400900000.0,,,,75000000.0,0.441,1.0,439900000.0,0.622,156700000.0,31400000.0,2551900000.0,,354300000.0,0.0,0.0,0.0,2756900000.0,652800000.0,2104100000.0,,0.0,0.0,0.0,0.0,0.0,-75000000.0,-30000000.0,0.0,105000000.0,0.0,46400000.0,46400000.0,46400000.0,0.0,800000.0,0.066,314100000.0,125800000.0,241600000.0,0.0,,,,453600000.0,0.0,,,,262700000.0,0.0,707700000.0,707700000.0,21300000.0,,,,,9200000.0,279700000.0,1.0,204500000.0,170000000.0,170000000.0,4.163,1204700000.0,77400000.0,56300000.0,91900000.0,7.086,64300000.0
34,MJN,MRQ,2008-09-30,2008-09-30,2008-09-30,2019-05-17,,,,,,,,-23400000.0,,,287900000.0,105300000.0,,,,,,,,13600000.0,,,0.0,161100000.0,174700000.0,0.235,174700000.0,161100000.0,149200000.0,0.61,0.61,0.61,,,,,,,115300000.0,0.678,1.0,454900000.0,0.612,,11900000.0,,,,,,,,,,,0.0,0.0,0.0,0.0,0.0,-115300000.0,-23400000.0,0.0,138700000.0,0.0,102700000.0,102700000.0,102700000.0,0.0,2600000.0,0.138,288700000.0,166200000.0,,0.0,,,,,0.0,,,,,,742800000.0,742800000.0,17800000.0,,,,,0.0,270900000.0,1.0,,170000000.0,170000000.0,4.369,,,46500000.0,,,
35,MJN,MRQ,2008-06-30,2008-06-30,2008-06-30,2019-05-17,,,,,,,,-3400000.0,,,272300000.0,116000000.0,,,,,,,,12200000.0,,,0.0,186100000.0,198300000.0,0.272,198300000.0,186100000.0,186100000.0,0.67,0.67,0.67,,,,,,,106700000.0,0.628,1.0,456300000.0,0.626,,0.0,,,,,,,,,,,0.0,0.0,0.0,0.0,0.0,-106700000.0,-3400000.0,0.0,110100000.0,0.0,114200000.0,114200000.0,114200000.0,0.0,1800000.0,0.157,264700000.0,191600000.0,,0.0,,,,,0.0,,,,,,728600000.0,728600000.0,17400000.0,,,,,0.0,247300000.0,1.0,,170000000.0,170000000.0,4.286,,,71900000.0,,,
36,MJN,MRQ,2008-03-31,2008-03-31,2008-03-31,2019-05-17,,,,,,,,-22600000.0,,,251800000.0,132500000.0,,,,,,,,12300000.0,,,0.0,207300000.0,219600000.0,0.312,219600000.0,207300000.0,207300000.0,0.77,0.77,0.77,,,,,,,112600000.0,0.662,1.0,451500000.0,0.642,,0.0,,,,,,,,,,,0.0,0.0,0.0,0.0,0.0,-112600000.0,-22600000.0,0.0,135200000.0,0.0,130600000.0,130600000.0,130600000.0,0.0,1900000.0,0.186,239400000.0,212100000.0,,0.0,,,,,0.0,,,,,,703300000.0,703300000.0,16300000.0,,,,,0.0,223100000.0,1.0,,170000000.0,170000000.0,4.137,,,76700000.0,,,
37,MJN,MRQ,2007-12-31,2007-12-31,2007-12-31,2019-05-17,0.0,1301900000.0,,687500000.0,614400000.0,,3.711,,0.0,0.0,,,1.222,1.053,0.0,0.0,0.0,0.0,22700000.0,,0.0,,0.0,,,,,,,,,,630800000.0,,630800000.0,,,,,,1.0,,,150000000.0,,589200000.0,,301200000.0,0.0,0.0,0.0,664100000.0,562700000.0,101400000.0,,,,,,,,,,,,,,,,,,,,166500000.0,,,,,439700000.0,,,,,283000000.0,,,,,,,,,,,1.0,,170000000.0,,,1151900000.0,73600000.0,,81300000.0,6.776,124800000.0
38,MJN,MRQ,2006-12-31,2006-12-31,2006-12-31,2019-05-17,0.0,1204300000.0,,624100000.0,580200000.0,,3.446,,0.0,0.0,,,1.178,1.045,0.0,0.0,0.0,0.0,15800000.0,,0.0,,0.0,,,,,,,,,,585800000.0,,585800000.0,,,,,,1.0,,,144900000.0,,529500000.0,,254500000.0,0.0,0.0,0.0,611900000.0,529900000.0,82000000.0,,,,,,,,,,,,,,,,,,,,121000000.0,,,,,409500000.0,,,,,276300000.0,,,,,,,,,,,1.0,,170000000.0,,,1059400000.0,76600000.0,,76200000.0,6.232,94200000.0
0,MJN,MRT,2017-03-31,2017-03-31,2017-03-31,2019-05-17,-383300000.0,4227100000.0,4134275000.0,2817300000.0,1409800000.0,0.886,-2.349,-141600000.0,1876900000.0,1876900000.0,1323600000.0,590200000.0,2.153,-10.717,2977800000.0,4500000.0,2973300000.0,2977800000.0,10900000.0,100500000.0,0.0,0.019,1.649,825600000.0,926100000.0,0.253,926100000.0,825600000.0,719300000.0,3.19,3.18,3.19,-431100000.0,-496100000.0,-431100000.0,17524574027.0,21.0,18.923,586300000.0,3.195,1.0,2340500000.0,0.639,157000000.0,106300000.0,3862200000.0,3924825000.0,498500000.0,0.0,0.0,0.0,4619900000.0,1308800000.0,3311100000.0,16339874027.0,174600000.0,0.0,-100400000.0,1600000.0,-307300000.0,-397200000.0,-141600000.0,0.0,727900000.0,-14500000.0,592100000.0,592100000.0,592100000.0,0.0,-1900000.0,0.162,1516800000.0,823700000.0,536000000.0,0.517,-37.903,27.596,27.925,963600000.0,0.0,89.08,4.459,4.461,355000000.0,812400000.0,3664100000.0,3664100000.0,93400000.0,0.143,-1.194,0.21,0.225,34600000.0,1396800000.0,1.0,183429210.0,183500000.0,183900000.0,19.968,4070100000.0,174500000.0,127200000.0,55900000.0,22.18,1508500000.0
1,MJN,MRT,2016-12-31,2016-12-31,2016-12-31,2019-05-17,-411400000.0,4087700000.0,4081700000.0,2706600000.0,1381100000.0,0.917,-2.764,-148700000.0,1795400000.0,1795400000.0,1341000000.0,549300000.0,2.175,-8.894,2980100000.0,3900000.0,2976200000.0,2980100000.0,12400000.0,99600000.0,0.0,0.023,1.65,814300000.0,913900000.0,0.244,913900000.0,814300000.0,708900000.0,2.93,2.92,2.93,-512700000.0,-547175000.0,-512700000.0,14238030685.0,17.0,15.579,542900000.0,2.927,1.0,2401700000.0,0.642,154900000.0,105400000.0,3873300000.0,3938625000.0,473500000.0,0.0,0.0,0.0,4559800000.0,1244200000.0,3315600000.0,13071030685.0,94000000.0,0.0,-100400000.0,1200000.0,-308800000.0,-399600000.0,-148700000.0,0.0,691600000.0,-49300000.0,544900000.0,544900000.0,544900000.0,0.0,4400000.0,0.146,1583000000.0,818700000.0,515800000.0,0.563,-25.495,23.988,24.15,948600000.0,0.0,70.76,3.492,3.507,369000000.0,773400000.0,3742700000.0,3742700000.0,97400000.0,0.133,-0.996,0.207,0.218,34600000.0,1393500000.0,1.0,184723441.0,185500000.0,185800000.0,20.176,3932800000.0,151400000.0,164000000.0,30200000.0,21.201,1462400000.0
2,MJN,MRT,2016-09-30,2016-09-30,2016-09-30,2019-05-17,-377000000.0,4193700000.0,4059300000.0,2805700000.0,1388000000.0,0.938,-2.591,-158400000.0,1843200000.0,1843200000.0,1373100000.0,512100000.0,2.245,-9.681,3010200000.0,1800000.0,3008400000.0,3010200000.0,19000000.0,100100000.0,0.0,0.021,1.65,781500000.0,881600000.0,0.232,881600000.0,781500000.0,680100000.0,2.71,2.7,2.71,-478500000.0,-577075000.0,-478500000.0,15899591788.0,20.0,18.035,653300000.0,3.537,1.0,2435000000.0,0.639,160000000.0,101400000.0,3950700000.0,3931925000.0,476000000.0,0.0,0.0,0.0,4632400000.0,1250000000.0,3382400000.0,14589891788.0,479700000.0,0.0,-1000400000.0,1167400000.0,-314700000.0,-138700000.0,-158400000.0,0.0,811700000.0,-34900000.0,505100000.0,505100000.0,505100000.0,0.0,7000000.0,0.133,1646500000.0,788500000.0,474800000.0,0.609,-30.491,28.885,29.155,929600000.0,0.0,79.01,3.831,3.832,397200000.0,782200000.0,3808100000.0,3808100000.0,103400000.0,0.124,-0.875,0.199,0.205,26400000.0,1437900000.0,1.0,184658800.0,184700000.0,185000000.0,20.618,4033700000.0,160600000.0,175000000.0,34200000.0,21.839,1555700000.0
3,MJN,MRT,2016-06-30,2016-06-30,2016-06-30,2019-05-17,-374100000.0,4028600000.0,3955350000.0,2619900000.0,1408700000.0,0.973,-3.011,-174200000.0,1716000000.0,1716000000.0,1386200000.0,518100000.0,2.258,-8.091,3025700000.0,3800000.0,3021900000.0,3025700000.0,10300000.0,99600000.0,0.0,0.018,1.649,779200000.0,878800000.0,0.228,878800000.0,779200000.0,689300000.0,2.68,2.67,2.68,-562100000.0,-369575000.0,-562100000.0,18253150922.0,23.0,20.771,555300000.0,2.974,1.0,2461900000.0,0.64,164700000.0,89900000.0,4013100000.0,3656650000.0,465800000.0,0.0,0.0,0.0,4548000000.0,1160500000.0,3387500000.0,16939750922.0,240900000.0,0.0,-1437000000.0,1491800000.0,-321000000.0,-254100000.0,-174200000.0,0.0,729500000.0,-60300000.0,511000000.0,511000000.0,511000000.0,0.0,7100000.0,0.133,1675600000.0,786300000.0,456300000.0,0.615,-30.137,33.15,33.862,925400000.0,0.0,90.75,4.402,4.403,359500000.0,709800000.0,3848100000.0,3848100000.0,106600000.0,0.129,-1.383,0.213,0.202,26400000.0,1457800000.0,1.0,186663922.0,186700000.0,187000000.0,20.611,3863900000.0,155300000.0,178300000.0,28300000.0,20.696,1459400000.0
4,MJN,MRT,2016-03-31,2016-03-31,2016-03-31,2019-05-17,-354200000.0,4016800000.0,3937975000.0,2634400000.0,1382400000.0,1.0,-3.405,-182800000.0,1702300000.0,1702300000.0,1409400000.0,524900000.0,2.121,-7.254,3015700000.0,3100000.0,3012600000.0,3015700000.0,13400000.0,99900000.0,0.0,0.019,1.649,795000000.0,894900000.0,0.227,894900000.0,795000000.0,717600000.0,2.65,2.64,2.65,-635400000.0,-39775000.0,-635400000.0,17125604197.0,22.0,19.137,612700000.0,3.283,1.0,2529600000.0,0.642,170500000.0,77400000.0,3917400000.0,3287950000.0,486900000.0,0.0,0.0,0.0,4609200000.0,1242300000.0,3366900000.0,15843004197.0,268400000.0,0.0,-1437000000.0,1492000000.0,-327400000.0,-283500000.0,-182800000.0,0.0,795500000.0,-60800000.0,518800000.0,518800000.0,518800000.0,0.0,6100000.0,0.132,1728500000.0,801100000.0,473900000.0,0.622,-24.934,30.538,32.064,927000000.0,0.0,84.97,4.022,4.025,368200000.0,632300000.0,3939000000.0,3939000000.0,107900000.0,0.132,-13.043,0.242,0.202,26400000.0,1505500000.0,1.0,186454092.0,186600000.0,186700000.0,21.109,3846300000.0,134300000.0,198800000.0,77900000.0,20.613,1392100000.0
5,MJN,MRT,2015-12-31,2015-12-31,2015-12-31,2019-05-17,-347800000.0,3998100000.0,3904950000.0,2602400000.0,1395700000.0,1.043,-3.177,-173200000.0,1701400000.0,1701400000.0,1455300000.0,655300000.0,2.076,-7.26,2984000000.0,3000000.0,2981000000.0,2984000000.0,35500000.0,99100000.0,0.0,0.021,1.649,934400000.0,1033500000.0,0.254,1033500000.0,934400000.0,869400000.0,3.28,3.27,3.28,-632300000.0,285950000.0,-632300000.0,16040950745.0,17.0,15.521,736700000.0,3.702,1.0,2616000000.0,0.643,180900000.0,65000000.0,3846500000.0,2941525000.0,484900000.0,0.0,0.0,0.0,4590600000.0,1253300000.0,3337300000.0,15563650745.0,403700000.0,0.0,-1437000000.0,1487800000.0,-326000000.0,-286800000.0,-173200000.0,0.0,909900000.0,-46200000.0,653500000.0,653500000.0,653500000.0,0.0,1800000.0,0.161,1679800000.0,936200000.0,481500000.0,0.503,-24.614,23.816,24.07,964000000.0,0.0,78.95,3.823,3.859,342500000.0,640400000.0,4071300000.0,4071300000.0,108400000.0,0.167,2.285,0.318,0.23,26400000.0,1532400000.0,1.0,197133005.0,199000000.0,199400000.0,20.459,3817200000.0,131700000.0,215900000.0,74400000.0,19.182,1349100000.0
6,MJN,MRT,2015-09-30,2015-09-30,2015-09-30,2019-05-17,-305100000.0,3777900000.0,3846375000.0,2435200000.0,1342700000.0,1.092,1.745,-167400000.0,1363500000.0,1363500000.0,1526900000.0,680900000.0,2.04,9.632,1840800000.0,1500000.0,1839300000.0,1840800000.0,20900000.0,97200000.0,0.0,0.023,1.611,953000000.0,1050200000.0,0.25,1050200000.0,953000000.0,896200000.0,3.37,3.36,3.37,351500000.0,587600000.0,351500000.0,14304943130.0,15.0,13.621,670300000.0,3.328,1.0,2671600000.0,0.636,212000000.0,56800000.0,2849600000.0,2609800000.0,518600000.0,0.0,0.0,0.0,3385700000.0,1193600000.0,2192100000.0,14272843130.0,168300000.0,0.0,-441400000.0,322100000.0,-319500000.0,-436100000.0,-167400000.0,0.0,837700000.0,-65900000.0,683900000.0,683900000.0,683900000.0,0.0,-3000000.0,0.163,1721600000.0,950000000.0,450100000.0,0.478,40.606,20.87,20.89,933200000.0,0.0,70.4,3.4,3.377,368900000.0,2026400000.0,4198500000.0,4198500000.0,112500000.0,0.178,1.164,0.365,0.227,30400000.0,1583200000.0,1.0,202739249.0,201400000.0,201700000.0,20.847,3565900000.0,163000000.0,212300000.0,81500000.0,17.706,1241600000.0
7,MJN,MRT,2015-06-30,2015-06-30,2015-06-30,2019-05-17,-256100000.0,3959100000.0,3824850000.0,2616700000.0,1342400000.0,1.127,3.735,-171500000.0,1475100000.0,1475100000.0,1618000000.0,714600000.0,2.128,4.175,1507200000.0,1000000.0,1506200000.0,1507200000.0,13200000.0,96200000.0,0.0,0.017,1.575,968300000.0,1064500000.0,0.247,1064500000.0,968300000.0,908000000.0,3.53,3.51,3.53,757100000.0,627050000.0,757100000.0,18352300173.0,19.0,17.24,774400000.0,3.82,1.0,2693700000.0,0.625,223200000.0,60300000.0,2538300000.0,2524700000.0,573300000.0,0.0,0.0,0.0,3161000000.0,1229700000.0,1931300000.0,18274300173.0,-111200000.0,0.0,-27300000.0,-502600000.0,-311700000.0,-837900000.0,-171500000.0,0.0,945900000.0,-47700000.0,716300000.0,716300000.0,716300000.0,0.0,-1700000.0,0.166,1727100000.0,966600000.0,521700000.0,0.446,24.137,25.512,25.558,908200000.0,0.0,90.22,4.238,4.241,367300000.0,1954600000.0,4311700000.0,4311700000.0,114900000.0,0.187,1.142,0.384,0.225,30400000.0,1610100000.0,1.0,202552651.0,202700000.0,203100000.0,21.271,3735900000.0,168700000.0,191700000.0,58500000.0,18.431,1387000000.0
8,MJN,MRT,2015-03-31,2015-03-31,2015-03-31,2019-05-17,-231800000.0,3884700000.0,3863200000.0,2538900000.0,1345800000.0,1.136,3.298,-169600000.0,1433900000.0,1433900000.0,1688400000.0,728100000.0,2.116,4.699,1511900000.0,0.0,1511900000.0,1511900000.0,14800000.0,93700000.0,0.0,0.015,1.537,979000000.0,1072700000.0,0.244,1072700000.0,979000000.0,917300000.0,3.58,3.55,3.58,667500000.0,546300000.0,667500000.0,20547743484.0,21.0,19.155,700700000.0,3.462,1.0,2702000000.0,0.615,231000000.0,61700000.0,2531700000.0,2523250000.0,549900000.0,0.0,0.0,0.0,3136500000.0,1200000000.0,1936500000.0,20337443484.0,343900000.0,0.0,-31600000.0,-9200000.0,-303800000.0,-318200000.0,-169600000.0,0.0,870300000.0,-38600000.0,724800000.0,724800000.0,724800000.0,0.0,3300000.0,0.165,1719700000.0,982300000.0,494300000.0,0.429,30.468,28.059,28.081,899200000.0,0.0,100.53,4.632,4.634,381900000.0,1885300000.0,4390400000.0,4390400000.0,113900000.0,0.188,1.327,0.388,0.223,30400000.0,1606600000.0,1.0,202302233.0,202400000.0,202900000.0,21.692,3653700000.0,157100000.0,192500000.0,66300000.0,18.052,1338900000.0
9,MJN,MRT,2014-12-31,2014-12-31,2014-12-31,2019-05-17,-198900000.0,3763800000.0,3777325000.0,2331300000.0,1432500000.0,1.167,2.842,-186400000.0,1297700000.0,1297700000.0,1700600000.0,728800000.0,1.934,5.422,1496900000.0,4100000.0,1492800000.0,1496900000.0,34300000.0,91600000.0,0.0,0.015,1.5,979300000.0,1070900000.0,0.243,1070900000.0,979300000.0,919000000.0,3.55,3.54,3.55,574300000.0,465900000.0,574300000.0,20614903640.0,21.0,19.25,607000000.0,3.003,1.0,2708700000.0,0.614,238100000.0,60300000.0,2519600000.0,2371000000.0,555500000.0,0.0,0.0,0.0,3114000000.0,1205300000.0,1908700000.0,20312103640.0,246900000.0,0.0,-54100000.0,-5400000.0,-296600000.0,-325500000.0,-182400000.0,4000000.0,793400000.0,-38600000.0,719800000.0,719800000.0,719800000.0,0.0,9000000.0,0.163,1720400000.0,988300000.0,512300000.0,0.423,35.368,28.219,28.321,912700000.0,0.0,100.54,4.607,4.608,387800000.0,1775000000.0,4409300000.0,4409300000.0,115100000.0,0.191,1.545,0.413,0.222,30400000.0,1617600000.0,1.0,202030074.0,202100000.0,202700000.0,21.817,3525700000.0,158100000.0,199200000.0,57200000.0,17.445,1126000000.0
10,MJN,MRT,2014-09-30,2014-09-30,2014-09-30,2019-05-17,-161000000.0,3691800000.0,3704900000.0,2336800000.0,1355000000.0,1.181,2.519,-206300000.0,1195200000.0,1195200000.0,1669600000.0,728300000.0,1.889,6.1,1498000000.0,1200000.0,1496800000.0,1498000000.0,13900000.0,88800000.0,0.0,0.015,1.465,968200000.0,1057000000.0,0.242,1057000000.0,968200000.0,910500000.0,3.53,3.51,3.53,509300000.0,395275000.0,509300000.0,19873873936.0,21.0,18.802,572900000.0,2.833,1.0,2706200000.0,0.618,248300000.0,57700000.0,2509200000.0,2207200000.0,559100000.0,0.0,0.0,0.0,3106900000.0,1237100000.0,1869800000.0,19452373936.0,210000000.0,0.0,-44300000.0,-8300000.0,-289500000.0,-346800000.0,-202300000.0,4000000.0,779200000.0,-20100000.0,713900000.0,713900000.0,713900000.0,0.0,14400000.0,0.163,1723600000.0,982600000.0,519400000.0,0.415,38.194,27.248,27.258,897400000.0,0.0,96.22,4.445,4.446,412100000.0,1748200000.0,4375800000.0,4375800000.0,111600000.0,0.193,1.806,0.439,0.221,32600000.0,1629500000.0,1.0,202165599.0,202200000.0,202700000.0,21.641,3443500000.0,161200000.0,196600000.0,76400000.0,17.03,1099700000.0
11,MJN,MRT,2014-06-30,2014-06-30,2014-06-30,2019-05-17,-135100000.0,4112500000.0,3620875000.0,2772200000.0,1340300000.0,1.196,2.147,-216900000.0,1586300000.0,1586300000.0,1594000000.0,709700000.0,1.59,8.312,2007800000.0,505700000.0,1502100000.0,2007800000.0,11900000.0,85600000.0,0.0,0.015,1.43,978600000.0,1064200000.0,0.246,1064200000.0,978600000.0,926900000.0,3.45,3.43,3.45,434100000.0,320500000.0,434100000.0,19253819797.0,20.0,18.092,493900000.0,2.443,1.0,2737900000.0,0.632,257800000.0,51700000.0,2532500000.0,2165750000.0,574700000.0,0.0,0.0,0.0,3608300000.0,1743700000.0,1864600000.0,18829719797.0,582400000.0,0.0,-53300000.0,441700000.0,-282500000.0,95300000.0,-214300000.0,2600000.0,710800000.0,-9400000.0,697600000.0,697600000.0,697600000.0,0.0,12100000.0,0.161,1747200000.0,990700000.0,543000000.0,0.414,43.376,26.992,27.006,884700000.0,0.0,93.17,4.347,4.349,418200000.0,1641900000.0,4331900000.0,4331900000.0,106700000.0,0.193,2.177,0.452,0.226,32600000.0,1611500000.0,1.0,202100674.0,202200000.0,202700000.0,21.424,3854700000.0,175600000.0,229300000.0,82900000.0,19.064,1028500000.0
12,MJN,MRT,2014-03-31,2014-03-31,2014-03-31,2019-05-17,-121400000.0,3541200000.0,3412450000.0,2238400000.0,1302800000.0,1.253,1.713,-223800000.0,1090000000.0,1090000000.0,1549200000.0,707000000.0,1.257,9.045,1514100000.0,505400000.0,1008700000.0,1514100000.0,22100000.0,85000000.0,0.0,0.017,1.395,983800000.0,1068800000.0,0.25,1068800000.0,983800000.0,935000000.0,3.45,3.43,3.45,345900000.0,248650000.0,345900000.0,17231976917.0,18.0,16.123,572500000.0,2.836,1.0,2726900000.0,0.638,261700000.0,48800000.0,1922700000.0,2101100000.0,570900000.0,0.0,0.0,0.0,3128700000.0,1780900000.0,1347800000.0,16766076917.0,72800000.0,0.0,-77500000.0,-120000000.0,-275600000.0,-479200000.0,-221800000.0,2000000.0,796300000.0,-22500000.0,698200000.0,698200000.0,698200000.0,0.0,8800000.0,0.163,1734300000.0,992600000.0,549500000.0,0.404,48.471,24.013,24.099,872300000.0,0.0,83.14,3.921,3.926,397200000.0,1549900000.0,4276100000.0,4276100000.0,104800000.0,0.205,2.808,0.468,0.23,32600000.0,1585600000.0,1.0,201660776.0,201900000.0,202400000.0,21.179,3279500000.0,143600000.0,236800000.0,93000000.0,16.243,457500000.0
13,MJN,MRT,2013-12-31,2013-12-31,2013-12-31,2019-05-17,-69200000.0,3474100000.0,3346025000.0,2118100000.0,1356000000.0,1.255,1.442,-237800000.0,1050800000.0,1050800000.0,1528500000.0,689200000.0,1.189,10.706,1516700000.0,507600000.0,1009100000.0,1516700000.0,46600000.0,83100000.0,0.0,0.016,1.36,969500000.0,1052600000.0,0.251,1052600000.0,969500000.0,918900000.0,3.37,3.36,3.37,291800000.0,180900000.0,291800000.0,17452473567.0,18.0,16.58,568800000.0,2.81,1.0,2672200000.0,0.636,294300000.0,50600000.0,1864400000.0,2178900000.0,534800000.0,0.0,0.0,0.0,3123900000.0,1781300000.0,1342600000.0,16918273567.0,8700000.0,0.0,-87100000.0,-186100000.0,-267700000.0,-545700000.0,-240500000.0,-2700000.0,806600000.0,-11700000.0,683800000.0,683800000.0,683800000.0,0.0,5400000.0,0.163,1697300000.0,974900000.0,566800000.0,0.404,57.979,24.742,24.855,867500000.0,0.0,83.76,4.027,4.036,384400000.0,1432300000.0,4200700000.0,4200700000.0,100200000.0,0.204,3.78,0.445,0.231,32600000.0,1548600000.0,1.0,201985119.0,202400000.0,203100000.0,20.754,3179800000.0,128200000.0,235100000.0,71400000.0,15.71,336800000.0
14,MJN,MRT,2013-09-30,2013-09-30,2013-09-30,2019-05-17,-214700000.0,3355700000.0,3292050000.0,2080700000.0,1275000000.0,1.252,1.039,-213700000.0,985200000.0,985200000.0,1529800000.0,641300000.0,1.691,14.698,1519400000.0,2600000.0,1516800000.0,1519400000.0,23600000.0,82300000.0,0.0,0.018,1.32,926100000.0,1008400000.0,0.245,1008400000.0,926100000.0,871200000.0,3.17,3.14,3.17,210200000.0,112625000.0,210200000.0,15599296121.0,17.0,15.469,630900000.0,3.119,1.0,2591300000.0,0.629,316100000.0,54900000.0,2343400000.0,2251775000.0,499600000.0,0.0,0.0,0.0,3089500000.0,1230400000.0,1859100000.0,15029296121.0,26800000.0,0.0,-139100000.0,-205800000.0,-260000000.0,-593100000.0,-218400000.0,-5700000.0,844600000.0,-6300000.0,641400000.0,641400000.0,641400000.0,0.0,-100000.0,0.156,1665300000.0,926000000.0,509600000.0,0.416,71.5,23.432,23.426,785100000.0,0.0,74.26,3.647,3.645,405300000.0,1392600000.0,4121100000.0,4121100000.0,103600000.0,0.195,5.695,0.411,0.225,32200000.0,1525500000.0,1.0,202387505.0,202300000.0,202800000.0,20.371,3039600000.0,165700000.0,229800000.0,97000000.0,15.025,850300000.0
15,MJN,MRT,2013-06-30,2013-06-30,2013-06-30,2019-05-17,-216900000.0,3278800000.0,3239475000.0,2045500000.0,1233300000.0,1.233,0.724,-189100000.0,1003900000.0,1003900000.0,1525000000.0,610800000.0,1.646,20.982,1573900000.0,55000000.0,1518900000.0,1573900000.0,17000000.0,81000000.0,0.0,0.016,1.28,858100000.0,939100000.0,0.235,939100000.0,858100000.0,798600000.0,3.01,2.99,3.01,146700000.0,66700000.0,146700000.0,16668193379.0,19.0,17.749,636200000.0,3.14,1.0,2470600000.0,0.618,332300000.0,59500000.0,2273900000.0,2219350000.0,456100000.0,0.0,0.0,0.0,3078000000.0,1242600000.0,1835400000.0,16042093379.0,216600000.0,0.0,-156700000.0,-25200000.0,-252300000.0,-421200000.0,-190200000.0,-7600000.0,825300000.0,2700000.0,610400000.0,610400000.0,610400000.0,0.0,400000.0,0.153,1612100000.0,858500000.0,522600000.0,0.425,109.353,26.281,26.322,739500000.0,0.0,79.23,4.015,4.017,384400000.0,1305600000.0,3995600000.0,3995600000.0,101300000.0,0.188,9.151,0.387,0.215,32200000.0,1493900000.0,1.0,202474989.0,202600000.0,203200000.0,19.722,2946500000.0,162200000.0,188200000.0,78000000.0,14.543,802900000.0
16,MJN,MRT,2013-03-31,2013-03-31,2013-03-31,2019-05-17,-207800000.0,3275500000.0,3159725000.0,2055900000.0,1219600000.0,1.251,0.37,-169700000.0,1017200000.0,1017200000.0,1515300000.0,608500000.0,1.561,42.023,1643300000.0,122200000.0,1521100000.0,1643300000.0,28300000.0,78500000.0,0.0,0.016,1.24,855700000.0,934200000.0,0.236,934200000.0,855700000.0,791000000.0,2.97,2.96,2.97,74900000.0,25675000.0,74900000.0,16353340607.0,19.0,17.505,711500000.0,3.51,1.0,2437300000.0,0.617,350800000.0,64700000.0,2233900000.0,2204300000.0,444000000.0,0.0,0.0,0.0,3147500000.0,1316900000.0,1830600000.0,15685240607.0,356500000.0,0.0,-157400000.0,42100000.0,-244600000.0,-350500000.0,-170200000.0,-7000000.0,881200000.0,-4000000.0,604200000.0,604200000.0,604200000.0,0.0,4300000.0,0.153,1577300000.0,860000000.0,511700000.0,0.418,209.416,25.96,26.077,716800000.0,0.0,77.45,3.968,3.972,413400000.0,1218600000.0,3952600000.0,3952600000.0,100100000.0,0.191,23.533,0.388,0.216,32200000.0,1472700000.0,1.0,202520860.0,202700000.0,203200000.0,19.5,2924700000.0,136700000.0,186800000.0,81500000.0,14.429,739000000.0
17,MJN,MRT,2012-12-31,2012-12-31,2012-12-31,2019-05-17,-187000000.0,3258200000.0,3057525000.0,2015000000.0,1243200000.0,1.276,0.092,-122900000.0,1042100000.0,1042100000.0,1503800000.0,588300000.0,1.471,170.743,1710200000.0,187000000.0,1523200000.0,1710200000.0,36100000.0,76900000.0,0.0,0.018,1.2,827400000.0,904300000.0,0.232,904300000.0,827400000.0,762400000.0,2.84,2.83,2.84,18700000.0,-11900000.0,18700000.0,14153297067.0,17.0,15.651,569800000.0,2.799,1.0,2397500000.0,0.615,400500000.0,65000000.0,2155900000.0,2209775000.0,435900000.0,0.0,0.0,0.0,3192900000.0,1369900000.0,1823000000.0,13377197067.0,201800000.0,-106100000.0,-154900000.0,108400000.0,-236700000.0,-267500000.0,-228800000.0,-6300000.0,692700000.0,5400000.0,580400000.0,580400000.0,580400000.0,0.0,7900000.0,0.149,1562200000.0,835300000.0,508500000.0,0.423,715.358,23.048,23.201,689900000.0,0.0,65.89,3.429,3.439,364600000.0,1124800000.0,3901300000.0,3901300000.0,100100000.0,0.19,-48.773,0.374,0.212,32200000.0,1457300000.0,1.0,203023176.0,203600000.0,204300000.0,19.162,2857700000.0,136900000.0,182000000.0,57700000.0,14.036,645100000.0
18,MJN,MRT,2012-09-30,2012-09-30,2012-09-30,2019-05-17,-143800000.0,3145400000.0,2934675000.0,1986300000.0,1159100000.0,1.306,0.13,-116100000.0,958400000.0,958400000.0,1458200000.0,569400000.0,1.535,115.8,1734500000.0,209100000.0,1525400000.0,1734500000.0,9500000.0,74900000.0,0.0,0.016,1.16,812900000.0,887800000.0,0.232,887800000.0,812900000.0,750100000.0,2.72,2.71,2.72,26500000.0,-61350000.0,26500000.0,15755775457.0,19.0,17.747,496900000.0,2.432,1.0,2373300000.0,0.619,413900000.0,62800000.0,2213700000.0,2183100000.0,472900000.0,0.0,0.0,0.0,3068700000.0,1293900000.0,1774800000.0,14931875457.0,197100000.0,-106100000.0,-113200000.0,128400000.0,-228700000.0,-193300000.0,-224700000.0,-8000000.0,613000000.0,2100000.0,555900000.0,555900000.0,555900000.0,0.0,13500000.0,0.145,1546900000.0,826400000.0,437000000.0,0.426,563.467,26.861,26.941,608600000.0,0.0,73.28,3.897,3.907,380200000.0,1053400000.0,3831500000.0,3831500000.0,95700000.0,0.189,-9.061,0.372,0.212,39900000.0,1421500000.0,1.0,203764676.0,204300000.0,,18.754,2731500000.0,146300000.0,194200000.0,62300000.0,13.37,692400000.0
19,MJN,MRT,2012-06-30,2012-06-30,2012-06-30,2019-05-17,-151500000.0,2959800000.0,2793325000.0,1827700000.0,1132100000.0,1.376,-0.085,-108200000.0,787300000.0,787300000.0,1459000000.0,576100000.0,1.6,-168.144,1611200000.0,83700000.0,1527500000.0,1611200000.0,2700000.0,75300000.0,0.0,0.014,1.12,829100000.0,904400000.0,0.235,904400000.0,829100000.0,770100000.0,2.74,2.72,2.74,-17400000.0,-106050000.0,-17400000.0,17370612401.0,21.0,19.207,500100000.0,2.443,1.0,2385100000.0,0.62,427400000.0,59000000.0,2213700000.0,2156450000.0,494500000.0,0.0,0.0,0.0,2925700000.0,1142600000.0,1783100000.0,16415212401.0,83600000.0,-106100000.0,-91100000.0,0.0,-220700000.0,-275600000.0,-219000000.0,-4700000.0,608300000.0,-30100000.0,560300000.0,560300000.0,560300000.0,0.0,15800000.0,0.146,1540200000.0,844900000.0,441400000.0,0.409,-943.403,29.297,29.383,579800000.0,0.0,80.51,4.27,4.287,366200000.0,975900000.0,3844100000.0,3844100000.0,97100000.0,0.201,-5.283,0.384,0.216,39900000.0,1431300000.0,1.0,203890354.0,204700000.0,,18.779,2532400000.0,141700000.0,209800000.0,81600000.0,12.371,685100000.0
20,MJN,MRT,2012-03-31,2012-03-31,2012-03-31,2019-05-17,-119300000.0,2866700000.0,2684900000.0,1761300000.0,1105400000.0,1.402,-0.37,-105300000.0,660700000.0,660700000.0,1415800000.0,539900000.0,1.564,-38.398,1616100000.0,86400000.0,1529700000.0,1616100000.0,12500000.0,76100000.0,0.0,0.013,1.08,787000000.0,863100000.0,0.229,863100000.0,787000000.0,733400000.0,2.57,2.55,2.57,-75400000.0,-150875000.0,-75400000.0,17489667824.0,22.0,20.264,347800000.0,1.708,1.0,2348000000.0,0.624,440200000.0,53600000.0,2255800000.0,2136350000.0,542000000.0,0.0,0.0,0.0,2895200000.0,1126100000.0,1769100000.0,16798067824.0,-47900000.0,-106100000.0,-92800000.0,0.0,-212600000.0,-275200000.0,-216100000.0,-4700000.0,453100000.0,-9700000.0,526600000.0,526600000.0,526600000.0,0.0,13300000.0,0.14,1547700000.0,800300000.0,409100000.0,0.42,-222.786,31.899,32.093,581000000.0,0.0,82.48,4.463,4.463,378400000.0,872900000.0,3763800000.0,3763800000.0,95700000.0,0.196,-3.49,0.368,0.209,39900000.0,1440000000.0,1.0,203662316.0,203662316.0,,18.481,2426500000.0,148100000.0,206800000.0,109300000.0,11.914,635200000.0
21,MJN,MRT,2011-12-31,2011-12-31,2011-12-31,2019-05-17,-133100000.0,2766800000.0,2584575000.0,1889700000.0,877100000.0,1.423,-0.877,-107900000.0,840300000.0,840300000.0,1362300000.0,519000000.0,1.575,-16.386,1531900000.0,0.0,1531900000.0,1531900000.0,47000000.0,75300000.0,0.0,0.015,1.04,763600000.0,838900000.0,0.228,838900000.0,763600000.0,711400000.0,2.48,2.47,2.48,-179100000.0,-197650000.0,-179100000.0,14763793583.0,19.0,17.599,524900000.0,2.569,1.0,2314700000.0,0.63,209100000.0,52200000.0,2049200000.0,2086300000.0,534900000.0,0.0,0.0,0.0,2934800000.0,1200100000.0,1734700000.0,13990993583.0,244700000.0,0.0,-87700000.0,-1200000.0,-205700000.0,-275200000.0,-112600000.0,-4700000.0,632800000.0,-300000.0,508500000.0,508500000.0,508500000.0,0.0,10500000.0,0.138,1540600000.0,774100000.0,488100000.0,0.419,-78.118,27.514,27.714,576100000.0,0.0,68.73,3.805,3.819,352600000.0,770000000.0,3677000000.0,3677000000.0,92500000.0,0.197,-2.573,0.366,0.208,39900000.0,1428500000.0,1.0,203564580.0,204300000.0,205000000.0,17.998,2557700000.0,138300000.0,202900000.0,87800000.0,12.519,689600000.0
22,MJN,MRT,2011-09-30,2011-09-30,2011-09-30,2019-05-17,-66100000.0,2580000000.0,2466150000.0,1715900000.0,864100000.0,1.447,-0.747,-105300000.0,761300000.0,761300000.0,1310200000.0,530500000.0,1.654,-17.891,1534100000.0,0.0,1534100000.0,1534100000.0,26200000.0,74400000.0,0.0,0.015,1.005,766600000.0,841000000.0,0.236,841000000.0,766600000.0,715300000.0,2.54,2.53,2.54,-152300000.0,-244725000.0,-152300000.0,14869331036.0,19.0,17.681,519900000.0,2.549,1.0,2259200000.0,0.633,208100000.0,51300000.0,2107100000.0,2088325000.0,441100000.0,0.0,0.0,0.0,2724800000.0,1037600000.0,1687200000.0,14037431036.0,259400000.0,0.0,-86200000.0,-3200000.0,-198800000.0,-259200000.0,-105300000.0,0.0,625200000.0,-1300000.0,522500000.0,522500000.0,522500000.0,0.0,8000000.0,0.146,1484600000.0,774600000.0,398200000.0,0.396,-92.17,26.866,27.098,557700000.0,0.0,68.83,3.933,3.933,358900000.0,737400000.0,3569400000.0,3569400000.0,84600000.0,0.212,-2.135,0.367,0.215,19700000.0,1393000000.0,1.0,203943499.0,203943499.0,,17.502,2371900000.0,118500000.0,192800000.0,81300000.0,11.63,678300000.0
23,MJN,MRT,2011-06-30,2011-06-30,2011-06-30,2019-05-17,-35200000.0,2526100000.0,2375550000.0,1669100000.0,857000000.0,1.45,-0.963,-127100000.0,703700000.0,703700000.0,1248200000.0,492000000.0,1.642,-13.78,1535600000.0,0.0,1535600000.0,1535600000.0,24300000.0,70800000.0,0.0,0.014,0.97,730300000.0,801100000.0,0.232,801100000.0,730300000.0,680100000.0,2.35,2.35,2.35,-196700000.0,-312625000.0,-196700000.0,14625836010.0,20.0,18.257,479200000.0,2.345,1.0,2197500000.0,0.638,208000000.0,50200000.0,2133300000.0,2095625000.0,423200000.0,0.0,0.0,0.0,2710600000.0,1016700000.0,1693900000.0,13803336010.0,275500000.0,0.0,-58200000.0,-200000.0,-191700000.0,-239300000.0,-127100000.0,0.0,606300000.0,35600000.0,483900000.0,483900000.0,483900000.0,0.0,8100000.0,0.14,1459100000.0,738400000.0,427500000.0,0.413,-70.175,28.525,28.745,558400000.0,0.0,67.55,4.006,4.006,367900000.0,645800000.0,3445700000.0,3445700000.0,80200000.0,0.204,-1.548,0.348,0.212,19700000.0,1336300000.0,1.0,204342502.0,204342502.0,,16.862,2318100000.0,115300000.0,196200000.0,95700000.0,11.344,652400000.0
24,MJN,MRT,2011-03-31,2011-03-31,2011-03-31,2019-05-17,-38900000.0,2465400000.0,2252025000.0,1600500000.0,864900000.0,1.456,-1.283,-144700000.0,708600000.0,708600000.0,1197800000.0,479600000.0,1.557,-10.346,1531100000.0,0.0,1531100000.0,1531100000.0,28600000.0,66800000.0,0.0,0.016,0.935,701200000.0,768000000.0,0.234,768000000.0,701200000.0,651600000.0,2.3,2.3,2.3,-262500000.0,-394150000.0,-262500000.0,12789881334.0,18.0,16.653,424300000.0,2.074,1.0,2080100000.0,0.635,204100000.0,49600000.0,2055600000.0,2083200000.0,369500000.0,0.0,0.0,0.0,2715800000.0,1028200000.0,1687600000.0,11851781334.0,246500000.0,0.0,-26500000.0,0.0,-184700000.0,-199500000.0,-150200000.0,-5500000.0,569000000.0,27200000.0,473200000.0,473200000.0,473200000.0,0.0,6400000.0,0.144,1372500000.0,707600000.0,412400000.0,0.407,-45.15,25.046,25.187,558800000.0,0.0,57.93,3.616,3.616,370700000.0,566900000.0,3277900000.0,3277900000.0,77700000.0,0.21,-1.201,0.337,0.214,19700000.0,1256300000.0,1.0,204587974.0,204587974.0,,16.022,2261300000.0,118900000.0,178400000.0,114800000.0,11.053,572300000.0
25,MJN,MRT,2010-12-31,2010-12-31,2010-12-31,2019-05-17,-64600000.0,2293100000.0,2134850000.0,1449000000.0,844100000.0,1.472,-1.795,-169100000.0,595600000.0,595600000.0,1149600000.0,458200000.0,1.484,-7.217,1533700000.0,1200000.0,1532500000.0,1533700000.0,37000000.0,64700000.0,0.0,0.014,0.9,677400000.0,742100000.0,0.236,742100000.0,677400000.0,628800000.0,2.2,2.2,2.2,-367400000.0,-477625000.0,-367400000.0,13784576978.0,20.0,18.575,345100000.0,1.686,1.0,1992000000.0,0.634,197800000.0,48600000.0,2057300000.0,2053925000.0,356700000.0,0.0,0.0,0.0,2651400000.0,976100000.0,1675300000.0,12734876978.0,34500000.0,0.0,-2000000.0,-135800000.0,-179600000.0,-306400000.0,-174600000.0,-5500000.0,514200000.0,1300000.0,452700000.0,452700000.0,452700000.0,0.0,5500000.0,0.144,1309100000.0,682900000.0,365800000.0,0.409,-34.662,28.131,28.295,550500000.0,0.0,62.25,4.054,4.056,352000000.0,474000000.0,3141600000.0,3141600000.0,78500000.0,0.212,-0.948,0.33,0.216,19700000.0,1201400000.0,1.0,204576337.0,204700000.0,204700000.0,15.347,2095300000.0,126900000.0,176100000.0,80800000.0,10.236,472900000.0
26,MJN,MRT,2010-09-30,2010-09-30,2010-09-30,2019-05-17,-64400000.0,2217600000.0,2079150000.0,1351500000.0,866100000.0,1.468,-2.072,-175600000.0,501900000.0,501900000.0,1093200000.0,424600000.0,1.442,-6.212,1551600000.0,3200000.0,1548400000.0,1551600000.0,28200000.0,62400000.0,0.0,0.015,0.875,641800000.0,704200000.0,0.231,704200000.0,641800000.0,588800000.0,2.03,2.03,2.03,-423900000.0,-554500000.0,-423900000.0,12737704656.0,20.0,18.088,333200000.0,1.629,1.0,1959100000.0,0.642,194000000.0,53000000.0,2136300000.0,2001075000.0,345100000.0,0.0,0.0,0.0,2633300000.0,937000000.0,1696300000.0,11640804656.0,-95500000.0,0.0,1400000.0,-293800000.0,-174300000.0,-431000000.0,-181100000.0,-5500000.0,508800000.0,7800000.0,417100000.0,417100000.0,417100000.0,0.0,7500000.0,0.137,1309800000.0,649300000.0,349500000.0,0.431,-27.461,27.909,28.034,544900000.0,0.0,56.91,3.814,3.815,360300000.0,420400000.0,3052300000.0,3052300000.0,78900000.0,0.201,-0.752,0.321,0.21,17700000.0,1173200000.0,1.0,204547613.0,204600000.0,204600000.0,14.918,2023600000.0,122300000.0,171700000.0,69000000.0,9.891,414500000.0
27,MJN,MRT,2010-06-30,2010-06-30,2010-06-30,2019-05-17,-98400000.0,2032000000.0,2015825000.0,1219000000.0,813000000.0,1.459,-2.556,-143200000.0,428200000.0,428200000.0,1041500000.0,416000000.0,1.415,-4.861,1525100000.0,200000.0,1524900000.0,1525100000.0,19800000.0,61900000.0,0.0,0.023,1.15,636100000.0,698000000.0,0.237,698000000.0,636100000.0,572100000.0,1.99,1.99,1.99,-522800000.0,-625825000.0,-522800000.0,11289676342.0,18.0,16.174,310900000.0,1.52,1.0,1900400000.0,0.646,183800000.0,64000000.0,2083600000.0,2015850000.0,330000000.0,0.0,0.0,0.0,2541300000.0,861500000.0,1679800000.0,10250476342.0,-148700000.0,0.0,800000.0,-296800000.0,-189500000.0,-450500000.0,-148700000.0,-5500000.0,454100000.0,-3600000.0,408600000.0,408600000.0,408600000.0,0.0,7400000.0,0.139,1256900000.0,643500000.0,334600000.0,0.578,-19.607,25.087,25.186,525100000.0,0.0,50.12,3.484,3.484,312600000.0,360600000.0,2941900000.0,2941900000.0,78000000.0,0.203,-0.653,0.316,0.216,17700000.0,1139800000.0,1.0,204518682.0,204500000.0,204500000.0,14.386,1848200000.0,118400000.0,163500000.0,48600000.0,9.038,357500000.0
28,MJN,MRT,2010-03-31,2010-03-31,2010-03-31,2019-05-17,-91500000.0,1996700000.0,1989425000.0,1241600000.0,755100000.0,1.456,-2.916,-128300000.0,462100000.0,462100000.0,998900000.0,431500000.0,1.347,-4.327,1501300000.0,0.0,1501300000.0,1501300000.0,15400000.0,60600000.0,0.0,0.018,0.925,678900000.0,739500000.0,0.255,739500000.0,678900000.0,602200000.0,2.06,2.06,2.06,-596400000.0,-700100000.0,-596400000.0,11683935000.0,17.0,15.8,495700000.0,2.424,1.0,1898100000.0,0.655,175700000.0,76700000.0,1938500000.0,2040150000.0,318100000.0,0.0,0.0,0.0,2580400000.0,921700000.0,1658700000.0,10640135000.0,103400000.0,0.0,0.0,-302800000.0,-143300000.0,-411100000.0,-116400000.0,0.0,624000000.0,6900000.0,421700000.0,421700000.0,421700000.0,0.0,9800000.0,0.146,1209400000.0,688700000.0,324800000.0,0.449,-17.841,25.232,25.257,506300000.0,0.0,52.03,3.673,3.673,323700000.0,285400000.0,2897000000.0,2897000000.0,76700000.0,0.212,-0.602,0.333,0.234,17700000.0,1097700000.0,1.0,204500000.0,204500000.0,204500000.0,14.166,1821000000.0,108000000.0,180500000.0,93800000.0,8.905,319900000.0
29,MJN,MRT,2009-12-31,2009-12-31,2009-12-31,2019-05-17,-85600000.0,2070300000.0,1917125000.0,1336100000.0,734200000.0,1.474,-3.364,-93200000.0,561100000.0,561100000.0,974700000.0,410600000.0,1.214,-4.052,1604900000.0,120000000.0,1484900000.0,1604900000.0,22700000.0,58900000.0,0.0,0.016,0.7,668600000.0,727500000.0,0.257,727500000.0,668600000.0,576000000.0,1.99,1.99,1.99,-674900000.0,-777225000.0,-674900000.0,10125050000.0,15.0,13.918,483400000.0,2.41,1.0,1851800000.0,0.655,168000000.0,92600000.0,1845900000.0,2136950000.0,309900000.0,30000000.0,30000000.0,0.0,2734600000.0,1100200000.0,1634400000.0,8936650000.0,561100000.0,0.0,782300000.0,-762800000.0,-102300000.0,49100000.0,-81300000.0,0.0,576600000.0,16700000.0,399600000.0,399600000.0,399600000.0,0.0,11000000.0,0.141,1172200000.0,679600000.0,361300000.0,0.352,-13.241,22.364,21.96,501400000.0,0.0,43.7,3.162,3.101,317600000.0,206100000.0,2826500000.0,2826500000.0,71900000.0,0.208,-0.514,0.313,0.237,17700000.0,1067200000.0,1.0,204500000.0,200600000.0,200600000.0,14.09,1902300000.0,111000000.0,176400000.0,88300000.0,9.483,235900000.0
30,MJN,MRT,2009-09-30,2009-09-30,2009-09-30,2019-05-17,-77500000.0,1964300000.0,1739900000.0,1301000000.0,663300000.0,1.621,-3.468,-87700000.0,597400000.0,597400000.0,996100000.0,390600000.0,1.629,-3.753,1785800000.0,39400000.0,1746400000.0,1785800000.0,12600000.0,57900000.0,0.0,0.011,0.5,692900000.0,750800000.0,0.266,750800000.0,692900000.0,586200000.0,1.96,1.96,1.96,-709200000.0,-958725000.0,-709200000.0,10442195000.0,15.0,13.908,434000000.0,2.122,1.0,1823700000.0,0.647,158600000.0,106700000.0,2195400000.0,2313450000.0,318300000.0,0.0,0.0,0.0,2661800000.0,798700000.0,1863100000.0,9224995000.0,597400000.0,0.0,782300000.0,-602800000.0,-61400000.0,139300000.0,-75800000.0,0.0,521700000.0,12200000.0,382000000.0,382000000.0,382000000.0,0.0,8600000.0,0.135,1131300000.0,692400000.0,230600000.0,0.255,-13.008,24.149,23.015,465300000.0,0.0,45.11,3.272,3.272,269300000.0,183100000.0,2819800000.0,2819800000.0,72600000.0,0.22,-0.398,0.3,0.246,9200000.0,1044600000.0,1.0,204500000.0,204500000.0,204500000.0,13.789,1805700000.0,98900000.0,204200000.0,64300000.0,8.83,502300000.0
31,MJN,MRT,2009-06-30,2009-06-30,2009-06-30,2019-05-17,-86500000.0,1926400000.0,,1276900000.0,649500000.0,,-4.009,-94300000.0,576900000.0,576900000.0,1039400000.0,397100000.0,1.576,-3.336,1794100000.0,9500000.0,1784600000.0,1794100000.0,11900000.0,56100000.0,0.0,0.0,0.0,695500000.0,751600000.0,0.263,751600000.0,695500000.0,599900000.0,2.09,2.09,2.09,-819900000.0,,-819900000.0,7945265000.0,11.0,10.571,471500000.0,2.306,1.0,1823400000.0,0.637,152400000.0,95600000.0,2180800000.0,,329300000.0,0.0,0.0,0.0,2735100000.0,810400000.0,1924700000.0,6496965000.0,576900000.0,0.0,782300000.0,-602800000.0,0.0,86100000.0,-82400000.0,0.0,565800000.0,7400000.0,387100000.0,387100000.0,387100000.0,0.0,10000000.0,0.135,1124500000.0,698900000.0,275700000.0,0.0,-7.924,16.784,15.201,455800000.0,0.0,31.77,2.269,2.269,257900000.0,126400000.0,2862800000.0,2862800000.0,72800000.0,,,,0.243,9200000.0,1046300000.0,1.0,204500000.0,204500000.0,204500000.0,13.999,1774000000.0,89400000.0,212800000.0,89700000.0,8.675,466500000.0
32,MJN,MRT,2009-03-31,2009-03-31,2009-03-31,2019-05-17,-99700000.0,1707500000.0,,1057100000.0,650400000.0,,-4.793,-78600000.0,358700000.0,358700000.0,1075600000.0,375100000.0,1.561,-2.878,1807000000.0,22400000.0,1784600000.0,1807000000.0,21300000.0,53700000.0,0.0,0.0,0.0,667000000.0,720700000.0,0.251,720700000.0,667000000.0,595700000.0,2.1,2.1,2.1,-904900000.0,,-904900000.0,7903915000.0,12.0,10.967,372100000.0,1.971,1.0,1796500000.0,0.626,153000000.0,71300000.0,2325700000.0,,321200000.0,0.0,0.0,0.0,2604700000.0,677100000.0,1927600000.0,5903915000.0,358700000.0,0.0,782300000.0,-597000000.0,0.0,-14800000.0,-78600000.0,0.0,450700000.0,1400000.0,366800000.0,366800000.0,366800000.0,0.0,8300000.0,0.128,1124100000.0,672400000.0,205500000.0,0.0,-6.524,16.096,13.748,446300000.0,0.0,28.87,2.056,1.898,264900000.0,53300000.0,2872100000.0,2872100000.0,71800000.0,,,,0.232,9200000.0,1037200000.0,1.0,204500000.0,188800000.0,188800000.0,15.212,1554500000.0,88100000.0,228900000.0,85400000.0,8.234,380000000.0
33,MJN,MRT,2008-12-31,2008-12-31,2008-12-31,2019-05-17,-1400900000.0,1361400000.0,1331650000.0,717100000.0,644300000.0,2.165,-8.241,-79400000.0,0.0,0.0,1079800000.0,401000000.0,1.098,-1.968,2000000000.0,0.0,2000000000.0,2000000000.0,24500000.0,52100000.0,0.0,,0.0,688600000.0,740700000.0,0.257,740700000.0,688600000.0,645300000.0,2.32,2.32,2.32,-1400900000.0,-385050000.0,-1400900000.0,,,,409600000.0,2.409,1.0,1802600000.0,0.625,156700000.0,43300000.0,2551900000.0,1570550000.0,354300000.0,0.0,0.0,0.0,2756900000.0,652800000.0,2104100000.0,,0.0,0.0,0.0,0.0,0.0,-409600000.0,-79400000.0,0.0,489000000.0,0.0,393900000.0,393900000.0,393900000.0,0.0,7100000.0,0.137,1106900000.0,695700000.0,241600000.0,0.0,,,,453600000.0,0.0,,,,262700000.0,0.0,2882400000.0,2882400000.0,72800000.0,0.296,-1.023,0.438,0.239,9200000.0,1021000000.0,1.0,204500000.0,170000000.0,170000000.0,16.955,1204700000.0,77400000.0,251400000.0,91900000.0,7.086,64300000.0
34,MJN,MRT,2008-09-30,2008-09-30,2008-09-30,2019-05-17,,,,,,,,,,,,,,,,,,,,,,,0.0,,,,,,,,,,,,,,,,,,1.0,,,,,,,,,,,,,,,,,,,,,,,,,,,,,,,,,,,,,,,,,,,,,,,,,,,,,,1.0,,170000000.0,,,,,,,,
35,MJN,MRT,2008-06-30,2008-06-30,2008-06-30,2019-05-17,,,,,,,,,,,,,,,,,,,,,,,0.0,,,,,,,,,,,,,,,,,,1.0,,,,,,,,,,,,,,,,,,,,,,,,,,,,,,,,,,,,,,,,,,,,,,,,,,,,,,1.0,,170000000.0,,,,,,,,
36,MJN,MRT,2008-03-31,2008-03-31,2008-03-31,2019-05-17,,,,,,,,,,,,,,,,,,,,,,,0.0,,,,,,,,,,,,,,,,,,1.0,,,,,,,,,,,,,,,,,,,,,,,,,,,,,,,,,,,,,,,,,,,,,,,,,,,,,,1.0,,170000000.0,,,,,,,,
37,MJN,MRT,2007-12-31,2007-12-31,2007-12-31,2019-05-17,0.0,1301900000.0,1253100000.0,687500000.0,614400000.0,2.056,3.711,-77200000.0,0.0,0.0,948700000.0,429600000.0,1.222,1.053,0.0,0.0,0.0,0.0,22700000.0,51000000.0,0.0,,0.0,656100000.0,707100000.0,0.274,707100000.0,656100000.0,656100000.0,2.49,2.49,2.49,630800000.0,608300000.0,630800000.0,,,,401500000.0,2.362,1.0,1627700000.0,0.632,150000000.0,0.0,589200000.0,559350000.0,301200000.0,0.0,0.0,0.0,664100000.0,562700000.0,101400000.0,,0.0,0.0,0.0,0.0,0.0,-404500000.0,-74200000.0,0.0,478700000.0,0.0,422500000.0,422500000.0,422500000.0,0.0,7100000.0,0.164,964500000.0,663200000.0,166500000.0,0.0,,,,439700000.0,0.0,,,,283000000.0,,2576400000.0,2576400000.0,67200000.0,0.337,0.695,1.173,0.255,6900000.0,893700000.0,1.0,,170000000.0,170000000.0,15.155,1151900000.0,73600000.0,233600000.0,81300000.0,6.776,124800000.0
38,MJN,MRT,2006-12-31,2006-12-31,2006-12-31,2019-05-17,0.0,1204300000.0,,624100000.0,580200000.0,,3.446,-63000000.0,0.0,0.0,850400000.0,398200000.0,1.178,1.045,0.0,0.0,0.0,0.0,15800000.0,49500000.0,0.0,,0.0,628300000.0,677800000.0,0.289,677800000.0,628300000.0,628300000.0,2.34,2.34,2.34,585800000.0,,585800000.0,,,,288800000.0,1.699,1.0,1494700000.0,0.637,144900000.0,0.0,529500000.0,,254500000.0,0.0,0.0,0.0,611900000.0,529900000.0,82000000.0,,0.0,0.0,0.0,0.0,0.0,-288800000.0,-63000000.0,0.0,351800000.0,0.0,398200000.0,398200000.0,398200000.0,0.0,0.0,0.17,859900000.0,634800000.0,121000000.0,0.0,,,,409500000.0,0.0,,,,276300000.0,,2345100000.0,2345100000.0,62000000.0,,,,0.268,6100000.0,794900000.0,1.0,,170000000.0,170000000.0,13.795,1059400000.0,76600000.0,230100000.0,76200000.0,6.232,94200000.0
39,MJN,MRT,2005-12-31,2005-12-31,2005-12-31,2019-05-17,,,,,,,,-54700000.0,,,781300000.0,389800000.0,,,,,,,,53800000.0,,,0.0,612300000.0,666100000.0,0.303,666100000.0,612300000.0,612300000.0,,,,,,,,,,379700000.0,,1.0,1420500000.0,0.645,,0.0,,,,,,,,,,,0.0,0.0,0.0,0.0,0.0,-379700000.0,-54700000.0,0.0,434400000.0,0.0,389800000.0,389800000.0,389800000.0,0.0,0.0,0.177,802100000.0,618400000.0,,,,,,,0.0,,,,,,2201800000.0,2201800000.0,50800000.0,,,,0.278,900000.0,748900000.0,,,,,,,,222500000.0,,,
