None,ticker,dimension,calendardate,datekey,reportperiod,lastupdated,accoci,assets,assetsavg,assetsc,assetsnc,assetturnover,bvps,capex,cashneq,cashnequsd,cor,consolinc,currentratio,de,debt,debtc,debtnc,debtusd,deferredrev,depamor,deposits,divyield,dps,ebit,ebitda,ebitdamargin,ebitdausd,ebitusd,ebt,eps,epsdil,epsusd,equity,equityavg,equityusd,ev,evebit,evebitda,fcf,fcfps,fxusd,gp,grossmargin,intangibles,intexp,invcap,invcapavg,inventory,investments,investmentsc,investmentsnc,liabilities,liabilitiesc,liabilitiesnc,marketcap,ncf,ncfbus,ncfcommon,ncfdebt,ncfdiv,ncff,ncfi,ncfinv,ncfo,ncfx,netinc,netinccmn,netinccmnusd,netincdis,netincnci,netmargin,opex,opinc,payables,payoutratio,pb,pe,pe1,ppnenet,prefdivis,price,ps,ps1,receivables,retearn,revenue,revenueusd,rnd,roa,roe,roic,ros,sbcomp,sgna,sharefactor,sharesbas,shareswa,shareswadil,sps,tangibles,taxassets,taxexp,taxliabilities,tbvps,workingcapital
0,EMN,MRY,2020-12-31,2020-12-31,2020-12-31,2021-08-03,-273000000.0,16083000000.0,16132500000.0,3541000000.0,12542000000.0,0.525,44.461,-383000000.0,564000000.0,564000000.0,6498000000.0,489000000.0,1.737,1.656,5618000000.0,349000000.0,5269000000.0,5618000000.0,0.0,574000000.0,0.0,0.027,2.67,729000000.0,1303000000.0,0.154,1303000000.0,729000000.0,519000000.0,3.53,3.5,3.53,6023000000.0,6059000000.0,6023000000.0,18799720410.0,26.0,14.428,1072000000.0,7.913,1.0,1975000000.0,0.233,6257000000.0,210000000.0,12842000000.0,13174750000.0,1379000000.0,0.0,0.0,0.0,9975000000.0,2038000000.0,7937000000.0,13584720410.0,360000000.0,-1000000.0,-60000000.0,-307000000.0,-358000000.0,-704000000.0,-394000000.0,0.0,1455000000.0,3000000.0,478000000.0,478000000.0,478000000.0,0.0,11000000.0,0.056,1226000000.0,749000000.0,1689000000.0,0.756,2.255,28.42,28.408,5549000000.0,0.0,100.28,1.603,1.603,1515000000.0,8080000000.0,8473000000.0,8473000000.0,226000000.0,0.03,0.079,0.055,0.086,0.0,654000000.0,1.0,135467894.0,135467894.0,,62.546,9826000000.0,0.0,41000000.0,848000000.0,72.534,1503000000.0
1,EMN,MRY,2019-12-31,2019-12-31,2019-12-31,2021-08-03,-214000000.0,16008000000.0,16190500000.0,3321000000.0,12687000000.0,0.573,43.816,-425000000.0,204000000.0,204000000.0,7039000000.0,762000000.0,1.856,1.674,5782000000.0,171000000.0,5611000000.0,5782000000.0,0.0,611000000.0,0.0,0.032,2.52,1117000000.0,1728000000.0,0.186,1728000000.0,1117000000.0,899000000.0,5.52,5.48,5.52,5958000000.0,5922500000.0,5958000000.0,16779712581.0,15.0,9.71,1079000000.0,7.935,1.0,2234000000.0,0.241,6442000000.0,218000000.0,13355000000.0,13553000000.0,1662000000.0,0.0,0.0,0.0,9976000000.0,1789000000.0,8187000000.0,10777712581.0,-22000000.0,-48000000.0,-325000000.0,-370000000.0,-343000000.0,-1043000000.0,-480000000.0,0.0,1504000000.0,-3000000.0,759000000.0,759000000.0,759000000.0,0.0,3000000.0,0.082,1111000000.0,1123000000.0,1618000000.0,0.457,1.809,14.2,14.359,5571000000.0,0.0,79.26,1.162,1.162,1375000000.0,7965000000.0,9273000000.0,9273000000.0,234000000.0,0.047,0.128,0.082,0.12,0.0,691000000.0,1.0,135979215.0,135979215.0,,68.194,9566000000.0,0.0,140000000.0,915000000.0,70.349,1532000000.0
2,EMN,MRY,2018-12-31,2018-12-31,2018-12-31,2021-08-03,-245000000.0,15995000000.0,16245750000.0,3365000000.0,12630000000.0,0.625,41.438,-528000000.0,226000000.0,226000000.0,7672000000.0,1084000000.0,1.818,1.743,6168000000.0,243000000.0,5925000000.0,6168000000.0,0.0,604000000.0,0.0,0.031,2.3,1541000000.0,2145000000.0,0.211,2145000000.0,1541000000.0,1306000000.0,7.65,7.56,7.65,5803000000.0,5741250000.0,5803000000.0,16671478297.0,11.0,7.772,1015000000.0,7.248,1.0,2479000000.0,0.244,6652000000.0,235000000.0,13434000000.0,13848000000.0,1583000000.0,0.0,0.0,0.0,10117000000.0,1851000000.0,8266000000.0,10238478297.0,35000000.0,2000000.0,-400000000.0,-316000000.0,-318000000.0,-1040000000.0,-463000000.0,0.0,1543000000.0,-5000000.0,1080000000.0,1080000000.0,1080000000.0,0.0,4000000.0,0.106,980000000.0,1499000000.0,1608000000.0,0.301,1.764,9.48,9.557,5600000000.0,0.0,73.11,1.009,1.009,1483000000.0,7573000000.0,10151000000.0,10151000000.0,235000000.0,0.066,0.188,0.111,0.152,0.0,721000000.0,1.0,140042105.0,140042105.0,,72.485,9343000000.0,0.0,226000000.0,884000000.0,66.716,1514000000.0
3,EMN,MRY,2017-12-31,2017-12-31,2017-12-31,2021-08-03,-209000000.0,15999000000.0,15935500000.0,3143000000.0,12856000000.0,0.599,37.59,-649000000.0,191000000.0,191000000.0,7186000000.0,1388000000.0,1.586,1.947,6540000000.0,393000000.0,6147000000.0,6540000000.0,0.0,587000000.0,0.0,0.023,2.09,1526000000.0,2113000000.0,0.221,2113000000.0,1526000000.0,1285000000.0,9.56,9.47,9.56,5403000000.0,4972250000.0,5403000000.0,19814554723.0,13.0,9.377,1008000000.0,7.013,1.0,2363000000.0,0.247,6900000000.0,241000000.0,13466000000.0,13816750000.0,1509000000.0,0.0,0.0,0.0,10519000000.0,1982000000.0,8537000000.0,13315554723.0,10000000.0,10000000.0,-350000000.0,-369000000.0,-296000000.0,-1006000000.0,-643000000.0,0.0,1657000000.0,2000000.0,1384000000.0,1384000000.0,1384000000.0,0.0,4000000.0,0.145,829000000.0,1534000000.0,1589000000.0,0.219,2.464,9.621,9.69,5607000000.0,0.0,92.64,1.394,1.394,1386000000.0,6802000000.0,9549000000.0,9549000000.0,227000000.0,0.087,0.278,0.11,0.16,0.0,729000000.0,1.0,143734399.0,143734399.0,,66.435,9099000000.0,0.0,-99000000.0,893000000.0,63.304,1161000000.0
4,EMN,MRY,2016-12-31,2016-12-31,2016-12-31,2021-08-03,-281000000.0,15457000000.0,15536000000.0,2866000000.0,12591000000.0,0.58,30.882,-626000000.0,181000000.0,181000000.0,6651000000.0,859000000.0,1.597,2.394,6594000000.0,283000000.0,6311000000.0,6594000000.0,0.0,580000000.0,0.0,0.025,1.89,1299000000.0,1879000000.0,0.209,1879000000.0,1299000000.0,1044000000.0,5.8,5.75,5.8,4532000000.0,4388000000.0,4532000000.0,17438133234.0,13.0,9.281,759000000.0,5.172,1.0,2357000000.0,0.262,6940000000.0,255000000.0,13135000000.0,13033750000.0,1404000000.0,0.0,0.0,0.0,10849000000.0,1795000000.0,9054000000.0,11037133234.0,-112000000.0,15000000.0,-145000000.0,-428000000.0,-272000000.0,-838000000.0,-655000000.0,0.0,1385000000.0,-4000000.0,854000000.0,854000000.0,854000000.0,0.0,5000000.0,0.095,972000000.0,1385000000.0,1512000000.0,0.326,2.435,12.924,12.967,5276000000.0,0.0,75.21,1.225,1.225,1211000000.0,5721000000.0,9008000000.0,9008000000.0,223000000.0,0.055,0.195,0.1,0.144,0.0,707000000.0,1.0,146750874.0,146750874.0,,61.383,8517000000.0,0.0,190000000.0,1206000000.0,58.037,1071000000.0
5,EMN,MRY,2015-12-31,2015-12-31,2015-12-31,2021-08-03,-390000000.0,15580000000.0,15795000000.0,2878000000.0,12702000000.0,0.611,26.52,-652000000.0,293000000.0,293000000.0,7068000000.0,854000000.0,1.4,2.933,7008000000.0,431000000.0,6577000000.0,7008000000.0,0.0,571000000.0,0.0,0.025,1.66,1386000000.0,1957000000.0,0.203,1957000000.0,1386000000.0,1123000000.0,5.71,5.66,5.71,3941000000.0,3756250000.0,3941000000.0,17003494148.0,12.0,8.689,972000000.0,6.541,1.0,2580000000.0,0.267,7168000000.0,263000000.0,13071000000.0,13767250000.0,1479000000.0,0.0,0.0,0.0,11559000000.0,2056000000.0,9503000000.0,10032494148.0,79000000.0,-41000000.0,-95000000.0,-505000000.0,-238000000.0,-844000000.0,-693000000.0,0.0,1624000000.0,-8000000.0,848000000.0,848000000.0,848000000.0,0.0,6000000.0,0.088,1196000000.0,1384000000.0,1625000000.0,0.291,2.546,11.831,11.823,5130000000.0,0.0,67.51,1.04,1.04,1038000000.0,5146000000.0,9648000000.0,9648000000.0,242000000.0,0.054,0.226,0.101,0.144,0.0,771000000.0,1.0,148607527.0,148607527.0,,64.923,8412000000.0,0.0,275000000.0,928000000.0,56.605,822000000.0
6,EMN,MRY,2014-12-31,2014-12-31,2014-12-31,2021-08-03,-277000000.0,16072000000.0,13098000000.0,3173000000.0,12899000000.0,0.727,23.632,-593000000.0,214000000.0,214000000.0,7306000000.0,757000000.0,1.569,3.556,7549000000.0,301000000.0,7248000000.0,7549000000.0,0.0,450000000.0,0.0,0.019,1.45,1173000000.0,1623000000.0,0.17,1623000000.0,1173000000.0,986000000.0,5.03,4.97,5.03,3510000000.0,3755500000.0,3510000000.0,15618288261.0,13.0,9.623,840000000.0,5.656,1.0,2221000000.0,0.233,7391000000.0,187000000.0,13994000000.0,11575500000.0,1509000000.0,0.0,0.0,0.0,12482000000.0,2022000000.0,10460000000.0,11267288261.0,-23000000.0,-3509000000.0,-392000000.0,3250000000.0,-210000000.0,2639000000.0,-4091000000.0,0.0,1433000000.0,-4000000.0,751000000.0,751000000.0,751000000.0,-2000000.0,6000000.0,0.079,1059000000.0,1162000000.0,1721000000.0,0.288,3.21,15.003,15.082,5087000000.0,0.0,75.86,1.183,1.183,1200000000.0,4545000000.0,9527000000.0,9527000000.0,227000000.0,0.057,0.2,0.101,0.123,0.0,755000000.0,1.0,148527396.0,148527396.0,,64.143,8681000000.0,0.0,235000000.0,946000000.0,58.447,1151000000.0
7,EMN,MRY,2013-12-31,2013-12-31,2013-12-31,2021-08-03,171000000.0,11845000000.0,11755250000.0,2840000000.0,9005000000.0,0.795,24.662,-483000000.0,237000000.0,237000000.0,6574000000.0,1172000000.0,1.932,2.1,4254000000.0,0.0,4254000000.0,4254000000.0,0.0,433000000.0,0.0,0.015,1.25,1852000000.0,2285000000.0,0.244,2285000000.0,1852000000.0,1672000000.0,7.57,7.44,7.57,3796000000.0,3444750000.0,3796000000.0,16628369501.0,9.0,7.277,814000000.0,5.288,1.0,2776000000.0,0.297,4418000000.0,180000000.0,9974000000.0,10282500000.0,1264000000.0,0.0,0.0,0.0,7970000000.0,1470000000.0,6500000000.0,12421369501.0,-12000000.0,0.0,-179000000.0,-530000000.0,-140000000.0,-859000000.0,-457000000.0,31000000.0,1297000000.0,7000000.0,1165000000.0,1165000000.0,1165000000.0,0.0,7000000.0,0.125,914000000.0,1862000000.0,1470000000.0,0.165,3.272,10.662,10.661,4290000000.0,0.0,80.7,1.328,1.328,1088000000.0,4012000000.0,9350000000.0,9350000000.0,193000000.0,0.099,0.338,0.18,0.198,0.0,645000000.0,1.0,153920316.0,153920316.0,,60.746,7427000000.0,0.0,507000000.0,496000000.0,48.252,1370000000.0
8,EMN,MRY,2012-12-31,2012-12-31,2012-12-31,2021-08-03,123000000.0,11710000000.0,9528000000.0,2699000000.0,9011000000.0,0.85,19.189,-470000000.0,249000000.0,249000000.0,6340000000.0,444000000.0,1.979,2.95,4783000000.0,4000000.0,4779000000.0,4783000000.0,0.0,360000000.0,0.0,0.016,1.08,786000000.0,1146000000.0,0.141,1146000000.0,786000000.0,643000000.0,3.0,2.93,3.0,2943000000.0,2525250000.0,2943000000.0,15184632244.0,19.0,13.25,658000000.0,4.29,1.0,1762000000.0,0.217,4493000000.0,143000000.0,10387000000.0,8744250000.0,1260000000.0,0.0,0.0,0.0,8682000000.0,1364000000.0,7318000000.0,10436632244.0,-328000000.0,-2669000000.0,56000000.0,1644000000.0,-192000000.0,1504000000.0,-2962000000.0,207000000.0,1128000000.0,2000000.0,437000000.0,437000000.0,437000000.0,-1000000.0,7000000.0,0.054,962000000.0,800000000.0,1360000000.0,0.36,3.546,23.882,22.683,4181000000.0,0.0,68.05,1.288,1.288,997000000.0,3038000000.0,8102000000.0,8102000000.0,198000000.0,0.046,0.173,0.09,0.097,0.0,644000000.0,1.0,153367116.0,153367116.0,,52.827,7217000000.0,0.0,206000000.0,182000000.0,47.057,1335000000.0
9,EMN,MRY,2011-12-31,2011-12-31,2011-12-31,2021-08-03,138000000.0,6184000000.0,6122500000.0,2302000000.0,3882000000.0,1.172,13.592,-466000000.0,577000000.0,577000000.0,5609000000.0,647000000.0,2.066,2.29,1598000000.0,153000000.0,1445000000.0,1598000000.0,0.0,273000000.0,0.0,0.025,0.99,996000000.0,1269000000.0,0.177,1269000000.0,996000000.0,920000000.0,4.63,4.52,4.63,1870000000.0,1875750000.0,1870000000.0,6524745355.0,7.0,5.142,159000000.0,1.156,1.0,1569000000.0,0.219,507000000.0,76000000.0,5584000000.0,5589000000.0,779000000.0,200000000.0,200000000.0,0.0,4283000000.0,1114000000.0,3169000000.0,5373745355.0,61000000.0,-156000000.0,-247000000.0,-37000000.0,-136000000.0,-423000000.0,-142000000.0,451000000.0,625000000.0,1000000.0,646000000.0,646000000.0,646000000.0,-40000000.0,1000000.0,0.09,632000000.0,937000000.0,961000000.0,0.214,2.874,8.318,8.436,3107000000.0,0.0,39.06,0.749,0.749,704000000.0,2760000000.0,7178000000.0,7178000000.0,159000000.0,0.106,0.344,0.178,0.139,0.0,481000000.0,1.0,137576686.0,137576686.0,,52.175,5677000000.0,0.0,274000000.0,210000000.0,41.264,1188000000.0
10,EMN,MRY,2010-12-31,2010-12-31,2010-12-31,2021-08-03,-432000000.0,5986000000.0,5855500000.0,2047000000.0,3939000000.0,0.998,11.279,-250000000.0,516000000.0,516000000.0,4383000000.0,427000000.0,1.913,2.679,1604000000.0,6000000.0,1598000000.0,1604000000.0,0.0,280000000.0,0.0,0.021,0.895,726000000.0,1006000000.0,0.172,1006000000.0,726000000.0,627000000.0,2.95,2.88,2.95,1627000000.0,1670750000.0,1627000000.0,7028514252.0,10.0,6.987,325000000.0,2.253,1.0,1459000000.0,0.25,375000000.0,99000000.0,5629000000.0,5641500000.0,608000000.0,0.0,0.0,0.0,4359000000.0,1070000000.0,3289000000.0,6064514252.0,-277000000.0,-190000000.0,-162000000.0,-122000000.0,-127000000.0,-411000000.0,-442000000.0,13000000.0,575000000.0,1000000.0,425000000.0,425000000.0,425000000.0,0.0,2000000.0,0.073,615000000.0,844000000.0,1012000000.0,0.303,3.727,14.269,14.251,3219000000.0,0.0,42.04,1.038,1.038,676000000.0,2879000000.0,5842000000.0,5842000000.0,152000000.0,0.073,0.254,0.129,0.124,0.0,434000000.0,1.0,144255810.0,144255810.0,,40.498,5611000000.0,0.0,202000000.0,284000000.0,38.896,977000000.0
11,EMN,MRY,2009-12-31,2009-12-31,2009-12-31,2021-08-03,-385000000.0,5515000000.0,5405500000.0,1735000000.0,3780000000.0,0.813,10.405,-318000000.0,793000000.0,793000000.0,3364000000.0,136000000.0,2.169,2.645,1604000000.0,0.0,1604000000.0,1604000000.0,0.0,274000000.0,0.0,0.029,0.88,314000000.0,588000000.0,0.134,588000000.0,314000000.0,236000000.0,0.94,0.93,0.94,1513000000.0,1564000000.0,1513000000.0,5152883957.0,16.0,8.763,440000000.0,3.026,1.0,1032000000.0,0.235,315000000.0,78000000.0,5211000000.0,5228250000.0,531000000.0,0.0,0.0,0.0,4002000000.0,800000000.0,3202000000.0,4379883957.0,406000000.0,-68000000.0,-4000000.0,150000000.0,-128000000.0,18000000.0,-369000000.0,30000000.0,758000000.0,-1000000.0,136000000.0,136000000.0,136000000.0,18000000.0,0.0,0.031,687000000.0,345000000.0,800000000.0,0.936,2.895,32.205,32.043,3110000000.0,0.0,30.12,0.996,0.996,379000000.0,2571000000.0,4396000000.0,4396000000.0,124000000.0,0.025,0.087,0.06,0.071,0.0,367000000.0,1.0,145414474.0,145414474.0,,30.231,5200000000.0,0.0,100000000.0,258000000.0,35.76,935000000.0
12,EMN,MRY,2008-12-31,2008-12-31,2008-12-31,2021-08-03,-335000000.0,5281000000.0,5611500000.0,1423000000.0,3858000000.0,1.058,10.704,-644000000.0,387000000.0,387000000.0,4852000000.0,346000000.0,1.71,2.401,1455000000.0,13000000.0,1442000000.0,1455000000.0,0.0,267000000.0,0.0,0.056,0.88,532000000.0,799000000.0,0.135,799000000.0,532000000.0,462000000.0,2.295,2.275,2.295,1553000000.0,1820250000.0,1553000000.0,3399365420.0,6.0,4.255,9000000.0,0.062,1.0,1084000000.0,0.183,325000000.0,70000000.0,5192000000.0,5241250000.0,637000000.0,0.0,0.0,0.0,3728000000.0,832000000.0,2896000000.0,2300365420.0,-501000000.0,-38000000.0,-462000000.0,-182000000.0,-135000000.0,-779000000.0,-376000000.0,337000000.0,653000000.0,1000000.0,346000000.0,346000000.0,346000000.0,-1000000.0,0.0,0.058,533000000.0,551000000.0,819000000.0,0.383,1.481,6.648,6.908,3198000000.0,0.0,15.855,0.388,0.388,354000000.0,2563000000.0,5936000000.0,5936000000.0,143000000.0,0.062,0.19,0.102,0.09,0.0,384000000.0,1.0,145087696.0,145087696.0,,40.913,4956000000.0,0.0,116000000.0,106000000.0,34.159,591000000.0
13,EMN,MRY,2007-12-31,2007-12-31,2007-12-31,2021-08-03,-28000000.0,6009000000.0,6077500000.0,2293000000.0,3716000000.0,1.124,12.847,-529000000.0,888000000.0,888000000.0,5638000000.0,300000000.0,2.044,1.886,1607000000.0,72000000.0,1535000000.0,1607000000.0,0.0,327000000.0,0.0,0.029,0.88,511000000.0,838000000.0,0.123,838000000.0,511000000.0,449000000.0,1.815,1.79,1.815,2082000000.0,2087000000.0,2082000000.0,5762980788.0,11.0,6.877,203000000.0,1.253,1.0,1192000000.0,0.175,316000000.0,62000000.0,5290000000.0,5434250000.0,539000000.0,0.0,0.0,0.0,3927000000.0,1122000000.0,2805000000.0,4949980788.0,-51000000.0,-40000000.0,-279000000.0,-22000000.0,-147000000.0,-448000000.0,-335000000.0,202000000.0,732000000.0,0.0,300000000.0,300000000.0,300000000.0,21000000.0,0.0,0.044,688000000.0,504000000.0,1013000000.0,0.485,2.378,16.5,16.829,2846000000.0,0.0,30.545,0.725,0.725,658000000.0,2349000000.0,6830000000.0,6830000000.0,156000000.0,0.049,0.144,0.094,0.075,0.0,420000000.0,1.0,162055354.0,162055354.0,,42.146,5693000000.0,0.0,149000000.0,300000000.0,35.13,1171000000.0
14,EMN,MRY,2006-12-31,2006-12-31,2006-12-31,2021-08-03,-174000000.0,6132000000.0,5995500000.0,2422000000.0,3710000000.0,1.131,12.329,-405000000.0,939000000.0,939000000.0,5514000000.0,409000000.0,2.287,2.022,1592000000.0,3000000.0,1589000000.0,1592000000.0,0.0,308000000.0,0.0,0.03,0.885,653000000.0,961000000.0,0.142,961000000.0,653000000.0,576000000.0,2.49,2.455,2.49,2029000000.0,1875000000.0,2029000000.0,6039331950.0,9.0,6.284,204000000.0,1.24,1.0,1265000000.0,0.187,314000000.0,77000000.0,5412000000.0,5641750000.0,682000000.0,0.0,0.0,0.0,4103000000.0,1059000000.0,3044000000.0,4880331950.0,415000000.0,0.0,93000000.0,-50000000.0,-144000000.0,-101000000.0,-94000000.0,0.0,609000000.0,1000000.0,409000000.0,409000000.0,409000000.0,18000000.0,0.0,0.06,611000000.0,654000000.0,1056000000.0,0.355,2.405,11.932,11.91,3069000000.0,0.0,29.655,0.72,0.72,754000000.0,2186000000.0,6779000000.0,6779000000.0,155000000.0,0.068,0.218,0.116,0.096,0.0,423000000.0,1.0,164570290.0,164570290.0,,41.192,5818000000.0,0.0,167000000.0,269000000.0,35.353,1363000000.0
15,EMN,MRY,2005-12-31,2005-12-31,2005-12-31,2021-08-03,-200000000.0,5773000000.0,5728000000.0,1924000000.0,3849000000.0,1.128,9.892,-354000000.0,524000000.0,524000000.0,5100000000.0,557000000.0,1.831,2.581,1625000000.0,4000000.0,1621000000.0,1625000000.0,0.0,304000000.0,0.0,0.034,0.88,879000000.0,1183000000.0,0.183,1183000000.0,879000000.0,779000000.0,3.45,3.405,3.45,1612000000.0,1514750000.0,1612000000.0,5357671857.0,6.0,4.529,415000000.0,2.547,1.0,1360000000.0,0.211,312000000.0,100000000.0,5511000000.0,5638250000.0,671000000.0,0.0,0.0,0.0,4161000000.0,1051000000.0,3110000000.0,4203671857.0,199000000.0,292000000.0,100000000.0,-505000000.0,-142000000.0,-547000000.0,-18000000.0,50000000.0,769000000.0,-5000000.0,557000000.0,557000000.0,557000000.0,-16000000.0,0.0,0.086,620000000.0,740000000.0,1047000000.0,0.255,2.608,7.547,7.477,3162000000.0,0.0,25.795,0.651,0.651,656000000.0,1923000000.0,6460000000.0,6460000000.0,150000000.0,0.097,0.368,0.156,0.136,0.0,439000000.0,1.0,162964600.0,162964600.0,,39.641,5461000000.0,0.0,222000000.0,317000000.0,33.51,873000000.0
16,EMN,MRY,2004-12-31,2004-12-31,2004-12-31,2021-08-03,-103000000.0,5839000000.0,5755750000.0,1768000000.0,4071000000.0,1.143,7.597,-262000000.0,325000000.0,325000000.0,5602000000.0,170000000.0,1.609,3.932,2062000000.0,1000000.0,2061000000.0,2062000000.0,0.0,322000000.0,0.0,0.03,0.88,179000000.0,501000000.0,0.076,501000000.0,179000000.0,64000000.0,1.1,1.09,1.1,1184000000.0,1065500000.0,1184000000.0,6386838226.0,36.0,12.748,232000000.0,1.489,1.0,978000000.0,0.149,314000000.0,115000000.0,6163000000.0,6380000000.0,582000000.0,0.0,0.0,0.0,4655000000.0,1099000000.0,3556000000.0,4498838226.0,-233000000.0,0.0,77000000.0,-519000000.0,-137000000.0,-579000000.0,-148000000.0,0.0,494000000.0,0.0,170000000.0,170000000.0,170000000.0,0.0,0.0,0.026,803000000.0,175000000.0,1098000000.0,0.8,3.8,26.464,26.241,3192000000.0,0.0,28.865,0.684,0.684,779000000.0,1509000000.0,6580000000.0,6580000000.0,154000000.0,0.03,0.16,0.028,0.027,0.0,450000000.0,1.0,155857898.0,155857898.0,,42.218,5525000000.0,0.0,-106000000.0,210000000.0,35.449,669000000.0
17,EMN,MRY,2003-12-31,2003-12-31,2003-12-31,2021-08-03,-121000000.0,6244000000.0,6160000000.0,2010000000.0,4234000000.0,0.942,6.741,-245000000.0,558000000.0,558000000.0,4990000000.0,-270000000.0,1.361,4.987,2593000000.0,504000000.0,2089000000.0,2593000000.0,0.0,367000000.0,0.0,0.045,0.88,-254000000.0,113000000.0,0.019,113000000.0,-254000000.0,-378000000.0,-1.75,-1.75,-1.75,1043000000.0,1160750000.0,1043000000.0,5214307469.0,-21.0,46.144,-4000000.0,-0.026,1.0,810000000.0,0.14,350000000.0,124000000.0,6452000000.0,6336750000.0,698000000.0,0.0,0.0,0.0,5201000000.0,1477000000.0,3724000000.0,3058307469.0,481000000.0,0.0,4000000.0,529000000.0,-136000000.0,397000000.0,-160000000.0,0.0,241000000.0,3000000.0,-270000000.0,-270000000.0,-270000000.0,0.0,0.0,-0.047,1077000000.0,-267000000.0,973000000.0,-0.503,2.932,-11.327,-11.294,3419000000.0,0.0,19.765,0.527,0.527,701000000.0,1476000000.0,5800000000.0,5800000000.0,173000000.0,-0.044,-0.233,-0.04,-0.044,0.0,414000000.0,1.0,154733492.0,154733492.0,,37.484,5894000000.0,0.0,-108000000.0,316000000.0,38.091,533000000.0
18,EMN,MRY,2002-12-31,2002-12-31,2002-12-31,2021-08-03,-295000000.0,6287000000.0,6151750000.0,1547000000.0,4740000000.0,0.865,8.22,-445000000.0,77000000.0,77000000.0,4541000000.0,61000000.0,1.241,3.946,2057000000.0,3000000.0,2054000000.0,2057000000.0,0.0,397000000.0,0.0,0.048,0.88,188000000.0,585000000.0,0.11,585000000.0,188000000.0,66000000.0,0.395,0.395,0.395,1271000000.0,1385500000.0,1271000000.0,4754833316.0,25.0,8.128,356000000.0,2.302,1.0,779000000.0,0.146,573000000.0,122000000.0,6447000000.0,6501250000.0,713000000.0,0.0,0.0,0.0,5016000000.0,1247000000.0,3769000000.0,2842833316.0,11000000.0,0.0,-1000000.0,-187000000.0,-135000000.0,-323000000.0,-467000000.0,0.0,801000000.0,0.0,61000000.0,61000000.0,61000000.0,0.0,0.0,0.011,571000000.0,208000000.0,1244000000.0,2.228,2.237,46.604,46.544,3753000000.0,0.0,18.385,0.534,0.534,674000000.0,1882000000.0,5320000000.0,5320000000.0,159000000.0,0.01,0.044,0.029,0.035,0.0,407000000.0,1.0,154627866.0,154627866.0,,34.405,5714000000.0,0.0,5000000.0,464000000.0,36.953,300000000.0
19,EMN,MRY,2001-12-31,2001-12-31,2001-12-31,2021-08-03,-251000000.0,6092000000.0,6362500000.0,1464000000.0,4628000000.0,0.847,8.962,-262000000.0,66000000.0,66000000.0,4497000000.0,-175000000.0,1.525,3.408,2197000000.0,54000000.0,2143000000.0,2197000000.0,0.0,435000000.0,0.0,0.034,0.66,-151000000.0,284000000.0,0.053,284000000.0,-151000000.0,-291000000.0,-1.14,-1.14,-1.14,1382000000.0,1609750000.0,1382000000.0,5224719783.0,-35.0,18.397,135000000.0,0.875,1.0,893000000.0,0.166,614000000.0,140000000.0,6649000000.0,6885250000.0,659000000.0,0.0,0.0,0.0,4710000000.0,960000000.0,3750000000.0,3008719783.0,-35000000.0,-257000000.0,0.0,210000000.0,-135000000.0,91000000.0,-523000000.0,0.0,397000000.0,0.0,-175000000.0,-175000000.0,-175000000.0,0.0,0.0,-0.032,1013000000.0,-120000000.0,906000000.0,-0.579,2.177,-17.193,-17.114,3627000000.0,0.0,19.51,0.558,0.558,662000000.0,1956000000.0,5390000000.0,5390000000.0,160000000.0,-0.028,-0.109,-0.022,-0.028,0.0,407000000.0,1.0,154214238.0,154214238.0,,34.951,5478000000.0,0.0,-116000000.0,452000000.0,35.522,504000000.0
20,EMN,MRY,2000-12-31,2000-12-31,2000-12-31,2021-08-03,-117000000.0,6550000000.0,6400500000.0,1523000000.0,5027000000.0,0.827,11.798,-186000000.0,101000000.0,101000000.0,4214000000.0,303000000.0,1.211,2.615,2020000000.0,106000000.0,1914000000.0,2020000000.0,0.0,418000000.0,0.0,0.036,0.88,587000000.0,1005000000.0,0.19,1005000000.0,587000000.0,452000000.0,1.975,1.97,1.975,1812000000.0,1771000000.0,1812000000.0,5809718810.0,10.0,5.781,660000000.0,4.297,1.0,1078000000.0,0.204,621000000.0,135000000.0,6590000000.0,6548500000.0,580000000.0,0.0,0.0,0.0,4738000000.0,1258000000.0,3480000000.0,3743718810.0,-85000000.0,-261000000.0,-57000000.0,-278000000.0,-135000000.0,-466000000.0,-465000000.0,-30000000.0,846000000.0,0.0,303000000.0,303000000.0,303000000.0,0.0,0.0,0.057,526000000.0,552000000.0,1152000000.0,0.446,2.066,12.356,12.342,3925000000.0,0.0,24.375,0.707,0.707,737000000.0,2266000000.0,5292000000.0,5292000000.0,149000000.0,0.047,0.171,0.09,0.111,0.0,346000000.0,1.0,153588464.0,153588464.0,,34.456,5929000000.0,0.0,149000000.0,607000000.0,38.603,265000000.0
21,EMN,MRY,1999-12-31,1999-12-31,1999-12-31,2021-08-03,-54000000.0,6303000000.0,6141250000.0,1489000000.0,4814000000.0,0.747,11.243,-316000000.0,186000000.0,186000000.0,3729000000.0,48000000.0,0.926,2.583,2105000000.0,599000000.0,1506000000.0,2105000000.0,0.0,383000000.0,0.0,0.037,0.88,193000000.0,576000000.0,0.125,576000000.0,193000000.0,72000000.0,0.305,0.305,0.305,1759000000.0,1825250000.0,1759000000.0,5745645725.0,30.0,9.975,428000000.0,2.736,1.0,861000000.0,0.188,446000000.0,121000000.0,6168000000.0,6805250000.0,485000000.0,0.0,0.0,0.0,4544000000.0,1608000000.0,2936000000.0,3730645725.0,157000000.0,-381000000.0,-51000000.0,314000000.0,-138000000.0,128000000.0,-715000000.0,0.0,744000000.0,0.0,48000000.0,48000000.0,48000000.0,0.0,0.0,0.01,680000000.0,181000000.0,1009000000.0,2.885,2.121,77.722,78.18,3950000000.0,0.0,23.845,0.813,0.813,631000000.0,2098000000.0,4590000000.0,4590000000.0,187000000.0,0.008,0.026,0.028,0.042,0.0,355000000.0,1.0,156454004.0,156454004.0,,29.338,5857000000.0,0.0,24000000.0,485000000.0,37.436,-119000000.0
22,EMN,MRY,1998-12-31,1998-12-31,1998-12-31,2021-08-03,-18000000.0,5850000000.0,5970250000.0,1398000000.0,4452000000.0,0.751,12.203,-500000000.0,29000000.0,29000000.0,3546000000.0,249000000.0,1.458,2.025,1649000000.0,0.0,1649000000.0,1649000000.0,0.0,351000000.0,0.0,0.039,0.88,451000000.0,802000000.0,0.179,802000000.0,451000000.0,360000000.0,1.575,1.565,1.575,1934000000.0,1911500000.0,1934000000.0,5285905447.0,12.0,6.591,231000000.0,1.458,1.0,935000000.0,0.209,19000000.0,91000000.0,6492000000.0,6829250000.0,493000000.0,0.0,0.0,0.0,3916000000.0,959000000.0,2957000000.0,3550905447.0,0.0,-32000000.0,0.0,-66000000.0,-138000000.0,-186000000.0,-545000000.0,0.0,731000000.0,0.0,249000000.0,249000000.0,249000000.0,0.0,0.0,0.056,501000000.0,434000000.0,959000000.0,0.559,1.836,14.261,14.225,4034000000.0,0.0,22.405,0.792,0.792,759000000.0,2188000000.0,4481000000.0,4481000000.0,185000000.0,0.042,0.13,0.066,0.101,0.0,316000000.0,1.0,158487188.0,158487188.0,,28.274,5831000000.0,0.0,111000000.0,415000000.0,36.792,439000000.0
23,EMN,MRY,1997-12-31,1997-12-31,1997-12-31,2021-08-03,-37000000.0,5778000000.0,5522000000.0,1490000000.0,4288000000.0,0.847,11.173,-749000000.0,29000000.0,29000000.0,3582000000.0,286000000.0,1.562,2.296,1714000000.0,0.0,1714000000.0,1714000000.0,0.0,327000000.0,0.0,0.03,0.88,533000000.0,860000000.0,0.184,860000000.0,533000000.0,446000000.0,1.83,1.815,1.83,1753000000.0,1696000000.0,1753000000.0,,,,-51000000.0,-0.325,1.0,1096000000.0,0.234,0.0,87000000.0,6509000000.0,6243500000.0,511000000.0,0.0,0.0,0.0,4025000000.0,954000000.0,3071000000.0,4672216720.0,5000000.0,5000000.0,-8000000.0,191000000.0,-138000000.0,52000000.0,-745000000.0,0.0,698000000.0,0.0,286000000.0,286000000.0,286000000.0,0.0,0.0,0.061,590000000.0,506000000.0,954000000.0,0.481,2.665,16.336,16.273,3881000000.0,0.0,29.78,0.999,0.999,793000000.0,2078000000.0,4678000000.0,4678000000.0,191000000.0,0.052,0.169,0.085,0.114,0.0,337000000.0,1.0,156891092.0,156891092.0,,29.817,5778000000.0,0.0,160000000.0,397000000.0,36.828,536000000.0
24,EMN,MRY,1996-12-31,1996-12-31,1996-12-31,2021-08-03,0.0,5266000000.0,,1345000000.0,3921000000.0,,,-746000000.0,24000000.0,24000000.0,3603000000.0,380000000.0,1.709,2.213,1523000000.0,0.0,1523000000.0,1523000000.0,0.0,314000000.0,0.0,0.031,0.86,674000000.0,988000000.0,0.207,988000000.0,674000000.0,607000000.0,2.42,2.395,2.42,1639000000.0,,1639000000.0,,,,0.0,,1.0,1179000000.0,0.247,0.0,67000000.0,5978000000.0,,465000000.0,0.0,0.0,0.0,3627000000.0,787000000.0,2840000000.0,,-76000000.0,-26000000.0,-161000000.0,273000000.0,-134000000.0,-13000000.0,-809000000.0,0.0,746000000.0,0.0,380000000.0,380000000.0,380000000.0,0.0,0.0,0.079,516000000.0,663000000.0,787000000.0,0.355,,,11.415,3520000000.0,0.0,27.625,,,744000000.0,1929000000.0,4782000000.0,4782000000.0,184000000.0,,,,0.141,0.0,332000000.0,1.0,,,,,5266000000.0,0.0,227000000.0,348000000.0,,558000000.0
25,EMN,MRY,1995-12-31,1995-12-31,1995-12-31,2021-08-03,,,,,,,,-437000000.0,,,3536000000.0,559000000.0,,,,,,,,308000000.0,,0.026,0.82,978000000.0,1286000000.0,0.255,1286000000.0,978000000.0,899000000.0,3.42,3.39,3.42,,,,,,,401000000.0,,1.0,1504000000.0,0.298,,79000000.0,,,,,,,,,,,10000000.0,-56000000.0,-200000000.0,20000000.0,-133000000.0,-304000000.0,-524000000.0,0.0,838000000.0,0.0,559000000.0,559000000.0,559000000.0,0.0,0.0,0.111,540000000.0,964000000.0,,0.24,,,9.12,,0.0,31.19,,,,,5040000000.0,5040000000.0,176000000.0,,,,0.194,0.0,364000000.0,1.0,,,,,,,340000000.0,,,
0,EMN,MRQ,2021-06-30,2021-06-30,2021-06-30,2021-08-03,-233000000.0,16098000000.0,,4738000000.0,11360000000.0,,43.602,-113000000.0,609000000.0,609000000.0,1972000000.0,-144000000.0,2.064,1.694,5548000000.0,325000000.0,5223000000.0,5548000000.0,0.0,140000000.0,0.0,0.023,0.69,-58000000.0,82000000.0,0.031,82000000.0,-58000000.0,-109000000.0,-1.07,-1.07,-1.07,5944000000.0,,5944000000.0,20899771194.0,33.0,17.089,313000000.0,2.296,1.0,681000000.0,0.257,5443000000.0,51000000.0,13299000000.0,,1501000000.0,0.0,0.0,0.0,10070000000.0,2295000000.0,7775000000.0,15915771194.0,69000000.0,-63000000.0,-62000000.0,0.0,-94000000.0,-178000000.0,-178000000.0,0.0,426000000.0,-1000000.0,-146000000.0,-146000000.0,-146000000.0,0.0,2000000.0,-0.055,243000000.0,438000000.0,1873000000.0,-0.645,2.678,49.582,49.262,5181000000.0,0.0,116.75,1.699,1.699,1740000000.0,8020000000.0,2653000000.0,2653000000.0,63000000.0,,,,,0.0,202000000.0,1.0,136323522.0,136323522.0,,19.461,10655000000.0,0.0,37000000.0,831000000.0,78.16,2443000000.0
1,EMN,MRQ,2021-03-31,2021-03-31,2021-03-31,2021-08-03,-248000000.0,16195000000.0,,3797000000.0,12398000000.0,,45.877,-97000000.0,540000000.0,540000000.0,1811000000.0,277000000.0,1.883,1.584,5524000000.0,324000000.0,5200000000.0,5524000000.0,0.0,149000000.0,0.0,0.025,0.69,386000000.0,535000000.0,0.222,535000000.0,386000000.0,336000000.0,2.01,1.99,2.01,6233000000.0,,6233000000.0,20015107362.0,27.0,15.015,119000000.0,0.876,1.0,598000000.0,0.248,6187000000.0,50000000.0,12976000000.0,,1505000000.0,0.0,0.0,0.0,9876000000.0,2016000000.0,7860000000.0,14961107362.0,-24000000.0,0.0,-40000000.0,-25000000.0,-94000000.0,-137000000.0,-99000000.0,0.0,216000000.0,-4000000.0,274000000.0,274000000.0,274000000.0,0.0,3000000.0,0.114,213000000.0,385000000.0,1692000000.0,0.343,2.4,30.286,30.253,5466000000.0,0.0,110.12,1.731,1.731,1669000000.0,8260000000.0,2409000000.0,2409000000.0,58000000.0,,,,,0.0,184000000.0,1.0,135861854.0,135861854.0,,17.731,10008000000.0,0.0,62000000.0,855000000.0,73.663,1781000000.0
2,EMN,MRQ,2020-12-31,2020-12-31,2020-12-31,2021-08-03,-273000000.0,16083000000.0,,3541000000.0,12542000000.0,,44.461,-105000000.0,564000000.0,564000000.0,1660000000.0,34000000.0,1.737,1.656,5618000000.0,349000000.0,5269000000.0,5618000000.0,0.0,145000000.0,0.0,0.027,0.69,74000000.0,219000000.0,0.1,219000000.0,74000000.0,23000000.0,0.24,0.23,0.24,6023000000.0,,6023000000.0,18799720410.0,26.0,14.428,301000000.0,2.222,1.0,526000000.0,0.241,6257000000.0,51000000.0,12842000000.0,,1379000000.0,0.0,0.0,0.0,9975000000.0,2038000000.0,7937000000.0,13584720410.0,-86000000.0,-1000000.0,0.0,-320000000.0,-89000000.0,-382000000.0,-112000000.0,0.0,406000000.0,2000000.0,32000000.0,32000000.0,32000000.0,0.0,2000000.0,0.015,452000000.0,74000000.0,1689000000.0,2.875,2.255,28.42,28.408,5549000000.0,0.0,100.28,1.603,1.603,1515000000.0,8080000000.0,2186000000.0,2186000000.0,57000000.0,,,,,0.0,174000000.0,1.0,135467894.0,135467894.0,,16.137,9826000000.0,0.0,-9000000.0,848000000.0,72.534,1503000000.0
3,EMN,MRQ,2020-09-30,2020-09-30,2020-09-30,2021-08-03,-243000000.0,16009000000.0,,3534000000.0,12475000000.0,,44.884,-82000000.0,650000000.0,650000000.0,1621000000.0,165000000.0,1.975,1.622,5865000000.0,370000000.0,5495000000.0,5865000000.0,0.0,149000000.0,0.0,0.034,0.66,238000000.0,387000000.0,0.182,387000000.0,238000000.0,186000000.0,1.19,1.18,1.19,6075000000.0,,6075000000.0,16002522939.0,22.0,12.367,360000000.0,2.66,1.0,501000000.0,0.236,6245000000.0,52000000.0,13190000000.0,,1338000000.0,0.0,0.0,0.0,9853000000.0,1789000000.0,8064000000.0,10573522939.0,-54000000.0,0.0,0.0,-333000000.0,-90000000.0,-416000000.0,-81000000.0,0.0,442000000.0,1000000.0,161000000.0,161000000.0,161000000.0,0.0,4000000.0,0.076,251000000.0,250000000.0,1419000000.0,0.555,1.74,22.402,22.32,5489000000.0,0.0,78.12,1.245,1.245,1454000000.0,8142000000.0,2122000000.0,2122000000.0,56000000.0,,,,,0.0,165000000.0,1.0,135349756.0,135349756.0,,15.678,9764000000.0,0.0,25000000.0,928000000.0,72.139,1745000000.0
4,EMN,MRQ,2020-06-30,2020-06-30,2020-06-30,2021-08-03,-209000000.0,15973000000.0,,3526000000.0,12447000000.0,,44.307,-99000000.0,704000000.0,704000000.0,1553000000.0,30000000.0,1.878,1.64,6133000000.0,702000000.0,5431000000.0,6133000000.0,0.0,141000000.0,0.0,0.037,0.66,51000000.0,192000000.0,0.1,192000000.0,51000000.0,-4000000.0,0.2,0.2,0.2,6021000000.0,,6021000000.0,15077676127.0,18.0,10.588,337000000.0,2.48,1.0,371000000.0,0.193,6242000000.0,55000000.0,13282000000.0,,1419000000.0,0.0,0.0,0.0,9875000000.0,1878000000.0,7997000000.0,9463676127.0,24000000.0,0.0,-43000000.0,-193000000.0,-89000000.0,-314000000.0,-100000000.0,0.0,436000000.0,2000000.0,27000000.0,27000000.0,27000000.0,0.0,3000000.0,0.014,318000000.0,53000000.0,1176000000.0,3.3,1.572,16.402,16.347,5478000000.0,0.0,69.64,1.088,1.088,1326000000.0,8071000000.0,1924000000.0,1924000000.0,52000000.0,,,,,0.0,155000000.0,1.0,135894258.0,135894258.0,,14.158,9731000000.0,0.0,-31000000.0,932000000.0,71.607,1648000000.0
5,EMN,MRQ,2020-03-31,2020-03-31,2020-03-31,2021-08-03,-197000000.0,16465000000.0,,3851000000.0,12614000000.0,,44.98,-101000000.0,680000000.0,680000000.0,1664000000.0,260000000.0,1.663,1.679,6294000000.0,895000000.0,5399000000.0,6294000000.0,0.0,139000000.0,0.0,0.055,0.66,366000000.0,505000000.0,0.225,505000000.0,366000000.0,314000000.0,1.9,1.89,1.9,6117000000.0,,6117000000.0,11912556083.0,10.0,6.776,70000000.0,0.515,1.0,577000000.0,0.257,6379000000.0,52000000.0,13385000000.0,,1659000000.0,0.0,0.0,0.0,10273000000.0,2315000000.0,7958000000.0,6334556083.0,476000000.0,0.0,-30000000.0,539000000.0,-90000000.0,408000000.0,-101000000.0,0.0,171000000.0,-2000000.0,258000000.0,258000000.0,258000000.0,0.0,2000000.0,0.115,205000000.0,372000000.0,1420000000.0,0.347,1.036,7.84,7.855,5498000000.0,0.0,46.58,0.694,0.694,1436000000.0,8133000000.0,2241000000.0,2241000000.0,61000000.0,,,,,0.0,160000000.0,1.0,135993046.0,135993046.0,,16.479,10086000000.0,0.0,56000000.0,924000000.0,74.166,1536000000.0
6,EMN,MRQ,2019-12-31,2019-12-31,2019-12-31,2021-08-03,-214000000.0,16008000000.0,,3321000000.0,12687000000.0,,43.816,-117000000.0,204000000.0,204000000.0,1708000000.0,27000000.0,1.856,1.674,5782000000.0,171000000.0,5611000000.0,5782000000.0,0.0,149000000.0,0.0,0.032,0.66,61000000.0,210000000.0,0.095,210000000.0,61000000.0,8000000.0,0.21,0.21,0.21,5958000000.0,,5958000000.0,16779712581.0,15.0,9.71,554000000.0,4.074,1.0,497000000.0,0.225,6442000000.0,53000000.0,13355000000.0,,1662000000.0,0.0,0.0,0.0,9976000000.0,1789000000.0,8187000000.0,10777712581.0,-3000000.0,0.0,0.0,-469000000.0,-85000000.0,-556000000.0,-120000000.0,0.0,671000000.0,2000000.0,26000000.0,26000000.0,26000000.0,0.0,1000000.0,0.012,432000000.0,65000000.0,1618000000.0,3.143,1.809,14.2,14.359,5571000000.0,0.0,79.26,1.162,1.162,1375000000.0,7965000000.0,2205000000.0,2205000000.0,60000000.0,,,,,0.0,176000000.0,1.0,135979215.0,135979215.0,,16.216,9566000000.0,0.0,-18000000.0,915000000.0,70.349,1532000000.0
7,EMN,MRQ,2019-09-30,2019-09-30,2019-09-30,2021-08-03,-203000000.0,16137000000.0,,3440000000.0,12697000000.0,,43.943,-110000000.0,207000000.0,207000000.0,1751000000.0,267000000.0,1.654,1.668,6209000000.0,642000000.0,5567000000.0,6209000000.0,0.0,151000000.0,0.0,0.034,0.62,366000000.0,517000000.0,0.222,517000000.0,366000000.0,312000000.0,1.95,1.93,1.95,6020000000.0,,6020000000.0,16283277947.0,14.0,9.056,306000000.0,2.234,1.0,574000000.0,0.247,6498000000.0,54000000.0,13561000000.0,,1695000000.0,0.0,0.0,0.0,10040000000.0,2080000000.0,7960000000.0,10114277947.0,21000000.0,-29000000.0,-75000000.0,-90000000.0,-85000000.0,-250000000.0,-141000000.0,0.0,416000000.0,-4000000.0,266000000.0,266000000.0,266000000.0,0.0,1000000.0,0.114,204000000.0,370000000.0,1438000000.0,0.318,1.68,13.187,13.208,5534000000.0,0.0,73.83,1.071,1.071,1470000000.0,8029000000.0,2325000000.0,2325000000.0,59000000.0,,,,,0.0,163000000.0,1.0,136994148.0,136994148.0,,16.972,9639000000.0,0.0,46000000.0,887000000.0,70.361,1360000000.0
8,EMN,MRQ,2019-06-30,2019-06-30,2019-06-30,2021-08-03,-235000000.0,16256000000.0,,3516000000.0,12740000000.0,,42.351,-92000000.0,186000000.0,186000000.0,1774000000.0,259000000.0,1.58,1.757,6355000000.0,731000000.0,5624000000.0,6355000000.0,0.0,156000000.0,0.0,0.031,0.62,370000000.0,526000000.0,0.223,526000000.0,370000000.0,315000000.0,1.87,1.85,1.87,5869000000.0,,5869000000.0,17054571815.0,13.0,8.755,330000000.0,2.381,1.0,589000000.0,0.249,6574000000.0,55000000.0,13625000000.0,,1730000000.0,0.0,0.0,0.0,10310000000.0,2226000000.0,8084000000.0,10785571815.0,-9000000.0,0.0,-125000000.0,-131000000.0,-86000000.0,-339000000.0,-94000000.0,0.0,422000000.0,2000000.0,258000000.0,258000000.0,258000000.0,0.0,1000000.0,0.109,219000000.0,370000000.0,1495000000.0,0.332,1.838,11.813,11.846,5550000000.0,0.0,77.83,1.116,1.116,1518000000.0,7848000000.0,2363000000.0,2363000000.0,57000000.0,,,,,0.0,165000000.0,1.0,138578592.0,138578592.0,,17.052,9682000000.0,0.0,57000000.0,888000000.0,69.866,1290000000.0
9,EMN,MRQ,2019-03-31,2019-03-31,2019-03-31,2021-08-03,-194000000.0,16361000000.0,,3551000000.0,12810000000.0,,41.802,-106000000.0,195000000.0,195000000.0,1806000000.0,209000000.0,1.51,1.787,6464000000.0,862000000.0,5602000000.0,6464000000.0,0.0,155000000.0,0.0,0.031,0.62,320000000.0,475000000.0,0.2,475000000.0,320000000.0,264000000.0,1.5,1.49,1.5,5843000000.0,,5843000000.0,16548303952.0,11.0,8.037,-111000000.0,-0.794,1.0,574000000.0,0.241,6607000000.0,56000000.0,13671000000.0,,1704000000.0,0.0,0.0,0.0,10442000000.0,2352000000.0,8090000000.0,10606303952.0,-31000000.0,-19000000.0,-125000000.0,320000000.0,-87000000.0,102000000.0,-125000000.0,0.0,-5000000.0,-3000000.0,209000000.0,209000000.0,209000000.0,0.0,0.0,0.088,256000000.0,318000000.0,1490000000.0,0.413,1.815,10.617,10.657,5576000000.0,0.0,75.88,1.069,1.069,1582000000.0,7675000000.0,2380000000.0,2380000000.0,58000000.0,,,,,0.0,187000000.0,1.0,139777332.0,139777332.0,,17.027,9754000000.0,0.0,55000000.0,892000000.0,69.782,1199000000.0
10,EMN,MRQ,2018-12-31,2018-12-31,2018-12-31,2021-08-03,-245000000.0,15995000000.0,,3365000000.0,12630000000.0,,41.438,-147000000.0,226000000.0,226000000.0,1910000000.0,35000000.0,1.818,1.743,6168000000.0,243000000.0,5925000000.0,6168000000.0,0.0,153000000.0,0.0,0.031,0.62,127000000.0,280000000.0,0.118,280000000.0,127000000.0,70000000.0,0.27,0.28,0.27,5803000000.0,,5803000000.0,16671478297.0,11.0,7.772,593000000.0,4.234,1.0,466000000.0,0.196,6652000000.0,57000000.0,13434000000.0,,1583000000.0,0.0,0.0,0.0,10117000000.0,1851000000.0,8266000000.0,10238478297.0,33000000.0,2000000.0,-25000000.0,-452000000.0,-78000000.0,-558000000.0,-148000000.0,0.0,740000000.0,-1000000.0,34000000.0,34000000.0,34000000.0,0.0,1000000.0,0.014,334000000.0,132000000.0,1608000000.0,2.296,1.764,9.48,9.557,5600000000.0,0.0,73.11,1.009,1.009,1483000000.0,7573000000.0,2376000000.0,2376000000.0,59000000.0,,,,,0.0,167000000.0,1.0,140042105.0,140042105.0,,16.966,9343000000.0,0.0,36000000.0,884000000.0,66.716,1514000000.0
11,EMN,MRQ,2018-09-30,2018-09-30,2018-09-30,2021-08-03,-194000000.0,16362000000.0,,3647000000.0,12715000000.0,,41.903,-137000000.0,193000000.0,193000000.0,1819000000.0,413000000.0,1.694,1.751,6626000000.0,728000000.0,5898000000.0,6626000000.0,0.0,151000000.0,0.0,0.023,0.56,516000000.0,667000000.0,0.262,667000000.0,516000000.0,458000000.0,2.93,2.89,2.93,5920000000.0,,5920000000.0,20025326003.0,12.0,8.873,258000000.0,1.826,1.0,728000000.0,0.286,6740000000.0,58000000.0,13902000000.0,,1625000000.0,0.0,0.0,0.0,10367000000.0,2153000000.0,8214000000.0,13523326003.0,0.0,0.0,-125000000.0,-54000000.0,-80000000.0,-259000000.0,-136000000.0,0.0,395000000.0,0.0,412000000.0,412000000.0,412000000.0,0.0,1000000.0,0.162,205000000.0,523000000.0,1425000000.0,0.191,2.284,8.799,8.871,5570000000.0,0.0,95.72,1.334,1.334,1772000000.0,7626000000.0,2547000000.0,2547000000.0,60000000.0,,,,,0.0,175000000.0,1.0,141280046.0,141280046.0,,18.028,9622000000.0,0.0,46000000.0,944000000.0,68.106,1494000000.0
12,EMN,MRQ,2018-06-30,2018-06-30,2018-06-30,2021-08-03,-193000000.0,16260000000.0,,3498000000.0,12762000000.0,,39.941,-116000000.0,193000000.0,193000000.0,1917000000.0,346000000.0,1.691,1.841,6695000000.0,662000000.0,6033000000.0,6695000000.0,0.0,148000000.0,0.0,0.022,0.56,489000000.0,637000000.0,0.243,637000000.0,489000000.0,428000000.0,2.42,2.39,2.42,5697000000.0,,5697000000.0,20963802797.0,13.0,9.525,327000000.0,2.293,1.0,704000000.0,0.269,6792000000.0,61000000.0,13902000000.0,,1532000000.0,0.0,0.0,0.0,10486000000.0,2068000000.0,8418000000.0,14257802797.0,-1000000.0,0.0,-150000000.0,-109000000.0,-80000000.0,-339000000.0,-101000000.0,0.0,443000000.0,-4000000.0,344000000.0,344000000.0,344000000.0,0.0,2000000.0,0.131,223000000.0,481000000.0,1406000000.0,0.231,2.503,9.847,9.897,5570000000.0,0.0,99.96,1.418,1.418,1707000000.0,7292000000.0,2621000000.0,2621000000.0,60000000.0,,,,,0.0,189000000.0,1.0,142635082.0,142635082.0,,18.376,9468000000.0,0.0,84000000.0,933000000.0,66.379,1430000000.0
13,EMN,MRQ,2018-03-31,2018-03-31,2018-03-31,2021-08-03,-212000000.0,16366000000.0,,3483000000.0,12883000000.0,,38.785,-128000000.0,194000000.0,194000000.0,2026000000.0,290000000.0,1.717,1.938,6900000000.0,589000000.0,6311000000.0,6900000000.0,0.0,152000000.0,0.0,0.02,0.56,409000000.0,561000000.0,0.215,561000000.0,409000000.0,350000000.0,2.03,2.0,2.03,5545000000.0,,5545000000.0,21443421969.0,14.0,10.072,-163000000.0,-1.14,1.0,581000000.0,0.223,6889000000.0,59000000.0,14154000000.0,,1476000000.0,0.0,0.0,0.0,10746000000.0,2029000000.0,8717000000.0,15094421969.0,3000000.0,0.0,-100000000.0,299000000.0,-80000000.0,116000000.0,-78000000.0,0.0,-35000000.0,0.0,290000000.0,290000000.0,290000000.0,0.0,0.0,0.111,218000000.0,363000000.0,1440000000.0,0.276,2.722,10.813,10.896,5632000000.0,0.0,105.58,1.532,1.532,1749000000.0,7026000000.0,2607000000.0,2607000000.0,56000000.0,,,,,0.0,190000000.0,1.0,142966679.0,142966679.0,,18.235,9477000000.0,0.0,60000000.0,914000000.0,66.288,1454000000.0
14,EMN,MRQ,2017-12-31,2017-12-31,2017-12-31,2021-08-03,-209000000.0,15999000000.0,,3143000000.0,12856000000.0,,37.59,-211000000.0,191000000.0,191000000.0,1905000000.0,491000000.0,1.586,1.947,6540000000.0,393000000.0,6147000000.0,6540000000.0,0.0,147000000.0,0.0,0.023,0.56,245000000.0,392000000.0,0.166,392000000.0,245000000.0,186000000.0,3.41,3.37,3.41,5403000000.0,,5403000000.0,19814554723.0,13.0,9.377,435000000.0,3.026,1.0,457000000.0,0.193,6900000000.0,59000000.0,13466000000.0,,1509000000.0,0.0,0.0,0.0,10519000000.0,1982000000.0,8537000000.0,13315554723.0,-4000000.0,0.0,-75000000.0,-290000000.0,-73000000.0,-438000000.0,-213000000.0,0.0,646000000.0,1000000.0,491000000.0,491000000.0,491000000.0,0.0,0.0,0.208,201000000.0,256000000.0,1589000000.0,0.164,2.464,9.621,9.69,5607000000.0,0.0,92.64,1.394,1.394,1386000000.0,6802000000.0,2362000000.0,2362000000.0,53000000.0,,,,,0.0,189000000.0,1.0,143734399.0,143734399.0,,16.433,9099000000.0,0.0,-305000000.0,893000000.0,63.304,1161000000.0
15,EMN,MRQ,2017-09-30,2017-09-30,2017-09-30,2021-08-03,-238000000.0,16024000000.0,,3245000000.0,12779000000.0,,34.67,-159000000.0,195000000.0,195000000.0,1794000000.0,324000000.0,1.832,2.175,6694000000.0,369000000.0,6325000000.0,6694000000.0,0.0,148000000.0,0.0,0.023,0.51,463000000.0,611000000.0,0.248,611000000.0,463000000.0,402000000.0,2.24,2.22,2.24,5023000000.0,,5023000000.0,19769109578.0,14.0,9.691,369000000.0,2.547,1.0,671000000.0,0.272,6924000000.0,61000000.0,13828000000.0,,1576000000.0,0.0,0.0,0.0,10925000000.0,1771000000.0,9154000000.0,13110109578.0,-27000000.0,14000000.0,-100000000.0,-234000000.0,-74000000.0,-410000000.0,-147000000.0,0.0,528000000.0,2000000.0,323000000.0,323000000.0,323000000.0,0.0,1000000.0,0.131,211000000.0,460000000.0,1402000000.0,0.228,2.61,12.993,13.02,5485000000.0,0.0,90.49,1.398,1.398,1425000000.0,6391000000.0,2465000000.0,2465000000.0,59000000.0,,,,,0.0,180000000.0,1.0,144879098.0,144879098.0,,17.014,9100000000.0,0.0,79000000.0,1349000000.0,62.811,1474000000.0
16,EMN,MRQ,2017-06-30,2017-06-30,2017-06-30,2021-08-03,-286000000.0,15964000000.0,,3262000000.0,12702000000.0,,32.998,-146000000.0,222000000.0,222000000.0,1789000000.0,294000000.0,2.044,2.301,6881000000.0,212000000.0,6669000000.0,6881000000.0,0.0,147000000.0,0.0,0.024,0.51,418000000.0,565000000.0,0.234,565000000.0,418000000.0,357000000.0,2.01,2.0,2.01,4812000000.0,,4812000000.0,18934013930.0,14.0,9.831,285000000.0,1.954,1.0,630000000.0,0.26,6940000000.0,61000000.0,14087000000.0,,1540000000.0,0.0,0.0,0.0,11074000000.0,1596000000.0,9478000000.0,12248013930.0,25000000.0,0.0,-102000000.0,-95000000.0,-74000000.0,-260000000.0,-147000000.0,0.0,431000000.0,1000000.0,292000000.0,292000000.0,292000000.0,0.0,2000000.0,0.121,209000000.0,421000000.0,1384000000.0,0.254,2.545,13.342,13.374,5403000000.0,0.0,83.99,1.332,1.332,1437000000.0,6142000000.0,2419000000.0,2419000000.0,58000000.0,,,,,0.0,181000000.0,1.0,145827050.0,145827050.0,,16.588,9024000000.0,0.0,65000000.0,1286000000.0,61.882,1666000000.0
17,EMN,MRQ,2017-03-31,2017-03-31,2017-03-31,2021-08-03,-306000000.0,15755000000.0,,3165000000.0,12590000000.0,,31.75,-133000000.0,197000000.0,197000000.0,1698000000.0,279000000.0,1.933,2.371,6883000000.0,305000000.0,6578000000.0,6883000000.0,0.0,145000000.0,0.0,0.024,0.51,400000000.0,545000000.0,0.237,545000000.0,400000000.0,340000000.0,1.9,1.89,1.9,4651000000.0,,4651000000.0,18249305059.0,14.0,9.656,-81000000.0,-0.553,1.0,605000000.0,0.263,6918000000.0,60000000.0,13886000000.0,,1495000000.0,0.0,0.0,0.0,11028000000.0,1637000000.0,9391000000.0,11836305059.0,16000000.0,-4000000.0,-73000000.0,250000000.0,-75000000.0,102000000.0,-136000000.0,0.0,52000000.0,-2000000.0,278000000.0,278000000.0,278000000.0,0.0,1000000.0,0.121,208000000.0,397000000.0,1332000000.0,0.268,2.545,13.435,13.467,5321000000.0,0.0,80.8,1.304,1.304,1405000000.0,5925000000.0,2303000000.0,2303000000.0,57000000.0,,,,,0.0,179000000.0,1.0,146488924.0,146488924.0,,15.721,8837000000.0,0.0,62000000.0,1269000000.0,60.325,1528000000.0
18,EMN,MRQ,2016-12-31,2016-12-31,2016-12-31,2021-08-03,-281000000.0,15457000000.0,,2866000000.0,12591000000.0,,30.882,-251000000.0,181000000.0,181000000.0,1691000000.0,118000000.0,1.597,2.394,6594000000.0,283000000.0,6311000000.0,6594000000.0,0.0,144000000.0,0.0,0.025,0.51,175000000.0,319000000.0,0.146,319000000.0,175000000.0,111000000.0,0.8,0.79,0.8,4532000000.0,,4532000000.0,17438133234.0,13.0,9.281,139000000.0,0.947,1.0,497000000.0,0.227,6940000000.0,64000000.0,13135000000.0,,1404000000.0,0.0,0.0,0.0,10849000000.0,1795000000.0,9054000000.0,11037133234.0,-26000000.0,0.0,-41000000.0,-23000000.0,-68000000.0,-117000000.0,-296000000.0,0.0,390000000.0,-3000000.0,116000000.0,116000000.0,116000000.0,0.0,2000000.0,0.053,243000000.0,254000000.0,1512000000.0,0.637,2.435,12.924,12.967,5276000000.0,0.0,75.21,1.225,1.225,1211000000.0,5721000000.0,2188000000.0,2188000000.0,60000000.0,,,,,0.0,169000000.0,1.0,146750874.0,146750874.0,,14.91,8517000000.0,0.0,-5000000.0,1206000000.0,58.037,1071000000.0
19,EMN,MRQ,2016-09-30,2016-09-30,2016-09-30,2021-08-03,-348000000.0,15489000000.0,,2900000000.0,12589000000.0,,30.065,-141000000.0,207000000.0,207000000.0,1666000000.0,233000000.0,1.315,2.471,6608000000.0,675000000.0,5933000000.0,6608000000.0,0.0,145000000.0,0.0,0.027,0.46,352000000.0,497000000.0,0.217,497000000.0,352000000.0,288000000.0,1.57,1.56,1.57,4441000000.0,,4441000000.0,16561147145.0,13.0,8.795,309000000.0,2.092,1.0,621000000.0,0.272,7017000000.0,64000000.0,12667000000.0,,1471000000.0,0.0,0.0,0.0,10973000000.0,2206000000.0,8767000000.0,9997147145.0,-33000000.0,37000000.0,-67000000.0,-197000000.0,-68000000.0,-336000000.0,-147000000.0,0.0,450000000.0,0.0,232000000.0,232000000.0,232000000.0,0.0,1000000.0,0.101,265000000.0,356000000.0,1531000000.0,0.293,2.251,11.598,11.589,5197000000.0,0.0,67.68,1.105,1.105,1163000000.0,5680000000.0,2287000000.0,2287000000.0,54000000.0,,,,,0.0,181000000.0,1.0,147711985.0,147711985.0,,15.483,8472000000.0,0.0,56000000.0,1022000000.0,57.355,694000000.0
20,EMN,MRQ,2016-06-30,2016-06-30,2016-06-30,2021-08-03,-311000000.0,15582000000.0,,2930000000.0,12652000000.0,,29.593,-124000000.0,240000000.0,240000000.0,1692000000.0,257000000.0,1.339,2.544,6804000000.0,722000000.0,6082000000.0,6804000000.0,0.0,144000000.0,0.0,0.026,0.46,385000000.0,529000000.0,0.23,529000000.0,385000000.0,322000000.0,1.73,1.71,1.73,4375000000.0,,4375000000.0,16914107516.0,12.0,8.696,370000000.0,2.503,1.0,605000000.0,0.263,7105000000.0,63000000.0,12852000000.0,,1445000000.0,0.0,0.0,0.0,11129000000.0,2189000000.0,8940000000.0,10038107516.0,38000000.0,-1000000.0,-17000000.0,-280000000.0,-68000000.0,-369000000.0,-86000000.0,0.0,494000000.0,-1000000.0,255000000.0,255000000.0,255000000.0,0.0,2000000.0,0.111,229000000.0,376000000.0,1467000000.0,0.266,2.294,11.33,11.317,5162000000.0,0.0,67.9,1.091,1.091,1177000000.0,5517000000.0,2297000000.0,2297000000.0,55000000.0,,,,,0.0,174000000.0,1.0,147836635.0,147836635.0,,15.537,8477000000.0,0.0,67000000.0,1014000000.0,57.34,741000000.0
21,EMN,MRQ,2016-03-31,2016-03-31,2016-03-31,2021-08-03,-305000000.0,15616000000.0,,2863000000.0,12753000000.0,,28.441,-110000000.0,202000000.0,202000000.0,1602000000.0,251000000.0,1.55,2.695,7078000000.0,513000000.0,6565000000.0,7078000000.0,0.0,147000000.0,0.0,0.024,0.46,387000000.0,534000000.0,0.239,534000000.0,387000000.0,323000000.0,1.7,1.69,1.7,4204000000.0,,4204000000.0,17422517749.0,12.0,8.604,-59000000.0,-0.399,1.0,634000000.0,0.284,7164000000.0,64000000.0,13481000000.0,,1493000000.0,0.0,0.0,0.0,11331000000.0,1847000000.0,9484000000.0,10676517749.0,-91000000.0,-21000000.0,-20000000.0,72000000.0,-68000000.0,-16000000.0,-126000000.0,0.0,51000000.0,0.0,251000000.0,251000000.0,251000000.0,0.0,0.0,0.112,235000000.0,399000000.0,1334000000.0,0.271,2.54,11.505,11.52,5185000000.0,0.0,72.23,1.131,1.131,1106000000.0,5330000000.0,2236000000.0,2236000000.0,54000000.0,,,,,0.0,183000000.0,1.0,147812789.0,147812789.0,,15.127,8452000000.0,0.0,72000000.0,939000000.0,57.18,1016000000.0
22,EMN,MRQ,2015-12-31,2015-12-31,2015-12-31,2021-08-03,-390000000.0,15580000000.0,,2878000000.0,12702000000.0,,26.52,-226000000.0,293000000.0,293000000.0,1716000000.0,125000000.0,1.4,2.933,7008000000.0,431000000.0,6577000000.0,7008000000.0,0.0,142000000.0,0.0,0.025,0.46,181000000.0,323000000.0,0.145,323000000.0,181000000.0,116000000.0,0.84,0.83,0.84,3941000000.0,,3941000000.0,17003494148.0,12.0,8.689,348000000.0,2.342,1.0,509000000.0,0.229,7168000000.0,65000000.0,13071000000.0,,1479000000.0,0.0,0.0,0.0,11559000000.0,2056000000.0,9503000000.0,10032494148.0,-16000000.0,4000000.0,-67000000.0,-237000000.0,-59000000.0,-363000000.0,-226000000.0,0.0,574000000.0,-1000000.0,124000000.0,124000000.0,124000000.0,0.0,1000000.0,0.056,337000000.0,172000000.0,1625000000.0,0.548,2.546,11.831,11.823,5130000000.0,0.0,67.51,1.04,1.04,1038000000.0,5146000000.0,2225000000.0,2225000000.0,74000000.0,,,,,0.0,210000000.0,1.0,148607527.0,148607527.0,,14.972,8412000000.0,0.0,-8000000.0,928000000.0,56.605,822000000.0
23,EMN,MRQ,2015-09-30,2015-09-30,2015-09-30,2021-08-03,-446000000.0,15880000000.0,,3182000000.0,12698000000.0,,26.079,-160000000.0,309000000.0,309000000.0,1752000000.0,258000000.0,1.768,3.076,7280000000.0,251000000.0,7029000000.0,7280000000.0,0.0,142000000.0,0.0,0.025,0.4,417000000.0,559000000.0,0.228,559000000.0,417000000.0,351000000.0,1.73,1.71,1.73,3877000000.0,,3877000000.0,16676555696.0,14.0,9.364,208000000.0,1.399,1.0,695000000.0,0.284,7200000000.0,66000000.0,13851000000.0,,1484000000.0,0.0,0.0,0.0,11924000000.0,1800000000.0,10124000000.0,9621555696.0,41000000.0,-45000000.0,-9000000.0,-50000000.0,-60000000.0,-122000000.0,-202000000.0,0.0,368000000.0,-3000000.0,256000000.0,256000000.0,256000000.0,0.0,2000000.0,0.105,263000000.0,432000000.0,1549000000.0,0.231,2.482,13.002,12.918,5045000000.0,0.0,64.72,0.985,0.985,1120000000.0,5090000000.0,2447000000.0,2447000000.0,59000000.0,,,,,0.0,183000000.0,1.0,148664334.0,148664334.0,,16.46,8680000000.0,0.0,95000000.0,1004000000.0,58.387,1382000000.0
24,EMN,MRQ,2015-06-30,2015-06-30,2015-06-30,2021-08-03,-363000000.0,15886000000.0,,3167000000.0,12719000000.0,,25.32,-141000000.0,268000000.0,268000000.0,1813000000.0,299000000.0,1.739,3.199,7323000000.0,251000000.0,7072000000.0,7323000000.0,0.0,142000000.0,0.0,0.019,0.4,467000000.0,609000000.0,0.24,609000000.0,467000000.0,401000000.0,2.0,1.98,2.0,3764000000.0,,3764000000.0,19611206969.0,17.0,11.715,450000000.0,3.027,1.0,720000000.0,0.284,7251000000.0,66000000.0,13869000000.0,,1439000000.0,0.0,0.0,0.0,12041000000.0,1821000000.0,10220000000.0,12163206969.0,72000000.0,0.0,-4000000.0,-311000000.0,-60000000.0,-376000000.0,-143000000.0,0.0,591000000.0,0.0,297000000.0,297000000.0,297000000.0,0.0,2000000.0,0.117,251000000.0,469000000.0,1570000000.0,0.2,3.231,17.526,17.446,5011000000.0,0.0,81.82,1.249,1.249,1188000000.0,4893000000.0,2533000000.0,2533000000.0,57000000.0,,,,,0.0,194000000.0,1.0,148658115.0,148658115.0,,17.039,8635000000.0,0.0,104000000.0,962000000.0,58.086,1346000000.0
25,EMN,MRQ,2015-03-31,2015-03-31,2015-03-31,2021-08-03,-441000000.0,15834000000.0,,3166000000.0,12668000000.0,,23.162,-125000000.0,196000000.0,196000000.0,1787000000.0,172000000.0,1.795,3.576,7644000000.0,351000000.0,7293000000.0,7644000000.0,0.0,145000000.0,0.0,0.022,0.4,321000000.0,466000000.0,0.191,466000000.0,321000000.0,255000000.0,1.15,1.14,1.15,3443000000.0,,3443000000.0,17630322803.0,16.0,10.89,-34000000.0,-0.229,1.0,656000000.0,0.269,7240000000.0,66000000.0,14278000000.0,,1447000000.0,0.0,0.0,0.0,12312000000.0,1764000000.0,10548000000.0,10295322803.0,-18000000.0,0.0,-15000000.0,93000000.0,-59000000.0,17000000.0,-122000000.0,0.0,91000000.0,-4000000.0,171000000.0,171000000.0,171000000.0,0.0,1000000.0,0.07,345000000.0,311000000.0,1413000000.0,0.348,2.99,14.942,14.895,4957000000.0,0.0,69.26,1.065,1.065,1216000000.0,4656000000.0,2443000000.0,2443000000.0,56000000.0,,,,,0.0,180000000.0,1.0,148647456.0,148647456.0,,16.435,8594000000.0,0.0,84000000.0,1023000000.0,57.815,1402000000.0
26,EMN,MRQ,2014-12-31,2014-12-31,2014-12-31,2021-08-03,-277000000.0,16072000000.0,,3173000000.0,12899000000.0,,23.632,-185000000.0,214000000.0,214000000.0,2016000000.0,17000000.0,1.569,3.556,7549000000.0,301000000.0,7248000000.0,7549000000.0,0.0,122000000.0,0.0,0.019,0.4,25000000.0,147000000.0,0.063,147000000.0,25000000.0,-30000000.0,0.13,0.12,0.13,3510000000.0,,3510000000.0,15618288261.0,13.0,9.623,299000000.0,2.013,1.0,333000000.0,0.142,7391000000.0,55000000.0,13994000000.0,,1509000000.0,0.0,0.0,0.0,12482000000.0,2022000000.0,10460000000.0,11267288261.0,2000000.0,-3184000000.0,-4000000.0,2945000000.0,-51000000.0,2890000000.0,-3373000000.0,0.0,484000000.0,1000000.0,16000000.0,16000000.0,16000000.0,0.0,1000000.0,0.007,306000000.0,27000000.0,1721000000.0,3.077,3.21,15.003,15.082,5087000000.0,0.0,75.86,1.183,1.183,1200000000.0,4545000000.0,2349000000.0,2349000000.0,62000000.0,,,,,0.0,244000000.0,1.0,148527396.0,148527396.0,,15.815,8681000000.0,0.0,-46000000.0,946000000.0,58.447,1151000000.0
27,EMN,MRQ,2014-09-30,2014-09-30,2014-09-30,2021-08-03,78000000.0,12135000000.0,,2890000000.0,9245000000.0,,26.158,-153000000.0,212000000.0,212000000.0,1777000000.0,212000000.0,2.067,2.091,4563000000.0,0.0,4563000000.0,4563000000.0,0.0,111000000.0,0.0,0.017,0.35,341000000.0,452000000.0,0.187,452000000.0,341000000.0,296000000.0,1.41,1.39,1.41,3901000000.0,,3901000000.0,16661230614.0,10.0,7.782,407000000.0,2.729,1.0,636000000.0,0.264,4524000000.0,45000000.0,10564000000.0,,1358000000.0,0.0,0.0,0.0,8156000000.0,1398000000.0,6758000000.0,12063230614.0,37000000.0,-42000000.0,-58000000.0,-211000000.0,-53000000.0,-322000000.0,-194000000.0,0.0,560000000.0,-7000000.0,210000000.0,210000000.0,210000000.0,0.0,2000000.0,0.087,298000000.0,338000000.0,1398000000.0,0.248,3.092,11.159,11.282,4352000000.0,0.0,80.89,1.277,1.277,1126000000.0,4588000000.0,2413000000.0,2413000000.0,56000000.0,,,,,0.0,171000000.0,1.0,149131297.0,149131297.0,,16.18,7611000000.0,0.0,86000000.0,573000000.0,51.036,1492000000.0
28,EMN,MRQ,2014-06-30,2014-06-30,2014-06-30,2021-08-03,173000000.0,12238000000.0,,2986000000.0,9252000000.0,,25.838,-132000000.0,175000000.0,175000000.0,1803000000.0,294000000.0,2.344,2.133,4773000000.0,0.0,4773000000.0,4773000000.0,0.0,110000000.0,0.0,0.015,0.35,444000000.0,554000000.0,0.225,554000000.0,444000000.0,399000000.0,1.96,1.93,1.96,3882000000.0,,3882000000.0,17573645950.0,10.0,7.728,287000000.0,1.91,1.0,657000000.0,0.267,4582000000.0,45000000.0,10980000000.0,,1354000000.0,0.0,0.0,0.0,8279000000.0,1274000000.0,7005000000.0,13123645950.0,-10000000.0,-283000000.0,-102000000.0,134000000.0,-53000000.0,-27000000.0,-405000000.0,0.0,419000000.0,3000000.0,292000000.0,292000000.0,292000000.0,-2000000.0,2000000.0,0.119,221000000.0,436000000.0,1274000000.0,0.179,3.381,11.131,11.256,4343000000.0,0.0,87.35,1.401,1.401,1226000000.0,4431000000.0,2460000000.0,2460000000.0,56000000.0,,,,,0.0,172000000.0,1.0,150242083.0,150242083.0,,16.374,7656000000.0,0.0,107000000.0,572000000.0,50.958,1712000000.0
29,EMN,MRQ,2014-03-31,2014-03-31,2014-03-31,2021-08-03,168000000.0,11947000000.0,,2949000000.0,8998000000.0,,24.458,-123000000.0,185000000.0,185000000.0,1710000000.0,234000000.0,2.342,2.183,4635000000.0,0.0,4635000000.0,4635000000.0,0.0,107000000.0,0.0,0.015,0.35,363000000.0,470000000.0,0.204,470000000.0,363000000.0,321000000.0,1.54,1.52,1.54,3729000000.0,,3729000000.0,17161195071.0,9.0,7.614,-153000000.0,-1.003,1.0,595000000.0,0.258,4374000000.0,42000000.0,10764000000.0,,1377000000.0,0.0,0.0,0.0,8139000000.0,1259000000.0,6880000000.0,13144195071.0,-52000000.0,0.0,-228000000.0,382000000.0,-53000000.0,98000000.0,-119000000.0,0.0,-30000000.0,-1000000.0,233000000.0,233000000.0,233000000.0,0.0,1000000.0,0.101,234000000.0,361000000.0,1259000000.0,0.227,3.525,11.42,11.479,4301000000.0,0.0,86.21,1.406,1.406,1167000000.0,4191000000.0,2305000000.0,2305000000.0,53000000.0,,,,,0.0,168000000.0,1.0,152467174.0,152467174.0,,15.118,7573000000.0,0.0,88000000.0,546000000.0,49.67,1690000000.0
30,EMN,MRQ,2013-12-31,2013-12-31,2013-12-31,2021-08-03,171000000.0,11845000000.0,,2840000000.0,9005000000.0,,24.662,-169000000.0,237000000.0,237000000.0,1471000000.0,349000000.0,1.932,2.1,4254000000.0,0.0,4254000000.0,4254000000.0,0.0,107000000.0,0.0,0.015,0.35,558000000.0,665000000.0,0.294,665000000.0,558000000.0,515000000.0,2.26,2.21,2.26,3796000000.0,,3796000000.0,16628369501.0,9.0,7.277,334000000.0,2.17,1.0,794000000.0,0.351,4418000000.0,43000000.0,9974000000.0,,1264000000.0,0.0,0.0,0.0,7970000000.0,1470000000.0,6500000000.0,12421369501.0,15000000.0,0.0,-121000000.0,-175000000.0,-46000000.0,-342000000.0,-149000000.0,31000000.0,503000000.0,3000000.0,346000000.0,346000000.0,346000000.0,0.0,3000000.0,0.153,232000000.0,562000000.0,1470000000.0,0.155,3.272,10.662,10.661,4290000000.0,0.0,80.7,1.328,1.328,1088000000.0,4012000000.0,2265000000.0,2265000000.0,45000000.0,,,,,0.0,135000000.0,1.0,153920316.0,153920316.0,,14.715,7427000000.0,0.0,169000000.0,496000000.0,48.252,1370000000.0
31,EMN,MRQ,2013-09-30,2013-09-30,2013-09-30,2021-08-03,147000000.0,11727000000.0,,2767000000.0,8960000000.0,,23.263,-126000000.0,222000000.0,222000000.0,1649000000.0,309000000.0,2.091,2.246,4429000000.0,0.0,4429000000.0,4429000000.0,0.0,108000000.0,0.0,0.015,0.3,477000000.0,585000000.0,0.25,585000000.0,477000000.0,433000000.0,2.0,1.97,2.0,3588000000.0,,3588000000.0,16460193016.0,13.0,9.751,301000000.0,1.952,1.0,689000000.0,0.295,4435000000.0,44000000.0,10176000000.0,,1274000000.0,0.0,0.0,0.0,8058000000.0,1323000000.0,6735000000.0,12015193016.0,-12000000.0,0.0,-27000000.0,-250000000.0,-47000000.0,-327000000.0,-117000000.0,0.0,427000000.0,5000000.0,308000000.0,308000000.0,308000000.0,0.0,1000000.0,0.132,210000000.0,479000000.0,1323000000.0,0.15,3.349,15.706,15.996,4217000000.0,0.0,77.9,1.298,1.298,1148000000.0,3718000000.0,2338000000.0,2338000000.0,48000000.0,,,,,0.0,159000000.0,1.0,154238678.0,154238678.0,,15.158,7292000000.0,0.0,125000000.0,204000000.0,47.277,1444000000.0
32,EMN,MRQ,2013-06-30,2013-06-30,2013-06-30,2021-08-03,90000000.0,11762000000.0,,2838000000.0,8924000000.0,,21.247,-100000000.0,234000000.0,234000000.0,1763000000.0,266000000.0,2.168,2.55,4679000000.0,0.0,4679000000.0,4679000000.0,0.0,108000000.0,0.0,0.017,0.3,426000000.0,534000000.0,0.219,534000000.0,426000000.0,380000000.0,1.71,1.69,1.71,3290000000.0,,3290000000.0,15445695370.0,15.0,10.429,262000000.0,1.692,1.0,677000000.0,0.277,4440000000.0,46000000.0,10458000000.0,,1286000000.0,0.0,0.0,0.0,8389000000.0,1309000000.0,7080000000.0,10840695370.0,56000000.0,0.0,-45000000.0,-105000000.0,-46000000.0,-200000000.0,-108000000.0,0.0,362000000.0,2000000.0,264000000.0,264000000.0,264000000.0,0.0,2000000.0,0.108,249000000.0,428000000.0,1309000000.0,0.175,3.295,17.743,18.044,4177000000.0,0.0,70.01,1.182,1.182,1226000000.0,3456000000.0,2440000000.0,2440000000.0,51000000.0,,,,,0.0,180000000.0,1.0,154844956.0,154844956.0,,15.758,7322000000.0,0.0,116000000.0,97000000.0,47.286,1529000000.0
33,EMN,MRQ,2013-03-31,2013-03-31,2013-03-31,2021-08-03,85000000.0,11687000000.0,,2737000000.0,8950000000.0,,20.168,-88000000.0,178000000.0,178000000.0,1691000000.0,248000000.0,2.117,2.737,4783000000.0,4000000.0,4779000000.0,4783000000.0,0.0,110000000.0,0.0,0.016,0.3,391000000.0,501000000.0,0.217,501000000.0,391000000.0,344000000.0,1.6,1.57,1.6,3105000000.0,,3105000000.0,15290860025.0,17.0,11.619,-83000000.0,-0.539,1.0,616000000.0,0.267,4477000000.0,47000000.0,10522000000.0,,1301000000.0,0.0,0.0,0.0,8499000000.0,1293000000.0,7206000000.0,10756860025.0,-71000000.0,0.0,14000000.0,0.0,-1000000.0,10000000.0,-83000000.0,0.0,5000000.0,-3000000.0,247000000.0,247000000.0,247000000.0,0.0,1000000.0,0.107,223000000.0,393000000.0,1289000000.0,0.188,3.464,20.45,20.135,4154000000.0,0.0,69.87,1.253,1.253,1172000000.0,3239000000.0,2307000000.0,2307000000.0,49000000.0,,,,,0.0,171000000.0,1.0,153955346.0,153955346.0,,14.985,7210000000.0,0.0,97000000.0,104000000.0,46.832,1444000000.0
34,EMN,MRQ,2012-12-31,2012-12-31,2012-12-31,2021-08-03,123000000.0,11710000000.0,,2699000000.0,9011000000.0,,19.189,-169000000.0,249000000.0,249000000.0,1844000000.0,-52000000.0,1.979,2.95,4783000000.0,4000000.0,4779000000.0,4783000000.0,0.0,108000000.0,0.0,0.016,0.3,-40000000.0,68000000.0,0.031,68000000.0,-40000000.0,-88000000.0,-0.44,-0.42,-0.44,2943000000.0,,2943000000.0,15184632244.0,19.0,13.25,271000000.0,1.767,1.0,325000000.0,0.15,4493000000.0,48000000.0,10387000000.0,,1260000000.0,0.0,0.0,0.0,8682000000.0,1364000000.0,7318000000.0,10436632244.0,12000000.0,-1000000.0,24000000.0,-200000000.0,-85000000.0,-261000000.0,-167000000.0,0.0,440000000.0,0.0,-54000000.0,-54000000.0,-54000000.0,0.0,2000000.0,-0.025,369000000.0,-44000000.0,1360000000.0,-0.682,3.546,23.882,22.683,4181000000.0,0.0,68.05,1.288,1.288,997000000.0,3038000000.0,2169000000.0,2169000000.0,62000000.0,,,,,0.0,224000000.0,1.0,153367116.0,153367116.0,,14.143,7217000000.0,0.0,-34000000.0,182000000.0,47.057,1335000000.0
35,EMN,MRQ,2012-09-30,2012-09-30,2012-09-30,2021-08-03,109000000.0,11645000000.0,,2673000000.0,8972000000.0,,21.775,-121000000.0,237000000.0,237000000.0,1734000000.0,157000000.0,1.826,2.869,4985000000.0,120000000.0,4865000000.0,4985000000.0,0.0,112000000.0,0.0,0.018,0.26,266000000.0,378000000.0,0.167,378000000.0,266000000.0,218000000.0,1.01,0.99,1.01,3010000000.0,,3010000000.0,8715628269.0,10.0,7.443,232000000.0,1.678,1.0,525000000.0,0.232,4249000000.0,48000000.0,10680000000.0,,1269000000.0,0.0,0.0,0.0,8635000000.0,1464000000.0,7171000000.0,7880628269.0,-2763000000.0,-2658000000.0,17000000.0,-320000000.0,-36000000.0,-342000000.0,-2776000000.0,1000000.0,353000000.0,2000000.0,154000000.0,154000000.0,154000000.0,0.0,3000000.0,0.068,262000000.0,263000000.0,1344000000.0,0.257,2.618,15.667,15.925,4113000000.0,0.0,57.01,1.029,1.029,1072000000.0,3139000000.0,2259000000.0,2259000000.0,52000000.0,,,,,0.0,173000000.0,1.0,138232385.0,138232385.0,,16.342,7396000000.0,0.0,64000000.0,71000000.0,53.504,1209000000.0
36,EMN,MRQ,2012-06-30,2012-06-30,2012-06-30,2021-08-03,90000000.0,8566000000.0,,4630000000.0,3936000000.0,,15.389,-89000000.0,3000000000.0,3000000000.0,1372000000.0,180000000.0,5.15,3.035,3835000000.0,5000000.0,3830000000.0,3835000000.0,0.0,71000000.0,0.0,0.021,0.26,298000000.0,369000000.0,0.199,369000000.0,298000000.0,270000000.0,1.3,1.27,1.3,2123000000.0,,2123000000.0,7974968537.0,9.0,7.02,227000000.0,1.645,1.0,481000000.0,0.26,404000000.0,28000000.0,8098000000.0,,775000000.0,0.0,0.0,0.0,6443000000.0,899000000.0,5544000000.0,6948968537.0,2431000000.0,0.0,0.0,2160000000.0,-35000000.0,2124000000.0,-9000000.0,80000000.0,316000000.0,0.0,179000000.0,179000000.0,179000000.0,-2000000.0,1000000.0,0.097,164000000.0,317000000.0,894000000.0,0.2,3.273,13.287,13.186,3135000000.0,0.0,50.37,0.964,0.964,802000000.0,3024000000.0,1853000000.0,1853000000.0,43000000.0,,,,,0.0,121000000.0,1.0,137958478.0,137958478.0,,13.432,8162000000.0,0.0,91000000.0,229000000.0,59.163,3731000000.0
37,EMN,MRQ,2012-03-31,2012-03-31,2012-03-31,2021-08-03,153000000.0,6191000000.0,,2264000000.0,3927000000.0,,14.781,-91000000.0,569000000.0,569000000.0,1390000000.0,159000000.0,2.271,2.057,1595000000.0,151000000.0,1444000000.0,1595000000.0,0.0,69000000.0,0.0,0.02,0.26,262000000.0,331000000.0,0.182,331000000.0,262000000.0,243000000.0,1.15,1.12,1.15,2025000000.0,,2025000000.0,8102734382.0,9.0,6.908,-72000000.0,-0.526,1.0,431000000.0,0.237,408000000.0,19000000.0,5812000000.0,,768000000.0,80000000.0,80000000.0,0.0,4166000000.0,997000000.0,3169000000.0,7081734382.0,-8000000.0,-10000000.0,15000000.0,4000000.0,-36000000.0,-17000000.0,-10000000.0,126000000.0,19000000.0,0.0,158000000.0,158000000.0,158000000.0,1000000.0,1000000.0,0.087,167000000.0,264000000.0,846000000.0,0.226,3.497,12.556,12.7,3136000000.0,0.0,51.69,0.978,0.978,808000000.0,2882000000.0,1821000000.0,1821000000.0,41000000.0,,,,,0.0,126000000.0,1.0,137003954.0,137003954.0,,13.292,5783000000.0,0.0,85000000.0,223000000.0,42.21,1267000000.0
38,EMN,MRQ,2011-12-31,2011-12-31,2011-12-31,2021-08-03,138000000.0,6184000000.0,,2302000000.0,3882000000.0,,13.592,-126000000.0,577000000.0,577000000.0,1519000000.0,13000000.0,2.066,2.29,1598000000.0,153000000.0,1445000000.0,1598000000.0,0.0,69000000.0,0.0,0.025,0.26,24000000.0,93000000.0,0.054,93000000.0,24000000.0,5000000.0,0.12,0.12,0.12,1870000000.0,,1870000000.0,6524745355.0,7.0,5.142,226000000.0,1.643,1.0,204000000.0,0.118,507000000.0,19000000.0,5584000000.0,,779000000.0,200000000.0,200000000.0,0.0,4283000000.0,1114000000.0,3169000000.0,5373745355.0,129000000.0,-2000000.0,-22000000.0,-36000000.0,-36000000.0,-97000000.0,-126000000.0,0.0,352000000.0,0.0,12000000.0,12000000.0,12000000.0,0.0,1000000.0,0.007,185000000.0,19000000.0,961000000.0,2.167,2.874,8.318,8.436,3107000000.0,0.0,39.06,0.749,0.749,704000000.0,2760000000.0,1723000000.0,1723000000.0,44000000.0,,,,,0.0,141000000.0,1.0,137576686.0,137576686.0,,12.524,5677000000.0,0.0,-7000000.0,210000000.0,41.264,1188000000.0
39,EMN,MRQ,2011-09-30,2011-09-30,2011-09-30,2021-08-03,-447000000.0,6183000000.0,,2354000000.0,3829000000.0,,13.597,-129000000.0,448000000.0,448000000.0,1379000000.0,174000000.0,1.96,2.239,1599000000.0,154000000.0,1445000000.0,1599000000.0,0.0,69000000.0,0.0,0.028,0.26,274000000.0,343000000.0,0.189,343000000.0,274000000.0,254000000.0,1.25,1.22,1.25,1909000000.0,,1909000000.0,5777839169.0,6.0,4.553,83000000.0,0.591,1.0,433000000.0,0.239,410000000.0,20000000.0,5723000000.0,,850000000.0,201000000.0,201000000.0,0.0,4274000000.0,1201000000.0,3073000000.0,4810839169.0,-186000000.0,-154000000.0,-123000000.0,0.0,-33000000.0,-156000000.0,-243000000.0,7000000.0,212000000.0,1000000.0,174000000.0,174000000.0,174000000.0,0.0,0.0,0.096,162000000.0,271000000.0,1047000000.0,0.208,2.52,7.517,7.547,3058000000.0,0.0,34.265,0.695,0.695,806000000.0,3372000000.0,1812000000.0,1812000000.0,41000000.0,,,,,0.0,114000000.0,1.0,140400968.0,140400968.0,,12.906,5773000000.0,0.0,80000000.0,241000000.0,41.118,1153000000.0
40,EMN,MRQ,2011-06-30,2011-06-30,2011-06-30,2021-08-03,-423000000.0,6114000000.0,,2508000000.0,3606000000.0,,13.415,-112000000.0,634000000.0,634000000.0,1411000000.0,220000000.0,2.104,2.206,1601000000.0,155000000.0,1446000000.0,1601000000.0,0.0,67000000.0,0.0,0.018,0.235,339000000.0,406000000.0,0.215,406000000.0,339000000.0,321000000.0,1.55,1.51,1.55,1907000000.0,,1907000000.0,8218068948.0,8.0,6.44,95000000.0,0.668,1.0,474000000.0,0.251,379000000.0,18000000.0,5510000000.0,,748000000.0,200000000.0,200000000.0,0.0,4207000000.0,1192000000.0,3015000000.0,7255068948.0,-6000000.0,0.0,-98000000.0,-2000000.0,-33000000.0,-133000000.0,-80000000.0,27000000.0,207000000.0,0.0,220000000.0,220000000.0,220000000.0,-1000000.0,0.0,0.117,141000000.0,333000000.0,1037000000.0,0.152,3.804,11.407,11.392,2919000000.0,0.0,51.035,1.097,1.097,884000000.0,3244000000.0,1885000000.0,1885000000.0,38000000.0,,,,,0.0,118000000.0,1.0,142158694.0,142158694.0,,13.26,5735000000.0,0.0,101000000.0,245000000.0,40.342,1316000000.0
41,EMN,MRQ,2011-03-31,2011-03-31,2011-03-31,2021-08-03,-417000000.0,6009000000.0,,2434000000.0,3575000000.0,,12.841,-99000000.0,640000000.0,640000000.0,1300000000.0,240000000.0,2.307,2.307,1603000000.0,7000000.0,1596000000.0,1603000000.0,0.0,68000000.0,0.0,0.018,0.235,359000000.0,427000000.0,0.243,427000000.0,359000000.0,340000000.0,1.7,1.66,1.7,1817000000.0,,1817000000.0,8114710131.0,9.0,6.842,-245000000.0,-1.731,1.0,458000000.0,0.261,378000000.0,19000000.0,5539000000.0,,675000000.0,200000000.0,200000000.0,0.0,4192000000.0,1055000000.0,3137000000.0,7026710131.0,124000000.0,0.0,-4000000.0,1000000.0,-34000000.0,-37000000.0,307000000.0,417000000.0,-146000000.0,0.0,240000000.0,240000000.0,240000000.0,-39000000.0,0.0,0.137,144000000.0,314000000.0,1048000000.0,0.138,3.867,12.459,12.556,2886000000.0,0.0,49.66,1.128,1.128,888000000.0,3066000000.0,1758000000.0,1758000000.0,36000000.0,,,,,0.0,108000000.0,1.0,141496378.0,141496378.0,,12.424,5631000000.0,0.0,100000000.0,226000000.0,39.796,1379000000.0
42,EMN,MRQ,2010-12-31,2010-12-31,2010-12-31,2021-08-03,-432000000.0,5986000000.0,,2047000000.0,3939000000.0,,11.279,-112000000.0,516000000.0,516000000.0,1127000000.0,8000000.0,1.913,2.679,1604000000.0,6000000.0,1598000000.0,1604000000.0,0.0,68000000.0,0.0,0.021,0.235,25000000.0,93000000.0,0.064,93000000.0,25000000.0,1000000.0,0.04,0.03,0.04,1627000000.0,,1627000000.0,7028514252.0,10.0,6.987,166000000.0,1.151,1.0,336000000.0,0.23,375000000.0,24000000.0,5629000000.0,,608000000.0,0.0,0.0,0.0,4359000000.0,1070000000.0,3289000000.0,6064514252.0,-126000000.0,-1000000.0,-135000000.0,-119000000.0,-31000000.0,-285000000.0,-119000000.0,2000000.0,278000000.0,0.0,6000000.0,6000000.0,6000000.0,11000000.0,2000000.0,0.004,193000000.0,143000000.0,1012000000.0,5.875,3.727,14.269,14.251,3219000000.0,0.0,42.04,1.038,1.038,676000000.0,2879000000.0,1463000000.0,1463000000.0,44000000.0,,,,,0.0,123000000.0,1.0,144255810.0,144255810.0,,10.142,5611000000.0,0.0,-5000000.0,284000000.0,38.896,977000000.0
43,EMN,MRQ,2010-09-30,2010-09-30,2010-09-30,2021-08-03,-392000000.0,5989000000.0,,2101000000.0,3888000000.0,,12.527,-59000000.0,642000000.0,642000000.0,1085000000.0,170000000.0,2.235,2.309,1606000000.0,4000000.0,1602000000.0,1606000000.0,0.0,73000000.0,0.0,0.024,0.22,277000000.0,350000000.0,0.232,350000000.0,277000000.0,252000000.0,1.19,1.16,1.19,1810000000.0,,1810000000.0,6521924576.0,10.0,6.78,257000000.0,1.779,1.0,422000000.0,0.28,377000000.0,25000000.0,5636000000.0,,652000000.0,0.0,0.0,0.0,4179000000.0,940000000.0,3239000000.0,5345924576.0,207000000.0,0.0,-7000000.0,-4000000.0,-32000000.0,-43000000.0,-66000000.0,0.0,316000000.0,0.0,170000000.0,170000000.0,170000000.0,-8000000.0,0.0,0.113,156000000.0,266000000.0,936000000.0,0.185,2.954,13.814,13.729,3166000000.0,0.0,37.0,1.057,1.057,767000000.0,2894000000.0,1507000000.0,1507000000.0,42000000.0,,,,,0.0,114000000.0,1.0,144484448.0,144484448.0,,10.43,5612000000.0,0.0,82000000.0,297000000.0,38.842,1161000000.0
44,EMN,MRQ,2010-06-30,2010-06-30,2010-06-30,2021-08-03,-389000000.0,5799000000.0,,1909000000.0,3890000000.0,,11.583,-46000000.0,435000000.0,435000000.0,1118000000.0,148000000.0,2.155,2.458,1611000000.0,6000000.0,1605000000.0,1611000000.0,0.0,70000000.0,0.0,0.033,0.22,246000000.0,316000000.0,0.21,316000000.0,246000000.0,221000000.0,1.025,1.01,1.025,1677000000.0,,1677000000.0,4986907929.0,8.0,5.732,160000000.0,1.105,1.0,384000000.0,0.256,376000000.0,25000000.0,5713000000.0,,635000000.0,0.0,0.0,0.0,4122000000.0,886000000.0,3236000000.0,3862907929.0,-48000000.0,-171000000.0,-12000000.0,-1000000.0,-32000000.0,-45000000.0,-210000000.0,7000000.0,206000000.0,1000000.0,148000000.0,148000000.0,148000000.0,-7000000.0,0.0,0.099,138000000.0,246000000.0,880000000.0,0.215,2.303,12.148,12.1,3155000000.0,0.0,26.68,0.791,0.791,809000000.0,2756000000.0,1502000000.0,1502000000.0,33000000.0,,,,,0.0,102000000.0,1.0,144786654.0,144786654.0,,10.374,5423000000.0,0.0,73000000.0,285000000.0,37.455,1023000000.0
45,EMN,MRQ,2010-03-31,2010-03-31,2010-03-31,2021-08-03,-388000000.0,5648000000.0,,1877000000.0,3771000000.0,,10.825,-33000000.0,483000000.0,483000000.0,1053000000.0,101000000.0,2.157,2.6,1607000000.0,4000000.0,1603000000.0,1607000000.0,0.0,69000000.0,0.0,0.028,0.22,178000000.0,247000000.0,0.18,247000000.0,178000000.0,153000000.0,0.695,0.685,0.695,1569000000.0,,1569000000.0,5425764915.0,12.0,7.263,-258000000.0,-1.78,1.0,317000000.0,0.231,314000000.0,25000000.0,5588000000.0,,588000000.0,0.0,0.0,0.0,4079000000.0,870000000.0,3209000000.0,4614764915.0,-310000000.0,-18000000.0,-8000000.0,2000000.0,-32000000.0,-38000000.0,-47000000.0,4000000.0,-225000000.0,0.0,101000000.0,101000000.0,101000000.0,4000000.0,0.0,0.074,128000000.0,189000000.0,866000000.0,0.317,2.941,19.637,19.594,3167000000.0,0.0,31.84,0.995,0.995,774000000.0,2640000000.0,1370000000.0,1370000000.0,33000000.0,,,,,0.0,95000000.0,1.0,144936084.0,144936084.0,,9.452,5334000000.0,0.0,52000000.0,261000000.0,36.802,1007000000.0
46,EMN,MRQ,2009-12-31,2009-12-31,2009-12-31,2021-08-03,-385000000.0,5515000000.0,,1735000000.0,3780000000.0,,10.405,-44000000.0,793000000.0,793000000.0,412000000.0,-32000000.0,2.169,2.645,1604000000.0,0.0,1604000000.0,1604000000.0,0.0,71000000.0,0.0,0.029,0.22,-22000000.0,49000000.0,0.072,49000000.0,-22000000.0,-42000000.0,-0.215,-0.215,-0.215,1513000000.0,,1513000000.0,5152883957.0,16.0,8.763,46000000.0,0.316,1.0,265000000.0,0.391,315000000.0,20000000.0,5211000000.0,,531000000.0,0.0,0.0,0.0,4002000000.0,800000000.0,3202000000.0,4379883957.0,125000000.0,-16000000.0,-19000000.0,143000000.0,-32000000.0,92000000.0,-56000000.0,5000000.0,90000000.0,-1000000.0,-32000000.0,-32000000.0,-32000000.0,18000000.0,0.0,-0.047,267000000.0,-2000000.0,800000000.0,-1.023,2.895,32.205,32.043,3110000000.0,0.0,30.12,0.996,0.996,379000000.0,2571000000.0,677000000.0,677000000.0,23000000.0,,,,,0.0,71000000.0,1.0,145414474.0,145414474.0,,4.656,5200000000.0,0.0,-10000000.0,258000000.0,35.76,935000000.0
47,EMN,MRQ,2009-09-30,2009-09-30,2009-09-30,2021-08-03,-326000000.0,5554000000.0,,1580000000.0,3974000000.0,,11.319,-66000000.0,668000000.0,668000000.0,1009000000.0,101000000.0,1.908,2.376,1441000000.0,1000000.0,1440000000.0,1441000000.0,0.0,69000000.0,0.0,0.033,0.22,189000000.0,258000000.0,0.193,258000000.0,189000000.0,170000000.0,0.7,0.69,0.7,1645000000.0,,1645000000.0,4891515046.0,14.0,7.967,265000000.0,1.823,1.0,328000000.0,0.245,326000000.0,19000000.0,5173000000.0,,495000000.0,0.0,0.0,0.0,3909000000.0,828000000.0,3081000000.0,3890515046.0,218000000.0,-16000000.0,6000000.0,0.0,-32000000.0,-26000000.0,-87000000.0,0.0,331000000.0,0.0,101000000.0,101000000.0,101000000.0,0.0,0.0,0.076,137000000.0,191000000.0,827000000.0,0.314,2.365,23.437,22.88,3273000000.0,0.0,26.77,0.91,0.91,384000000.0,2635000000.0,1337000000.0,1337000000.0,33000000.0,,,,,0.0,104000000.0,1.0,145331156.0,145331156.0,,9.2,5228000000.0,0.0,69000000.0,274000000.0,35.973,752000000.0
48,EMN,MRQ,2009-06-30,2009-06-30,2009-06-30,2021-08-03,-321000000.0,5356000000.0,,1405000000.0,3951000000.0,,10.841,-96000000.0,450000000.0,450000000.0,993000000.0,65000000.0,1.96,2.401,1451000000.0,11000000.0,1440000000.0,1451000000.0,0.0,67000000.0,0.0,0.046,0.22,126000000.0,193000000.0,0.154,193000000.0,126000000.0,106000000.0,0.445,0.445,0.445,1575000000.0,,1575000000.0,3863215711.0,12.0,6.548,159000000.0,1.094,1.0,260000000.0,0.208,325000000.0,20000000.0,5315000000.0,,443000000.0,0.0,0.0,0.0,3781000000.0,717000000.0,3064000000.0,2753215711.0,110000000.0,-16000000.0,4000000.0,1000000.0,-32000000.0,-27000000.0,-118000000.0,1000000.0,255000000.0,0.0,65000000.0,65000000.0,65000000.0,0.0,0.0,0.052,129000000.0,131000000.0,706000000.0,0.494,1.748,16.686,16.55,3272000000.0,0.0,18.95,0.579,0.579,483000000.0,2566000000.0,1253000000.0,1253000000.0,34000000.0,,,,,0.0,98000000.0,1.0,145288428.0,145288428.0,,8.624,5031000000.0,0.0,41000000.0,248000000.0,34.628,688000000.0
49,EMN,MRQ,2009-03-31,2009-03-31,2009-03-31,2021-08-03,-336000000.0,5197000000.0,,1303000000.0,3894000000.0,,10.497,-112000000.0,340000000.0,340000000.0,950000000.0,2000000.0,1.694,2.412,1450000000.0,13000000.0,1437000000.0,1450000000.0,0.0,67000000.0,0.0,0.066,0.22,21000000.0,88000000.0,0.078,88000000.0,21000000.0,2000000.0,0.015,0.015,0.015,1523000000.0,,1523000000.0,3012264344.0,8.0,4.744,-30000000.0,-0.207,1.0,179000000.0,0.159,324000000.0,19000000.0,5214000000.0,,561000000.0,0.0,0.0,0.0,3674000000.0,769000000.0,2905000000.0,1944264344.0,-47000000.0,-20000000.0,5000000.0,6000000.0,-32000000.0,-21000000.0,-108000000.0,24000000.0,82000000.0,0.0,2000000.0,2000000.0,2000000.0,0.0,0.0,0.002,154000000.0,25000000.0,756000000.0,14.667,1.277,9.043,9.21,3228000000.0,0.0,13.4,0.364,0.364,353000000.0,2533000000.0,1129000000.0,1129000000.0,34000000.0,,,,,0.0,94000000.0,1.0,145094354.0,145094354.0,,7.781,4873000000.0,0.0,0.0,111000000.0,33.585,534000000.0
50,EMN,MRQ,2008-12-31,2008-12-31,2008-12-31,2021-08-03,-335000000.0,5281000000.0,,1423000000.0,3858000000.0,,10.704,-206000000.0,387000000.0,387000000.0,452000000.0,-2000000.0,1.71,2.401,1455000000.0,13000000.0,1442000000.0,1455000000.0,0.0,68000000.0,0.0,0.056,0.22,7000000.0,75000000.0,0.135,75000000.0,7000000.0,-10000000.0,0.01,0.025,0.01,1553000000.0,,1553000000.0,3399365420.0,6.0,4.255,154000000.0,1.061,1.0,104000000.0,0.187,325000000.0,17000000.0,5192000000.0,,637000000.0,0.0,0.0,0.0,3728000000.0,832000000.0,2896000000.0,2300365420.0,50000000.0,0.0,1000000.0,-49000000.0,-32000000.0,-80000000.0,-231000000.0,337000000.0,360000000.0,1000000.0,-2000000.0,-2000000.0,-2000000.0,17000000.0,0.0,-0.004,67000000.0,37000000.0,819000000.0,22.0,1.481,6.648,6.908,3198000000.0,0.0,15.855,0.388,0.388,354000000.0,2563000000.0,556000000.0,556000000.0,23000000.0,,,,,0.0,60000000.0,1.0,145087696.0,145087696.0,,3.832,4956000000.0,0.0,-8000000.0,106000000.0,34.159,591000000.0
51,EMN,MRQ,2008-09-30,2008-09-30,2008-09-30,2021-08-03,-92000000.0,5529000000.0,,1765000000.0,3764000000.0,,11.912,-154000000.0,337000000.0,337000000.0,1497000000.0,100000000.0,1.732,2.038,1436000000.0,0.0,1436000000.0,1436000000.0,0.0,67000000.0,0.0,0.032,0.22,167000000.0,234000000.0,0.129,234000000.0,167000000.0,148000000.0,0.675,0.665,0.675,1820000000.0,,1820000000.0,5084185641.0,8.0,5.324,60000000.0,0.393,1.0,322000000.0,0.177,325000000.0,19000000.0,5284000000.0,,715000000.0,0.0,0.0,0.0,3709000000.0,1019000000.0,2690000000.0,4206185641.0,-225000000.0,0.0,-232000000.0,-21000000.0,-34000000.0,-287000000.0,-151000000.0,0.0,214000000.0,-1000000.0,100000000.0,100000000.0,100000000.0,0.0,0.0,0.055,148000000.0,174000000.0,1019000000.0,0.326,2.311,9.431,9.526,3093000000.0,0.0,27.53,0.591,0.591,647000000.0,2598000000.0,1819000000.0,1819000000.0,39000000.0,,,,,0.0,107000000.0,1.0,152785530.0,152785530.0,,11.906,5204000000.0,0.0,48000000.0,283000000.0,34.061,746000000.0
52,EMN,MRQ,2008-06-30,2008-06-30,2008-06-30,2021-08-03,-58000000.0,5830000000.0,,2132000000.0,3698000000.0,,13.196,-149000000.0,562000000.0,562000000.0,1513000000.0,115000000.0,1.926,1.898,1440000000.0,0.0,1440000000.0,1440000000.0,0.0,67000000.0,0.0,0.026,0.22,171000000.0,238000000.0,0.13,238000000.0,171000000.0,153000000.0,0.755,0.74,0.755,2012000000.0,,2012000000.0,6085512284.0,11.0,7.159,-17000000.0,-0.111,1.0,321000000.0,0.175,328000000.0,18000000.0,5273000000.0,,669000000.0,0.0,0.0,0.0,3818000000.0,1107000000.0,2711000000.0,5249512284.0,-231000000.0,-38000000.0,7000000.0,-160000000.0,-34000000.0,-187000000.0,-176000000.0,0.0,132000000.0,0.0,115000000.0,115000000.0,115000000.0,0.0,0.0,0.063,149000000.0,172000000.0,1107000000.0,0.291,2.609,14.343,14.745,3035000000.0,0.0,34.43,0.751,0.751,799000000.0,2529000000.0,1834000000.0,1834000000.0,39000000.0,,,,,0.0,107000000.0,1.0,152469134.0,152469134.0,,12.029,5502000000.0,0.0,38000000.0,286000000.0,36.086,1025000000.0
53,EMN,MRQ,2008-03-31,2008-03-31,2008-03-31,2021-08-03,-82000000.0,5806000000.0,,2231000000.0,3575000000.0,,11.887,-135000000.0,793000000.0,793000000.0,1390000000.0,133000000.0,2.014,2.062,1629000000.0,72000000.0,1557000000.0,1629000000.0,0.0,65000000.0,0.0,0.028,0.22,187000000.0,252000000.0,0.146,252000000.0,187000000.0,171000000.0,0.85,0.84,0.85,1896000000.0,,1896000000.0,5699575787.0,10.0,6.589,-188000000.0,-1.179,1.0,337000000.0,0.195,318000000.0,16000000.0,5216000000.0,,670000000.0,0.0,0.0,0.0,3910000000.0,1108000000.0,2802000000.0,4980575787.0,-95000000.0,0.0,-238000000.0,48000000.0,-35000000.0,-225000000.0,182000000.0,0.0,-53000000.0,1000000.0,133000000.0,133000000.0,133000000.0,-18000000.0,0.0,0.077,169000000.0,168000000.0,1036000000.0,0.259,2.627,13.99,14.193,2907000000.0,0.0,31.225,0.72,0.72,704000000.0,2448000000.0,1727000000.0,1727000000.0,42000000.0,,,,,0.0,110000000.0,1.0,159506030.0,159506030.0,,10.827,5488000000.0,0.0,38000000.0,273000000.0,34.406,1123000000.0
54,EMN,MRQ,2007-12-31,2007-12-31,2007-12-31,2021-08-03,-28000000.0,6009000000.0,,2293000000.0,3716000000.0,,12.847,-175000000.0,888000000.0,888000000.0,1447000000.0,98000000.0,2.044,1.886,1607000000.0,72000000.0,1535000000.0,1607000000.0,0.0,80000000.0,0.0,0.029,0.22,151000000.0,231000000.0,0.133,231000000.0,151000000.0,136000000.0,0.61,0.6,0.61,2082000000.0,,2082000000.0,5762980788.0,11.0,6.877,146000000.0,0.901,1.0,290000000.0,0.167,316000000.0,15000000.0,5290000000.0,,539000000.0,0.0,0.0,0.0,3927000000.0,1122000000.0,2805000000.0,4949980788.0,107000000.0,-28000000.0,-79000000.0,-64000000.0,-35000000.0,-178000000.0,-36000000.0,159000000.0,321000000.0,0.0,98000000.0,98000000.0,98000000.0,3000000.0,0.0,0.056,146000000.0,144000000.0,1013000000.0,0.361,2.378,16.5,16.829,2846000000.0,0.0,30.545,0.725,0.725,658000000.0,2349000000.0,1737000000.0,1737000000.0,41000000.0,,,,,0.0,109000000.0,1.0,162055354.0,162055354.0,,10.719,5693000000.0,0.0,38000000.0,300000000.0,35.13,1171000000.0
55,EMN,MRQ,2007-09-30,2007-09-30,2007-09-30,2021-08-03,-129000000.0,5945000000.0,,2297000000.0,3648000000.0,,11.845,-151000000.0,781000000.0,781000000.0,1385000000.0,20000000.0,2.139,1.986,1594000000.0,72000000.0,1522000000.0,1594000000.0,0.0,78000000.0,0.0,0.027,0.22,51000000.0,129000000.0,0.076,129000000.0,51000000.0,35000000.0,0.12,0.12,0.12,1991000000.0,,1991000000.0,6296368894.0,13.0,7.793,161000000.0,0.958,1.0,307000000.0,0.181,321000000.0,16000000.0,5363000000.0,,646000000.0,0.0,0.0,0.0,3954000000.0,1074000000.0,2880000000.0,5608368894.0,-110000000.0,1000000.0,-202000000.0,-33000000.0,-37000000.0,-272000000.0,-153000000.0,0.0,312000000.0,3000000.0,20000000.0,20000000.0,20000000.0,5000000.0,0.0,0.012,261000000.0,46000000.0,975000000.0,1.833,2.817,18.883,18.85,2963000000.0,0.0,33.365,0.908,0.908,665000000.0,2286000000.0,1692000000.0,1692000000.0,43000000.0,,,,,0.0,104000000.0,1.0,168091380.0,168091380.0,,10.066,5624000000.0,0.0,15000000.0,234000000.0,33.458,1223000000.0
56,EMN,MRQ,2007-06-30,2007-06-30,2007-06-30,2021-08-03,-165000000.0,6240000000.0,,2501000000.0,3739000000.0,,12.897,-114000000.0,891000000.0,891000000.0,1455000000.0,105000000.0,2.274,1.876,1579000000.0,72000000.0,1507000000.0,1579000000.0,0.0,85000000.0,0.0,0.028,0.22,168000000.0,253000000.0,0.143,253000000.0,168000000.0,154000000.0,0.62,0.61,0.62,2170000000.0,,2170000000.0,6173978878.0,11.0,6.77,51000000.0,0.303,1.0,309000000.0,0.175,315000000.0,14000000.0,5513000000.0,,700000000.0,0.0,0.0,0.0,4070000000.0,1100000000.0,2970000000.0,5411978878.0,58000000.0,-13000000.0,-14000000.0,2000000.0,-37000000.0,-49000000.0,-55000000.0,45000000.0,165000000.0,-3000000.0,105000000.0,105000000.0,105000000.0,-3000000.0,0.0,0.06,149000000.0,160000000.0,1028000000.0,0.355,2.494,14.548,14.424,3040000000.0,0.0,32.165,0.839,0.839,821000000.0,2302000000.0,1764000000.0,1764000000.0,38000000.0,,,,,0.0,109000000.0,1.0,168256766.0,168256766.0,,10.484,5925000000.0,0.0,49000000.0,288000000.0,35.214,1401000000.0
57,EMN,MRQ,2007-03-31,2007-03-31,2007-03-31,2021-08-03,-169000000.0,6116000000.0,,2382000000.0,3734000000.0,,12.584,-89000000.0,833000000.0,833000000.0,1351000000.0,77000000.0,2.399,1.905,1595000000.0,0.0,1595000000.0,1595000000.0,0.0,84000000.0,0.0,0.028,0.22,141000000.0,225000000.0,0.137,225000000.0,141000000.0,124000000.0,0.46,0.455,0.46,2105000000.0,,2105000000.0,5949770665.0,10.0,6.418,-155000000.0,-0.927,1.0,286000000.0,0.175,314000000.0,17000000.0,5571000000.0,,665000000.0,0.0,0.0,0.0,4011000000.0,993000000.0,3018000000.0,5296770665.0,-106000000.0,0.0,16000000.0,73000000.0,-38000000.0,51000000.0,-91000000.0,-2000000.0,-66000000.0,0.0,77000000.0,77000000.0,77000000.0,16000000.0,0.0,0.047,132000000.0,154000000.0,991000000.0,0.478,2.516,13.902,13.738,2994000000.0,0.0,31.665,0.801,0.801,788000000.0,2234000000.0,1637000000.0,1637000000.0,34000000.0,,,,,0.0,98000000.0,1.0,167275246.0,167275246.0,,9.786,5802000000.0,0.0,47000000.0,291000000.0,34.685,1389000000.0
58,EMN,MRQ,2006-12-31,2006-12-31,2006-12-31,2021-08-03,-174000000.0,6132000000.0,,2422000000.0,3710000000.0,,12.329,-114000000.0,939000000.0,939000000.0,813000000.0,95000000.0,2.287,2.022,1592000000.0,3000000.0,1589000000.0,1592000000.0,0.0,82000000.0,0.0,0.03,0.225,119000000.0,201000000.0,0.186,201000000.0,119000000.0,104000000.0,0.57,0.56,0.57,2029000000.0,,2029000000.0,6039331950.0,9.0,6.284,262000000.0,1.592,1.0,268000000.0,0.248,314000000.0,15000000.0,5412000000.0,,682000000.0,0.0,0.0,0.0,4103000000.0,1059000000.0,3044000000.0,4880331950.0,509000000.0,0.0,68000000.0,-83000000.0,-36000000.0,-51000000.0,185000000.0,-12000000.0,376000000.0,-1000000.0,95000000.0,95000000.0,95000000.0,18000000.0,0.0,0.088,146000000.0,122000000.0,1056000000.0,0.395,2.405,11.932,11.91,3069000000.0,0.0,29.655,0.72,0.72,754000000.0,2186000000.0,1081000000.0,1081000000.0,29000000.0,,,,,0.0,107000000.0,1.0,164570290.0,164570290.0,,6.569,5818000000.0,0.0,9000000.0,269000000.0,35.353,1363000000.0
59,EMN,MRQ,2006-09-30,2006-09-30,2006-09-30,2021-08-03,-164000000.0,6066000000.0,,2159000000.0,3907000000.0,,11.56,-114000000.0,430000000.0,430000000.0,1650000000.0,95000000.0,2.039,2.189,1589000000.0,3000000.0,1586000000.0,1589000000.0,0.0,76000000.0,0.0,0.033,0.22,157000000.0,233000000.0,0.119,233000000.0,157000000.0,136000000.0,0.58,0.575,0.58,1902000000.0,,1902000000.0,5530846180.0,9.0,5.89,-44000000.0,-0.267,1.0,316000000.0,0.161,313000000.0,21000000.0,5853000000.0,,702000000.0,0.0,0.0,0.0,4164000000.0,1059000000.0,3105000000.0,4443846180.0,-67000000.0,0.0,1000000.0,10000000.0,-36000000.0,-25000000.0,-112000000.0,1000000.0,70000000.0,0.0,95000000.0,95000000.0,95000000.0,0.0,0.0,0.048,158000000.0,158000000.0,1041000000.0,0.379,2.336,11.694,11.667,3056000000.0,0.0,27.01,0.651,0.651,839000000.0,2129000000.0,1966000000.0,1966000000.0,40000000.0,,,,,0.0,105000000.0,1.0,164525960.0,164525960.0,,11.949,5753000000.0,0.0,41000000.0,264000000.0,34.967,1100000000.0
60,EMN,MRQ,2006-06-30,2006-06-30,2006-06-30,2021-08-03,-150000000.0,6002000000.0,,2118000000.0,3884000000.0,,11.326,-95000000.0,497000000.0,497000000.0,1579000000.0,114000000.0,2.011,2.241,1584000000.0,3000000.0,1581000000.0,1584000000.0,0.0,76000000.0,0.0,0.033,0.22,192000000.0,268000000.0,0.139,268000000.0,192000000.0,171000000.0,0.695,0.685,0.695,1852000000.0,,1852000000.0,5520970232.0,8.0,5.622,31000000.0,0.19,1.0,350000000.0,0.181,313000000.0,21000000.0,5723000000.0,,728000000.0,0.0,0.0,0.0,4150000000.0,1053000000.0,3097000000.0,4414970232.0,12000000.0,0.0,23000000.0,-12000000.0,-36000000.0,-25000000.0,-91000000.0,4000000.0,126000000.0,2000000.0,114000000.0,114000000.0,114000000.0,0.0,0.0,0.059,160000000.0,190000000.0,1050000000.0,0.317,2.384,10.821,10.843,3209000000.0,0.0,27.0,0.661,0.661,843000000.0,2070000000.0,1929000000.0,1929000000.0,44000000.0,,,,,0.0,113000000.0,1.0,163517416.0,163517416.0,,11.797,5689000000.0,0.0,57000000.0,305000000.0,34.791,1065000000.0
61,EMN,MRQ,2006-03-31,2006-03-31,2006-03-31,2021-08-03,-180000000.0,5782000000.0,,1929000000.0,3853000000.0,,10.516,-82000000.0,485000000.0,485000000.0,1472000000.0,105000000.0,1.935,2.368,1591000000.0,4000000.0,1587000000.0,1591000000.0,0.0,74000000.0,0.0,0.034,0.22,185000000.0,259000000.0,0.144,259000000.0,185000000.0,165000000.0,0.64,0.635,0.64,1717000000.0,,1717000000.0,5279232072.0,6.0,4.718,-45000000.0,-0.276,1.0,331000000.0,0.184,312000000.0,20000000.0,5579000000.0,,683000000.0,0.0,0.0,0.0,4065000000.0,997000000.0,3068000000.0,4178232072.0,-39000000.0,0.0,1000000.0,35000000.0,-36000000.0,0.0,-76000000.0,7000000.0,37000000.0,0.0,105000000.0,105000000.0,105000000.0,0.0,0.0,0.058,147000000.0,184000000.0,993000000.0,0.344,2.433,8.356,8.336,3176000000.0,0.0,25.59,0.643,0.643,715000000.0,1992000000.0,1803000000.0,1803000000.0,42000000.0,,,,,0.0,98000000.0,1.0,163275970.0,163275970.0,,11.043,5470000000.0,0.0,60000000.0,311000000.0,33.502,932000000.0
62,EMN,MRQ,2005-12-31,2005-12-31,2005-12-31,2021-08-03,-200000000.0,5773000000.0,,1924000000.0,3849000000.0,,9.892,-122000000.0,524000000.0,524000000.0,895000000.0,66000000.0,1.831,2.581,1625000000.0,4000000.0,1621000000.0,1625000000.0,0.0,75000000.0,0.0,0.034,0.22,104000000.0,179000000.0,0.158,179000000.0,104000000.0,81000000.0,0.4,0.4,0.4,1612000000.0,,1612000000.0,5357671857.0,6.0,4.529,270000000.0,1.657,1.0,235000000.0,0.208,312000000.0,23000000.0,5511000000.0,,671000000.0,0.0,0.0,0.0,4161000000.0,1051000000.0,3110000000.0,4203671857.0,238000000.0,-125000000.0,9000000.0,123000000.0,-36000000.0,96000000.0,-248000000.0,0.0,392000000.0,-2000000.0,66000000.0,66000000.0,66000000.0,-16000000.0,0.0,0.058,140000000.0,95000000.0,1047000000.0,0.55,2.608,7.547,7.477,3162000000.0,0.0,25.795,0.651,0.651,656000000.0,1923000000.0,1130000000.0,1130000000.0,30000000.0,,,,,0.0,100000000.0,1.0,162964600.0,162964600.0,,6.934,5461000000.0,0.0,15000000.0,317000000.0,33.51,873000000.0
63,EMN,MRQ,2005-09-30,2005-09-30,2005-09-30,2021-08-03,-168000000.0,5571000000.0,,1844000000.0,3727000000.0,,9.788,-102000000.0,286000000.0,286000000.0,1464000000.0,123000000.0,1.799,2.493,1440000000.0,4000000.0,1436000000.0,1440000000.0,0.0,76000000.0,0.0,0.037,0.22,200000000.0,276000000.0,0.152,276000000.0,200000000.0,177000000.0,0.755,0.75,0.755,1595000000.0,,1595000000.0,5040016963.0,6.0,4.464,64000000.0,0.393,1.0,352000000.0,0.194,312000000.0,23000000.0,5388000000.0,,705000000.0,0.0,0.0,0.0,3976000000.0,1025000000.0,2951000000.0,3827016963.0,45000000.0,0.0,1000000.0,20000000.0,-36000000.0,-15000000.0,-105000000.0,0.0,166000000.0,-1000000.0,123000000.0,123000000.0,123000000.0,0.0,0.0,0.068,154000000.0,198000000.0,1021000000.0,0.291,2.399,7.022,6.918,3134000000.0,0.0,23.485,0.548,0.548,768000000.0,1893000000.0,1816000000.0,1816000000.0,42000000.0,,,,,0.0,108000000.0,1.0,162955800.0,162955800.0,,11.144,5259000000.0,0.0,54000000.0,332000000.0,32.273,819000000.0
64,EMN,MRQ,2005-06-30,2005-06-30,2005-06-30,2021-08-03,-168000000.0,5569000000.0,,1837000000.0,3732000000.0,,9.377,-77000000.0,241000000.0,241000000.0,1378000000.0,206000000.0,1.71,2.695,1454000000.0,5000000.0,1449000000.0,1454000000.0,0.0,77000000.0,0.0,0.032,0.22,328000000.0,405000000.0,0.231,405000000.0,328000000.0,304000000.0,1.275,1.255,1.275,1507000000.0,,1507000000.0,6094410208.0,9.0,6.046,31000000.0,0.193,1.0,374000000.0,0.213,312000000.0,24000000.0,5396000000.0,,740000000.0,0.0,0.0,0.0,4062000000.0,1074000000.0,2988000000.0,4431410208.0,-152000000.0,417000000.0,44000000.0,-654000000.0,-35000000.0,-645000000.0,386000000.0,47000000.0,108000000.0,-1000000.0,206000000.0,206000000.0,206000000.0,0.0,0.0,0.118,171000000.0,203000000.0,1069000000.0,0.173,2.941,9.634,9.542,3110000000.0,0.0,27.575,0.65,0.65,757000000.0,1806000000.0,1752000000.0,1752000000.0,39000000.0,,,,,0.0,122000000.0,1.0,160703906.0,160703906.0,,10.902,5257000000.0,0.0,98000000.0,286000000.0,32.712,763000000.0
65,EMN,MRQ,2005-03-31,2005-03-31,2005-03-31,2021-08-03,-115000000.0,5999000000.0,,1944000000.0,4055000000.0,,8.477,-53000000.0,393000000.0,393000000.0,1363000000.0,162000000.0,1.827,3.46,2056000000.0,1000000.0,2055000000.0,2056000000.0,0.0,76000000.0,0.0,0.03,0.22,247000000.0,323000000.0,0.183,323000000.0,247000000.0,217000000.0,1.02,1.0,1.02,1345000000.0,,1345000000.0,6417865949.0,16.0,8.864,50000000.0,0.315,1.0,399000000.0,0.226,340000000.0,30000000.0,6258000000.0,,672000000.0,0.0,0.0,0.0,4654000000.0,1064000000.0,3590000000.0,4680865949.0,68000000.0,0.0,46000000.0,6000000.0,-35000000.0,17000000.0,-51000000.0,3000000.0,103000000.0,-1000000.0,162000000.0,162000000.0,162000000.0,0.0,0.0,0.092,155000000.0,244000000.0,1063000000.0,0.216,3.48,13.849,13.689,3142000000.0,0.0,29.5,0.694,0.694,793000000.0,1636000000.0,1762000000.0,1762000000.0,39000000.0,,,,,0.0,109000000.0,1.0,158673422.0,158673422.0,,11.105,5659000000.0,0.0,55000000.0,199000000.0,35.664,880000000.0
66,EMN,MRQ,2004-12-31,2004-12-31,2004-12-31,2021-08-03,-103000000.0,5839000000.0,,1768000000.0,4071000000.0,,7.597,-80000000.0,325000000.0,325000000.0,1442000000.0,54000000.0,1.609,3.932,2062000000.0,1000000.0,2061000000.0,2062000000.0,0.0,79000000.0,0.0,0.03,0.22,46000000.0,125000000.0,0.075,125000000.0,46000000.0,19000000.0,0.345,0.345,0.345,1184000000.0,,1184000000.0,6386838226.0,36.0,12.748,113000000.0,0.725,1.0,216000000.0,0.13,314000000.0,27000000.0,6163000000.0,,582000000.0,0.0,0.0,0.0,4655000000.0,1099000000.0,3556000000.0,4498838226.0,146000000.0,0.0,63000000.0,-4000000.0,-35000000.0,24000000.0,-71000000.0,0.0,193000000.0,0.0,54000000.0,54000000.0,54000000.0,0.0,0.0,0.033,170000000.0,46000000.0,1098000000.0,0.638,3.8,26.464,26.241,3192000000.0,0.0,28.865,0.684,0.684,779000000.0,1509000000.0,1658000000.0,1658000000.0,38000000.0,,,,,0.0,121000000.0,1.0,155857898.0,155857898.0,,10.638,5525000000.0,0.0,-35000000.0,210000000.0,35.449,669000000.0
67,EMN,MRQ,2004-09-30,2004-09-30,2004-09-30,2021-08-03,-155000000.0,5611000000.0,,1553000000.0,4058000000.0,,6.673,-58000000.0,179000000.0,179000000.0,1392000000.0,38000000.0,1.636,4.4,2067000000.0,1000000.0,2066000000.0,2067000000.0,0.0,78000000.0,0.0,0.037,0.22,77000000.0,155000000.0,0.094,155000000.0,77000000.0,48000000.0,0.25,0.245,0.25,1039000000.0,,1039000000.0,5710732123.0,32.0,11.264,61000000.0,0.392,1.0,257000000.0,0.156,344000000.0,29000000.0,6206000000.0,,580000000.0,0.0,0.0,0.0,4572000000.0,949000000.0,3623000000.0,3701732123.0,32000000.0,0.0,1000000.0,-104000000.0,-34000000.0,-137000000.0,50000000.0,0.0,119000000.0,0.0,38000000.0,38000000.0,38000000.0,0.0,0.0,0.023,184000000.0,73000000.0,948000000.0,0.88,3.563,29.379,29.172,3165000000.0,0.0,23.775,0.582,0.582,746000000.0,1490000000.0,1649000000.0,1649000000.0,35000000.0,,,,,0.0,107000000.0,1.0,155698512.0,155698512.0,,10.591,5267000000.0,0.0,10000000.0,226000000.0,33.828,604000000.0
68,EMN,MRQ,2004-06-30,2004-06-30,2004-06-30,2021-08-03,-142000000.0,5808000000.0,,1717000000.0,4091000000.0,,6.748,-62000000.0,145000000.0,145000000.0,1406000000.0,84000000.0,1.702,4.558,2154000000.0,1000000.0,2153000000.0,2154000000.0,0.0,81000000.0,0.0,0.038,0.22,40000000.0,121000000.0,0.072,121000000.0,40000000.0,10000000.0,0.54,0.535,0.54,1045000000.0,,1045000000.0,5751720609.0,-17.0,-2875.86,154000000.0,0.994,1.0,270000000.0,0.161,336000000.0,30000000.0,6472000000.0,,589000000.0,0.0,0.0,0.0,4763000000.0,1009000000.0,3754000000.0,3579720609.0,105000000.0,0.0,12000000.0,-25000000.0,-34000000.0,-47000000.0,-64000000.0,0.0,216000000.0,0.0,84000000.0,84000000.0,84000000.0,0.0,0.0,0.05,229000000.0,41000000.0,942000000.0,0.407,3.426,-14.434,-14.357,3206000000.0,0.0,23.115,0.582,0.582,739000000.0,1486000000.0,1676000000.0,1676000000.0,38000000.0,,,,,0.0,112000000.0,1.0,154865698.0,154865698.0,,10.822,5472000000.0,0.0,-74000000.0,240000000.0,35.334,708000000.0
69,EMN,MRQ,2004-03-31,2004-03-31,2004-03-31,2021-08-03,-132000000.0,5765000000.0,,1584000000.0,4181000000.0,,6.422,-62000000.0,42000000.0,42000000.0,1362000000.0,-6000000.0,1.741,4.8,2214000000.0,1000000.0,2213000000.0,2214000000.0,0.0,84000000.0,0.0,0.041,0.22,16000000.0,100000000.0,0.063,100000000.0,16000000.0,-13000000.0,-0.035,-0.035,-0.035,994000000.0,,994000000.0,5337947411.0,-18.0,98.851,-96000000.0,-0.62,1.0,235000000.0,0.147,348000000.0,29000000.0,6679000000.0,,689000000.0,0.0,0.0,0.0,4771000000.0,910000000.0,3861000000.0,3302947411.0,-516000000.0,0.0,1000000.0,-386000000.0,-34000000.0,-419000000.0,-63000000.0,0.0,-34000000.0,0.0,-6000000.0,-6000000.0,-6000000.0,0.0,0.0,-0.004,220000000.0,15000000.0,909000000.0,-6.286,3.323,-11.121,-11.115,3351000000.0,0.0,21.34,0.555,0.555,801000000.0,1436000000.0,1597000000.0,1597000000.0,43000000.0,,,,,0.0,110000000.0,1.0,154777292.0,154777292.0,,10.318,5417000000.0,0.0,-7000000.0,315000000.0,34.999,674000000.0
70,EMN,MRQ,2003-12-31,2003-12-31,2003-12-31,2021-08-03,-121000000.0,6244000000.0,,2010000000.0,4234000000.0,,6.741,-75000000.0,558000000.0,558000000.0,1249000000.0,10000000.0,1.361,4.987,2593000000.0,504000000.0,2089000000.0,2593000000.0,0.0,87000000.0,0.0,0.045,0.22,44000000.0,131000000.0,0.091,131000000.0,44000000.0,12000000.0,0.06,0.06,0.06,1043000000.0,,1043000000.0,5214307469.0,-21.0,46.144,120000000.0,0.776,1.0,185000000.0,0.129,350000000.0,32000000.0,6452000000.0,,698000000.0,0.0,0.0,0.0,5201000000.0,1477000000.0,3724000000.0,3058307469.0,505000000.0,-28000000.0,4000000.0,374000000.0,-34000000.0,341000000.0,-34000000.0,0.0,195000000.0,3000000.0,10000000.0,10000000.0,10000000.0,0.0,0.0,0.007,146000000.0,39000000.0,973000000.0,3.667,2.932,-11.327,-11.294,3419000000.0,0.0,19.765,0.527,0.527,701000000.0,1476000000.0,1434000000.0,1434000000.0,44000000.0,,,,,0.0,106000000.0,1.0,154733492.0,154733492.0,,9.268,5894000000.0,0.0,2000000.0,316000000.0,38.091,533000000.0
71,EMN,MRQ,2003-09-30,2003-09-30,2003-09-30,2021-08-03,-199000000.0,5702000000.0,,1514000000.0,4188000000.0,,6.384,-62000000.0,53000000.0,53000000.0,1244000000.0,-336000000.0,1.065,4.771,2209000000.0,506000000.0,1703000000.0,2209000000.0,0.0,87000000.0,0.0,0.053,0.22,-441000000.0,-354000000.0,-0.245,-354000000.0,-441000000.0,-471000000.0,-2.175,-2.175,-2.175,988000000.0,,988000000.0,4788347082.0,-16.0,63.005,79000000.0,0.51,1.0,200000000.0,0.139,359000000.0,30000000.0,6077000000.0,,709000000.0,0.0,0.0,0.0,4714000000.0,1422000000.0,3292000000.0,2592347082.0,-16000000.0,28000000.0,0.0,-61000000.0,-34000000.0,-93000000.0,-64000000.0,0.0,141000000.0,0.0,-336000000.0,-336000000.0,-336000000.0,0.0,0.0,-0.233,640000000.0,-440000000.0,916000000.0,-0.101,2.624,-8.848,-8.839,3413000000.0,0.0,16.75,0.456,0.456,686000000.0,1500000000.0,1444000000.0,1444000000.0,44000000.0,,,,,0.0,100000000.0,1.0,154766990.0,154766990.0,,9.33,5343000000.0,0.0,-135000000.0,316000000.0,34.523,92000000.0
72,EMN,MRQ,2003-06-30,2003-06-30,2003-06-30,2021-08-03,-229000000.0,6355000000.0,,1664000000.0,4691000000.0,,8.58,-58000000.0,69000000.0,69000000.0,1240000000.0,35000000.0,1.09,3.785,2265000000.0,511000000.0,1754000000.0,2265000000.0,0.0,97000000.0,0.0,0.056,0.22,80000000.0,177000000.0,0.12,177000000.0,80000000.0,49000000.0,0.23,0.23,0.23,1328000000.0,,1328000000.0,4631783045.0,24.0,7.904,15000000.0,0.097,1.0,241000000.0,0.163,568000000.0,31000000.0,6456000000.0,,733000000.0,0.0,0.0,0.0,5027000000.0,1527000000.0,3500000000.0,2450783045.0,-7000000.0,0.0,0.0,15000000.0,-34000000.0,-21000000.0,-59000000.0,0.0,73000000.0,0.0,35000000.0,35000000.0,35000000.0,0.0,0.0,0.024,166000000.0,75000000.0,1016000000.0,0.957,1.845,36.579,36.402,3697000000.0,0.0,15.835,0.437,0.437,807000000.0,1870000000.0,1481000000.0,1481000000.0,42000000.0,,,,,0.0,108000000.0,1.0,154770006.0,154770006.0,,9.569,5787000000.0,0.0,14000000.0,496000000.0,37.391,137000000.0
73,EMN,MRQ,2003-03-31,2003-03-31,2003-03-31,2021-08-03,-270000000.0,6339000000.0,,1633000000.0,4706000000.0,,8.3,-50000000.0,76000000.0,76000000.0,1257000000.0,21000000.0,1.028,3.937,2257000000.0,513000000.0,1744000000.0,2257000000.0,0.0,96000000.0,0.0,0.061,0.22,63000000.0,159000000.0,0.11,159000000.0,63000000.0,32000000.0,0.135,0.135,0.135,1284000000.0,,1284000000.0,4222269121.0,20.0,7.037,-218000000.0,-1.409,1.0,184000000.0,0.128,570000000.0,31000000.0,6362000000.0,,724000000.0,0.0,0.0,0.0,5055000000.0,1588000000.0,3467000000.0,2242269121.0,-1000000.0,0.0,0.0,201000000.0,-34000000.0,170000000.0,-3000000.0,0.0,-168000000.0,0.0,21000000.0,21000000.0,21000000.0,0.0,0.0,0.015,125000000.0,59000000.0,1075000000.0,1.63,1.746,29.504,29.283,3717000000.0,0.0,14.495,0.406,0.406,768000000.0,1869000000.0,1441000000.0,1441000000.0,43000000.0,,,,,0.0,100000000.0,1.0,154692592.0,154692592.0,,9.315,5769000000.0,0.0,11000000.0,477000000.0,37.293,45000000.0
74,EMN,MRQ,2002-12-31,2002-12-31,2002-12-31,2021-08-03,-295000000.0,6287000000.0,,1547000000.0,4740000000.0,,8.22,-270000000.0,77000000.0,77000000.0,1172000000.0,-13000000.0,1.241,3.946,2057000000.0,3000000.0,2054000000.0,2057000000.0,0.0,100000000.0,0.0,0.048,0.22,-6000000.0,94000000.0,0.071,94000000.0,-6000000.0,-37000000.0,-0.085,-0.085,-0.085,1271000000.0,,1271000000.0,4754833316.0,25.0,8.128,-10000000.0,-0.065,1.0,143000000.0,0.109,573000000.0,31000000.0,6447000000.0,,713000000.0,0.0,0.0,0.0,5016000000.0,1247000000.0,3769000000.0,2842833316.0,-11000000.0,6000000.0,-1000000.0,42000000.0,-33000000.0,8000000.0,-279000000.0,0.0,260000000.0,0.0,-13000000.0,-13000000.0,-13000000.0,0.0,0.0,-0.01,154000000.0,-11000000.0,1244000000.0,-2.588,2.237,46.604,46.544,3753000000.0,0.0,18.385,0.534,0.534,674000000.0,1882000000.0,1315000000.0,1315000000.0,41000000.0,,,,,0.0,107000000.0,1.0,154627866.0,154627866.0,,8.504,5714000000.0,0.0,-24000000.0,464000000.0,36.953,300000000.0
75,EMN,MRQ,2002-09-30,2002-09-30,2002-09-30,2021-08-03,-159000000.0,6100000000.0,,1568000000.0,4532000000.0,,9.398,-70000000.0,88000000.0,88000000.0,1172000000.0,24000000.0,1.453,3.198,2000000000.0,4000000.0,1996000000.0,2000000000.0,0.0,98000000.0,0.0,0.046,0.22,58000000.0,156000000.0,0.114,156000000.0,58000000.0,28000000.0,0.155,0.155,0.155,1453000000.0,,1453000000.0,4940666885.0,59.0,10.022,138000000.0,0.893,1.0,202000000.0,0.147,581000000.0,30000000.0,6352000000.0,,690000000.0,0.0,0.0,0.0,4647000000.0,1079000000.0,3568000000.0,2950666885.0,14000000.0,0.0,0.0,-84000000.0,-34000000.0,-118000000.0,-76000000.0,0.0,208000000.0,0.0,24000000.0,24000000.0,24000000.0,0.0,0.0,0.017,141000000.0,61000000.0,1075000000.0,1.419,2.031,-163.926,-159.042,3563000000.0,0.0,19.085,0.559,0.559,694000000.0,1928000000.0,1374000000.0,1374000000.0,42000000.0,,,,,0.0,100000000.0,1.0,154606596.0,154606596.0,,8.887,5519000000.0,0.0,4000000.0,499000000.0,35.697,489000000.0
76,EMN,MRQ,2002-06-30,2002-06-30,2002-06-30,2021-08-03,-166000000.0,6185000000.0,,1614000000.0,4571000000.0,,9.419,-60000000.0,74000000.0,74000000.0,1166000000.0,44000000.0,1.543,3.248,2064000000.0,4000000.0,2060000000.0,2064000000.0,0.0,100000000.0,0.0,0.028,0.22,91000000.0,191000000.0,0.137,191000000.0,91000000.0,60000000.0,0.29,0.29,0.29,1456000000.0,,1456000000.0,5753969568.0,57.0,11.044,193000000.0,1.249,1.0,229000000.0,0.164,587000000.0,31000000.0,6542000000.0,,685000000.0,0.0,0.0,0.0,4729000000.0,1046000000.0,3683000000.0,3624969568.0,-7000000.0,0.0,0.0,-159000000.0,-34000000.0,-201000000.0,-59000000.0,0.0,253000000.0,0.0,44000000.0,44000000.0,44000000.0,0.0,0.0,0.032,148000000.0,81000000.0,1042000000.0,0.759,2.49,-241.665,-246.842,3601000000.0,0.0,23.45,0.687,0.687,753000000.0,1938000000.0,1395000000.0,1395000000.0,38000000.0,,,,,0.0,110000000.0,1.0,154582924.0,154582924.0,,9.024,5598000000.0,0.0,16000000.0,476000000.0,36.214,568000000.0
77,EMN,MRQ,2002-03-31,2002-03-31,2002-03-31,2021-08-03,-249000000.0,6035000000.0,,1498000000.0,4537000000.0,,8.828,-45000000.0,81000000.0,81000000.0,1031000000.0,6000000.0,1.641,3.431,2210000000.0,53000000.0,2157000000.0,2210000000.0,0.0,99000000.0,0.0,0.027,0.22,45000000.0,144000000.0,0.117,144000000.0,45000000.0,15000000.0,0.035,0.035,0.035,1362000000.0,,1362000000.0,5894558824.0,-30.0,25.19,35000000.0,0.227,1.0,205000000.0,0.166,587000000.0,30000000.0,6664000000.0,,654000000.0,0.0,0.0,0.0,4673000000.0,913000000.0,3760000000.0,3763558824.0,15000000.0,-6000000.0,0.0,14000000.0,-34000000.0,-12000000.0,-53000000.0,0.0,80000000.0,0.0,6000000.0,6000000.0,6000000.0,0.0,0.0,0.005,128000000.0,77000000.0,860000000.0,6.286,2.763,-18.27,-18.138,3570000000.0,0.0,24.395,0.713,0.713,664000000.0,1928000000.0,1236000000.0,1236000000.0,38000000.0,,,,,0.0,90000000.0,1.0,154275828.0,154275828.0,,8.012,5448000000.0,0.0,9000000.0,431000000.0,35.313,585000000.0
78,EMN,MRQ,2001-12-31,2001-12-31,2001-12-31,2021-08-03,-251000000.0,6092000000.0,,1464000000.0,4628000000.0,,8.962,-75000000.0,66000000.0,66000000.0,1102000000.0,-92000000.0,1.525,3.408,2197000000.0,54000000.0,2143000000.0,2197000000.0,0.0,112000000.0,0.0,0.034,0.22,-110000000.0,2000000.0,0.002,2000000.0,-110000000.0,-142000000.0,-0.6,-0.6,-0.6,1382000000.0,,1382000000.0,5224719783.0,-35.0,18.397,85000000.0,0.551,1.0,169000000.0,0.133,614000000.0,32000000.0,6649000000.0,,659000000.0,0.0,0.0,0.0,4710000000.0,960000000.0,3750000000.0,3008719783.0,-9000000.0,-5000000.0,4000000.0,-60000000.0,-34000000.0,-93000000.0,-76000000.0,8000000.0,160000000.0,0.0,-92000000.0,-92000000.0,-92000000.0,0.0,0.0,-0.072,253000000.0,-84000000.0,906000000.0,-0.367,2.177,-17.193,-17.114,3627000000.0,0.0,19.51,0.558,0.558,662000000.0,1956000000.0,1271000000.0,1271000000.0,42000000.0,,,,,0.0,102000000.0,1.0,154214238.0,154214238.0,,8.242,5478000000.0,0.0,-50000000.0,452000000.0,35.522,504000000.0
79,EMN,MRQ,2001-09-30,2001-09-30,2001-09-30,2021-08-03,-120000000.0,6407000000.0,,1647000000.0,4760000000.0,,10.609,-59000000.0,75000000.0,75000000.0,1134000000.0,27000000.0,1.499,2.916,2291000000.0,133000000.0,2158000000.0,2291000000.0,0.0,109000000.0,0.0,0.036,0.0,75000000.0,184000000.0,0.134,184000000.0,75000000.0,39000000.0,0.18,0.18,0.18,1636000000.0,,1636000000.0,5093011833.0,72.0,10.085,114000000.0,0.739,1.0,239000000.0,0.174,631000000.0,36000000.0,6893000000.0,,736000000.0,0.0,0.0,0.0,4771000000.0,1099000000.0,3672000000.0,2799011833.0,5000000.0,-2000000.0,0.0,-74000000.0,-33000000.0,-106000000.0,-62000000.0,-1000000.0,173000000.0,0.0,27000000.0,27000000.0,27000000.0,0.0,0.0,0.02,171000000.0,68000000.0,966000000.0,0.0,1.711,-90.291,-90.75,3737000000.0,0.0,18.15,0.51,0.51,757000000.0,2078000000.0,1373000000.0,1373000000.0,39000000.0,,,,,0.0,101000000.0,1.0,154215528.0,154215528.0,,8.903,5776000000.0,0.0,12000000.0,541000000.0,37.454,548000000.0
80,EMN,MRQ,2001-06-30,2001-06-30,2001-06-30,2021-08-03,-155000000.0,6434000000.0,,1656000000.0,4778000000.0,,10.453,-65000000.0,70000000.0,70000000.0,1149000000.0,-147000000.0,1.444,2.996,2364000000.0,179000000.0,2185000000.0,2364000000.0,0.0,110000000.0,0.0,0.037,0.22,-206000000.0,-96000000.0,-0.068,-96000000.0,-206000000.0,-243000000.0,-0.96,-0.96,-0.96,1610000000.0,,1610000000.0,5811924381.0,33.0,9.512,123000000.0,0.799,1.0,253000000.0,0.18,604000000.0,37000000.0,6977000000.0,,731000000.0,0.0,0.0,0.0,4824000000.0,1147000000.0,3677000000.0,3667924381.0,25000000.0,-250000000.0,-4000000.0,175000000.0,-34000000.0,153000000.0,-316000000.0,-1000000.0,188000000.0,0.0,-147000000.0,-147000000.0,-147000000.0,0.0,0.0,-0.105,453000000.0,-200000000.0,968000000.0,-0.229,2.278,94.049,93.392,3748000000.0,0.0,23.815,0.666,0.666,759000000.0,2088000000.0,1402000000.0,1402000000.0,41000000.0,,,,,0.0,106000000.0,1.0,154017400.0,154017400.0,,9.103,5830000000.0,0.0,-96000000.0,527000000.0,37.853,509000000.0
81,EMN,MRQ,2001-03-31,2001-03-31,2001-03-31,2021-08-03,-124000000.0,6517000000.0,,1579000000.0,4938000000.0,,11.775,-63000000.0,45000000.0,45000000.0,1112000000.0,37000000.0,1.539,2.599,2189000000.0,75000000.0,2114000000.0,2189000000.0,0.0,104000000.0,0.0,0.036,0.22,90000000.0,194000000.0,0.144,194000000.0,90000000.0,55000000.0,0.24,0.24,0.24,1811000000.0,,1811000000.0,5704093602.0,10.0,5.881,-187000000.0,-1.216,1.0,232000000.0,0.173,613000000.0,35000000.0,7022000000.0,,644000000.0,0.0,0.0,0.0,4706000000.0,1026000000.0,3680000000.0,3785093602.0,-56000000.0,0.0,0.0,169000000.0,-34000000.0,137000000.0,-69000000.0,-6000000.0,-124000000.0,0.0,37000000.0,37000000.0,37000000.0,0.0,0.0,0.028,136000000.0,96000000.0,951000000.0,0.917,2.09,13.916,13.865,3845000000.0,0.0,24.61,0.698,0.698,783000000.0,2269000000.0,1344000000.0,1344000000.0,38000000.0,,,,,0.0,98000000.0,1.0,153803072.0,153803072.0,,8.738,5904000000.0,0.0,18000000.0,600000000.0,38.387,553000000.0
82,EMN,MRQ,2000-12-31,2000-12-31,2000-12-31,2021-08-03,-117000000.0,6550000000.0,,1523000000.0,5027000000.0,,11.798,-99000000.0,101000000.0,101000000.0,1138000000.0,52000000.0,1.211,2.615,2020000000.0,106000000.0,1914000000.0,2020000000.0,0.0,111000000.0,0.0,0.036,0.22,112000000.0,223000000.0,0.163,223000000.0,112000000.0,77000000.0,0.34,0.34,0.34,1812000000.0,,1812000000.0,5809718810.0,10.0,5.781,184000000.0,1.198,1.0,234000000.0,0.171,621000000.0,35000000.0,6590000000.0,,580000000.0,0.0,0.0,0.0,4738000000.0,1258000000.0,3480000000.0,3743718810.0,27000000.0,-9000000.0,0.0,-134000000.0,-34000000.0,-166000000.0,-90000000.0,6000000.0,283000000.0,0.0,52000000.0,52000000.0,52000000.0,0.0,0.0,0.038,99000000.0,135000000.0,1152000000.0,0.647,2.066,12.356,12.342,3925000000.0,0.0,24.375,0.707,0.707,737000000.0,2266000000.0,1372000000.0,1372000000.0,37000000.0,,,,,0.0,95000000.0,1.0,153588464.0,153588464.0,,8.933,5929000000.0,0.0,25000000.0,607000000.0,38.603,265000000.0
83,EMN,MRQ,2000-09-30,2000-09-30,2000-09-30,2021-08-03,-131000000.0,6567000000.0,,1522000000.0,5045000000.0,,11.579,-60000000.0,74000000.0,74000000.0,1092000000.0,97000000.0,1.301,2.693,2140000000.0,114000000.0,2026000000.0,2140000000.0,0.0,108000000.0,0.0,0.048,0.22,182000000.0,290000000.0,0.209,290000000.0,182000000.0,145000000.0,0.635,0.635,0.635,1778000000.0,,1778000000.0,4624034515.0,11.0,5.511,125000000.0,0.814,1.0,295000000.0,0.213,606000000.0,37000000.0,6857000000.0,,612000000.0,0.0,0.0,0.0,4789000000.0,1170000000.0,3619000000.0,2836034515.0,-95000000.0,-200000000.0,0.0,26000000.0,-33000000.0,-7000000.0,-273000000.0,-13000000.0,185000000.0,0.0,97000000.0,97000000.0,97000000.0,0.0,0.0,0.07,154000000.0,141000000.0,1056000000.0,0.346,1.595,14.251,14.208,3925000000.0,0.0,18.47,0.548,0.548,712000000.0,2248000000.0,1387000000.0,1387000000.0,38000000.0,,,,,0.0,90000000.0,1.0,153548160.0,153548160.0,,9.033,5961000000.0,0.0,48000000.0,609000000.0,38.822,352000000.0
84,EMN,MRQ,2000-06-30,2000-06-30,2000-06-30,2021-08-03,-88000000.0,6247000000.0,,1525000000.0,4722000000.0,,11.461,1000000.0,169000000.0,169000000.0,1026000000.0,86000000.0,1.333,2.553,1957000000.0,103000000.0,1854000000.0,1957000000.0,0.0,103000000.0,0.0,0.037,0.22,160000000.0,263000000.0,0.2,263000000.0,160000000.0,128000000.0,0.56,0.56,0.56,1758000000.0,,1758000000.0,5640162518.0,17.0,7.674,237000000.0,1.545,1.0,290000000.0,0.22,435000000.0,32000000.0,6456000000.0,,548000000.0,0.0,0.0,0.0,4489000000.0,1144000000.0,3345000000.0,3662162518.0,117000000.0,-7000000.0,0.0,-73000000.0,-34000000.0,-106000000.0,-13000000.0,-7000000.0,236000000.0,0.0,86000000.0,86000000.0,86000000.0,0.0,0.0,0.065,117000000.0,173000000.0,1041000000.0,0.393,2.083,27.127,27.286,3824000000.0,0.0,23.875,0.736,0.736,656000000.0,2185000000.0,1316000000.0,1316000000.0,36000000.0,,,,,0.0,81000000.0,1.0,153389006.0,153389006.0,,8.579,5812000000.0,0.0,42000000.0,496000000.0,37.891,381000000.0
85,EMN,MRQ,2000-03-31,2000-03-31,2000-03-31,2021-08-03,-55000000.0,6238000000.0,,1380000000.0,4858000000.0,,11.093,-28000000.0,52000000.0,52000000.0,967000000.0,68000000.0,0.929,2.593,2030000000.0,522000000.0,1508000000.0,2030000000.0,0.0,96000000.0,0.0,0.039,0.22,134000000.0,230000000.0,0.189,230000000.0,134000000.0,102000000.0,0.44,0.44,0.44,1736000000.0,,1736000000.0,5479313029.0,21.0,8.353,114000000.0,0.728,1.0,250000000.0,0.205,440000000.0,32000000.0,6291000000.0,,526000000.0,0.0,0.0,0.0,4502000000.0,1485000000.0,3017000000.0,3560313029.0,-134000000.0,-45000000.0,-57000000.0,-97000000.0,-34000000.0,-187000000.0,-89000000.0,-16000000.0,142000000.0,0.0,68000000.0,68000000.0,68000000.0,0.0,0.0,0.056,118000000.0,132000000.0,963000000.0,0.5,2.051,38.699,38.559,3936000000.0,0.0,22.75,0.744,0.744,651000000.0,2133000000.0,1217000000.0,1217000000.0,38000000.0,,,,,0.0,80000000.0,1.0,156497276.0,156497276.0,,7.776,5798000000.0,0.0,34000000.0,504000000.0,37.049,-105000000.0
86,EMN,MRQ,1999-12-31,1999-12-31,1999-12-31,2021-08-03,-54000000.0,6303000000.0,,1489000000.0,4814000000.0,,11.243,-116000000.0,186000000.0,186000000.0,1028000000.0,-52000000.0,0.926,2.583,2105000000.0,599000000.0,1506000000.0,2105000000.0,0.0,101000000.0,0.0,0.037,0.22,-45000000.0,56000000.0,0.045,56000000.0,-45000000.0,-77000000.0,-0.335,-0.33,-0.335,1759000000.0,,1759000000.0,5745645725.0,30.0,9.975,133000000.0,0.85,1.0,227000000.0,0.181,446000000.0,32000000.0,6168000000.0,,485000000.0,0.0,0.0,0.0,4544000000.0,1608000000.0,2936000000.0,3730645725.0,111000000.0,0.0,0.0,7000000.0,-34000000.0,-26000000.0,-112000000.0,1000000.0,249000000.0,0.0,-52000000.0,-52000000.0,-52000000.0,0.0,0.0,-0.041,288000000.0,-61000000.0,1009000000.0,-0.657,2.121,77.722,78.18,3950000000.0,0.0,23.845,0.813,0.813,631000000.0,2098000000.0,1255000000.0,1255000000.0,47000000.0,,,,,0.0,103000000.0,1.0,156454004.0,156454004.0,,8.022,5857000000.0,0.0,-25000000.0,485000000.0,37.436,-119000000.0
87,EMN,MRQ,1999-09-30,1999-09-30,1999-09-30,2021-08-03,-41000000.0,6210000000.0,,1391000000.0,4819000000.0,,11.879,-56000000.0,75000000.0,75000000.0,976000000.0,33000000.0,1.48,2.342,2090000000.0,0.0,2090000000.0,2090000000.0,0.0,102000000.0,0.0,0.044,0.22,84000000.0,186000000.0,0.156,186000000.0,84000000.0,49000000.0,0.21,0.21,0.21,1858000000.0,,1858000000.0,5113846387.0,22.0,8.397,153000000.0,0.978,1.0,214000000.0,0.18,387000000.0,35000000.0,6898000000.0,,530000000.0,0.0,0.0,0.0,4352000000.0,940000000.0,3412000000.0,3118846387.0,-15000000.0,-5000000.0,0.0,-129000000.0,-34000000.0,-162000000.0,-62000000.0,-1000000.0,209000000.0,0.0,33000000.0,33000000.0,33000000.0,0.0,0.0,0.028,139000000.0,75000000.0,940000000.0,1.048,1.679,31.503,31.651,4008000000.0,0.0,19.94,0.713,0.713,640000000.0,2184000000.0,1190000000.0,1190000000.0,46000000.0,,,,,0.0,93000000.0,1.0,156411554.0,156411554.0,,7.608,5823000000.0,0.0,16000000.0,437000000.0,37.229,451000000.0
88,EMN,MRQ,1999-06-30,1999-06-30,1999-06-30,2021-08-03,-60000000.0,6161000000.0,,1408000000.0,4753000000.0,,11.768,-64000000.0,90000000.0,90000000.0,897000000.0,43000000.0,1.637,2.348,2085000000.0,0.0,2085000000.0,2085000000.0,0.0,92000000.0,0.0,0.034,0.22,92000000.0,184000000.0,0.164,184000000.0,92000000.0,64000000.0,0.275,0.27,0.275,1840000000.0,,1840000000.0,5841596304.0,19.0,8.798,200000000.0,1.279,1.0,225000000.0,0.201,0.0,28000000.0,7296000000.0,,503000000.0,0.0,0.0,0.0,4321000000.0,860000000.0,3461000000.0,4045596304.0,35000000.0,-364000000.0,-1000000.0,233000000.0,-35000000.0,199000000.0,-428000000.0,0.0,264000000.0,0.0,43000000.0,43000000.0,43000000.0,0.0,0.0,0.038,129000000.0,96000000.0,860000000.0,0.8,2.199,27.71,27.973,3933000000.0,0.0,25.875,0.938,0.938,680000000.0,2186000000.0,1122000000.0,1122000000.0,46000000.0,,,,,0.0,83000000.0,1.0,156351548.0,156351548.0,,7.176,6161000000.0,0.0,21000000.0,435000000.0,39.405,548000000.0
89,EMN,MRQ,1999-03-31,1999-03-31,1999-03-31,2021-08-03,-47000000.0,5891000000.0,,1471000000.0,4420000000.0,,11.632,-80000000.0,55000000.0,55000000.0,829000000.0,25000000.0,1.777,2.195,1851000000.0,0.0,1851000000.0,1851000000.0,0.0,88000000.0,0.0,0.042,0.22,63000000.0,151000000.0,0.148,151000000.0,63000000.0,37000000.0,0.16,0.155,0.16,1844000000.0,,1844000000.0,4953824829.0,13.0,6.731,-58000000.0,-0.366,1.0,194000000.0,0.19,0.0,26000000.0,6859000000.0,,521000000.0,0.0,0.0,0.0,4047000000.0,828000000.0,3219000000.0,3333824829.0,26000000.0,-12000000.0,-50000000.0,203000000.0,-35000000.0,117000000.0,-113000000.0,0.0,22000000.0,0.0,25000000.0,25000000.0,25000000.0,0.0,0.0,0.024,123000000.0,71000000.0,828000000.0,1.375,1.808,16.669,16.69,3972000000.0,0.0,21.03,0.765,0.765,748000000.0,2178000000.0,1023000000.0,1023000000.0,47000000.0,,,,,0.0,76000000.0,1.0,158527096.0,158527096.0,,6.453,5891000000.0,0.0,12000000.0,443000000.0,37.161,643000000.0
90,EMN,MRQ,1998-12-31,1998-12-31,1998-12-31,2021-08-03,-18000000.0,5850000000.0,,1398000000.0,4452000000.0,,12.203,-133000000.0,29000000.0,29000000.0,914000000.0,-2000000.0,1.458,2.025,1649000000.0,0.0,1649000000.0,1649000000.0,0.0,93000000.0,0.0,0.039,0.22,-5000000.0,88000000.0,0.085,88000000.0,-5000000.0,-26000000.0,-0.015,-0.01,-0.015,1934000000.0,,1934000000.0,5285905447.0,12.0,6.591,139000000.0,0.877,1.0,123000000.0,0.119,19000000.0,21000000.0,6492000000.0,,493000000.0,0.0,0.0,0.0,3916000000.0,959000000.0,2957000000.0,3550905447.0,-57000000.0,0.0,0.0,-173000000.0,-33000000.0,-204000000.0,-125000000.0,0.0,272000000.0,0.0,-2000000.0,-2000000.0,-2000000.0,0.0,0.0,-0.002,127000000.0,-4000000.0,959000000.0,-14.667,1.836,14.261,14.225,4034000000.0,0.0,22.405,0.792,0.792,759000000.0,2188000000.0,1037000000.0,1037000000.0,46000000.0,,,,,0.0,81000000.0,1.0,158487188.0,158487188.0,,6.543,5831000000.0,0.0,-24000000.0,415000000.0,36.792,439000000.0
91,EMN,MRQ,1998-09-30,1998-09-30,1998-09-30,2021-08-03,-8000000.0,6139000000.0,,1679000000.0,4460000000.0,,12.481,-100000000.0,86000000.0,86000000.0,870000000.0,80000000.0,1.71,2.104,1821000000.0,0.0,1821000000.0,1821000000.0,0.0,90000000.0,0.0,0.035,0.22,151000000.0,241000000.0,0.213,241000000.0,151000000.0,123000000.0,0.505,0.5,0.505,1978000000.0,,1978000000.0,5816940554.0,11.0,6.748,150000000.0,0.946,1.0,261000000.0,0.231,0.0,28000000.0,6892000000.0,,568000000.0,0.0,0.0,0.0,4161000000.0,982000000.0,3179000000.0,3996940554.0,53000000.0,-32000000.0,0.0,-32000000.0,-35000000.0,-65000000.0,-132000000.0,0.0,250000000.0,0.0,80000000.0,80000000.0,80000000.0,0.0,0.0,0.071,120000000.0,141000000.0,982000000.0,0.436,2.021,14.326,14.289,4006000000.0,0.0,25.22,0.869,0.869,840000000.0,2224000000.0,1131000000.0,1131000000.0,45000000.0,,,,,0.0,75000000.0,1.0,158482972.0,158482972.0,,7.136,6139000000.0,0.0,43000000.0,439000000.0,38.736,697000000.0
92,EMN,MRQ,1998-06-30,1998-06-30,1998-06-30,2021-08-03,-40000000.0,5982000000.0,,1600000000.0,4382000000.0,,12.013,-133000000.0,33000000.0,33000000.0,868000000.0,97000000.0,2.075,2.147,1853000000.0,0.0,1853000000.0,1853000000.0,0.0,86000000.0,0.0,0.028,0.22,170000000.0,256000000.0,0.22,256000000.0,170000000.0,149000000.0,0.61,0.605,0.61,1901000000.0,,1901000000.0,6742184082.0,12.0,7.679,26000000.0,0.164,1.0,297000000.0,0.255,0.0,21000000.0,7031000000.0,,566000000.0,0.0,0.0,0.0,4081000000.0,771000000.0,3310000000.0,4925184082.0,-10000000.0,0.0,0.0,-8000000.0,-36000000.0,-36000000.0,-133000000.0,0.0,159000000.0,0.0,97000000.0,97000000.0,97000000.0,0.0,0.0,0.083,133000000.0,164000000.0,771000000.0,0.361,2.591,16.696,16.6,3970000000.0,0.0,31.125,1.068,1.068,877000000.0,2179000000.0,1165000000.0,1165000000.0,48000000.0,,,,,0.0,85000000.0,1.0,158238846.0,158238846.0,,7.362,5982000000.0,0.0,52000000.0,390000000.0,37.804,829000000.0
93,EMN,MRQ,1998-03-31,1998-03-31,1998-03-31,2021-08-03,-38000000.0,5910000000.0,,1559000000.0,4351000000.0,,11.683,-134000000.0,43000000.0,43000000.0,894000000.0,74000000.0,1.89,2.224,1860000000.0,0.0,1860000000.0,1860000000.0,0.0,82000000.0,0.0,0.026,0.22,135000000.0,217000000.0,0.189,217000000.0,135000000.0,114000000.0,0.475,0.47,0.475,1833000000.0,,1833000000.0,6975367622.0,13.0,8.064,-84000000.0,-0.535,1.0,254000000.0,0.221,0.0,21000000.0,6902000000.0,,519000000.0,0.0,0.0,0.0,4077000000.0,825000000.0,3252000000.0,5290367622.0,14000000.0,0.0,0.0,147000000.0,-34000000.0,119000000.0,-155000000.0,0.0,50000000.0,0.0,74000000.0,74000000.0,74000000.0,0.0,0.0,0.064,121000000.0,133000000.0,825000000.0,0.463,2.886,18.369,18.326,3928000000.0,0.0,33.72,1.136,1.136,843000000.0,2117000000.0,1148000000.0,1148000000.0,46000000.0,,,,,0.0,75000000.0,1.0,156891092.0,156891092.0,,7.317,5910000000.0,0.0,40000000.0,383000000.0,37.669,734000000.0
94,EMN,MRQ,1997-12-31,1997-12-31,1997-12-31,2021-08-03,-37000000.0,5778000000.0,,1490000000.0,4288000000.0,,11.173,-201000000.0,29000000.0,29000000.0,889000000.0,28000000.0,1.562,2.296,1714000000.0,0.0,1714000000.0,1714000000.0,0.0,85000000.0,0.0,0.03,0.22,63000000.0,148000000.0,0.128,148000000.0,63000000.0,43000000.0,0.175,0.175,0.175,1753000000.0,,1753000000.0,,,,-12000000.0,-0.076,1.0,265000000.0,0.23,0.0,20000000.0,6509000000.0,,511000000.0,0.0,0.0,0.0,4025000000.0,954000000.0,3071000000.0,4672216720.0,-7000000.0,5000000.0,0.0,9000000.0,-34000000.0,-23000000.0,-173000000.0,0.0,189000000.0,0.0,28000000.0,28000000.0,28000000.0,0.0,0.0,0.024,198000000.0,67000000.0,954000000.0,1.257,2.665,16.336,16.273,3881000000.0,0.0,29.78,0.999,0.999,793000000.0,2078000000.0,1154000000.0,1154000000.0,46000000.0,,,,,0.0,90000000.0,1.0,156891092.0,156891092.0,,7.355,5778000000.0,0.0,15000000.0,397000000.0,36.828,536000000.0
95,EMN,MRQ,1997-09-30,1997-09-30,1997-09-30,2021-08-03,,,,,,,,-156000000.0,,,857000000.0,96000000.0,,,,,,,,83000000.0,,0.028,0.22,174000000.0,257000000.0,0.224,257000000.0,174000000.0,148000000.0,0.615,0.61,0.615,,,,,,,90000000.0,,1.0,288000000.0,0.252,,26000000.0,,,,,,,,,,,-4000000.0,0.0,0.0,-62000000.0,-34000000.0,-94000000.0,-156000000.0,0.0,246000000.0,0.0,96000000.0,96000000.0,96000000.0,0.0,0.0,0.084,140000000.0,148000000.0,,0.358,,,,,0.0,31.0,,,,,1145000000.0,1145000000.0,55000000.0,,,,,0.0,85000000.0,1.0,,,,,,,52000000.0,,,
96,EMN,MRQ,1997-06-30,1997-06-30,1997-06-30,2021-08-03,,,,,,,,-225000000.0,,,925000000.0,90000000.0,,,,,,,,80000000.0,,0.028,0.22,163000000.0,243000000.0,0.201,243000000.0,163000000.0,141000000.0,0.575,0.57,0.575,,,,,,,-15000000.0,,1.0,283000000.0,0.234,,22000000.0,,,,,,,,,,,-11000000.0,0.0,0.0,40000000.0,-36000000.0,6000000.0,-227000000.0,0.0,210000000.0,0.0,90000000.0,90000000.0,90000000.0,0.0,0.0,0.075,126000000.0,157000000.0,,0.383,,,,,0.0,31.75,,,,,1208000000.0,1208000000.0,42000000.0,,,,,0.0,84000000.0,1.0,,,,,,,51000000.0,,,
97,EMN,MRQ,1997-03-31,1997-03-31,1997-03-31,2021-08-03,,,,,,,,-167000000.0,,,911000000.0,72000000.0,,,,,,,,79000000.0,,0.032,0.22,133000000.0,212000000.0,0.181,212000000.0,133000000.0,114000000.0,0.465,0.46,0.465,,,,,,,-114000000.0,,1.0,260000000.0,0.222,,19000000.0,,,,,,,,,,,27000000.0,0.0,-8000000.0,204000000.0,-34000000.0,163000000.0,-189000000.0,0.0,53000000.0,0.0,72000000.0,72000000.0,72000000.0,0.0,0.0,0.061,126000000.0,134000000.0,,0.473,,,,,0.0,26.875,,,,,1171000000.0,1171000000.0,48000000.0,,,,,0.0,78000000.0,1.0,,,,,,,42000000.0,,,
98,EMN,MRQ,1996-12-31,1996-12-31,1996-12-31,2021-08-03,0.0,5266000000.0,,1345000000.0,3921000000.0,,,,24000000.0,24000000.0,,,1.709,2.213,1523000000.0,0.0,1523000000.0,1523000000.0,0.0,,0.0,0.031,0.22,,,,,,,,,,1639000000.0,,1639000000.0,,,,,,1.0,,,0.0,,5978000000.0,,465000000.0,0.0,0.0,0.0,3627000000.0,787000000.0,2840000000.0,,,,,,,,,,,,,,,,,,,,787000000.0,,,,11.415,3520000000.0,,27.625,,,744000000.0,1929000000.0,,,,,,,,,,1.0,,,,,5266000000.0,0.0,,348000000.0,,558000000.0
0,EMN,MRT,2021-06-30,2021-06-30,2021-06-30,2021-08-03,-233000000.0,16098000000.0,16096250000.0,4738000000.0,11360000000.0,0.582,43.602,-397000000.0,609000000.0,609000000.0,7064000000.0,332000000.0,2.064,1.694,5548000000.0,325000000.0,5223000000.0,5548000000.0,0.0,583000000.0,0.0,0.023,2.73,640000000.0,1223000000.0,0.131,1223000000.0,640000000.0,436000000.0,2.37,2.33,2.37,5944000000.0,6068750000.0,5944000000.0,20899771194.0,33.0,17.089,1093000000.0,8.018,1.0,2306000000.0,0.246,5443000000.0,204000000.0,13299000000.0,13076750000.0,1501000000.0,0.0,0.0,0.0,10070000000.0,2295000000.0,7775000000.0,15915771194.0,-95000000.0,-64000000.0,-102000000.0,-678000000.0,-367000000.0,-1113000000.0,-470000000.0,0.0,1490000000.0,-2000000.0,321000000.0,321000000.0,321000000.0,0.0,11000000.0,0.034,1159000000.0,1147000000.0,1873000000.0,1.152,2.678,49.582,49.262,5181000000.0,0.0,116.75,1.699,1.699,1740000000.0,8020000000.0,9370000000.0,9370000000.0,234000000.0,0.02,0.053,0.049,0.068,0.0,725000000.0,1.0,136323522.0,136323522.0,,68.734,10655000000.0,0.0,115000000.0,831000000.0,78.16,2443000000.0
1,EMN,MRT,2021-03-31,2021-03-31,2021-03-31,2021-08-03,-248000000.0,16195000000.0,16065000000.0,3797000000.0,12398000000.0,0.538,45.877,-383000000.0,540000000.0,540000000.0,6645000000.0,506000000.0,1.883,1.584,5524000000.0,324000000.0,5200000000.0,5524000000.0,0.0,584000000.0,0.0,0.025,2.7,749000000.0,1333000000.0,0.154,1333000000.0,749000000.0,541000000.0,3.64,3.6,3.64,6233000000.0,6088000000.0,6233000000.0,20015107362.0,27.0,15.015,1117000000.0,8.222,1.0,1996000000.0,0.231,6187000000.0,208000000.0,12976000000.0,13072500000.0,1505000000.0,0.0,0.0,0.0,9876000000.0,2016000000.0,7860000000.0,14961107362.0,-140000000.0,-1000000.0,-83000000.0,-871000000.0,-362000000.0,-1249000000.0,-392000000.0,0.0,1500000000.0,1000000.0,494000000.0,494000000.0,494000000.0,0.0,12000000.0,0.057,1234000000.0,762000000.0,1692000000.0,0.742,2.4,30.286,30.253,5466000000.0,0.0,110.12,1.731,1.731,1669000000.0,8260000000.0,8641000000.0,8641000000.0,223000000.0,0.031,0.081,0.057,0.087,0.0,678000000.0,1.0,135861854.0,135861854.0,,63.601,10008000000.0,0.0,47000000.0,855000000.0,73.663,1781000000.0
2,EMN,MRT,2020-12-31,2020-12-31,2020-12-31,2021-08-03,-273000000.0,16083000000.0,16132500000.0,3541000000.0,12542000000.0,0.525,44.461,-383000000.0,564000000.0,564000000.0,6498000000.0,489000000.0,1.737,1.656,5618000000.0,349000000.0,5269000000.0,5618000000.0,0.0,574000000.0,0.0,0.027,2.67,729000000.0,1303000000.0,0.154,1303000000.0,729000000.0,519000000.0,3.53,3.5,3.53,6023000000.0,6059000000.0,6023000000.0,18799720410.0,26.0,14.428,1072000000.0,7.913,1.0,1975000000.0,0.233,6257000000.0,210000000.0,12842000000.0,13174750000.0,1379000000.0,0.0,0.0,0.0,9975000000.0,2038000000.0,7937000000.0,13584720410.0,360000000.0,-1000000.0,-60000000.0,-307000000.0,-358000000.0,-704000000.0,-394000000.0,0.0,1455000000.0,3000000.0,478000000.0,478000000.0,478000000.0,0.0,11000000.0,0.056,1226000000.0,749000000.0,1689000000.0,0.756,2.255,28.42,28.408,5549000000.0,0.0,100.28,1.603,1.603,1515000000.0,8080000000.0,8473000000.0,8473000000.0,226000000.0,0.03,0.079,0.055,0.086,0.0,654000000.0,1.0,135467894.0,135467894.0,,62.546,9826000000.0,0.0,41000000.0,848000000.0,72.534,1503000000.0
3,EMN,MRT,2020-09-30,2020-09-30,2020-09-30,2021-08-03,-243000000.0,16009000000.0,16113750000.0,3534000000.0,12475000000.0,0.527,44.884,-399000000.0,650000000.0,650000000.0,6546000000.0,482000000.0,1.975,1.622,5865000000.0,370000000.0,5495000000.0,5865000000.0,0.0,578000000.0,0.0,0.034,2.64,716000000.0,1294000000.0,0.152,1294000000.0,716000000.0,504000000.0,3.5,3.48,3.5,6075000000.0,6042750000.0,6075000000.0,16002522939.0,22.0,12.367,1321000000.0,9.76,1.0,1946000000.0,0.229,6245000000.0,212000000.0,13190000000.0,13303000000.0,1338000000.0,0.0,0.0,0.0,9853000000.0,1789000000.0,8064000000.0,10573522939.0,443000000.0,0.0,-73000000.0,-456000000.0,-354000000.0,-878000000.0,-402000000.0,0.0,1720000000.0,3000000.0,472000000.0,472000000.0,472000000.0,0.0,10000000.0,0.056,1206000000.0,740000000.0,1419000000.0,0.754,1.74,22.402,22.32,5489000000.0,0.0,78.12,1.245,1.245,1454000000.0,8142000000.0,8492000000.0,8492000000.0,229000000.0,0.029,0.078,0.054,0.084,0.0,656000000.0,1.0,135349756.0,135349756.0,,62.741,9764000000.0,0.0,32000000.0,928000000.0,72.139,1745000000.0
4,EMN,MRT,2020-06-30,2020-06-30,2020-06-30,2021-08-03,-209000000.0,15973000000.0,16145750000.0,3526000000.0,12447000000.0,0.539,44.307,-427000000.0,704000000.0,704000000.0,6676000000.0,584000000.0,1.878,1.64,6133000000.0,702000000.0,5431000000.0,6133000000.0,0.0,580000000.0,0.0,0.037,2.6,844000000.0,1424000000.0,0.164,1424000000.0,844000000.0,630000000.0,4.26,4.23,4.26,6021000000.0,6029000000.0,6021000000.0,15077676127.0,18.0,10.588,1267000000.0,9.323,1.0,2019000000.0,0.232,6242000000.0,214000000.0,13282000000.0,13395750000.0,1419000000.0,0.0,0.0,0.0,9875000000.0,1878000000.0,7997000000.0,9463676127.0,518000000.0,-29000000.0,-148000000.0,-213000000.0,-349000000.0,-712000000.0,-462000000.0,0.0,1694000000.0,-2000000.0,577000000.0,577000000.0,577000000.0,0.0,7000000.0,0.066,1159000000.0,860000000.0,1176000000.0,0.61,1.572,16.402,16.347,5478000000.0,0.0,69.64,1.088,1.088,1326000000.0,8071000000.0,8695000000.0,8695000000.0,232000000.0,0.036,0.096,0.063,0.097,0.0,654000000.0,1.0,135894258.0,135894258.0,,63.984,9731000000.0,0.0,53000000.0,932000000.0,71.607,1648000000.0
5,EMN,MRT,2020-03-31,2020-03-31,2020-03-31,2021-08-03,-197000000.0,16465000000.0,16216500000.0,3851000000.0,12614000000.0,0.563,44.98,-420000000.0,680000000.0,680000000.0,6897000000.0,813000000.0,1.663,1.679,6294000000.0,895000000.0,5399000000.0,6294000000.0,0.0,595000000.0,0.0,0.055,2.56,1163000000.0,1758000000.0,0.192,1758000000.0,1163000000.0,949000000.0,5.93,5.88,5.93,6117000000.0,5991000000.0,6117000000.0,11912556083.0,10.0,6.776,1260000000.0,9.265,1.0,2237000000.0,0.245,6379000000.0,214000000.0,13385000000.0,13481500000.0,1659000000.0,0.0,0.0,0.0,10273000000.0,2315000000.0,7958000000.0,6334556083.0,485000000.0,-29000000.0,-230000000.0,-151000000.0,-346000000.0,-737000000.0,-456000000.0,0.0,1680000000.0,-2000000.0,808000000.0,808000000.0,808000000.0,0.0,5000000.0,0.088,1060000000.0,1177000000.0,1420000000.0,0.432,1.036,7.84,7.855,5498000000.0,0.0,46.58,0.694,0.694,1436000000.0,8133000000.0,9134000000.0,9134000000.0,237000000.0,0.05,0.135,0.086,0.127,0.0,664000000.0,1.0,135993046.0,135993046.0,,67.165,10086000000.0,0.0,141000000.0,924000000.0,74.166,1536000000.0
6,EMN,MRT,2019-12-31,2019-12-31,2019-12-31,2021-08-03,-214000000.0,16008000000.0,16190500000.0,3321000000.0,12687000000.0,0.573,43.816,-425000000.0,204000000.0,204000000.0,7039000000.0,762000000.0,1.856,1.674,5782000000.0,171000000.0,5611000000.0,5782000000.0,0.0,611000000.0,0.0,0.032,2.52,1117000000.0,1728000000.0,0.186,1728000000.0,1117000000.0,899000000.0,5.52,5.48,5.52,5958000000.0,5922500000.0,5958000000.0,16779712581.0,15.0,9.71,1079000000.0,7.935,1.0,2234000000.0,0.241,6442000000.0,218000000.0,13355000000.0,13553000000.0,1662000000.0,0.0,0.0,0.0,9976000000.0,1789000000.0,8187000000.0,10777712581.0,-22000000.0,-48000000.0,-325000000.0,-370000000.0,-343000000.0,-1043000000.0,-480000000.0,0.0,1504000000.0,-3000000.0,759000000.0,759000000.0,759000000.0,0.0,3000000.0,0.082,1111000000.0,1123000000.0,1618000000.0,0.457,1.809,14.2,14.359,5571000000.0,0.0,79.26,1.162,1.162,1375000000.0,7965000000.0,9273000000.0,9273000000.0,234000000.0,0.047,0.128,0.082,0.12,0.0,691000000.0,1.0,135979215.0,135979215.0,,68.194,9566000000.0,0.0,140000000.0,915000000.0,70.349,1532000000.0
7,EMN,MRT,2019-09-30,2019-09-30,2019-09-30,2021-08-03,-203000000.0,16137000000.0,16187250000.0,3440000000.0,12697000000.0,0.583,43.943,-455000000.0,207000000.0,207000000.0,7241000000.0,770000000.0,1.654,1.668,6209000000.0,642000000.0,5567000000.0,6209000000.0,0.0,615000000.0,0.0,0.034,2.48,1183000000.0,1798000000.0,0.19,1798000000.0,1183000000.0,961000000.0,5.59,5.55,5.59,6020000000.0,5883750000.0,6020000000.0,16283277947.0,14.0,9.056,1118000000.0,8.161,1.0,2203000000.0,0.233,6498000000.0,222000000.0,13561000000.0,13572750000.0,1695000000.0,0.0,0.0,0.0,10040000000.0,2080000000.0,7960000000.0,10114277947.0,14000000.0,-46000000.0,-350000000.0,-353000000.0,-336000000.0,-1045000000.0,-508000000.0,0.0,1573000000.0,-6000000.0,767000000.0,767000000.0,767000000.0,0.0,3000000.0,0.081,1013000000.0,1190000000.0,1438000000.0,0.444,1.68,13.187,13.208,5534000000.0,0.0,73.83,1.071,1.071,1470000000.0,8029000000.0,9444000000.0,9444000000.0,233000000.0,0.047,0.13,0.087,0.125,0.0,682000000.0,1.0,136994148.0,136994148.0,,68.937,9639000000.0,0.0,194000000.0,887000000.0,70.361,1360000000.0
8,EMN,MRT,2019-06-30,2019-06-30,2019-06-30,2021-08-03,-235000000.0,16256000000.0,16243500000.0,3516000000.0,12740000000.0,0.595,42.351,-482000000.0,186000000.0,186000000.0,7309000000.0,916000000.0,1.58,1.757,6355000000.0,731000000.0,5624000000.0,6355000000.0,0.0,615000000.0,0.0,0.031,2.42,1333000000.0,1948000000.0,0.202,1948000000.0,1333000000.0,1107000000.0,6.57,6.51,6.57,5869000000.0,5858750000.0,5869000000.0,17054571815.0,13.0,8.755,1070000000.0,7.721,1.0,2357000000.0,0.244,6574000000.0,226000000.0,13625000000.0,13658000000.0,1730000000.0,0.0,0.0,0.0,10310000000.0,2226000000.0,8084000000.0,10785571815.0,-7000000.0,-17000000.0,-400000000.0,-317000000.0,-331000000.0,-1054000000.0,-503000000.0,0.0,1552000000.0,-2000000.0,913000000.0,913000000.0,913000000.0,0.0,3000000.0,0.094,1014000000.0,1343000000.0,1495000000.0,0.368,1.838,11.813,11.846,5550000000.0,0.0,77.83,1.116,1.116,1518000000.0,7848000000.0,9666000000.0,9666000000.0,234000000.0,0.056,0.156,0.098,0.138,0.0,694000000.0,1.0,138578592.0,138578592.0,,69.751,9682000000.0,0.0,194000000.0,888000000.0,69.866,1290000000.0
9,EMN,MRT,2019-03-31,2019-03-31,2019-03-31,2021-08-03,-194000000.0,16361000000.0,16244500000.0,3551000000.0,12810000000.0,0.611,41.802,-506000000.0,195000000.0,195000000.0,7452000000.0,1003000000.0,1.51,1.787,6464000000.0,862000000.0,5602000000.0,6464000000.0,0.0,607000000.0,0.0,0.031,2.36,1452000000.0,2059000000.0,0.207,2059000000.0,1452000000.0,1220000000.0,7.12,7.05,7.12,5843000000.0,5815750000.0,5843000000.0,16548303952.0,11.0,8.037,1067000000.0,7.634,1.0,2472000000.0,0.249,6607000000.0,232000000.0,13671000000.0,13727250000.0,1704000000.0,0.0,0.0,0.0,10442000000.0,2352000000.0,8090000000.0,10606303952.0,1000000.0,-17000000.0,-425000000.0,-295000000.0,-325000000.0,-1054000000.0,-510000000.0,0.0,1573000000.0,-8000000.0,999000000.0,999000000.0,999000000.0,0.0,4000000.0,0.101,1018000000.0,1454000000.0,1490000000.0,0.331,1.815,10.617,10.657,5576000000.0,0.0,75.88,1.069,1.069,1582000000.0,7675000000.0,9924000000.0,9924000000.0,237000000.0,0.061,0.172,0.106,0.146,0.0,718000000.0,1.0,139777332.0,139777332.0,,70.999,9754000000.0,0.0,221000000.0,892000000.0,69.782,1199000000.0
10,EMN,MRT,2018-12-31,2018-12-31,2018-12-31,2021-08-03,-245000000.0,15995000000.0,16245750000.0,3365000000.0,12630000000.0,0.625,41.438,-528000000.0,226000000.0,226000000.0,7672000000.0,1084000000.0,1.818,1.743,6168000000.0,243000000.0,5925000000.0,6168000000.0,0.0,604000000.0,0.0,0.031,2.3,1541000000.0,2145000000.0,0.211,2145000000.0,1541000000.0,1306000000.0,7.65,7.56,7.65,5803000000.0,5741250000.0,5803000000.0,16671478297.0,11.0,7.772,1015000000.0,7.248,1.0,2479000000.0,0.244,6652000000.0,235000000.0,13434000000.0,13848000000.0,1583000000.0,0.0,0.0,0.0,10117000000.0,1851000000.0,8266000000.0,10238478297.0,35000000.0,2000000.0,-400000000.0,-316000000.0,-318000000.0,-1040000000.0,-463000000.0,0.0,1543000000.0,-5000000.0,1080000000.0,1080000000.0,1080000000.0,0.0,4000000.0,0.106,980000000.0,1499000000.0,1608000000.0,0.301,1.764,9.48,9.557,5600000000.0,0.0,73.11,1.009,1.009,1483000000.0,7573000000.0,10151000000.0,10151000000.0,235000000.0,0.066,0.188,0.111,0.152,0.0,721000000.0,1.0,140042105.0,140042105.0,,72.485,9343000000.0,0.0,226000000.0,884000000.0,66.716,1514000000.0
11,EMN,MRT,2018-09-30,2018-09-30,2018-09-30,2021-08-03,-194000000.0,16362000000.0,16246750000.0,3647000000.0,12715000000.0,0.624,41.903,-592000000.0,193000000.0,193000000.0,7667000000.0,1540000000.0,1.694,1.751,6626000000.0,728000000.0,5898000000.0,6626000000.0,0.0,598000000.0,0.0,0.023,2.24,1659000000.0,2257000000.0,0.223,2257000000.0,1659000000.0,1422000000.0,10.79,10.65,10.79,5920000000.0,5641250000.0,5920000000.0,20025326003.0,12.0,8.873,857000000.0,6.066,1.0,2470000000.0,0.244,6740000000.0,237000000.0,13902000000.0,13856000000.0,1625000000.0,0.0,0.0,0.0,10367000000.0,2153000000.0,8214000000.0,13523326003.0,-2000000.0,0.0,-450000000.0,-154000000.0,-313000000.0,-920000000.0,-528000000.0,0.0,1449000000.0,-3000000.0,1537000000.0,1537000000.0,1537000000.0,0.0,3000000.0,0.152,847000000.0,1623000000.0,1425000000.0,0.208,2.284,8.799,8.871,5570000000.0,0.0,95.72,1.334,1.334,1772000000.0,7626000000.0,10137000000.0,10137000000.0,229000000.0,0.095,0.272,0.12,0.164,0.0,743000000.0,1.0,141280046.0,141280046.0,,71.751,9622000000.0,0.0,-115000000.0,944000000.0,68.106,1494000000.0
12,EMN,MRT,2018-06-30,2018-06-30,2018-06-30,2021-08-03,-193000000.0,16260000000.0,16162250000.0,3498000000.0,12762000000.0,0.622,39.941,-614000000.0,193000000.0,193000000.0,7642000000.0,1451000000.0,1.691,1.841,6695000000.0,662000000.0,6033000000.0,6695000000.0,0.0,595000000.0,0.0,0.022,2.19,1606000000.0,2201000000.0,0.219,2201000000.0,1606000000.0,1366000000.0,10.1,9.98,10.1,5697000000.0,5417000000.0,5697000000.0,20963802797.0,13.0,9.525,968000000.0,6.787,1.0,2413000000.0,0.24,6792000000.0,240000000.0,13902000000.0,13837500000.0,1532000000.0,0.0,0.0,0.0,10486000000.0,2068000000.0,8418000000.0,14257802797.0,-29000000.0,14000000.0,-425000000.0,-334000000.0,-307000000.0,-1071000000.0,-539000000.0,0.0,1582000000.0,-1000000.0,1448000000.0,1448000000.0,1448000000.0,0.0,3000000.0,0.144,853000000.0,1560000000.0,1406000000.0,0.217,2.503,9.847,9.897,5570000000.0,0.0,99.96,1.418,1.418,1707000000.0,7292000000.0,10055000000.0,10055000000.0,228000000.0,0.09,0.267,0.116,0.16,0.0,748000000.0,1.0,142635082.0,142635082.0,,70.495,9468000000.0,0.0,-82000000.0,933000000.0,66.379,1430000000.0
13,EMN,MRT,2018-03-31,2018-03-31,2018-03-31,2021-08-03,-212000000.0,16366000000.0,16088250000.0,3483000000.0,12883000000.0,0.612,38.785,-644000000.0,194000000.0,194000000.0,7514000000.0,1399000000.0,1.717,1.938,6900000000.0,589000000.0,6311000000.0,6900000000.0,0.0,594000000.0,0.0,0.02,2.14,1535000000.0,2129000000.0,0.216,2129000000.0,1535000000.0,1295000000.0,9.69,9.59,9.69,5545000000.0,5195750000.0,5545000000.0,21443421969.0,14.0,10.072,926000000.0,6.477,1.0,2339000000.0,0.237,6889000000.0,240000000.0,14154000000.0,13883750000.0,1476000000.0,0.0,0.0,0.0,10746000000.0,2029000000.0,8717000000.0,15094421969.0,-3000000.0,14000000.0,-377000000.0,-320000000.0,-301000000.0,-992000000.0,-585000000.0,0.0,1570000000.0,4000000.0,1396000000.0,1396000000.0,1396000000.0,0.0,3000000.0,0.142,839000000.0,1500000000.0,1440000000.0,0.221,2.722,10.813,10.896,5632000000.0,0.0,105.58,1.532,1.532,1749000000.0,7026000000.0,9853000000.0,9853000000.0,226000000.0,0.087,0.269,0.111,0.156,0.0,740000000.0,1.0,142966679.0,142966679.0,,68.918,9477000000.0,0.0,-101000000.0,914000000.0,66.288,1454000000.0
14,EMN,MRT,2017-12-31,2017-12-31,2017-12-31,2021-08-03,-209000000.0,15999000000.0,15935500000.0,3143000000.0,12856000000.0,0.599,37.59,-649000000.0,191000000.0,191000000.0,7186000000.0,1388000000.0,1.586,1.947,6540000000.0,393000000.0,6147000000.0,6540000000.0,0.0,587000000.0,0.0,0.023,2.09,1526000000.0,2113000000.0,0.221,2113000000.0,1526000000.0,1285000000.0,9.56,9.47,9.56,5403000000.0,4972250000.0,5403000000.0,19814554723.0,13.0,9.377,1008000000.0,7.013,1.0,2363000000.0,0.247,6900000000.0,241000000.0,13466000000.0,13816750000.0,1509000000.0,0.0,0.0,0.0,10519000000.0,1982000000.0,8537000000.0,13315554723.0,10000000.0,10000000.0,-350000000.0,-369000000.0,-296000000.0,-1006000000.0,-643000000.0,0.0,1657000000.0,2000000.0,1384000000.0,1384000000.0,1384000000.0,0.0,4000000.0,0.145,829000000.0,1534000000.0,1589000000.0,0.219,2.464,9.621,9.69,5607000000.0,0.0,92.64,1.394,1.394,1386000000.0,6802000000.0,9549000000.0,9549000000.0,227000000.0,0.087,0.278,0.11,0.16,0.0,729000000.0,1.0,143734399.0,143734399.0,,66.435,9099000000.0,0.0,-99000000.0,893000000.0,63.304,1161000000.0
15,EMN,MRT,2017-09-30,2017-09-30,2017-09-30,2021-08-03,-238000000.0,16024000000.0,15800000000.0,3245000000.0,12779000000.0,0.593,34.67,-689000000.0,195000000.0,195000000.0,6972000000.0,1015000000.0,1.832,2.175,6694000000.0,369000000.0,6325000000.0,6694000000.0,0.0,584000000.0,0.0,0.023,2.04,1456000000.0,2040000000.0,0.218,2040000000.0,1456000000.0,1210000000.0,6.95,6.9,6.95,5023000000.0,4754500000.0,5023000000.0,19769109578.0,14.0,9.691,712000000.0,4.914,1.0,2403000000.0,0.256,6924000000.0,246000000.0,13828000000.0,13734000000.0,1576000000.0,0.0,0.0,0.0,10925000000.0,1771000000.0,9154000000.0,13110109578.0,-12000000.0,10000000.0,-316000000.0,-102000000.0,-291000000.0,-685000000.0,-726000000.0,0.0,1401000000.0,-2000000.0,1009000000.0,1009000000.0,1009000000.0,0.0,6000000.0,0.108,871000000.0,1532000000.0,1402000000.0,0.294,2.61,12.993,13.02,5485000000.0,0.0,90.49,1.398,1.398,1425000000.0,6391000000.0,9375000000.0,9375000000.0,234000000.0,0.064,0.212,0.106,0.155,0.0,709000000.0,1.0,144879098.0,144879098.0,,64.709,9100000000.0,0.0,201000000.0,1349000000.0,62.811,1474000000.0
16,EMN,MRT,2017-06-30,2017-06-30,2017-06-30,2021-08-03,-286000000.0,15964000000.0,15666250000.0,3262000000.0,12702000000.0,0.587,32.998,-671000000.0,222000000.0,222000000.0,6844000000.0,924000000.0,2.044,2.301,6881000000.0,212000000.0,6669000000.0,6881000000.0,0.0,581000000.0,0.0,0.024,1.99,1345000000.0,1926000000.0,0.209,1926000000.0,1345000000.0,1096000000.0,6.28,6.24,6.28,4812000000.0,4609000000.0,4812000000.0,18934013930.0,14.0,9.831,652000000.0,4.471,1.0,2353000000.0,0.256,6940000000.0,249000000.0,14087000000.0,13443750000.0,1540000000.0,0.0,0.0,0.0,11074000000.0,1596000000.0,9478000000.0,12248013930.0,-18000000.0,33000000.0,-283000000.0,-65000000.0,-285000000.0,-611000000.0,-726000000.0,0.0,1323000000.0,-4000000.0,918000000.0,918000000.0,918000000.0,0.0,6000000.0,0.1,925000000.0,1428000000.0,1384000000.0,0.317,2.545,13.342,13.374,5403000000.0,0.0,83.99,1.332,1.332,1437000000.0,6142000000.0,9197000000.0,9197000000.0,229000000.0,0.059,0.199,0.1,0.146,0.0,710000000.0,1.0,145827050.0,145827050.0,,63.068,9024000000.0,0.0,178000000.0,1286000000.0,61.882,1666000000.0
17,EMN,MRT,2017-03-31,2017-03-31,2017-03-31,2021-08-03,-306000000.0,15755000000.0,15570750000.0,3165000000.0,12590000000.0,0.583,31.75,-649000000.0,197000000.0,197000000.0,6747000000.0,887000000.0,1.933,2.371,6883000000.0,305000000.0,6578000000.0,6883000000.0,0.0,578000000.0,0.0,0.024,1.94,1312000000.0,1890000000.0,0.208,1890000000.0,1312000000.0,1061000000.0,6.0,5.95,6.0,4651000000.0,4499750000.0,4651000000.0,18249305059.0,14.0,9.656,737000000.0,5.031,1.0,2328000000.0,0.257,6918000000.0,251000000.0,13886000000.0,13135000000.0,1495000000.0,0.0,0.0,0.0,11028000000.0,1637000000.0,9391000000.0,11836305059.0,-5000000.0,32000000.0,-198000000.0,-250000000.0,-279000000.0,-720000000.0,-665000000.0,0.0,1386000000.0,-6000000.0,881000000.0,881000000.0,881000000.0,0.0,6000000.0,0.097,945000000.0,1383000000.0,1332000000.0,0.323,2.545,13.435,13.467,5321000000.0,0.0,80.8,1.304,1.304,1405000000.0,5925000000.0,9075000000.0,9075000000.0,226000000.0,0.057,0.196,0.1,0.145,0.0,703000000.0,1.0,146488924.0,146488924.0,,61.95,8837000000.0,0.0,180000000.0,1269000000.0,60.325,1528000000.0
18,EMN,MRT,2016-12-31,2016-12-31,2016-12-31,2021-08-03,-281000000.0,15457000000.0,15536000000.0,2866000000.0,12591000000.0,0.58,30.882,-626000000.0,181000000.0,181000000.0,6651000000.0,859000000.0,1.597,2.394,6594000000.0,283000000.0,6311000000.0,6594000000.0,0.0,580000000.0,0.0,0.025,1.89,1299000000.0,1879000000.0,0.209,1879000000.0,1299000000.0,1044000000.0,5.8,5.75,5.8,4532000000.0,4388000000.0,4532000000.0,17438133234.0,13.0,9.281,759000000.0,5.172,1.0,2357000000.0,0.262,6940000000.0,255000000.0,13135000000.0,13033750000.0,1404000000.0,0.0,0.0,0.0,10849000000.0,1795000000.0,9054000000.0,11037133234.0,-112000000.0,15000000.0,-145000000.0,-428000000.0,-272000000.0,-838000000.0,-655000000.0,0.0,1385000000.0,-4000000.0,854000000.0,854000000.0,854000000.0,0.0,5000000.0,0.095,972000000.0,1385000000.0,1512000000.0,0.326,2.435,12.924,12.967,5276000000.0,0.0,75.21,1.225,1.225,1211000000.0,5721000000.0,9008000000.0,9008000000.0,223000000.0,0.055,0.195,0.1,0.144,0.0,707000000.0,1.0,146750874.0,146750874.0,,61.383,8517000000.0,0.0,190000000.0,1206000000.0,58.037,1071000000.0
19,EMN,MRT,2016-09-30,2016-09-30,2016-09-30,2021-08-03,-348000000.0,15489000000.0,15566750000.0,2900000000.0,12589000000.0,0.581,30.065,-601000000.0,207000000.0,207000000.0,6676000000.0,866000000.0,1.315,2.471,6608000000.0,675000000.0,5933000000.0,6608000000.0,0.0,578000000.0,0.0,0.027,1.84,1305000000.0,1883000000.0,0.208,1883000000.0,1305000000.0,1049000000.0,5.84,5.79,5.84,4441000000.0,4240250000.0,4441000000.0,16561147145.0,13.0,8.795,968000000.0,6.553,1.0,2369000000.0,0.262,7017000000.0,256000000.0,12667000000.0,13017750000.0,1471000000.0,0.0,0.0,0.0,10973000000.0,2206000000.0,8767000000.0,9997147145.0,-102000000.0,19000000.0,-171000000.0,-642000000.0,-263000000.0,-1084000000.0,-585000000.0,0.0,1569000000.0,-2000000.0,862000000.0,862000000.0,862000000.0,0.0,4000000.0,0.095,1066000000.0,1303000000.0,1531000000.0,0.315,2.251,11.598,11.589,5197000000.0,0.0,67.68,1.105,1.105,1163000000.0,5680000000.0,9045000000.0,9045000000.0,237000000.0,0.055,0.203,0.1,0.144,0.0,748000000.0,1.0,147711985.0,147711985.0,,61.234,8472000000.0,0.0,187000000.0,1022000000.0,57.355,694000000.0
20,EMN,MRT,2016-06-30,2016-06-30,2016-06-30,2021-08-03,-311000000.0,15582000000.0,15664500000.0,2930000000.0,12652000000.0,0.588,29.593,-620000000.0,240000000.0,240000000.0,6762000000.0,891000000.0,1.339,2.544,6804000000.0,722000000.0,6082000000.0,6804000000.0,0.0,575000000.0,0.0,0.026,1.78,1370000000.0,1945000000.0,0.211,1945000000.0,1370000000.0,1112000000.0,6.0,5.94,6.0,4375000000.0,4099250000.0,4375000000.0,16914107516.0,12.0,8.696,867000000.0,5.865,1.0,2443000000.0,0.265,7105000000.0,258000000.0,12852000000.0,13313750000.0,1445000000.0,0.0,0.0,0.0,11129000000.0,2189000000.0,8940000000.0,10038107516.0,-28000000.0,-63000000.0,-113000000.0,-495000000.0,-255000000.0,-870000000.0,-640000000.0,0.0,1487000000.0,-5000000.0,886000000.0,886000000.0,886000000.0,0.0,5000000.0,0.096,1064000000.0,1379000000.0,1467000000.0,0.297,2.294,11.33,11.317,5162000000.0,0.0,67.9,1.091,1.091,1177000000.0,5517000000.0,9205000000.0,9205000000.0,242000000.0,0.057,0.216,0.103,0.149,0.0,750000000.0,1.0,147836635.0,147836635.0,,62.265,8477000000.0,0.0,226000000.0,1014000000.0,57.34,741000000.0
21,EMN,MRT,2016-03-31,2016-03-31,2016-03-31,2021-08-03,-305000000.0,15616000000.0,15740500000.0,2863000000.0,12753000000.0,0.6,28.441,-637000000.0,202000000.0,202000000.0,6883000000.0,933000000.0,1.55,2.695,7078000000.0,513000000.0,6565000000.0,7078000000.0,0.0,573000000.0,0.0,0.024,1.72,1452000000.0,2025000000.0,0.214,2025000000.0,1452000000.0,1191000000.0,6.27,6.21,6.27,4204000000.0,3946500000.0,4204000000.0,17422517749.0,12.0,8.604,947000000.0,6.407,1.0,2558000000.0,0.271,7164000000.0,261000000.0,13481000000.0,13568000000.0,1493000000.0,0.0,0.0,0.0,11331000000.0,1847000000.0,9484000000.0,10676517749.0,6000000.0,-62000000.0,-100000000.0,-526000000.0,-247000000.0,-877000000.0,-697000000.0,0.0,1584000000.0,-4000000.0,928000000.0,928000000.0,928000000.0,0.0,5000000.0,0.098,1086000000.0,1472000000.0,1334000000.0,0.274,2.54,11.505,11.52,5185000000.0,0.0,72.23,1.131,1.131,1106000000.0,5330000000.0,9441000000.0,9441000000.0,244000000.0,0.059,0.235,0.107,0.154,0.0,770000000.0,1.0,147812789.0,147812789.0,,63.871,8452000000.0,0.0,263000000.0,939000000.0,57.18,1016000000.0
22,EMN,MRT,2015-12-31,2015-12-31,2015-12-31,2021-08-03,-390000000.0,15580000000.0,15795000000.0,2878000000.0,12702000000.0,0.611,26.52,-652000000.0,293000000.0,293000000.0,7068000000.0,854000000.0,1.4,2.933,7008000000.0,431000000.0,6577000000.0,7008000000.0,0.0,571000000.0,0.0,0.025,1.66,1386000000.0,1957000000.0,0.203,1957000000.0,1386000000.0,1123000000.0,5.71,5.66,5.71,3941000000.0,3756250000.0,3941000000.0,17003494148.0,12.0,8.689,972000000.0,6.541,1.0,2580000000.0,0.267,7168000000.0,263000000.0,13071000000.0,13767250000.0,1479000000.0,0.0,0.0,0.0,11559000000.0,2056000000.0,9503000000.0,10032494148.0,79000000.0,-41000000.0,-95000000.0,-505000000.0,-238000000.0,-844000000.0,-693000000.0,0.0,1624000000.0,-8000000.0,848000000.0,848000000.0,848000000.0,0.0,6000000.0,0.088,1196000000.0,1384000000.0,1625000000.0,0.291,2.546,11.831,11.823,5130000000.0,0.0,67.51,1.04,1.04,1038000000.0,5146000000.0,9648000000.0,9648000000.0,242000000.0,0.054,0.226,0.101,0.144,0.0,771000000.0,1.0,148607527.0,148607527.0,,64.923,8412000000.0,0.0,275000000.0,928000000.0,56.605,822000000.0
23,EMN,MRT,2015-09-30,2015-09-30,2015-09-30,2021-08-03,-446000000.0,15880000000.0,15918000000.0,3182000000.0,12698000000.0,0.614,26.079,-611000000.0,309000000.0,309000000.0,7368000000.0,746000000.0,1.768,3.076,7280000000.0,251000000.0,7029000000.0,7280000000.0,0.0,551000000.0,0.0,0.025,1.6,1230000000.0,1781000000.0,0.182,1781000000.0,1230000000.0,977000000.0,5.01,4.95,5.01,3877000000.0,3648500000.0,3877000000.0,16676555696.0,14.0,9.364,923000000.0,6.209,1.0,2404000000.0,0.246,7200000000.0,253000000.0,13851000000.0,13998000000.0,1484000000.0,0.0,0.0,0.0,11924000000.0,1800000000.0,10124000000.0,9621555696.0,97000000.0,-3229000000.0,-32000000.0,2677000000.0,-230000000.0,2409000000.0,-3840000000.0,0.0,1534000000.0,-6000000.0,740000000.0,740000000.0,740000000.0,0.0,6000000.0,0.076,1165000000.0,1239000000.0,1549000000.0,0.319,2.482,13.002,12.918,5045000000.0,0.0,64.72,0.985,0.985,1120000000.0,5090000000.0,9772000000.0,9772000000.0,234000000.0,0.046,0.203,0.088,0.126,0.0,801000000.0,1.0,148664334.0,148664334.0,,65.732,8680000000.0,0.0,237000000.0,1004000000.0,58.387,1382000000.0
24,EMN,MRT,2015-06-30,2015-06-30,2015-06-30,2021-08-03,-363000000.0,15886000000.0,14981750000.0,3167000000.0,12719000000.0,0.65,25.32,-604000000.0,268000000.0,268000000.0,7393000000.0,700000000.0,1.739,3.199,7323000000.0,251000000.0,7072000000.0,7323000000.0,0.0,520000000.0,0.0,0.019,1.55,1154000000.0,1674000000.0,0.172,1674000000.0,1154000000.0,922000000.0,4.69,4.63,4.69,3764000000.0,3654500000.0,3764000000.0,19611206969.0,17.0,11.715,1122000000.0,7.548,1.0,2345000000.0,0.241,7251000000.0,232000000.0,13869000000.0,13176250000.0,1439000000.0,0.0,0.0,0.0,12041000000.0,1821000000.0,10220000000.0,12163206969.0,93000000.0,-3226000000.0,-81000000.0,2516000000.0,-223000000.0,2209000000.0,-3832000000.0,0.0,1726000000.0,-10000000.0,694000000.0,694000000.0,694000000.0,0.0,6000000.0,0.071,1200000000.0,1145000000.0,1570000000.0,0.33,3.231,17.526,17.446,5011000000.0,0.0,81.82,1.249,1.249,1188000000.0,4893000000.0,9738000000.0,9738000000.0,231000000.0,0.046,0.19,0.088,0.119,0.0,789000000.0,1.0,148658115.0,148658115.0,,65.506,8635000000.0,0.0,228000000.0,962000000.0,58.086,1346000000.0
25,EMN,MRT,2015-03-31,2015-03-31,2015-03-31,2021-08-03,-441000000.0,15834000000.0,14069750000.0,3166000000.0,12668000000.0,0.687,23.162,-595000000.0,196000000.0,196000000.0,7383000000.0,695000000.0,1.795,3.576,7644000000.0,351000000.0,7293000000.0,7644000000.0,0.0,488000000.0,0.0,0.022,1.5,1131000000.0,1619000000.0,0.168,1619000000.0,1131000000.0,920000000.0,4.65,4.58,4.65,3443000000.0,3684000000.0,3443000000.0,17630322803.0,16.0,10.89,959000000.0,6.452,1.0,2282000000.0,0.236,7240000000.0,211000000.0,14278000000.0,12454000000.0,1447000000.0,0.0,0.0,0.0,12312000000.0,1764000000.0,10548000000.0,10295322803.0,11000000.0,-3509000000.0,-179000000.0,2961000000.0,-216000000.0,2558000000.0,-4094000000.0,0.0,1554000000.0,-7000000.0,689000000.0,689000000.0,689000000.0,-2000000.0,6000000.0,0.071,1170000000.0,1112000000.0,1413000000.0,0.323,2.99,14.942,14.895,4957000000.0,0.0,69.26,1.065,1.065,1216000000.0,4656000000.0,9665000000.0,9665000000.0,230000000.0,0.049,0.187,0.091,0.117,0.0,767000000.0,1.0,148647456.0,148647456.0,,65.02,8594000000.0,0.0,231000000.0,1023000000.0,57.815,1402000000.0
26,EMN,MRT,2014-12-31,2014-12-31,2014-12-31,2021-08-03,-277000000.0,16072000000.0,13098000000.0,3173000000.0,12899000000.0,0.727,23.632,-593000000.0,214000000.0,214000000.0,7306000000.0,757000000.0,1.569,3.556,7549000000.0,301000000.0,7248000000.0,7549000000.0,0.0,450000000.0,0.0,0.019,1.45,1173000000.0,1623000000.0,0.17,1623000000.0,1173000000.0,986000000.0,5.03,4.97,5.03,3510000000.0,3755500000.0,3510000000.0,15618288261.0,13.0,9.623,840000000.0,5.656,1.0,2221000000.0,0.233,7391000000.0,187000000.0,13994000000.0,11575500000.0,1509000000.0,0.0,0.0,0.0,12482000000.0,2022000000.0,10460000000.0,11267288261.0,-23000000.0,-3509000000.0,-392000000.0,3250000000.0,-210000000.0,2639000000.0,-4091000000.0,0.0,1433000000.0,-4000000.0,751000000.0,751000000.0,751000000.0,-2000000.0,6000000.0,0.079,1059000000.0,1162000000.0,1721000000.0,0.288,3.21,15.003,15.082,5087000000.0,0.0,75.86,1.183,1.183,1200000000.0,4545000000.0,9527000000.0,9527000000.0,227000000.0,0.057,0.2,0.101,0.123,0.0,755000000.0,1.0,148527396.0,148527396.0,,64.143,8681000000.0,0.0,235000000.0,946000000.0,58.447,1151000000.0
27,EMN,MRT,2014-09-30,2014-09-30,2014-09-30,2021-08-03,78000000.0,12135000000.0,12041250000.0,2890000000.0,9245000000.0,0.784,26.158,-577000000.0,212000000.0,212000000.0,6761000000.0,1089000000.0,2.067,2.091,4563000000.0,0.0,4563000000.0,4563000000.0,0.0,435000000.0,0.0,0.017,1.4,1706000000.0,2141000000.0,0.227,2141000000.0,1706000000.0,1531000000.0,7.17,7.05,7.17,3901000000.0,3827000000.0,3901000000.0,16661230614.0,10.0,7.782,875000000.0,5.867,1.0,2682000000.0,0.284,4524000000.0,175000000.0,10564000000.0,10570500000.0,1358000000.0,0.0,0.0,0.0,8156000000.0,1398000000.0,6758000000.0,12063230614.0,-10000000.0,-325000000.0,-509000000.0,130000000.0,-205000000.0,-593000000.0,-867000000.0,31000000.0,1452000000.0,-2000000.0,1081000000.0,1081000000.0,1081000000.0,-2000000.0,8000000.0,0.114,985000000.0,1697000000.0,1398000000.0,0.195,3.092,11.159,11.282,4352000000.0,0.0,80.89,1.277,1.277,1126000000.0,4588000000.0,9443000000.0,9443000000.0,210000000.0,0.09,0.282,0.161,0.181,0.0,646000000.0,1.0,149131297.0,149131297.0,,63.32,7611000000.0,0.0,450000000.0,573000000.0,51.036,1492000000.0
28,EMN,MRT,2014-06-30,2014-06-30,2014-06-30,2021-08-03,173000000.0,12238000000.0,11939250000.0,2986000000.0,9252000000.0,0.785,25.838,-550000000.0,175000000.0,175000000.0,6633000000.0,1186000000.0,2.344,2.133,4773000000.0,0.0,4773000000.0,4773000000.0,0.0,432000000.0,0.0,0.015,1.35,1842000000.0,2274000000.0,0.243,2274000000.0,1842000000.0,1668000000.0,7.76,7.63,7.76,3882000000.0,3748750000.0,3882000000.0,17573645950.0,10.0,7.728,769000000.0,5.118,1.0,2735000000.0,0.292,4582000000.0,174000000.0,10980000000.0,10473500000.0,1354000000.0,0.0,0.0,0.0,8279000000.0,1274000000.0,7005000000.0,13123645950.0,-59000000.0,-283000000.0,-478000000.0,91000000.0,-199000000.0,-598000000.0,-790000000.0,31000000.0,1319000000.0,10000000.0,1179000000.0,1179000000.0,1179000000.0,-2000000.0,7000000.0,0.126,897000000.0,1838000000.0,1274000000.0,0.174,3.381,11.131,11.256,4343000000.0,0.0,87.35,1.401,1.401,1226000000.0,4431000000.0,9368000000.0,9368000000.0,202000000.0,0.099,0.315,0.176,0.197,0.0,634000000.0,1.0,150242083.0,150242083.0,,62.353,7656000000.0,0.0,489000000.0,572000000.0,50.958,1712000000.0
29,EMN,MRT,2014-03-31,2014-03-31,2014-03-31,2021-08-03,168000000.0,11947000000.0,11820250000.0,2949000000.0,8998000000.0,0.791,24.458,-518000000.0,185000000.0,185000000.0,6593000000.0,1158000000.0,2.342,2.183,4635000000.0,0.0,4635000000.0,4635000000.0,0.0,430000000.0,0.0,0.015,1.3,1824000000.0,2254000000.0,0.241,2254000000.0,1824000000.0,1649000000.0,7.51,7.39,7.51,3729000000.0,3600750000.0,3729000000.0,17161195071.0,9.0,7.614,744000000.0,4.88,1.0,2755000000.0,0.295,4374000000.0,175000000.0,10764000000.0,10343000000.0,1377000000.0,0.0,0.0,0.0,8139000000.0,1259000000.0,6880000000.0,13144195071.0,7000000.0,0.0,-421000000.0,-148000000.0,-192000000.0,-771000000.0,-493000000.0,31000000.0,1262000000.0,9000000.0,1151000000.0,1151000000.0,1151000000.0,0.0,7000000.0,0.123,925000000.0,1830000000.0,1259000000.0,0.173,3.525,11.42,11.479,4301000000.0,0.0,86.21,1.406,1.406,1167000000.0,4191000000.0,9348000000.0,9348000000.0,197000000.0,0.097,0.32,0.176,0.195,0.0,642000000.0,1.0,152467174.0,152467174.0,,61.312,7573000000.0,0.0,498000000.0,546000000.0,49.67,1690000000.0
30,EMN,MRT,2013-12-31,2013-12-31,2013-12-31,2021-08-03,171000000.0,11845000000.0,11755250000.0,2840000000.0,9005000000.0,0.795,24.662,-483000000.0,237000000.0,237000000.0,6574000000.0,1172000000.0,1.932,2.1,4254000000.0,0.0,4254000000.0,4254000000.0,0.0,433000000.0,0.0,0.015,1.25,1852000000.0,2285000000.0,0.244,2285000000.0,1852000000.0,1672000000.0,7.57,7.44,7.57,3796000000.0,3444750000.0,3796000000.0,16628369501.0,9.0,7.277,814000000.0,5.288,1.0,2776000000.0,0.297,4418000000.0,180000000.0,9974000000.0,10282500000.0,1264000000.0,0.0,0.0,0.0,7970000000.0,1470000000.0,6500000000.0,12421369501.0,-12000000.0,0.0,-179000000.0,-530000000.0,-140000000.0,-859000000.0,-457000000.0,31000000.0,1297000000.0,7000000.0,1165000000.0,1165000000.0,1165000000.0,0.0,7000000.0,0.125,914000000.0,1862000000.0,1470000000.0,0.165,3.272,10.662,10.661,4290000000.0,0.0,80.7,1.328,1.328,1088000000.0,4012000000.0,9350000000.0,9350000000.0,193000000.0,0.099,0.338,0.18,0.198,0.0,645000000.0,1.0,153920316.0,153920316.0,,60.746,7427000000.0,0.0,507000000.0,496000000.0,48.252,1370000000.0
31,EMN,MRT,2013-09-30,2013-09-30,2013-09-30,2021-08-03,147000000.0,11727000000.0,11721500000.0,2767000000.0,8960000000.0,0.789,23.263,-483000000.0,222000000.0,222000000.0,6947000000.0,771000000.0,2.091,2.246,4429000000.0,0.0,4429000000.0,4429000000.0,0.0,434000000.0,0.0,0.015,1.2,1254000000.0,1688000000.0,0.182,1688000000.0,1254000000.0,1069000000.0,4.87,4.81,4.87,3588000000.0,3231500000.0,3588000000.0,16460193016.0,13.0,9.751,751000000.0,4.869,1.0,2307000000.0,0.249,4435000000.0,185000000.0,10176000000.0,10385750000.0,1274000000.0,0.0,0.0,0.0,8058000000.0,1323000000.0,6735000000.0,12015193016.0,-15000000.0,-1000000.0,-34000000.0,-555000000.0,-179000000.0,-778000000.0,-475000000.0,0.0,1234000000.0,4000000.0,765000000.0,765000000.0,765000000.0,0.0,6000000.0,0.083,1051000000.0,1256000000.0,1323000000.0,0.246,3.349,15.706,15.996,4217000000.0,0.0,77.9,1.298,1.298,1148000000.0,3718000000.0,9254000000.0,9254000000.0,210000000.0,0.065,0.237,0.121,0.136,0.0,734000000.0,1.0,154238678.0,154238678.0,,59.998,7292000000.0,0.0,304000000.0,204000000.0,47.277,1444000000.0
32,EMN,MRT,2013-06-30,2013-06-30,2013-06-30,2021-08-03,90000000.0,11762000000.0,11701000000.0,2838000000.0,8924000000.0,0.784,21.247,-478000000.0,234000000.0,234000000.0,7032000000.0,619000000.0,2.168,2.55,4679000000.0,0.0,4679000000.0,4679000000.0,0.0,438000000.0,0.0,0.017,1.16,1043000000.0,1481000000.0,0.161,1481000000.0,1043000000.0,854000000.0,3.88,3.83,3.88,3290000000.0,3087000000.0,3290000000.0,15445695370.0,15.0,10.429,682000000.0,4.404,1.0,2143000000.0,0.234,4440000000.0,189000000.0,10458000000.0,10511750000.0,1286000000.0,0.0,0.0,0.0,8389000000.0,1309000000.0,7080000000.0,10840695370.0,-2766000000.0,-2659000000.0,10000000.0,-625000000.0,-168000000.0,-793000000.0,-3134000000.0,1000000.0,1160000000.0,1000000.0,611000000.0,611000000.0,611000000.0,0.0,8000000.0,0.067,1103000000.0,1040000000.0,1309000000.0,0.299,3.295,17.743,18.044,4177000000.0,0.0,70.01,1.182,1.182,1226000000.0,3456000000.0,9175000000.0,9175000000.0,214000000.0,0.052,0.198,0.099,0.114,0.0,748000000.0,1.0,154844956.0,154844956.0,,59.253,7322000000.0,0.0,243000000.0,97000000.0,47.286,1529000000.0
33,EMN,MRT,2013-03-31,2013-03-31,2013-03-31,2021-08-03,85000000.0,11687000000.0,10902000000.0,2737000000.0,8950000000.0,0.788,20.168,-467000000.0,178000000.0,178000000.0,6641000000.0,533000000.0,2.117,2.737,4783000000.0,4000000.0,4779000000.0,4783000000.0,0.0,401000000.0,0.0,0.016,1.12,915000000.0,1316000000.0,0.153,1316000000.0,915000000.0,744000000.0,3.47,3.41,3.47,3105000000.0,2795250000.0,3105000000.0,15290860025.0,17.0,11.619,647000000.0,4.203,1.0,1947000000.0,0.227,4477000000.0,171000000.0,10522000000.0,9921750000.0,1301000000.0,0.0,0.0,0.0,8499000000.0,1293000000.0,7206000000.0,10756860025.0,-391000000.0,-2659000000.0,55000000.0,1640000000.0,-157000000.0,1531000000.0,-3035000000.0,81000000.0,1114000000.0,-1000000.0,526000000.0,526000000.0,526000000.0,-2000000.0,7000000.0,0.061,1018000000.0,929000000.0,1289000000.0,0.323,3.464,20.45,20.135,4154000000.0,0.0,69.87,1.253,1.253,1172000000.0,3239000000.0,8588000000.0,8588000000.0,206000000.0,0.048,0.188,0.092,0.107,0.0,689000000.0,1.0,153955346.0,153955346.0,,55.782,7210000000.0,0.0,218000000.0,104000000.0,46.832,1444000000.0
34,EMN,MRT,2012-12-31,2012-12-31,2012-12-31,2021-08-03,123000000.0,11710000000.0,9528000000.0,2699000000.0,9011000000.0,0.85,19.189,-470000000.0,249000000.0,249000000.0,6340000000.0,444000000.0,1.979,2.95,4783000000.0,4000000.0,4779000000.0,4783000000.0,0.0,360000000.0,0.0,0.016,1.08,786000000.0,1146000000.0,0.141,1146000000.0,786000000.0,643000000.0,3.0,2.93,3.0,2943000000.0,2525250000.0,2943000000.0,15184632244.0,19.0,13.25,658000000.0,4.29,1.0,1762000000.0,0.217,4493000000.0,143000000.0,10387000000.0,8744250000.0,1260000000.0,0.0,0.0,0.0,8682000000.0,1364000000.0,7318000000.0,10436632244.0,-328000000.0,-2669000000.0,56000000.0,1644000000.0,-192000000.0,1504000000.0,-2962000000.0,207000000.0,1128000000.0,2000000.0,437000000.0,437000000.0,437000000.0,-1000000.0,7000000.0,0.054,962000000.0,800000000.0,1360000000.0,0.36,3.546,23.882,22.683,4181000000.0,0.0,68.05,1.288,1.288,997000000.0,3038000000.0,8102000000.0,8102000000.0,198000000.0,0.046,0.173,0.09,0.097,0.0,644000000.0,1.0,153367116.0,153367116.0,,52.827,7217000000.0,0.0,206000000.0,182000000.0,47.057,1335000000.0
35,EMN,MRT,2012-09-30,2012-09-30,2012-09-30,2021-08-03,109000000.0,11645000000.0,8146500000.0,2673000000.0,8972000000.0,0.94,21.775,-427000000.0,237000000.0,237000000.0,6015000000.0,509000000.0,1.826,2.869,4985000000.0,120000000.0,4865000000.0,4985000000.0,0.0,321000000.0,0.0,0.018,1.04,850000000.0,1171000000.0,0.153,1171000000.0,850000000.0,736000000.0,3.58,3.5,3.58,3010000000.0,2257000000.0,3010000000.0,8715628269.0,10.0,7.443,613000000.0,4.435,1.0,1641000000.0,0.214,4249000000.0,114000000.0,10680000000.0,7543500000.0,1269000000.0,0.0,0.0,0.0,8635000000.0,1464000000.0,7171000000.0,7880628269.0,-211000000.0,-2670000000.0,10000000.0,1808000000.0,-143000000.0,1668000000.0,-2921000000.0,207000000.0,1040000000.0,2000000.0,503000000.0,503000000.0,503000000.0,-1000000.0,6000000.0,0.066,778000000.0,863000000.0,1344000000.0,0.291,2.618,15.667,15.925,4113000000.0,0.0,57.01,1.029,1.029,1072000000.0,3139000000.0,7656000000.0,7656000000.0,180000000.0,0.062,0.223,0.113,0.111,0.0,561000000.0,1.0,138232385.0,138232385.0,,55.385,7396000000.0,0.0,233000000.0,71000000.0,53.504,1209000000.0
36,EMN,MRT,2012-06-30,2012-06-30,2012-06-30,2021-08-03,90000000.0,8566000000.0,6781000000.0,4630000000.0,3936000000.0,1.063,15.389,-435000000.0,3000000000.0,3000000000.0,5660000000.0,526000000.0,5.15,3.035,3835000000.0,5000000.0,3830000000.0,3835000000.0,0.0,278000000.0,0.0,0.021,1.04,858000000.0,1136000000.0,0.158,1136000000.0,858000000.0,772000000.0,3.82,3.73,3.82,2123000000.0,1981750000.0,2123000000.0,7974968537.0,9.0,7.02,464000000.0,3.363,1.0,1549000000.0,0.215,404000000.0,86000000.0,8098000000.0,6304250000.0,775000000.0,0.0,0.0,0.0,6443000000.0,899000000.0,5544000000.0,6948968537.0,2366000000.0,-166000000.0,-130000000.0,2128000000.0,-140000000.0,1854000000.0,-388000000.0,213000000.0,899000000.0,1000000.0,523000000.0,523000000.0,523000000.0,-1000000.0,3000000.0,0.073,678000000.0,871000000.0,894000000.0,0.272,3.273,13.287,13.186,3135000000.0,0.0,50.37,0.964,0.964,802000000.0,3024000000.0,7209000000.0,7209000000.0,169000000.0,0.077,0.264,0.136,0.119,0.0,502000000.0,1.0,137958478.0,137958478.0,,52.255,8162000000.0,0.0,249000000.0,229000000.0,59.163,3731000000.0
37,EMN,MRT,2012-03-31,2012-03-31,2012-03-31,2021-08-03,153000000.0,6191000000.0,6168000000.0,2264000000.0,3927000000.0,1.174,14.781,-458000000.0,569000000.0,569000000.0,5699000000.0,566000000.0,2.271,2.057,1595000000.0,151000000.0,1444000000.0,1595000000.0,0.0,274000000.0,0.0,0.02,1.015,899000000.0,1173000000.0,0.162,1173000000.0,899000000.0,823000000.0,4.07,3.97,4.07,2025000000.0,1927750000.0,2025000000.0,8102734382.0,9.0,6.908,332000000.0,2.423,1.0,1542000000.0,0.213,408000000.0,76000000.0,5812000000.0,5657250000.0,768000000.0,80000000.0,80000000.0,0.0,4166000000.0,997000000.0,3169000000.0,7081734382.0,-71000000.0,-166000000.0,-228000000.0,-34000000.0,-138000000.0,-403000000.0,-459000000.0,160000000.0,790000000.0,1000000.0,564000000.0,564000000.0,564000000.0,0.0,2000000.0,0.078,655000000.0,887000000.0,846000000.0,0.249,3.497,12.556,12.7,3136000000.0,0.0,51.69,0.978,0.978,808000000.0,2882000000.0,7241000000.0,7241000000.0,164000000.0,0.091,0.293,0.159,0.124,0.0,499000000.0,1.0,137003954.0,137003954.0,,52.852,5783000000.0,0.0,259000000.0,223000000.0,42.21,1267000000.0
38,EMN,MRT,2011-12-31,2011-12-31,2011-12-31,2021-08-03,138000000.0,6184000000.0,6122500000.0,2302000000.0,3882000000.0,1.172,13.592,-466000000.0,577000000.0,577000000.0,5609000000.0,647000000.0,2.066,2.29,1598000000.0,153000000.0,1445000000.0,1598000000.0,0.0,273000000.0,0.0,0.025,0.99,996000000.0,1269000000.0,0.177,1269000000.0,996000000.0,920000000.0,4.63,4.52,4.63,1870000000.0,1875750000.0,1870000000.0,6524745355.0,7.0,5.142,159000000.0,1.156,1.0,1569000000.0,0.219,507000000.0,76000000.0,5584000000.0,5589000000.0,779000000.0,200000000.0,200000000.0,0.0,4283000000.0,1114000000.0,3169000000.0,5373745355.0,61000000.0,-156000000.0,-247000000.0,-37000000.0,-136000000.0,-423000000.0,-142000000.0,451000000.0,625000000.0,1000000.0,646000000.0,646000000.0,646000000.0,-40000000.0,1000000.0,0.09,632000000.0,937000000.0,961000000.0,0.214,2.874,8.318,8.436,3107000000.0,0.0,39.06,0.749,0.749,704000000.0,2760000000.0,7178000000.0,7178000000.0,159000000.0,0.106,0.344,0.178,0.139,0.0,481000000.0,1.0,137576686.0,137576686.0,,52.175,5677000000.0,0.0,274000000.0,210000000.0,41.264,1188000000.0
39,EMN,MRT,2011-09-30,2011-09-30,2011-09-30,2021-08-03,-447000000.0,6183000000.0,6073000000.0,2354000000.0,3829000000.0,1.139,13.597,-452000000.0,448000000.0,448000000.0,5217000000.0,642000000.0,1.96,2.239,1599000000.0,154000000.0,1445000000.0,1599000000.0,0.0,272000000.0,0.0,0.028,0.965,997000000.0,1269000000.0,0.183,1269000000.0,997000000.0,916000000.0,4.54,4.42,4.54,1909000000.0,1815000000.0,1909000000.0,5777839169.0,6.0,4.553,99000000.0,0.705,1.0,1701000000.0,0.246,410000000.0,81000000.0,5723000000.0,5600250000.0,850000000.0,201000000.0,201000000.0,0.0,4274000000.0,1201000000.0,3073000000.0,4810839169.0,-194000000.0,-155000000.0,-360000000.0,-120000000.0,-131000000.0,-611000000.0,-135000000.0,453000000.0,551000000.0,1000000.0,640000000.0,640000000.0,640000000.0,-29000000.0,2000000.0,0.093,640000000.0,1061000000.0,1047000000.0,0.213,2.52,7.517,7.547,3058000000.0,0.0,34.265,0.695,0.695,806000000.0,3372000000.0,6918000000.0,6918000000.0,159000000.0,0.105,0.353,0.178,0.144,0.0,463000000.0,1.0,140400968.0,140400968.0,,49.273,5773000000.0,0.0,276000000.0,241000000.0,41.118,1153000000.0
40,EMN,MRT,2011-06-30,2011-06-30,2011-06-30,2021-08-03,-423000000.0,6114000000.0,6024500000.0,2508000000.0,3606000000.0,1.098,13.415,-382000000.0,634000000.0,634000000.0,4923000000.0,638000000.0,2.104,2.206,1601000000.0,155000000.0,1446000000.0,1601000000.0,0.0,276000000.0,0.0,0.018,0.925,1000000000.0,1276000000.0,0.193,1276000000.0,1000000000.0,914000000.0,4.48,4.36,4.48,1907000000.0,1790250000.0,1907000000.0,8218068948.0,8.0,6.44,273000000.0,1.92,1.0,1690000000.0,0.256,379000000.0,86000000.0,5510000000.0,5578500000.0,748000000.0,200000000.0,200000000.0,0.0,4207000000.0,1192000000.0,3015000000.0,7255068948.0,199000000.0,-1000000.0,-244000000.0,-124000000.0,-130000000.0,-498000000.0,42000000.0,446000000.0,655000000.0,0.0,636000000.0,636000000.0,636000000.0,-37000000.0,2000000.0,0.096,634000000.0,1056000000.0,1037000000.0,0.206,3.804,11.407,11.392,2919000000.0,0.0,51.035,1.097,1.097,884000000.0,3244000000.0,6613000000.0,6613000000.0,160000000.0,0.106,0.355,0.179,0.151,0.0,463000000.0,1.0,142158694.0,142158694.0,,46.518,5735000000.0,0.0,278000000.0,245000000.0,40.342,1316000000.0
41,EMN,MRT,2011-03-31,2011-03-31,2011-03-31,2021-08-03,-417000000.0,6009000000.0,5945750000.0,2434000000.0,3575000000.0,1.048,12.841,-316000000.0,640000000.0,640000000.0,4630000000.0,566000000.0,2.307,2.307,1603000000.0,7000000.0,1596000000.0,1603000000.0,0.0,279000000.0,0.0,0.018,0.91,907000000.0,1186000000.0,0.19,1186000000.0,907000000.0,814000000.0,3.955,3.86,3.955,1817000000.0,1732750000.0,1817000000.0,8114710131.0,9.0,6.842,338000000.0,2.389,1.0,1600000000.0,0.257,378000000.0,93000000.0,5539000000.0,5629250000.0,675000000.0,200000000.0,200000000.0,0.0,4192000000.0,1055000000.0,3137000000.0,7026710131.0,157000000.0,-172000000.0,-158000000.0,-123000000.0,-129000000.0,-410000000.0,-88000000.0,426000000.0,654000000.0,1000000.0,564000000.0,564000000.0,564000000.0,-43000000.0,2000000.0,0.091,631000000.0,969000000.0,1048000000.0,0.23,3.867,12.459,12.556,2886000000.0,0.0,49.66,1.128,1.128,888000000.0,3066000000.0,6230000000.0,6230000000.0,155000000.0,0.095,0.325,0.161,0.146,0.0,447000000.0,1.0,141496378.0,141496378.0,,44.029,5631000000.0,0.0,250000000.0,226000000.0,39.796,1379000000.0
42,EMN,MRT,2010-12-31,2010-12-31,2010-12-31,2021-08-03,-432000000.0,5986000000.0,5855500000.0,2047000000.0,3939000000.0,0.998,11.279,-250000000.0,516000000.0,516000000.0,4383000000.0,427000000.0,1.913,2.679,1604000000.0,6000000.0,1598000000.0,1604000000.0,0.0,280000000.0,0.0,0.021,0.895,726000000.0,1006000000.0,0.172,1006000000.0,726000000.0,627000000.0,2.95,2.88,2.95,1627000000.0,1670750000.0,1627000000.0,7028514252.0,10.0,6.987,325000000.0,2.253,1.0,1459000000.0,0.25,375000000.0,99000000.0,5629000000.0,5641500000.0,608000000.0,0.0,0.0,0.0,4359000000.0,1070000000.0,3289000000.0,6064514252.0,-277000000.0,-190000000.0,-162000000.0,-122000000.0,-127000000.0,-411000000.0,-442000000.0,13000000.0,575000000.0,1000000.0,425000000.0,425000000.0,425000000.0,0.0,2000000.0,0.073,615000000.0,844000000.0,1012000000.0,0.303,3.727,14.269,14.251,3219000000.0,0.0,42.04,1.038,1.038,676000000.0,2879000000.0,5842000000.0,5842000000.0,152000000.0,0.073,0.254,0.129,0.124,0.0,434000000.0,1.0,144255810.0,144255810.0,,40.498,5611000000.0,0.0,202000000.0,284000000.0,38.896,977000000.0
43,EMN,MRT,2010-09-30,2010-09-30,2010-09-30,2021-08-03,-392000000.0,5989000000.0,5737750000.0,2101000000.0,3888000000.0,0.881,12.527,-182000000.0,642000000.0,642000000.0,3668000000.0,387000000.0,2.235,2.309,1606000000.0,4000000.0,1602000000.0,1606000000.0,0.0,283000000.0,0.0,0.024,0.88,679000000.0,962000000.0,0.19,962000000.0,679000000.0,584000000.0,2.695,2.64,2.695,1810000000.0,1642250000.0,1810000000.0,6521924576.0,10.0,6.78,205000000.0,1.419,1.0,1388000000.0,0.275,377000000.0,95000000.0,5636000000.0,5537000000.0,652000000.0,0.0,0.0,0.0,4179000000.0,940000000.0,3239000000.0,5345924576.0,-26000000.0,-205000000.0,-46000000.0,140000000.0,-128000000.0,-34000000.0,-379000000.0,16000000.0,387000000.0,0.0,387000000.0,387000000.0,387000000.0,7000000.0,0.0,0.077,689000000.0,699000000.0,936000000.0,0.327,2.954,13.814,13.729,3166000000.0,0.0,37.0,1.057,1.057,767000000.0,2894000000.0,5056000000.0,5056000000.0,131000000.0,0.067,0.236,0.123,0.134,0.0,382000000.0,1.0,144484448.0,144484448.0,,34.993,5612000000.0,0.0,197000000.0,297000000.0,38.842,1161000000.0
44,EMN,MRT,2010-06-30,2010-06-30,2010-06-30,2021-08-03,-389000000.0,5799000000.0,5629000000.0,1909000000.0,3890000000.0,0.868,11.583,-189000000.0,435000000.0,435000000.0,3592000000.0,318000000.0,2.155,2.458,1611000000.0,6000000.0,1605000000.0,1611000000.0,0.0,279000000.0,0.0,0.033,0.88,591000000.0,870000000.0,0.178,870000000.0,591000000.0,502000000.0,2.205,2.17,2.205,1677000000.0,1601000000.0,1677000000.0,4986907929.0,8.0,5.732,213000000.0,1.471,1.0,1294000000.0,0.265,376000000.0,89000000.0,5713000000.0,5421250000.0,635000000.0,0.0,0.0,0.0,4122000000.0,886000000.0,3236000000.0,3862907929.0,-15000000.0,-221000000.0,-33000000.0,144000000.0,-128000000.0,-17000000.0,-400000000.0,16000000.0,402000000.0,0.0,318000000.0,318000000.0,318000000.0,15000000.0,0.0,0.065,670000000.0,624000000.0,880000000.0,0.399,2.303,12.148,12.1,3155000000.0,0.0,26.68,0.791,0.791,809000000.0,2756000000.0,4886000000.0,4886000000.0,122000000.0,0.056,0.199,0.109,0.121,0.0,372000000.0,1.0,144786654.0,144786654.0,,33.746,5423000000.0,0.0,184000000.0,285000000.0,37.455,1023000000.0
45,EMN,MRT,2010-03-31,2010-03-31,2010-03-31,2021-08-03,-388000000.0,5648000000.0,5518250000.0,1877000000.0,3771000000.0,0.84,10.825,-239000000.0,483000000.0,483000000.0,3467000000.0,235000000.0,2.157,2.6,1607000000.0,4000000.0,1603000000.0,1607000000.0,0.0,276000000.0,0.0,0.028,0.88,471000000.0,747000000.0,0.161,747000000.0,471000000.0,387000000.0,1.625,1.605,1.625,1569000000.0,1575500000.0,1569000000.0,5425764915.0,12.0,7.263,212000000.0,1.463,1.0,1170000000.0,0.252,314000000.0,84000000.0,5588000000.0,5321750000.0,588000000.0,0.0,0.0,0.0,4079000000.0,870000000.0,3209000000.0,4614764915.0,143000000.0,-66000000.0,-17000000.0,146000000.0,-128000000.0,1000000.0,-308000000.0,10000000.0,451000000.0,-1000000.0,235000000.0,235000000.0,235000000.0,22000000.0,0.0,0.051,661000000.0,509000000.0,866000000.0,0.542,2.941,19.637,19.594,3167000000.0,0.0,31.84,0.995,0.995,774000000.0,2640000000.0,4637000000.0,4637000000.0,123000000.0,0.043,0.149,0.089,0.102,0.0,368000000.0,1.0,144936084.0,144936084.0,,31.993,5334000000.0,0.0,152000000.0,261000000.0,36.802,1007000000.0
46,EMN,MRT,2009-12-31,2009-12-31,2009-12-31,2021-08-03,-385000000.0,5515000000.0,5405500000.0,1735000000.0,3780000000.0,0.813,10.405,-318000000.0,793000000.0,793000000.0,3364000000.0,136000000.0,2.169,2.645,1604000000.0,0.0,1604000000.0,1604000000.0,0.0,274000000.0,0.0,0.029,0.88,314000000.0,588000000.0,0.134,588000000.0,314000000.0,236000000.0,0.94,0.93,0.94,1513000000.0,1564000000.0,1513000000.0,5152883957.0,16.0,8.763,440000000.0,3.026,1.0,1032000000.0,0.235,315000000.0,78000000.0,5211000000.0,5228250000.0,531000000.0,0.0,0.0,0.0,4002000000.0,800000000.0,3202000000.0,4379883957.0,406000000.0,-68000000.0,-4000000.0,150000000.0,-128000000.0,18000000.0,-369000000.0,30000000.0,758000000.0,-1000000.0,136000000.0,136000000.0,136000000.0,18000000.0,0.0,0.031,687000000.0,345000000.0,800000000.0,0.936,2.895,32.205,32.043,3110000000.0,0.0,30.12,0.996,0.996,379000000.0,2571000000.0,4396000000.0,4396000000.0,124000000.0,0.025,0.087,0.06,0.071,0.0,367000000.0,1.0,145414474.0,145414474.0,,30.231,5200000000.0,0.0,100000000.0,258000000.0,35.76,935000000.0
47,EMN,MRT,2009-09-30,2009-09-30,2009-09-30,2021-08-03,-326000000.0,5554000000.0,5347000000.0,1580000000.0,3974000000.0,0.8,11.319,-480000000.0,668000000.0,668000000.0,3404000000.0,166000000.0,1.908,2.376,1441000000.0,1000000.0,1440000000.0,1441000000.0,0.0,271000000.0,0.0,0.033,0.88,343000000.0,614000000.0,0.144,614000000.0,343000000.0,268000000.0,1.17,1.175,1.17,1645000000.0,1574000000.0,1645000000.0,4891515046.0,14.0,7.967,548000000.0,3.771,1.0,871000000.0,0.204,326000000.0,75000000.0,5173000000.0,5223500000.0,495000000.0,0.0,0.0,0.0,3909000000.0,828000000.0,3081000000.0,3890515046.0,331000000.0,-52000000.0,16000000.0,-42000000.0,-128000000.0,-154000000.0,-544000000.0,362000000.0,1028000000.0,1000000.0,166000000.0,166000000.0,166000000.0,17000000.0,0.0,0.039,487000000.0,384000000.0,827000000.0,0.752,2.365,23.437,22.88,3273000000.0,0.0,26.77,0.91,0.91,384000000.0,2635000000.0,4275000000.0,4275000000.0,124000000.0,0.031,0.105,0.066,0.08,0.0,356000000.0,1.0,145331156.0,145331156.0,,29.416,5228000000.0,0.0,102000000.0,274000000.0,35.973,752000000.0
48,EMN,MRT,2009-06-30,2009-06-30,2009-06-30,2021-08-03,-321000000.0,5356000000.0,5340750000.0,1405000000.0,3951000000.0,0.891,10.841,-568000000.0,450000000.0,450000000.0,3892000000.0,165000000.0,1.96,2.401,1451000000.0,11000000.0,1440000000.0,1451000000.0,0.0,269000000.0,0.0,0.046,0.88,321000000.0,590000000.0,0.124,590000000.0,321000000.0,246000000.0,1.145,1.15,1.145,1575000000.0,1617750000.0,1575000000.0,3863215711.0,12.0,6.548,343000000.0,2.361,1.0,865000000.0,0.182,325000000.0,75000000.0,5315000000.0,5251250000.0,443000000.0,0.0,0.0,0.0,3781000000.0,717000000.0,3064000000.0,2753215711.0,-112000000.0,-36000000.0,-222000000.0,-63000000.0,-130000000.0,-415000000.0,-608000000.0,362000000.0,911000000.0,0.0,165000000.0,165000000.0,165000000.0,17000000.0,0.0,0.035,498000000.0,367000000.0,706000000.0,0.769,1.748,16.686,16.55,3272000000.0,0.0,18.95,0.579,0.579,483000000.0,2566000000.0,4757000000.0,4757000000.0,130000000.0,0.031,0.102,0.061,0.067,0.0,359000000.0,1.0,145288428.0,145288428.0,,32.742,5031000000.0,0.0,81000000.0,248000000.0,34.628,688000000.0
49,EMN,MRT,2009-03-31,2009-03-31,2009-03-31,2021-08-03,-336000000.0,5197000000.0,5459250000.0,1303000000.0,3894000000.0,0.978,10.497,-621000000.0,340000000.0,340000000.0,4412000000.0,215000000.0,1.694,2.412,1450000000.0,13000000.0,1437000000.0,1450000000.0,0.0,269000000.0,0.0,0.066,0.88,366000000.0,635000000.0,0.119,635000000.0,366000000.0,293000000.0,1.455,1.445,1.455,1523000000.0,1727000000.0,1523000000.0,3012264344.0,8.0,4.744,167000000.0,1.151,1.0,926000000.0,0.173,324000000.0,73000000.0,5214000000.0,5240750000.0,561000000.0,0.0,0.0,0.0,3674000000.0,769000000.0,2905000000.0,1944264344.0,-453000000.0,-58000000.0,-219000000.0,-224000000.0,-132000000.0,-575000000.0,-666000000.0,361000000.0,788000000.0,0.0,215000000.0,215000000.0,215000000.0,17000000.0,0.0,0.04,518000000.0,408000000.0,756000000.0,0.605,1.277,9.043,9.21,3228000000.0,0.0,13.4,0.364,0.364,353000000.0,2533000000.0,5338000000.0,5338000000.0,135000000.0,0.039,0.124,0.07,0.069,0.0,368000000.0,1.0,145094354.0,145094354.0,,36.79,4873000000.0,0.0,78000000.0,111000000.0,33.585,534000000.0
50,EMN,MRT,2008-12-31,2008-12-31,2008-12-31,2021-08-03,-335000000.0,5281000000.0,5611500000.0,1423000000.0,3858000000.0,1.058,10.704,-644000000.0,387000000.0,387000000.0,4852000000.0,346000000.0,1.71,2.401,1455000000.0,13000000.0,1442000000.0,1455000000.0,0.0,267000000.0,0.0,0.056,0.88,532000000.0,799000000.0,0.135,799000000.0,532000000.0,462000000.0,2.295,2.275,2.295,1553000000.0,1820250000.0,1553000000.0,3399365420.0,6.0,4.255,9000000.0,0.062,1.0,1084000000.0,0.183,325000000.0,70000000.0,5192000000.0,5241250000.0,637000000.0,0.0,0.0,0.0,3728000000.0,832000000.0,2896000000.0,2300365420.0,-501000000.0,-38000000.0,-462000000.0,-182000000.0,-135000000.0,-779000000.0,-376000000.0,337000000.0,653000000.0,1000000.0,346000000.0,346000000.0,346000000.0,-1000000.0,0.0,0.058,533000000.0,551000000.0,819000000.0,0.383,1.481,6.648,6.908,3198000000.0,0.0,15.855,0.388,0.388,354000000.0,2563000000.0,5936000000.0,5936000000.0,143000000.0,0.062,0.19,0.102,0.09,0.0,384000000.0,1.0,145087696.0,145087696.0,,40.913,4956000000.0,0.0,116000000.0,106000000.0,34.159,591000000.0
51,EMN,MRT,2008-09-30,2008-09-30,2008-09-30,2021-08-03,-92000000.0,5529000000.0,5793500000.0,1765000000.0,3764000000.0,1.228,11.912,-613000000.0,337000000.0,337000000.0,5847000000.0,446000000.0,1.732,2.038,1436000000.0,0.0,1436000000.0,1436000000.0,0.0,279000000.0,0.0,0.032,0.88,676000000.0,955000000.0,0.134,955000000.0,676000000.0,608000000.0,2.89,2.845,2.89,1820000000.0,1952500000.0,1820000000.0,5084185641.0,8.0,5.324,1000000.0,0.007,1.0,1270000000.0,0.178,325000000.0,68000000.0,5284000000.0,5265750000.0,715000000.0,0.0,0.0,0.0,3709000000.0,1019000000.0,2690000000.0,4206185641.0,-444000000.0,-66000000.0,-542000000.0,-197000000.0,-138000000.0,-877000000.0,-181000000.0,159000000.0,614000000.0,0.0,446000000.0,446000000.0,446000000.0,-15000000.0,0.0,0.063,612000000.0,658000000.0,1019000000.0,0.304,2.311,9.431,9.526,3093000000.0,0.0,27.53,0.591,0.591,647000000.0,2598000000.0,7117000000.0,7117000000.0,161000000.0,0.077,0.228,0.128,0.095,0.0,433000000.0,1.0,152785530.0,152785530.0,,46.582,5204000000.0,0.0,162000000.0,283000000.0,34.061,746000000.0
52,EMN,MRT,2008-06-30,2008-06-30,2008-06-30,2021-08-03,-58000000.0,5830000000.0,5897500000.0,2132000000.0,3698000000.0,1.185,13.196,-610000000.0,562000000.0,562000000.0,5735000000.0,366000000.0,1.926,1.898,1440000000.0,0.0,1440000000.0,1440000000.0,0.0,290000000.0,0.0,0.026,0.88,560000000.0,850000000.0,0.122,850000000.0,560000000.0,495000000.0,2.335,2.3,2.335,2012000000.0,1995250000.0,2012000000.0,6085512284.0,11.0,7.159,102000000.0,0.669,1.0,1255000000.0,0.18,328000000.0,65000000.0,5273000000.0,5285500000.0,669000000.0,0.0,0.0,0.0,3818000000.0,1107000000.0,2711000000.0,5249512284.0,-329000000.0,-65000000.0,-512000000.0,-209000000.0,-141000000.0,-862000000.0,-183000000.0,159000000.0,712000000.0,4000000.0,366000000.0,366000000.0,366000000.0,-10000000.0,0.0,0.052,725000000.0,530000000.0,1107000000.0,0.377,2.609,14.343,14.745,3035000000.0,0.0,34.43,0.751,0.751,799000000.0,2529000000.0,6990000000.0,6990000000.0,165000000.0,0.062,0.183,0.106,0.08,0.0,430000000.0,1.0,152469134.0,152469134.0,,45.845,5502000000.0,0.0,129000000.0,286000000.0,36.086,1025000000.0
53,EMN,MRT,2008-03-31,2008-03-31,2008-03-31,2021-08-03,-82000000.0,5806000000.0,6000000000.0,2231000000.0,3575000000.0,1.153,11.887,-575000000.0,793000000.0,793000000.0,5677000000.0,356000000.0,2.014,2.062,1629000000.0,72000000.0,1557000000.0,1629000000.0,0.0,308000000.0,0.0,0.028,0.88,557000000.0,865000000.0,0.125,865000000.0,557000000.0,496000000.0,2.2,2.17,2.2,1896000000.0,2034750000.0,1896000000.0,5699575787.0,10.0,6.589,170000000.0,1.066,1.0,1243000000.0,0.18,318000000.0,61000000.0,5216000000.0,5345500000.0,670000000.0,0.0,0.0,0.0,3910000000.0,1108000000.0,2802000000.0,4980575787.0,-40000000.0,-40000000.0,-533000000.0,-47000000.0,-144000000.0,-724000000.0,-62000000.0,204000000.0,745000000.0,1000000.0,356000000.0,356000000.0,356000000.0,-13000000.0,0.0,0.051,725000000.0,518000000.0,1036000000.0,0.4,2.627,13.99,14.193,2907000000.0,0.0,31.225,0.72,0.72,704000000.0,2448000000.0,6920000000.0,6920000000.0,164000000.0,0.059,0.175,0.104,0.08,0.0,432000000.0,1.0,159506030.0,159506030.0,,43.384,5488000000.0,0.0,140000000.0,273000000.0,34.406,1123000000.0
54,EMN,MRT,2007-12-31,2007-12-31,2007-12-31,2021-08-03,-28000000.0,6009000000.0,6077500000.0,2293000000.0,3716000000.0,1.124,12.847,-529000000.0,888000000.0,888000000.0,5638000000.0,300000000.0,2.044,1.886,1607000000.0,72000000.0,1535000000.0,1607000000.0,0.0,327000000.0,0.0,0.029,0.88,511000000.0,838000000.0,0.123,838000000.0,511000000.0,449000000.0,1.815,1.79,1.815,2082000000.0,2087000000.0,2082000000.0,5762980788.0,11.0,6.877,203000000.0,1.253,1.0,1192000000.0,0.175,316000000.0,62000000.0,5290000000.0,5434250000.0,539000000.0,0.0,0.0,0.0,3927000000.0,1122000000.0,2805000000.0,4949980788.0,-51000000.0,-40000000.0,-279000000.0,-22000000.0,-147000000.0,-448000000.0,-335000000.0,202000000.0,732000000.0,0.0,300000000.0,300000000.0,300000000.0,21000000.0,0.0,0.044,688000000.0,504000000.0,1013000000.0,0.485,2.378,16.5,16.829,2846000000.0,0.0,30.545,0.725,0.725,658000000.0,2349000000.0,6830000000.0,6830000000.0,156000000.0,0.049,0.144,0.094,0.075,0.0,420000000.0,1.0,162055354.0,162055354.0,,42.146,5693000000.0,0.0,149000000.0,300000000.0,35.13,1171000000.0
55,EMN,MRT,2007-09-30,2007-09-30,2007-09-30,2021-08-03,-129000000.0,5945000000.0,6108250000.0,2297000000.0,3648000000.0,1.011,11.845,-468000000.0,781000000.0,781000000.0,5004000000.0,297000000.0,2.139,1.986,1594000000.0,72000000.0,1522000000.0,1594000000.0,0.0,329000000.0,0.0,0.027,0.885,479000000.0,808000000.0,0.131,808000000.0,479000000.0,417000000.0,1.77,1.745,1.77,1991000000.0,2073750000.0,1991000000.0,6296368894.0,13.0,7.793,319000000.0,1.898,1.0,1170000000.0,0.19,321000000.0,62000000.0,5363000000.0,5464750000.0,646000000.0,0.0,0.0,0.0,3954000000.0,1074000000.0,2880000000.0,5608368894.0,351000000.0,-12000000.0,-132000000.0,-41000000.0,-148000000.0,-321000000.0,-114000000.0,31000000.0,787000000.0,-1000000.0,297000000.0,297000000.0,297000000.0,36000000.0,0.0,0.048,688000000.0,482000000.0,975000000.0,0.5,2.817,18.883,18.85,2963000000.0,0.0,33.365,0.908,0.908,665000000.0,2286000000.0,6174000000.0,6174000000.0,144000000.0,0.049,0.143,0.088,0.078,0.0,418000000.0,1.0,168091380.0,168091380.0,,36.73,5624000000.0,0.0,120000000.0,234000000.0,33.458,1223000000.0
56,EMN,MRT,2007-06-30,2007-06-30,2007-06-30,2021-08-03,-165000000.0,6240000000.0,6138500000.0,2501000000.0,3739000000.0,1.05,12.897,-431000000.0,891000000.0,891000000.0,5269000000.0,372000000.0,2.274,1.876,1579000000.0,72000000.0,1507000000.0,1579000000.0,0.0,327000000.0,0.0,0.028,0.885,585000000.0,912000000.0,0.141,912000000.0,585000000.0,518000000.0,2.23,2.2,2.23,2170000000.0,2051500000.0,2170000000.0,6173978878.0,11.0,6.77,114000000.0,0.678,1.0,1179000000.0,0.183,315000000.0,67000000.0,5513000000.0,5587250000.0,700000000.0,0.0,0.0,0.0,4070000000.0,1100000000.0,2970000000.0,5411978878.0,394000000.0,-13000000.0,71000000.0,2000000.0,-147000000.0,-74000000.0,-73000000.0,32000000.0,545000000.0,-4000000.0,372000000.0,372000000.0,372000000.0,31000000.0,0.0,0.058,585000000.0,594000000.0,1028000000.0,0.397,2.494,14.548,14.424,3040000000.0,0.0,32.165,0.839,0.839,821000000.0,2302000000.0,6448000000.0,6448000000.0,141000000.0,0.061,0.181,0.105,0.091,0.0,419000000.0,1.0,168256766.0,168256766.0,,38.322,5925000000.0,0.0,146000000.0,288000000.0,35.214,1401000000.0
57,EMN,MRT,2007-03-31,2007-03-31,2007-03-31,2021-08-03,-169000000.0,6116000000.0,6079000000.0,2382000000.0,3734000000.0,1.088,12.584,-412000000.0,833000000.0,833000000.0,5393000000.0,381000000.0,2.399,1.905,1595000000.0,0.0,1595000000.0,1595000000.0,0.0,318000000.0,0.0,0.028,0.885,609000000.0,927000000.0,0.14,927000000.0,609000000.0,535000000.0,2.305,2.275,2.305,2105000000.0,1972000000.0,2105000000.0,5949770665.0,10.0,6.418,94000000.0,0.562,1.0,1220000000.0,0.184,314000000.0,74000000.0,5571000000.0,5639750000.0,665000000.0,0.0,0.0,0.0,4011000000.0,993000000.0,3018000000.0,5296770665.0,348000000.0,0.0,108000000.0,-12000000.0,-146000000.0,-50000000.0,-109000000.0,-9000000.0,506000000.0,1000000.0,381000000.0,381000000.0,381000000.0,34000000.0,0.0,0.058,596000000.0,624000000.0,991000000.0,0.384,2.516,13.902,13.738,2994000000.0,0.0,31.665,0.801,0.801,788000000.0,2234000000.0,6613000000.0,6613000000.0,147000000.0,0.063,0.193,0.108,0.092,0.0,423000000.0,1.0,167275246.0,167275246.0,,39.534,5802000000.0,0.0,154000000.0,291000000.0,34.685,1389000000.0
58,EMN,MRT,2006-12-31,2006-12-31,2006-12-31,2021-08-03,-174000000.0,6132000000.0,5995500000.0,2422000000.0,3710000000.0,1.131,12.329,-405000000.0,939000000.0,939000000.0,5514000000.0,409000000.0,2.287,2.022,1592000000.0,3000000.0,1589000000.0,1592000000.0,0.0,308000000.0,0.0,0.03,0.885,653000000.0,961000000.0,0.142,961000000.0,653000000.0,576000000.0,2.49,2.455,2.49,2029000000.0,1875000000.0,2029000000.0,6039331950.0,9.0,6.284,204000000.0,1.24,1.0,1265000000.0,0.187,314000000.0,77000000.0,5412000000.0,5641750000.0,682000000.0,0.0,0.0,0.0,4103000000.0,1059000000.0,3044000000.0,4880331950.0,415000000.0,0.0,93000000.0,-50000000.0,-144000000.0,-101000000.0,-94000000.0,0.0,609000000.0,1000000.0,409000000.0,409000000.0,409000000.0,18000000.0,0.0,0.06,611000000.0,654000000.0,1056000000.0,0.355,2.405,11.932,11.91,3069000000.0,0.0,29.655,0.72,0.72,754000000.0,2186000000.0,6779000000.0,6779000000.0,155000000.0,0.068,0.218,0.116,0.096,0.0,423000000.0,1.0,164570290.0,164570290.0,,41.192,5818000000.0,0.0,167000000.0,269000000.0,35.353,1363000000.0
59,EMN,MRT,2006-09-30,2006-09-30,2006-09-30,2021-08-03,-164000000.0,6066000000.0,5905750000.0,2159000000.0,3907000000.0,1.156,11.56,-413000000.0,430000000.0,430000000.0,5596000000.0,380000000.0,2.039,2.189,1589000000.0,3000000.0,1586000000.0,1589000000.0,0.0,301000000.0,0.0,0.033,0.88,638000000.0,939000000.0,0.138,939000000.0,638000000.0,553000000.0,2.315,2.295,2.315,1902000000.0,1770750000.0,1902000000.0,5530846180.0,9.0,5.89,212000000.0,1.289,1.0,1232000000.0,0.18,313000000.0,85000000.0,5853000000.0,5666500000.0,702000000.0,0.0,0.0,0.0,4164000000.0,1059000000.0,3105000000.0,4443846180.0,144000000.0,-125000000.0,34000000.0,156000000.0,-144000000.0,46000000.0,-527000000.0,12000000.0,625000000.0,0.0,380000000.0,380000000.0,380000000.0,-16000000.0,0.0,0.056,605000000.0,627000000.0,1041000000.0,0.38,2.336,11.694,11.667,3056000000.0,0.0,27.01,0.651,0.651,839000000.0,2129000000.0,6828000000.0,6828000000.0,156000000.0,0.064,0.215,0.113,0.093,0.0,416000000.0,1.0,164525960.0,164525960.0,,41.501,5753000000.0,0.0,173000000.0,264000000.0,34.967,1100000000.0
60,EMN,MRT,2006-06-30,2006-06-30,2006-06-30,2021-08-03,-150000000.0,6002000000.0,5782000000.0,2118000000.0,3884000000.0,1.155,11.326,-401000000.0,497000000.0,497000000.0,5410000000.0,408000000.0,2.011,2.241,1584000000.0,3000000.0,1581000000.0,1584000000.0,0.0,301000000.0,0.0,0.033,0.88,681000000.0,982000000.0,0.147,982000000.0,681000000.0,594000000.0,2.49,2.47,2.49,1852000000.0,1694000000.0,1852000000.0,5520970232.0,8.0,5.622,320000000.0,1.957,1.0,1268000000.0,0.19,313000000.0,87000000.0,5723000000.0,5550250000.0,728000000.0,0.0,0.0,0.0,4150000000.0,1053000000.0,3097000000.0,4414970232.0,256000000.0,-125000000.0,34000000.0,166000000.0,-144000000.0,56000000.0,-520000000.0,11000000.0,721000000.0,-1000000.0,408000000.0,408000000.0,408000000.0,-16000000.0,0.0,0.061,601000000.0,667000000.0,1050000000.0,0.353,2.384,10.821,10.843,3209000000.0,0.0,27.0,0.661,0.661,843000000.0,2070000000.0,6678000000.0,6678000000.0,158000000.0,0.071,0.241,0.123,0.102,0.0,419000000.0,1.0,163517416.0,163517416.0,,40.84,5689000000.0,0.0,186000000.0,305000000.0,34.791,1065000000.0
61,EMN,MRT,2006-03-31,2006-03-31,2006-03-31,2021-08-03,-180000000.0,5782000000.0,5673750000.0,1929000000.0,3853000000.0,1.146,10.516,-383000000.0,485000000.0,485000000.0,5209000000.0,500000000.0,1.935,2.368,1591000000.0,4000000.0,1587000000.0,1591000000.0,0.0,302000000.0,0.0,0.034,0.88,817000000.0,1119000000.0,0.172,1119000000.0,817000000.0,727000000.0,3.07,3.04,3.07,1717000000.0,1607750000.0,1717000000.0,5279232072.0,6.0,4.718,320000000.0,1.96,1.0,1292000000.0,0.199,312000000.0,90000000.0,5579000000.0,5468500000.0,683000000.0,0.0,0.0,0.0,4065000000.0,997000000.0,3068000000.0,4178232072.0,92000000.0,292000000.0,55000000.0,-476000000.0,-143000000.0,-564000000.0,-43000000.0,54000000.0,703000000.0,-4000000.0,500000000.0,500000000.0,500000000.0,-16000000.0,0.0,0.077,612000000.0,680000000.0,993000000.0,0.287,2.433,8.356,8.336,3176000000.0,0.0,25.59,0.643,0.643,715000000.0,1992000000.0,6501000000.0,6501000000.0,153000000.0,0.088,0.311,0.149,0.126,0.0,428000000.0,1.0,163275970.0,163275970.0,,39.816,5470000000.0,0.0,227000000.0,311000000.0,33.502,932000000.0
62,EMN,MRT,2005-12-31,2005-12-31,2005-12-31,2021-08-03,-200000000.0,5773000000.0,5728000000.0,1924000000.0,3849000000.0,1.128,9.892,-354000000.0,524000000.0,524000000.0,5100000000.0,557000000.0,1.831,2.581,1625000000.0,4000000.0,1621000000.0,1625000000.0,0.0,304000000.0,0.0,0.034,0.88,879000000.0,1183000000.0,0.183,1183000000.0,879000000.0,779000000.0,3.45,3.405,3.45,1612000000.0,1514750000.0,1612000000.0,5357671857.0,6.0,4.529,415000000.0,2.547,1.0,1360000000.0,0.211,312000000.0,100000000.0,5511000000.0,5638250000.0,671000000.0,0.0,0.0,0.0,4161000000.0,1051000000.0,3110000000.0,4203671857.0,199000000.0,292000000.0,100000000.0,-505000000.0,-142000000.0,-547000000.0,-18000000.0,50000000.0,769000000.0,-5000000.0,557000000.0,557000000.0,557000000.0,-16000000.0,0.0,0.086,620000000.0,740000000.0,1047000000.0,0.255,2.608,7.547,7.477,3162000000.0,0.0,25.795,0.651,0.651,656000000.0,1923000000.0,6460000000.0,6460000000.0,150000000.0,0.097,0.368,0.156,0.136,0.0,439000000.0,1.0,162964600.0,162964600.0,,39.641,5461000000.0,0.0,222000000.0,317000000.0,33.51,873000000.0
63,EMN,MRT,2005-09-30,2005-09-30,2005-09-30,2021-08-03,-168000000.0,5571000000.0,5744500000.0,1844000000.0,3727000000.0,1.216,9.788,-312000000.0,286000000.0,286000000.0,5647000000.0,545000000.0,1.799,2.493,1440000000.0,4000000.0,1436000000.0,1440000000.0,0.0,308000000.0,0.0,0.037,0.88,821000000.0,1129000000.0,0.162,1129000000.0,821000000.0,717000000.0,3.395,3.35,3.395,1595000000.0,1407750000.0,1595000000.0,5040016963.0,6.0,4.464,258000000.0,1.583,1.0,1341000000.0,0.192,312000000.0,104000000.0,5388000000.0,5801250000.0,705000000.0,0.0,0.0,0.0,3976000000.0,1025000000.0,2951000000.0,3827016963.0,107000000.0,417000000.0,154000000.0,-632000000.0,-141000000.0,-619000000.0,159000000.0,50000000.0,570000000.0,-3000000.0,545000000.0,545000000.0,545000000.0,0.0,0.0,0.078,650000000.0,691000000.0,1021000000.0,0.259,2.399,7.022,6.918,3134000000.0,0.0,23.485,0.548,0.548,768000000.0,1893000000.0,6988000000.0,6988000000.0,158000000.0,0.095,0.387,0.142,0.117,0.0,460000000.0,1.0,162955800.0,162955800.0,,42.883,5259000000.0,0.0,172000000.0,332000000.0,32.273,819000000.0
64,EMN,MRT,2005-06-30,2005-06-30,2005-06-30,2021-08-03,-168000000.0,5569000000.0,5754500000.0,1837000000.0,3732000000.0,1.185,9.377,-268000000.0,241000000.0,241000000.0,5575000000.0,460000000.0,1.71,2.695,1454000000.0,5000000.0,1449000000.0,1454000000.0,0.0,310000000.0,0.0,0.032,0.88,698000000.0,1008000000.0,0.148,1008000000.0,698000000.0,588000000.0,2.89,2.845,2.89,1507000000.0,1268750000.0,1507000000.0,6094410208.0,9.0,6.046,255000000.0,1.587,1.0,1246000000.0,0.183,312000000.0,110000000.0,5396000000.0,6005750000.0,740000000.0,0.0,0.0,0.0,4062000000.0,1074000000.0,2988000000.0,4431410208.0,94000000.0,417000000.0,154000000.0,-756000000.0,-139000000.0,-741000000.0,314000000.0,50000000.0,523000000.0,-2000000.0,460000000.0,460000000.0,460000000.0,0.0,0.0,0.067,680000000.0,566000000.0,1069000000.0,0.304,2.941,9.634,9.542,3110000000.0,0.0,27.575,0.65,0.65,757000000.0,1806000000.0,6821000000.0,6821000000.0,151000000.0,0.08,0.363,0.116,0.102,0.0,459000000.0,1.0,160703906.0,160703906.0,,42.445,5257000000.0,0.0,128000000.0,286000000.0,32.712,763000000.0
65,EMN,MRT,2005-03-31,2005-03-31,2005-03-31,2021-08-03,-115000000.0,5999000000.0,5814250000.0,1944000000.0,4055000000.0,1.16,8.477,-253000000.0,393000000.0,393000000.0,5603000000.0,338000000.0,1.827,3.46,2056000000.0,1000000.0,2055000000.0,2056000000.0,0.0,314000000.0,0.0,0.03,0.88,410000000.0,724000000.0,0.107,724000000.0,410000000.0,294000000.0,2.155,2.125,2.155,1345000000.0,1153250000.0,1345000000.0,6417865949.0,16.0,8.864,378000000.0,2.382,1.0,1142000000.0,0.169,340000000.0,116000000.0,6258000000.0,6274750000.0,672000000.0,0.0,0.0,0.0,4654000000.0,1064000000.0,3590000000.0,4680865949.0,351000000.0,0.0,122000000.0,-127000000.0,-138000000.0,-143000000.0,-136000000.0,3000000.0,631000000.0,-1000000.0,338000000.0,338000000.0,338000000.0,0.0,0.0,0.05,738000000.0,404000000.0,1063000000.0,0.408,3.48,13.849,13.689,3142000000.0,0.0,29.5,0.694,0.694,793000000.0,1636000000.0,6745000000.0,6745000000.0,150000000.0,0.058,0.293,0.065,0.061,0.0,449000000.0,1.0,158673422.0,158673422.0,,42.509,5659000000.0,0.0,-44000000.0,199000000.0,35.664,880000000.0
66,EMN,MRT,2004-12-31,2004-12-31,2004-12-31,2021-08-03,-103000000.0,5839000000.0,5755750000.0,1768000000.0,4071000000.0,1.143,7.597,-262000000.0,325000000.0,325000000.0,5602000000.0,170000000.0,1.609,3.932,2062000000.0,1000000.0,2061000000.0,2062000000.0,0.0,322000000.0,0.0,0.03,0.88,179000000.0,501000000.0,0.076,501000000.0,179000000.0,64000000.0,1.1,1.09,1.1,1184000000.0,1065500000.0,1184000000.0,6386838226.0,36.0,12.748,232000000.0,1.489,1.0,978000000.0,0.149,314000000.0,115000000.0,6163000000.0,6380000000.0,582000000.0,0.0,0.0,0.0,4655000000.0,1099000000.0,3556000000.0,4498838226.0,-233000000.0,0.0,77000000.0,-519000000.0,-137000000.0,-579000000.0,-148000000.0,0.0,494000000.0,0.0,170000000.0,170000000.0,170000000.0,0.0,0.0,0.026,803000000.0,175000000.0,1098000000.0,0.8,3.8,26.464,26.241,3192000000.0,0.0,28.865,0.684,0.684,779000000.0,1509000000.0,6580000000.0,6580000000.0,154000000.0,0.03,0.16,0.028,0.027,0.0,450000000.0,1.0,155857898.0,155857898.0,,42.218,5525000000.0,0.0,-106000000.0,210000000.0,35.449,669000000.0
67,EMN,MRT,2004-09-30,2004-09-30,2004-09-30,2021-08-03,-155000000.0,5611000000.0,5857000000.0,1553000000.0,4058000000.0,1.085,6.673,-257000000.0,179000000.0,179000000.0,5409000000.0,126000000.0,1.636,4.4,2067000000.0,1000000.0,2066000000.0,2067000000.0,0.0,330000000.0,0.0,0.037,0.88,177000000.0,507000000.0,0.08,507000000.0,177000000.0,57000000.0,0.815,0.805,0.815,1039000000.0,1030250000.0,1039000000.0,5710732123.0,32.0,11.264,239000000.0,1.535,1.0,947000000.0,0.149,344000000.0,120000000.0,6206000000.0,6452250000.0,580000000.0,0.0,0.0,0.0,4572000000.0,949000000.0,3623000000.0,3701732123.0,126000000.0,-28000000.0,18000000.0,-141000000.0,-136000000.0,-262000000.0,-111000000.0,0.0,496000000.0,3000000.0,126000000.0,126000000.0,126000000.0,0.0,0.0,0.02,779000000.0,168000000.0,948000000.0,1.08,3.563,29.379,29.172,3165000000.0,0.0,23.775,0.582,0.582,746000000.0,1490000000.0,6356000000.0,6356000000.0,160000000.0,0.022,0.122,0.027,0.028,0.0,435000000.0,1.0,155698512.0,155698512.0,,40.822,5267000000.0,0.0,-69000000.0,226000000.0,33.828,604000000.0
68,EMN,MRT,2004-06-30,2004-06-30,2004-06-30,2021-08-03,-142000000.0,5808000000.0,5879750000.0,1717000000.0,4091000000.0,1.046,6.748,-261000000.0,145000000.0,145000000.0,5261000000.0,-248000000.0,1.702,4.558,2154000000.0,1000000.0,2153000000.0,2154000000.0,0.0,339000000.0,0.0,0.038,0.88,-341000000.0,-2000000.0,0.0,-2000000.0,-341000000.0,-462000000.0,-1.61,-1.615,-1.61,1045000000.0,1017500000.0,1045000000.0,5751720609.0,-17.0,-2875.86,257000000.0,1.66,1.0,890000000.0,0.145,336000000.0,121000000.0,6472000000.0,6420000000.0,589000000.0,0.0,0.0,0.0,4763000000.0,1009000000.0,3754000000.0,3579720609.0,78000000.0,0.0,17000000.0,-98000000.0,-136000000.0,-218000000.0,-225000000.0,0.0,518000000.0,3000000.0,-248000000.0,-248000000.0,-248000000.0,0.0,0.0,-0.04,1235000000.0,-345000000.0,942000000.0,-0.547,3.426,-14.434,-14.357,3206000000.0,0.0,23.115,0.582,0.582,739000000.0,1486000000.0,6151000000.0,6151000000.0,169000000.0,-0.042,-0.244,-0.053,-0.055,0.0,428000000.0,1.0,154865698.0,154865698.0,,39.718,5472000000.0,0.0,-214000000.0,240000000.0,35.334,708000000.0
69,EMN,MRT,2004-03-31,2004-03-31,2004-03-31,2021-08-03,-132000000.0,5765000000.0,6016500000.0,1584000000.0,4181000000.0,0.99,6.422,-257000000.0,42000000.0,42000000.0,5095000000.0,-297000000.0,1.741,4.8,2214000000.0,1000000.0,2213000000.0,2214000000.0,0.0,355000000.0,0.0,0.041,0.88,-301000000.0,54000000.0,0.009,54000000.0,-301000000.0,-423000000.0,-1.92,-1.92,-1.92,994000000.0,1088250000.0,994000000.0,5337947411.0,-18.0,98.851,118000000.0,0.762,1.0,861000000.0,0.145,348000000.0,122000000.0,6679000000.0,6416000000.0,689000000.0,0.0,0.0,0.0,4771000000.0,910000000.0,3861000000.0,3302947411.0,-34000000.0,0.0,5000000.0,-58000000.0,-136000000.0,-192000000.0,-220000000.0,0.0,375000000.0,3000000.0,-297000000.0,-297000000.0,-297000000.0,0.0,0.0,-0.05,1172000000.0,-311000000.0,909000000.0,-0.458,3.323,-11.121,-11.115,3351000000.0,0.0,21.34,0.555,0.555,801000000.0,1436000000.0,5956000000.0,5956000000.0,173000000.0,-0.049,-0.273,-0.047,-0.051,0.0,424000000.0,1.0,154777292.0,154777292.0,,38.481,5417000000.0,0.0,-126000000.0,315000000.0,34.999,674000000.0
70,EMN,MRT,2003-12-31,2003-12-31,2003-12-31,2021-08-03,-121000000.0,6244000000.0,6160000000.0,2010000000.0,4234000000.0,0.942,6.741,-245000000.0,558000000.0,558000000.0,4990000000.0,-270000000.0,1.361,4.987,2593000000.0,504000000.0,2089000000.0,2593000000.0,0.0,367000000.0,0.0,0.045,0.88,-254000000.0,113000000.0,0.019,113000000.0,-254000000.0,-378000000.0,-1.75,-1.75,-1.75,1043000000.0,1160750000.0,1043000000.0,5214307469.0,-21.0,46.144,-4000000.0,-0.026,1.0,810000000.0,0.14,350000000.0,124000000.0,6452000000.0,6336750000.0,698000000.0,0.0,0.0,0.0,5201000000.0,1477000000.0,3724000000.0,3058307469.0,481000000.0,0.0,4000000.0,529000000.0,-136000000.0,397000000.0,-160000000.0,0.0,241000000.0,3000000.0,-270000000.0,-270000000.0,-270000000.0,0.0,0.0,-0.047,1077000000.0,-267000000.0,973000000.0,-0.503,2.932,-11.327,-11.294,3419000000.0,0.0,19.765,0.527,0.527,701000000.0,1476000000.0,5800000000.0,5800000000.0,173000000.0,-0.044,-0.233,-0.04,-0.044,0.0,414000000.0,1.0,154733492.0,154733492.0,,37.484,5894000000.0,0.0,-108000000.0,316000000.0,38.091,533000000.0
71,EMN,MRT,2003-09-30,2003-09-30,2003-09-30,2021-08-03,-199000000.0,5702000000.0,6170750000.0,1514000000.0,4188000000.0,0.921,6.384,-440000000.0,53000000.0,53000000.0,4913000000.0,-293000000.0,1.065,4.771,2209000000.0,506000000.0,1703000000.0,2209000000.0,0.0,380000000.0,0.0,0.053,0.88,-304000000.0,76000000.0,0.013,76000000.0,-304000000.0,-427000000.0,-1.895,-1.895,-1.895,988000000.0,1217750000.0,988000000.0,4788347082.0,-16.0,63.005,-134000000.0,-0.866,1.0,768000000.0,0.135,359000000.0,123000000.0,6077000000.0,6335500000.0,709000000.0,0.0,0.0,0.0,4714000000.0,1422000000.0,3292000000.0,2592347082.0,-35000000.0,34000000.0,-1000000.0,197000000.0,-135000000.0,64000000.0,-405000000.0,0.0,306000000.0,0.0,-293000000.0,-293000000.0,-293000000.0,0.0,0.0,-0.052,1085000000.0,-317000000.0,916000000.0,-0.464,2.624,-8.848,-8.839,3413000000.0,0.0,16.75,0.456,0.456,686000000.0,1500000000.0,5681000000.0,5681000000.0,170000000.0,-0.047,-0.241,-0.048,-0.054,0.0,415000000.0,1.0,154766990.0,154766990.0,,36.707,5343000000.0,0.0,-134000000.0,316000000.0,34.523,92000000.0
72,EMN,MRT,2003-06-30,2003-06-30,2003-06-30,2021-08-03,-229000000.0,6355000000.0,6270250000.0,1664000000.0,4691000000.0,0.895,8.58,-448000000.0,69000000.0,69000000.0,4841000000.0,67000000.0,1.09,3.785,2265000000.0,511000000.0,1754000000.0,2265000000.0,0.0,391000000.0,0.0,0.056,0.88,195000000.0,586000000.0,0.104,586000000.0,195000000.0,72000000.0,0.435,0.435,0.435,1328000000.0,1334000000.0,1328000000.0,4631783045.0,24.0,7.904,-75000000.0,-0.485,1.0,770000000.0,0.137,568000000.0,123000000.0,6456000000.0,6404250000.0,733000000.0,0.0,0.0,0.0,5027000000.0,1527000000.0,3500000000.0,2450783045.0,-5000000.0,6000000.0,-1000000.0,174000000.0,-135000000.0,39000000.0,-417000000.0,0.0,373000000.0,0.0,67000000.0,67000000.0,67000000.0,0.0,0.0,0.012,586000000.0,184000000.0,1016000000.0,2.023,1.845,36.579,36.402,3697000000.0,0.0,15.835,0.437,0.437,807000000.0,1870000000.0,5611000000.0,5611000000.0,168000000.0,0.011,0.05,0.03,0.035,0.0,415000000.0,1.0,154770006.0,154770006.0,,36.254,5787000000.0,0.0,5000000.0,496000000.0,37.391,137000000.0
73,EMN,MRT,2003-03-31,2003-03-31,2003-03-31,2021-08-03,-270000000.0,6339000000.0,6227750000.0,1633000000.0,4706000000.0,0.887,8.3,-450000000.0,76000000.0,76000000.0,4767000000.0,76000000.0,1.028,3.937,2257000000.0,513000000.0,1744000000.0,2257000000.0,0.0,394000000.0,0.0,0.061,0.88,206000000.0,600000000.0,0.109,600000000.0,206000000.0,83000000.0,0.495,0.495,0.495,1284000000.0,1366000000.0,1284000000.0,4222269121.0,20.0,7.037,103000000.0,0.666,1.0,758000000.0,0.137,570000000.0,123000000.0,6362000000.0,6425750000.0,724000000.0,0.0,0.0,0.0,5055000000.0,1588000000.0,3467000000.0,2242269121.0,-5000000.0,6000000.0,-1000000.0,0.0,-135000000.0,-141000000.0,-417000000.0,0.0,553000000.0,0.0,76000000.0,76000000.0,76000000.0,0.0,0.0,0.014,568000000.0,190000000.0,1075000000.0,1.778,1.746,29.504,29.283,3717000000.0,0.0,14.495,0.406,0.406,768000000.0,1869000000.0,5525000000.0,5525000000.0,164000000.0,0.012,0.056,0.032,0.037,0.0,417000000.0,1.0,154692592.0,154692592.0,,35.716,5769000000.0,0.0,7000000.0,477000000.0,37.293,45000000.0
74,EMN,MRT,2002-12-31,2002-12-31,2002-12-31,2021-08-03,-295000000.0,6287000000.0,6151750000.0,1547000000.0,4740000000.0,0.865,8.22,-445000000.0,77000000.0,77000000.0,4541000000.0,61000000.0,1.241,3.946,2057000000.0,3000000.0,2054000000.0,2057000000.0,0.0,397000000.0,0.0,0.048,0.88,188000000.0,585000000.0,0.11,585000000.0,188000000.0,66000000.0,0.395,0.395,0.395,1271000000.0,1385500000.0,1271000000.0,4754833316.0,25.0,8.128,356000000.0,2.302,1.0,779000000.0,0.146,573000000.0,122000000.0,6447000000.0,6501250000.0,713000000.0,0.0,0.0,0.0,5016000000.0,1247000000.0,3769000000.0,2842833316.0,11000000.0,0.0,-1000000.0,-187000000.0,-135000000.0,-323000000.0,-467000000.0,0.0,801000000.0,0.0,61000000.0,61000000.0,61000000.0,0.0,0.0,0.011,571000000.0,208000000.0,1244000000.0,2.228,2.237,46.604,46.544,3753000000.0,0.0,18.385,0.534,0.534,674000000.0,1882000000.0,5320000000.0,5320000000.0,159000000.0,0.01,0.044,0.029,0.035,0.0,407000000.0,1.0,154627866.0,154627866.0,,34.405,5714000000.0,0.0,5000000.0,464000000.0,36.953,300000000.0
75,EMN,MRT,2002-09-30,2002-09-30,2002-09-30,2021-08-03,-159000000.0,6100000000.0,6103000000.0,1568000000.0,4532000000.0,0.864,9.398,-250000000.0,88000000.0,88000000.0,4471000000.0,-18000000.0,1.453,3.198,2000000000.0,4000000.0,1996000000.0,2000000000.0,0.0,409000000.0,0.0,0.046,0.88,84000000.0,493000000.0,0.093,493000000.0,84000000.0,-39000000.0,-0.12,-0.12,-0.12,1453000000.0,1413250000.0,1453000000.0,4940666885.0,59.0,10.022,451000000.0,2.917,1.0,805000000.0,0.153,581000000.0,123000000.0,6352000000.0,6551750000.0,690000000.0,0.0,0.0,0.0,4647000000.0,1079000000.0,3568000000.0,2950666885.0,13000000.0,-11000000.0,4000000.0,-289000000.0,-136000000.0,-424000000.0,-264000000.0,8000000.0,701000000.0,0.0,-18000000.0,-18000000.0,-18000000.0,0.0,0.0,-0.003,670000000.0,135000000.0,1075000000.0,-7.333,2.031,-163.926,-159.042,3563000000.0,0.0,19.085,0.559,0.559,694000000.0,1928000000.0,5276000000.0,5276000000.0,160000000.0,-0.003,-0.013,0.013,0.016,0.0,402000000.0,1.0,154606596.0,154606596.0,,34.125,5519000000.0,0.0,-21000000.0,499000000.0,35.697,489000000.0
76,EMN,MRT,2002-06-30,2002-06-30,2002-06-30,2021-08-03,-166000000.0,6185000000.0,6179750000.0,1614000000.0,4571000000.0,0.854,9.419,-239000000.0,74000000.0,74000000.0,4433000000.0,-15000000.0,1.543,3.248,2064000000.0,4000000.0,2060000000.0,2064000000.0,0.0,420000000.0,0.0,0.028,0.66,101000000.0,521000000.0,0.099,521000000.0,101000000.0,-28000000.0,-0.095,-0.095,-0.095,1456000000.0,1459000000.0,1456000000.0,5753969568.0,57.0,11.044,427000000.0,2.762,1.0,842000000.0,0.16,587000000.0,129000000.0,6542000000.0,6687000000.0,685000000.0,0.0,0.0,0.0,4729000000.0,1046000000.0,3683000000.0,3624969568.0,4000000.0,-13000000.0,4000000.0,-279000000.0,-135000000.0,-412000000.0,-250000000.0,7000000.0,666000000.0,0.0,-15000000.0,-15000000.0,-15000000.0,0.0,0.0,-0.003,700000000.0,142000000.0,1042000000.0,-6.947,2.49,-241.665,-246.842,3601000000.0,0.0,23.45,0.687,0.687,753000000.0,1938000000.0,5275000000.0,5275000000.0,157000000.0,-0.002,-0.01,0.015,0.019,0.0,403000000.0,1.0,154582924.0,154582924.0,,34.124,5598000000.0,0.0,-13000000.0,476000000.0,36.214,568000000.0
77,EMN,MRT,2002-03-31,2002-03-31,2002-03-31,2021-08-03,-249000000.0,6035000000.0,6242000000.0,1498000000.0,4537000000.0,0.846,8.828,-244000000.0,81000000.0,81000000.0,4416000000.0,-206000000.0,1.641,3.431,2210000000.0,53000000.0,2157000000.0,2210000000.0,0.0,430000000.0,0.0,0.027,0.66,-196000000.0,234000000.0,0.044,234000000.0,-196000000.0,-331000000.0,-1.345,-1.345,-1.345,1362000000.0,1497500000.0,1362000000.0,5894558824.0,-30.0,25.19,357000000.0,2.314,1.0,866000000.0,0.164,587000000.0,135000000.0,6664000000.0,6795750000.0,654000000.0,0.0,0.0,0.0,4673000000.0,913000000.0,3760000000.0,3763558824.0,36000000.0,-263000000.0,0.0,55000000.0,-135000000.0,-58000000.0,-507000000.0,6000000.0,601000000.0,0.0,-206000000.0,-206000000.0,-206000000.0,0.0,0.0,-0.039,1005000000.0,-139000000.0,860000000.0,-0.491,2.763,-18.27,-18.138,3570000000.0,0.0,24.395,0.713,0.713,664000000.0,1928000000.0,5282000000.0,5282000000.0,160000000.0,-0.033,-0.138,-0.029,-0.037,0.0,399000000.0,1.0,154275828.0,154275828.0,,34.237,5448000000.0,0.0,-125000000.0,431000000.0,35.313,585000000.0
78,EMN,MRT,2001-12-31,2001-12-31,2001-12-31,2021-08-03,-251000000.0,6092000000.0,6362500000.0,1464000000.0,4628000000.0,0.847,8.962,-262000000.0,66000000.0,66000000.0,4497000000.0,-175000000.0,1.525,3.408,2197000000.0,54000000.0,2143000000.0,2197000000.0,0.0,435000000.0,0.0,0.034,0.66,-151000000.0,284000000.0,0.053,284000000.0,-151000000.0,-291000000.0,-1.14,-1.14,-1.14,1382000000.0,1609750000.0,1382000000.0,5224719783.0,-35.0,18.397,135000000.0,0.875,1.0,893000000.0,0.166,614000000.0,140000000.0,6649000000.0,6885250000.0,659000000.0,0.0,0.0,0.0,4710000000.0,960000000.0,3750000000.0,3008719783.0,-35000000.0,-257000000.0,0.0,210000000.0,-135000000.0,91000000.0,-523000000.0,0.0,397000000.0,0.0,-175000000.0,-175000000.0,-175000000.0,0.0,0.0,-0.032,1013000000.0,-120000000.0,906000000.0,-0.579,2.177,-17.193,-17.114,3627000000.0,0.0,19.51,0.558,0.558,662000000.0,1956000000.0,5390000000.0,5390000000.0,160000000.0,-0.028,-0.109,-0.022,-0.028,0.0,407000000.0,1.0,154214238.0,154214238.0,,34.951,5478000000.0,0.0,-116000000.0,452000000.0,35.522,504000000.0
79,EMN,MRT,2001-09-30,2001-09-30,2001-09-30,2021-08-03,-120000000.0,6407000000.0,6477000000.0,1647000000.0,4760000000.0,0.848,10.609,-286000000.0,75000000.0,75000000.0,4533000000.0,-31000000.0,1.499,2.916,2291000000.0,133000000.0,2158000000.0,2291000000.0,0.0,434000000.0,0.0,0.036,0.66,71000000.0,505000000.0,0.092,505000000.0,71000000.0,-72000000.0,-0.2,-0.2,-0.2,1636000000.0,1717250000.0,1636000000.0,5093011833.0,72.0,10.085,234000000.0,1.517,1.0,958000000.0,0.174,631000000.0,143000000.0,6893000000.0,6870500000.0,736000000.0,0.0,0.0,0.0,4771000000.0,1099000000.0,3672000000.0,2799011833.0,1000000.0,-261000000.0,-4000000.0,136000000.0,-135000000.0,18000000.0,-537000000.0,-2000000.0,520000000.0,0.0,-31000000.0,-31000000.0,-31000000.0,0.0,0.0,-0.006,859000000.0,99000000.0,966000000.0,-3.3,1.711,-90.291,-90.75,3737000000.0,0.0,18.15,0.51,0.51,757000000.0,2078000000.0,5491000000.0,5491000000.0,155000000.0,-0.005,-0.018,0.01,0.013,0.0,400000000.0,1.0,154215528.0,154215528.0,,35.606,5776000000.0,0.0,-41000000.0,541000000.0,37.454,548000000.0
80,EMN,MRT,2001-06-30,2001-06-30,2001-06-30,2021-08-03,-155000000.0,6434000000.0,6517000000.0,1656000000.0,4778000000.0,0.845,10.453,-287000000.0,70000000.0,70000000.0,4491000000.0,39000000.0,1.444,2.996,2364000000.0,179000000.0,2185000000.0,2364000000.0,0.0,433000000.0,0.0,0.037,0.88,178000000.0,611000000.0,0.111,611000000.0,178000000.0,34000000.0,0.255,0.255,0.255,1610000000.0,1752750000.0,1610000000.0,5811924381.0,33.0,9.512,245000000.0,1.591,1.0,1014000000.0,0.184,604000000.0,144000000.0,6977000000.0,6861500000.0,731000000.0,0.0,0.0,0.0,4824000000.0,1147000000.0,3677000000.0,3667924381.0,-99000000.0,-459000000.0,-4000000.0,236000000.0,-135000000.0,117000000.0,-748000000.0,-14000000.0,532000000.0,0.0,39000000.0,39000000.0,39000000.0,0.0,0.0,0.007,842000000.0,172000000.0,968000000.0,3.451,2.278,94.049,93.392,3748000000.0,0.0,23.815,0.666,0.666,759000000.0,2088000000.0,5505000000.0,5505000000.0,154000000.0,0.006,0.022,0.026,0.032,0.0,389000000.0,1.0,154017400.0,154017400.0,,35.743,5830000000.0,0.0,-5000000.0,527000000.0,37.853,509000000.0
81,EMN,MRT,2001-03-31,2001-03-31,2001-03-31,2021-08-03,-124000000.0,6517000000.0,6470250000.0,1579000000.0,4938000000.0,0.838,11.775,-221000000.0,45000000.0,45000000.0,4368000000.0,272000000.0,1.539,2.599,2189000000.0,75000000.0,2114000000.0,2189000000.0,0.0,426000000.0,0.0,0.036,0.88,544000000.0,970000000.0,0.179,970000000.0,544000000.0,405000000.0,1.775,1.775,1.775,1811000000.0,1789750000.0,1811000000.0,5704093602.0,10.0,5.881,359000000.0,2.334,1.0,1051000000.0,0.194,613000000.0,139000000.0,7022000000.0,6731250000.0,644000000.0,0.0,0.0,0.0,4706000000.0,1026000000.0,3680000000.0,3785093602.0,-7000000.0,-216000000.0,0.0,-12000000.0,-135000000.0,-142000000.0,-445000000.0,-20000000.0,580000000.0,0.0,272000000.0,272000000.0,272000000.0,0.0,0.0,0.05,506000000.0,545000000.0,951000000.0,0.496,2.09,13.916,13.865,3845000000.0,0.0,24.61,0.698,0.698,783000000.0,2269000000.0,5419000000.0,5419000000.0,149000000.0,0.042,0.152,0.081,0.1,0.0,364000000.0,1.0,153803072.0,153803072.0,,35.233,5904000000.0,0.0,133000000.0,600000000.0,38.387,553000000.0
82,EMN,MRT,2000-12-31,2000-12-31,2000-12-31,2021-08-03,-117000000.0,6550000000.0,6400500000.0,1523000000.0,5027000000.0,0.827,11.798,-186000000.0,101000000.0,101000000.0,4214000000.0,303000000.0,1.211,2.615,2020000000.0,106000000.0,1914000000.0,2020000000.0,0.0,418000000.0,0.0,0.036,0.88,587000000.0,1005000000.0,0.19,1005000000.0,587000000.0,452000000.0,1.975,1.97,1.975,1812000000.0,1771000000.0,1812000000.0,5809718810.0,10.0,5.781,660000000.0,4.297,1.0,1078000000.0,0.204,621000000.0,135000000.0,6590000000.0,6548500000.0,580000000.0,0.0,0.0,0.0,4738000000.0,1258000000.0,3480000000.0,3743718810.0,-85000000.0,-261000000.0,-57000000.0,-278000000.0,-135000000.0,-466000000.0,-465000000.0,-30000000.0,846000000.0,0.0,303000000.0,303000000.0,303000000.0,0.0,0.0,0.057,526000000.0,552000000.0,1152000000.0,0.446,2.066,12.356,12.342,3925000000.0,0.0,24.375,0.707,0.707,737000000.0,2266000000.0,5292000000.0,5292000000.0,149000000.0,0.047,0.171,0.09,0.111,0.0,346000000.0,1.0,153588464.0,153588464.0,,34.456,5929000000.0,0.0,149000000.0,607000000.0,38.603,265000000.0
83,EMN,MRT,2000-09-30,2000-09-30,2000-09-30,2021-08-03,-131000000.0,6567000000.0,6338750000.0,1522000000.0,5045000000.0,0.816,11.579,-203000000.0,74000000.0,74000000.0,4113000000.0,199000000.0,1.301,2.693,2140000000.0,114000000.0,2026000000.0,2140000000.0,0.0,408000000.0,0.0,0.048,0.88,431000000.0,839000000.0,0.162,839000000.0,431000000.0,298000000.0,1.3,1.305,1.3,1778000000.0,1757750000.0,1778000000.0,4624034515.0,11.0,5.511,609000000.0,3.966,1.0,1062000000.0,0.205,606000000.0,133000000.0,6857000000.0,6443000000.0,612000000.0,0.0,0.0,0.0,4789000000.0,1170000000.0,3619000000.0,2836034515.0,-1000000.0,-252000000.0,-57000000.0,-137000000.0,-135000000.0,-326000000.0,-487000000.0,-35000000.0,812000000.0,0.0,199000000.0,199000000.0,199000000.0,0.0,0.0,0.038,677000000.0,385000000.0,1056000000.0,0.677,1.595,14.251,14.208,3925000000.0,0.0,18.47,0.548,0.548,712000000.0,2248000000.0,5175000000.0,5175000000.0,159000000.0,0.031,0.113,0.067,0.083,0.0,354000000.0,1.0,153548160.0,153548160.0,,33.703,5961000000.0,0.0,99000000.0,609000000.0,38.822,352000000.0
84,EMN,MRT,2000-06-30,2000-06-30,2000-06-30,2021-08-03,-88000000.0,6247000000.0,6249500000.0,1525000000.0,4722000000.0,0.797,11.461,-199000000.0,169000000.0,169000000.0,3997000000.0,135000000.0,1.333,2.553,1957000000.0,103000000.0,1854000000.0,1957000000.0,0.0,402000000.0,0.0,0.037,0.88,333000000.0,735000000.0,0.148,735000000.0,333000000.0,202000000.0,0.875,0.88,0.875,1758000000.0,1777750000.0,1758000000.0,5640162518.0,17.0,7.674,637000000.0,4.153,1.0,981000000.0,0.197,435000000.0,131000000.0,6456000000.0,6453250000.0,548000000.0,0.0,0.0,0.0,4489000000.0,1144000000.0,3345000000.0,3662162518.0,79000000.0,-57000000.0,-57000000.0,-292000000.0,-136000000.0,-481000000.0,-276000000.0,-23000000.0,836000000.0,0.0,135000000.0,135000000.0,135000000.0,0.0,0.0,0.027,662000000.0,319000000.0,1041000000.0,1.006,2.083,27.127,27.286,3824000000.0,0.0,23.875,0.736,0.736,656000000.0,2185000000.0,4978000000.0,4978000000.0,167000000.0,0.022,0.076,0.052,0.067,0.0,357000000.0,1.0,153389006.0,153389006.0,,32.453,5812000000.0,0.0,67000000.0,496000000.0,37.891,381000000.0
85,EMN,MRT,2000-03-31,2000-03-31,2000-03-31,2021-08-03,-55000000.0,6238000000.0,6228000000.0,1380000000.0,4858000000.0,0.768,11.093,-264000000.0,52000000.0,52000000.0,3868000000.0,92000000.0,0.929,2.593,2030000000.0,522000000.0,1508000000.0,2030000000.0,0.0,391000000.0,0.0,0.039,0.88,265000000.0,656000000.0,0.137,656000000.0,265000000.0,138000000.0,0.59,0.59,0.59,1736000000.0,1798250000.0,1736000000.0,5479313029.0,21.0,8.353,600000000.0,3.834,1.0,916000000.0,0.191,440000000.0,127000000.0,6291000000.0,6663250000.0,526000000.0,0.0,0.0,0.0,4502000000.0,1485000000.0,3017000000.0,3560313029.0,-3000000.0,-414000000.0,-58000000.0,14000000.0,-137000000.0,-176000000.0,-691000000.0,-16000000.0,864000000.0,0.0,92000000.0,92000000.0,92000000.0,0.0,0.0,0.019,674000000.0,242000000.0,963000000.0,1.492,2.051,38.699,38.559,3936000000.0,0.0,22.75,0.744,0.744,651000000.0,2133000000.0,4784000000.0,4784000000.0,177000000.0,0.015,0.051,0.04,0.055,0.0,359000000.0,1.0,156497276.0,156497276.0,,30.569,5798000000.0,0.0,46000000.0,504000000.0,37.049,-105000000.0
86,EMN,MRT,1999-12-31,1999-12-31,1999-12-31,2021-08-03,-54000000.0,6303000000.0,6141250000.0,1489000000.0,4814000000.0,0.747,11.243,-316000000.0,186000000.0,186000000.0,3729000000.0,48000000.0,0.926,2.583,2105000000.0,599000000.0,1506000000.0,2105000000.0,0.0,383000000.0,0.0,0.037,0.88,193000000.0,576000000.0,0.125,576000000.0,193000000.0,72000000.0,0.305,0.305,0.305,1759000000.0,1825250000.0,1759000000.0,5745645725.0,30.0,9.975,428000000.0,2.736,1.0,861000000.0,0.188,446000000.0,121000000.0,6168000000.0,6805250000.0,485000000.0,0.0,0.0,0.0,4544000000.0,1608000000.0,2936000000.0,3730645725.0,157000000.0,-381000000.0,-51000000.0,314000000.0,-138000000.0,128000000.0,-715000000.0,0.0,744000000.0,0.0,48000000.0,48000000.0,48000000.0,0.0,0.0,0.01,680000000.0,181000000.0,1009000000.0,2.885,2.121,77.722,78.18,3950000000.0,0.0,23.845,0.813,0.813,631000000.0,2098000000.0,4590000000.0,4590000000.0,187000000.0,0.008,0.026,0.028,0.042,0.0,355000000.0,1.0,156454004.0,156454004.0,,29.338,5857000000.0,0.0,24000000.0,485000000.0,37.436,-119000000.0
87,EMN,MRT,1999-09-30,1999-09-30,1999-09-30,2021-08-03,-41000000.0,6210000000.0,6028000000.0,1391000000.0,4819000000.0,0.725,11.879,-333000000.0,75000000.0,75000000.0,3616000000.0,99000000.0,1.48,2.342,2090000000.0,0.0,2090000000.0,2090000000.0,0.0,375000000.0,0.0,0.044,0.88,234000000.0,609000000.0,0.139,609000000.0,234000000.0,124000000.0,0.63,0.625,0.63,1858000000.0,1869000000.0,1858000000.0,5113846387.0,22.0,8.397,434000000.0,2.775,1.0,756000000.0,0.173,387000000.0,110000000.0,6898000000.0,6886250000.0,530000000.0,0.0,0.0,0.0,4352000000.0,940000000.0,3412000000.0,3118846387.0,-11000000.0,-381000000.0,-51000000.0,134000000.0,-137000000.0,-50000000.0,-728000000.0,-1000000.0,767000000.0,0.0,99000000.0,99000000.0,99000000.0,0.0,0.0,0.023,518000000.0,238000000.0,940000000.0,1.397,1.679,31.503,31.651,4008000000.0,0.0,19.94,0.713,0.713,640000000.0,2184000000.0,4372000000.0,4372000000.0,185000000.0,0.016,0.053,0.034,0.054,0.0,333000000.0,1.0,156411554.0,156411554.0,,27.952,5823000000.0,0.0,25000000.0,437000000.0,37.229,451000000.0
88,EMN,MRT,1999-06-30,1999-06-30,1999-06-30,2021-08-03,-60000000.0,6161000000.0,6010250000.0,1408000000.0,4753000000.0,0.718,11.768,-377000000.0,90000000.0,90000000.0,3510000000.0,146000000.0,1.637,2.348,2085000000.0,0.0,2085000000.0,2085000000.0,0.0,363000000.0,0.0,0.034,0.88,301000000.0,664000000.0,0.154,664000000.0,301000000.0,198000000.0,0.925,0.915,0.925,1840000000.0,1899000000.0,1840000000.0,5841596304.0,19.0,8.798,431000000.0,2.757,1.0,803000000.0,0.186,0.0,103000000.0,7296000000.0,6884750000.0,503000000.0,0.0,0.0,0.0,4321000000.0,860000000.0,3461000000.0,4045596304.0,57000000.0,-408000000.0,-51000000.0,231000000.0,-138000000.0,47000000.0,-798000000.0,0.0,808000000.0,0.0,146000000.0,146000000.0,146000000.0,0.0,0.0,0.034,499000000.0,304000000.0,860000000.0,0.951,2.199,27.71,27.973,3933000000.0,0.0,25.875,0.938,0.938,680000000.0,2186000000.0,4313000000.0,4313000000.0,184000000.0,0.024,0.077,0.044,0.07,0.0,315000000.0,1.0,156351548.0,156351548.0,,27.585,6161000000.0,0.0,52000000.0,435000000.0,39.405,548000000.0
89,EMN,MRT,1999-03-31,1999-03-31,1999-03-31,2021-08-03,-47000000.0,5891000000.0,5965500000.0,1471000000.0,4420000000.0,0.73,11.632,-446000000.0,55000000.0,55000000.0,3481000000.0,200000000.0,1.777,2.195,1851000000.0,0.0,1851000000.0,1851000000.0,0.0,357000000.0,0.0,0.042,0.88,379000000.0,736000000.0,0.169,736000000.0,379000000.0,283000000.0,1.26,1.25,1.26,1844000000.0,1914250000.0,1844000000.0,4953824829.0,13.0,6.731,257000000.0,1.621,1.0,875000000.0,0.201,0.0,96000000.0,6859000000.0,6818500000.0,521000000.0,0.0,0.0,0.0,4047000000.0,828000000.0,3219000000.0,3333824829.0,12000000.0,-44000000.0,-50000000.0,-10000000.0,-139000000.0,-188000000.0,-503000000.0,0.0,703000000.0,0.0,200000000.0,200000000.0,200000000.0,0.0,0.0,0.046,503000000.0,372000000.0,828000000.0,0.698,1.808,16.669,16.69,3972000000.0,0.0,21.03,0.765,0.765,748000000.0,2178000000.0,4356000000.0,4356000000.0,186000000.0,0.034,0.104,0.056,0.087,0.0,317000000.0,1.0,158527096.0,158527096.0,,27.478,5891000000.0,0.0,83000000.0,443000000.0,37.161,643000000.0
90,EMN,MRT,1998-12-31,1998-12-31,1998-12-31,2021-08-03,-18000000.0,5850000000.0,5970250000.0,1398000000.0,4452000000.0,0.751,12.203,-500000000.0,29000000.0,29000000.0,3546000000.0,249000000.0,1.458,2.025,1649000000.0,0.0,1649000000.0,1649000000.0,0.0,351000000.0,0.0,0.039,0.88,451000000.0,802000000.0,0.179,802000000.0,451000000.0,360000000.0,1.575,1.565,1.575,1934000000.0,1911500000.0,1934000000.0,5285905447.0,12.0,6.591,231000000.0,1.458,1.0,935000000.0,0.209,19000000.0,91000000.0,6492000000.0,6829250000.0,493000000.0,0.0,0.0,0.0,3916000000.0,959000000.0,2957000000.0,3550905447.0,0.0,-32000000.0,0.0,-66000000.0,-138000000.0,-186000000.0,-545000000.0,0.0,731000000.0,0.0,249000000.0,249000000.0,249000000.0,0.0,0.0,0.056,501000000.0,434000000.0,959000000.0,0.559,1.836,14.261,14.225,4034000000.0,0.0,22.405,0.792,0.792,759000000.0,2188000000.0,4481000000.0,4481000000.0,185000000.0,0.042,0.13,0.066,0.101,0.0,316000000.0,1.0,158487188.0,158487188.0,,28.274,5831000000.0,0.0,111000000.0,415000000.0,36.792,439000000.0
91,EMN,MRT,1998-09-30,1998-09-30,1998-09-30,2021-08-03,-8000000.0,6139000000.0,5952250000.0,1679000000.0,4460000000.0,0.772,12.481,-568000000.0,86000000.0,86000000.0,3521000000.0,279000000.0,1.71,2.104,1821000000.0,0.0,1821000000.0,1821000000.0,0.0,343000000.0,0.0,0.035,0.88,519000000.0,862000000.0,0.187,862000000.0,519000000.0,429000000.0,1.765,1.75,1.765,1978000000.0,1866250000.0,1978000000.0,5816940554.0,11.0,6.748,80000000.0,0.505,1.0,1077000000.0,0.234,0.0,90000000.0,6892000000.0,6833500000.0,568000000.0,0.0,0.0,0.0,4161000000.0,982000000.0,3179000000.0,3996940554.0,50000000.0,-27000000.0,0.0,116000000.0,-139000000.0,-5000000.0,-593000000.0,0.0,648000000.0,0.0,279000000.0,279000000.0,279000000.0,0.0,0.0,0.061,572000000.0,505000000.0,982000000.0,0.499,2.021,14.326,14.289,4006000000.0,0.0,25.22,0.869,0.869,840000000.0,2224000000.0,4598000000.0,4598000000.0,185000000.0,0.047,0.149,0.076,0.113,0.0,325000000.0,1.0,158482972.0,158482972.0,,29.013,6139000000.0,0.0,150000000.0,439000000.0,38.736,697000000.0
92,EMN,MRT,1998-06-30,1998-06-30,1998-06-30,2021-08-03,-40000000.0,5982000000.0,,1600000000.0,4382000000.0,,12.013,-624000000.0,33000000.0,33000000.0,3508000000.0,295000000.0,2.075,2.147,1853000000.0,0.0,1853000000.0,1853000000.0,0.0,336000000.0,0.0,0.028,0.88,542000000.0,878000000.0,0.19,878000000.0,542000000.0,454000000.0,1.875,1.86,1.875,1901000000.0,,1901000000.0,6742184082.0,12.0,7.679,20000000.0,0.126,1.0,1104000000.0,0.239,0.0,88000000.0,7031000000.0,,566000000.0,0.0,0.0,0.0,4081000000.0,771000000.0,3310000000.0,4925184082.0,-7000000.0,5000000.0,0.0,86000000.0,-138000000.0,-34000000.0,-617000000.0,0.0,644000000.0,0.0,295000000.0,295000000.0,295000000.0,0.0,0.0,0.064,592000000.0,512000000.0,771000000.0,0.469,2.591,16.696,16.6,3970000000.0,0.0,31.125,1.068,1.068,877000000.0,2179000000.0,4612000000.0,4612000000.0,195000000.0,,,,0.118,0.0,335000000.0,1.0,158238846.0,158238846.0,,29.146,5982000000.0,0.0,159000000.0,390000000.0,37.804,829000000.0
93,EMN,MRT,1998-03-31,1998-03-31,1998-03-31,2021-08-03,-38000000.0,5910000000.0,,1559000000.0,4351000000.0,,11.683,-716000000.0,43000000.0,43000000.0,3565000000.0,288000000.0,1.89,2.224,1860000000.0,0.0,1860000000.0,1860000000.0,0.0,330000000.0,0.0,0.026,0.88,535000000.0,865000000.0,0.186,865000000.0,535000000.0,446000000.0,1.84,1.825,1.84,1833000000.0,,1833000000.0,6975367622.0,13.0,8.064,-21000000.0,-0.134,1.0,1090000000.0,0.234,0.0,89000000.0,6902000000.0,,519000000.0,0.0,0.0,0.0,4077000000.0,825000000.0,3252000000.0,5290367622.0,-8000000.0,5000000.0,0.0,134000000.0,-138000000.0,8000000.0,-711000000.0,0.0,695000000.0,0.0,288000000.0,288000000.0,288000000.0,0.0,0.0,0.062,585000000.0,505000000.0,825000000.0,0.478,2.886,18.369,18.326,3928000000.0,0.0,33.72,1.136,1.136,843000000.0,2117000000.0,4655000000.0,4655000000.0,189000000.0,,,,0.115,0.0,334000000.0,1.0,156891092.0,156891092.0,,29.67,5910000000.0,0.0,158000000.0,383000000.0,37.669,734000000.0
94,EMN,MRT,1997-12-31,1997-12-31,1997-12-31,2021-08-03,-37000000.0,5778000000.0,5522000000.0,1490000000.0,4288000000.0,0.847,11.173,-749000000.0,29000000.0,29000000.0,3582000000.0,286000000.0,1.562,2.296,1714000000.0,0.0,1714000000.0,1714000000.0,0.0,327000000.0,0.0,0.03,0.88,533000000.0,860000000.0,0.184,860000000.0,533000000.0,446000000.0,1.83,1.815,1.83,1753000000.0,1696000000.0,1753000000.0,,,,-51000000.0,-0.325,1.0,1096000000.0,0.234,0.0,87000000.0,6509000000.0,6243500000.0,511000000.0,0.0,0.0,0.0,4025000000.0,954000000.0,3071000000.0,4672216720.0,5000000.0,5000000.0,-8000000.0,191000000.0,-138000000.0,52000000.0,-745000000.0,0.0,698000000.0,0.0,286000000.0,286000000.0,286000000.0,0.0,0.0,0.061,590000000.0,506000000.0,954000000.0,0.481,2.665,16.336,16.273,3881000000.0,0.0,29.78,0.999,0.999,793000000.0,2078000000.0,4678000000.0,4678000000.0,191000000.0,0.052,0.169,0.085,0.114,0.0,337000000.0,1.0,156891092.0,156891092.0,,29.817,5778000000.0,0.0,160000000.0,397000000.0,36.828,536000000.0
95,EMN,MRT,1997-09-30,1997-09-30,1997-09-30,2021-08-03,,,,,,,,,,,,,,,,,,,,,,0.028,0.88,,,,,,,,,,,,,,,,,,1.0,,,,,,,,,,,,,,,,,,,,,,,,,,,,,,,,,,,,,,,,31.0,,,,,,,,,,,,,,1.0,,,,,,,,,,
96,EMN,MRT,1997-06-30,1997-06-30,1997-06-30,2021-08-03,,,,,,,,,,,,,,,,,,,,,,0.028,0.88,,,,,,,,,,,,,,,,,,1.0,,,,,,,,,,,,,,,,,,,,,,,,,,,,,,,,,,,,,,,,31.75,,,,,,,,,,,,,,1.0,,,,,,,,,,
97,EMN,MRT,1997-03-31,1997-03-31,1997-03-31,2021-08-03,,,,,,,,,,,,,,,,,,,,,,0.032,0.87,,,,,,,,,,,,,,,,,,1.0,,,,,,,,,,,,,,,,,,,,,,,,,,,,,,,,,,,,,,,,26.875,,,,,,,,,,,,,,1.0,,,,,,,,,,
98,EMN,MRT,1996-12-31,1996-12-31,1996-12-31,2021-08-03,0.0,5266000000.0,,1345000000.0,3921000000.0,,,-746000000.0,24000000.0,24000000.0,3603000000.0,380000000.0,1.709,2.213,1523000000.0,0.0,1523000000.0,1523000000.0,0.0,314000000.0,0.0,0.031,0.86,674000000.0,988000000.0,0.207,988000000.0,674000000.0,607000000.0,2.42,2.395,2.42,1639000000.0,,1639000000.0,,,,0.0,,1.0,1179000000.0,0.247,0.0,67000000.0,5978000000.0,,465000000.0,0.0,0.0,0.0,3627000000.0,787000000.0,2840000000.0,,-76000000.0,-26000000.0,-161000000.0,273000000.0,-134000000.0,-13000000.0,-809000000.0,0.0,746000000.0,0.0,380000000.0,380000000.0,380000000.0,0.0,0.0,0.079,516000000.0,663000000.0,787000000.0,0.355,,,11.415,3520000000.0,0.0,27.625,,,744000000.0,1929000000.0,4782000000.0,4782000000.0,184000000.0,,,,0.141,0.0,332000000.0,1.0,,,,,5266000000.0,0.0,227000000.0,348000000.0,,558000000.0
99,EMN,MRT,1995-12-31,1995-12-31,1995-12-31,2021-08-03,,,,,,,,-437000000.0,,,3536000000.0,559000000.0,,,,,,,,308000000.0,,0.026,0.82,978000000.0,1286000000.0,0.255,1286000000.0,978000000.0,899000000.0,3.42,3.39,3.42,,,,,,,401000000.0,,1.0,1504000000.0,0.298,,79000000.0,,,,,,,,,,,10000000.0,-56000000.0,-200000000.0,20000000.0,-133000000.0,-304000000.0,-524000000.0,0.0,838000000.0,0.0,559000000.0,559000000.0,559000000.0,0.0,0.0,0.111,540000000.0,964000000.0,,0.24,,,9.12,,0.0,31.19,,,,,5040000000.0,5040000000.0,176000000.0,,,,0.194,0.0,364000000.0,1.0,,,,,,,340000000.0,,,
