None,ticker,dimension,calendardate,datekey,reportperiod,lastupdated,accoci,assets,assetsavg,assetsc,assetsnc,assetturnover,bvps,capex,cashneq,cashnequsd,cor,consolinc,currentratio,de,debt,debtc,debtnc,debtusd,deferredrev,depamor,deposits,divyield,dps,ebit,ebitda,ebitdamargin,ebitdausd,ebitusd,ebt,eps,epsdil,epsusd,equity,equityavg,equityusd,ev,evebit,evebitda,fcf,fcfps,fxusd,gp,grossmargin,intangibles,intexp,invcap,invcapavg,inventory,investments,investmentsc,investmentsnc,liabilities,liabilitiesc,liabilitiesnc,marketcap,ncf,ncfbus,ncfcommon,ncfdebt,ncfdiv,ncff,ncfi,ncfinv,ncfo,ncfx,netinc,netinccmn,netinccmnusd,netincdis,netincnci,netmargin,opex,opinc,payables,payoutratio,pb,pe,pe1,ppnenet,prefdivis,price,ps,ps1,receivables,retearn,revenue,revenueusd,rnd,roa,roe,roic,ros,sbcomp,sgna,sharefactor,sharesbas,shareswa,shareswadil,sps,tangibles,taxassets,taxexp,taxliabilities,tbvps,workingcapital
0,CHD,MRY,2020-12-31,2020-12-31,2020-12-31,2021-08-02,-77600000.0,7414500000.0,7224100000.0,1112400000.0,6302100000.0,0.678,12.238,-91900000.0,183100000.0,183100000.0,2681600000.0,785900000.0,0.801,1.455,2163900000.0,351400000.0,1812500000.0,2163900000.0,0.0,189700000.0,0.0,0.011,0.96,1034800000.0,1224500000.0,0.25,1224500000.0,1034800000.0,973800000.0,3.18,3.12,3.18,3020400000.0,3011825000.0,3020400000.0,22936726386.0,22.0,18.732,898400000.0,3.64,1.0,2214200000.0,0.452,5339800000.0,61000000.0,2666900000.0,2627275000.0,495400000.0,9100000.0,0.0,9100000.0,4394100000.0,1388600000.0,3005500000.0,21672326386.0,27400000.0,-512700000.0,-207000000.0,99000000.0,-237300000.0,-360100000.0,-608100000.0,0.0,990300000.0,5300000.0,785900000.0,785900000.0,785900000.0,0.0,0.0,0.161,1184500000.0,1029700000.0,1024500000.0,0.302,7.175,27.576,27.431,612800000.0,0.0,87.23,4.427,4.397,398800000.0,4786000000.0,4895800000.0,4895800000.0,0.0,0.109,0.261,0.394,0.211,21500000.0,1184500000.0,1.0,248450377.0,246800000,252200000.0,19.837,2074700000.0,0.0,187900000.0,720000000.0,8.406,-276200000.0
1,CHD,MRY,2019-12-31,2019-12-31,2019-12-31,2021-08-02,-66700000.0,6657400000.0,6472675000.0,956400000.0,5701000000.0,0.673,10.836,-73700000.0,155700000.0,155700000.0,2373700000.0,615900000.0,0.876,1.495,2063100000.0,252900000.0,1810200000.0,2063100000.0,0.0,176400000.0,0.0,0.013,0.911,847300000.0,1023700000.0,0.235,1023700000.0,847300000.0,773700000.0,2.5,2.44,2.5,2667800000.0,2582800000.0,2667800000.0,19330074922.0,23.0,18.883,790800000.0,3.212,1.0,1984000000.0,0.455,4829500000.0,73600000.0,2643000000.0,2606525000.0,417400000.0,9700000.0,0.0,9700000.0,3989600000.0,1092300000.0,2897300000.0,17261574922.0,-161000000.0,-475000000.0,-197200000.0,-49000000.0,-224100000.0,-472900000.0,-553500000.0,0.0,864500000.0,900000.0,615900000.0,615900000.0,615900000.0,0.0,0.0,0.141,1143800000.0,840200000.0,831900000.0,0.364,6.47,28.027,28.136,573000000.0,0.0,70.34,3.961,3.974,356400000.0,4237400000.0,4357700000.0,4357700000.0,0.0,0.095,0.238,0.325,0.194,20800000.0,1143800000.0,1.0,245401975.0,246200000,252100000.0,17.7,1827900000.0,0.0,157800000.0,587100000.0,7.424,-135900000.0
2,CHD,MRY,2018-12-31,2018-12-31,2018-12-31,2021-08-02,-53600000.0,6069200000.0,5969700000.0,1078200000.0,4991000000.0,0.694,9.995,-60400000.0,316700000.0,316700000.0,2305100000.0,568600000.0,0.813,1.473,2107100000.0,598300000.0,1508800000.0,2107100000.0,0.0,141100000.0,0.0,0.013,0.87,798900000.0,940000000.0,0.227,940000000.0,798900000.0,719500000.0,2.32,2.27,2.32,2453800000.0,2292900000.0,2453800000.0,18108863273.0,23.0,19.265,703200000.0,2.864,1.0,1840800000.0,0.444,4266900000.0,79400000.0,2266400000.0,2519450000.0,382800000.0,8500000.0,0.0,8500000.0,3615400000.0,1326300000.0,2289100000.0,16192263273.0,37800000.0,-49800000.0,-123400000.0,-268800000.0,-213300000.0,-609000000.0,-112100000.0,0.0,763600000.0,-4700000.0,568600000.0,568600000.0,568600000.0,0.0,0.0,0.137,1049100000.0,791700000.0,725100000.0,0.375,6.599,28.477,28.345,598200000.0,0.0,65.76,3.906,3.894,345300000.0,3832600000.0,4145900000.0,4145900000.0,0.0,0.095,0.248,0.317,0.193,23300000.0,1049100000.0,1.0,246232714.0,245500000,250700000.0,16.888,1802300000.0,0.0,150900000.0,579300000.0,7.341,-248100000.0
3,CHD,MRY,2017-12-31,2017-12-31,2017-12-31,2021-08-02,-36400000.0,6014800000.0,5280600000.0,1000200000.0,5014600000.0,0.715,8.851,-45000000.0,278900000.0,278900000.0,2046600000.0,743400000.0,1.07,1.712,2374300000.0,270900000.0,2103400000.0,2374300000.0,0.0,125400000.0,0.0,0.015,0.76,745300000.0,870700000.0,0.231,870700000.0,745300000.0,692700000.0,2.97,2.9,2.97,2218000000.0,1988775000.0,2218000000.0,14723554408.0,20.0,16.91,636500000.0,2.54,1.0,1729600000.0,0.458,4279400000.0,52600000.0,2895800000.0,2235400000.0,330700000.0,9300000.0,0.0,9300000.0,3796800000.0,935000000.0,2861800000.0,12538754408.0,91100000.0,-1260000000.0,-357900000.0,1265500000.0,-190400000.0,698900000.0,-1303400000.0,0.0,681500000.0,14100000.0,743400000.0,743400000.0,743400000.0,0.0,0.0,0.197,996900000.0,732700000.0,659100000.0,0.256,5.653,16.867,16.892,607700000.0,0.0,50.17,3.32,3.329,345900000.0,3479000000.0,3776200000.0,3776200000.0,0.0,0.141,0.374,0.333,0.197,18100000.0,996900000.0,1.0,249925342.0,250600000,256100000.0,15.069,1735400000.0,0.0,-50700000.0,566200000.0,6.925,65200000.0
4,CHD,MRY,2016-12-31,2016-12-31,2016-12-31,2021-08-02,-63800000.0,4354100000.0,4309825000.0,756800000.0,3597300000.0,0.81,7.678,-49800000.0,187800000.0,187800000.0,1902500000.0,459000000.0,0.755,1.201,1120200000.0,426800000.0,693400000.0,1120200000.0,0.0,107600000.0,0.0,0.016,0.71,733600000.0,841200000.0,0.241,841200000.0,733600000.0,705900000.0,1.78,1.75,1.78,1977900000.0,2007525000.0,1977900000.0,12125297901.0,17.0,14.414,605500000.0,2.351,1.0,1590600000.0,0.455,2875900000.0,27700000.0,1408700000.0,1445350000.0,258200000.0,8500000.0,0.0,8500000.0,2376200000.0,1001900000.0,1374300000.0,11427697901.0,-142200000.0,-305300000.0,-349500000.0,68900000.0,-183000000.0,-439600000.0,-354600000.0,0.0,655300000.0,-3300000.0,459000000.0,459000000.0,459000000.0,0.0,0.0,0.131,866400000.0,724200000.0,568900000.0,0.399,5.778,24.897,24.826,588600000.0,0.0,44.19,3.272,3.259,287000000.0,2926000000.0,3493100000.0,3493100000.0,0.0,0.107,0.229,0.508,0.21,-14000000.0,866400000.0,1.0,258603709.0,257600000,262100000.0,13.56,1478200000.0,0.0,246900000.0,518400000.0,5.738,-245100000.0
5,CHD,MRY,2015-12-31,2015-12-31,2015-12-31,2021-08-02,-45900000.0,4256900000.0,4261900000.0,906000000.0,3350900000.0,0.797,7.716,-61800000.0,330000000.0,330000000.0,1883000000.0,410400000.0,1.038,1.104,1050000000.0,357200000.0,692800000.0,1050000000.0,0.0,101000000.0,0.0,0.016,0.67,665900000.0,766900000.0,0.226,766900000.0,665900000.0,635400000.0,1.57,1.54,1.57,2023200000.0,1988275000.0,2023200000.0,11900112007.0,18.0,15.517,544300000.0,2.076,1.0,1511800000.0,0.445,2624400000.0,30500000.0,1479800000.0,1546625000.0,274000000.0,8400000.0,0.0,8400000.0,2233700000.0,872700000.0,1361000000.0,11129712007.0,-93000000.0,-74900000.0,-334600000.0,-38300000.0,-175300000.0,-535000000.0,-141200000.0,0.0,606100000.0,-22900000.0,410400000.0,410400000.0,410400000.0,0.0,0.0,0.121,837600000.0,674200000.0,508300000.0,0.427,5.501,27.119,27.032,609600000.0,0.0,42.44,3.278,3.278,276200000.0,2650000000.0,3394800000.0,3394800000.0,0.0,0.096,0.206,0.431,0.196,300000.0,837600000.0,1.0,262245806.0,262200000,267200000.0,12.947,1632500000.0,0.0,225000000.0,492000000.0,6.226,33300000.0
6,CHD,MRY,2014-12-31,2014-12-31,2014-12-31,2021-08-02,-34700000.0,4359200000.0,4189875000.0,1018100000.0,3341100000.0,0.787,7.779,-70500000.0,423000000.0,423000000.0,1844700000.0,413900000.0,1.125,1.074,1086600000.0,396600000.0,690000000.0,1086600000.0,0.0,91200000.0,0.0,0.016,0.62,652300000.0,743500000.0,0.225,743500000.0,652300000.0,624900000.0,1.53,1.51,1.53,2101900000.0,2080575000.0,2101900000.0,11226276620.0,17.0,15.099,469800000.0,1.739,1.0,1452900000.0,0.441,2597400000.0,27400000.0,1520100000.0,1514275000.0,245900000.0,24800000.0,0.0,24800000.0,2257300000.0,905300000.0,1352000000.0,10542776620.0,-73900000.0,-215700000.0,-446100000.0,293100000.0,-167500000.0,-306600000.0,-288400000.0,0.0,540300000.0,-19200000.0,413900000.0,413900000.0,413900000.0,0.0,0.0,0.126,811700000.0,641200000.0,507700000.0,0.405,5.016,25.472,25.755,616200000.0,0.0,39.405,3.197,3.229,322900000.0,2414900000.0,3297600000.0,3297600000.0,0.0,0.099,0.199,0.431,0.198,-1500000.0,811700000.0,1.0,267549210.0,270200000,275000000.0,12.204,1761800000.0,0.0,211000000.0,471600000.0,6.52,112800000.0
7,CHD,MRY,2013-12-31,2013-12-31,2013-12-31,2021-08-02,200000.0,4259700000.0,4142675000.0,1115800000.0,3143900000.0,0.771,8.297,-67100000.0,496900000.0,496900000.0,1756300000.0,394400000.0,1.713,0.852,803300000.0,153800000.0,649500000.0,803300000.0,0.0,90500000.0,0.0,0.017,0.56,625500000.0,716000000.0,0.224,716000000.0,625500000.0,597800000.0,1.425,1.395,1.425,2299900000.0,2190550000.0,2299900000.0,9560852333.0,15.0,13.353,432500000.0,1.56,1.0,1438000000.0,0.45,2426500000.0,27700000.0,1488400000.0,1515500000.0,250500000.0,24500000.0,0.0,24500000.0,1959700000.0,651200000.0,1308500000.0,9202852333.0,153900000.0,0.0,-28100000.0,-99400000.0,-155200000.0,-259800000.0,-77100000.0,0.0,499600000.0,-8800000.0,394400000.0,394400000.0,394400000.0,0.0,0.0,0.123,815800000.0,622200000.0,495100000.0,0.393,4.001,23.334,23.256,594100000.0,0.0,33.14,2.881,2.876,330200000.0,2168500000.0,3194300000.0,3194300000.0,0.0,0.095,0.18,0.413,0.196,3900000.0,815800000.0,1.0,277696208.0,277200000,282400000.0,11.523,1833200000.0,16600000.0,203400000.0,478300000.0,6.613,464600000.0
8,CHD,MRY,2012-12-31,2012-12-31,2012-12-31,2021-08-02,2500000.0,4098100000.0,3547375000.0,933800000.0,3164300000.0,0.824,7.355,-74500000.0,343000000.0,343000000.0,1630500000.0,349800000.0,1.287,0.988,903200000.0,253800000.0,649400000.0,903200000.0,0.0,85000000.0,0.0,0.018,0.48,556500000.0,641500000.0,0.22,641500000.0,556500000.0,542500000.0,1.25,1.225,1.25,2060900000.0,2033475000.0,2060900000.0,7497512040.0,13.0,11.687,449100000.0,1.603,1.0,1291400000.0,0.442,2468700000.0,14000000.0,1464000000.0,1231025000.0,242200000.0,23000000.0,0.0,23000000.0,2037000000.0,725600000.0,1311400000.0,7484912040.0,91600000.0,-666000000.0,-222400000.0,650900000.0,-134500000.0,305200000.0,-741300000.0,0.0,523600000.0,4100000.0,349800000.0,349800000.0,349800000.0,0.0,0.0,0.12,746300000.0,545100000.0,432000000.0,0.384,3.632,21.398,21.428,586000000.0,0.0,26.785,2.562,2.569,303100000.0,1929300000.0,2921900000.0,2921900000.0,0.0,0.099,0.172,0.452,0.19,-2200000.0,746300000.0,1.0,279444168.0,280200000,285400000.0,10.428,1629400000.0,17600000.0,192700000.0,509800000.0,5.815,208200000.0
9,CHD,MRY,2011-12-31,2011-12-31,2011-12-31,2021-08-02,2900000.0,3117600000.0,3067300000.0,755200000.0,2362400000.0,0.896,7.125,-76600000.0,251400000.0,251400000.0,1534800000.0,309600000.0,1.969,0.528,252300000.0,2600000.0,249700000.0,252300000.0,0.0,77100000.0,0.0,0.015,0.34,503300000.0,580400000.0,0.211,580400000.0,503300000.0,494600000.0,1.08,1.06,1.08,2040600000.0,2028600000.0,2040600000.0,6524560358.0,13.0,11.241,361200000.0,1.261,1.0,1214500000.0,0.442,1772500000.0,8700000.0,962400000.0,964000000.0,200700000.0,12000000.0,0.0,12000000.0,1076800000.0,383600000.0,693200000.0,6545960358.0,62200000.0,-72300000.0,-53100000.0,-87400000.0,-97400000.0,-226500000.0,-147800000.0,0.0,437800000.0,-1300000.0,309600000.0,309600000.0,309600000.0,0.0,0.0,0.113,721900000.0,492600000.0,379300000.0,0.315,3.208,21.143,21.185,506000000.0,0.0,22.88,2.381,2.383,264600000.0,1714000000.0,2749300000.0,2749300000.0,0.0,0.101,0.153,0.522,0.183,-1100000.0,721900000.0,1.0,286099666.0,286400000,291600000.0,9.6,1345100000.0,6000000.0,185000000.0,294000000.0,4.697,371600000.0
10,CHD,MRY,2010-12-31,2010-12-31,2010-12-31,2021-08-02,16300000.0,2945200000.0,3097300250.0,649500000.0,2295700000.0,0.836,6.587,-55600000.0,189200000.0,189200000.0,1431400000.0,270700000.0,1.453,0.574,339700000.0,90000000.0,249700000.0,339700000.0,0.0,71600000.0,0.0,0.009,0.155,446100000.0,517700000.0,0.2,517700000.0,446100000.0,418300000.0,0.955,0.935,0.955,1870700000.0,1777091500.0,1870700000.0,5114166621.0,11.0,9.879,372900000.0,1.313,1.0,1157800000.0,0.447,1729900000.0,27800000.0,918700000.0,1176340750.0,195400000.0,9200000.0,0.0,9200000.0,1074300000.0,447100000.0,627200000.0,4909637621.0,-257900000.0,-126000000.0,15900000.0,-476600000.0,-44000000.0,-503700000.0,-180400000.0,1800000.0,428500000.0,-2300000.0,270700000.0,270700000.0,270700000.0,0.0,0.0,0.105,712800000.0,445000000.0,355300000.0,0.162,2.624,18.137,18.068,468300000.0,0.0,17.255,1.896,1.893,231100000.0,1501800000.0,2589200000.0,2589200000.0,0.0,0.087,0.152,0.379,0.172,4600000.0,712800000.0,1.0,284534200.0,284000000,288800000.0,9.117,1215300000.0,16300000.0,147600000.0,256100000.0,4.279,202400000.0
11,CHD,MRY,2009-12-31,2009-12-31,2009-12-31,2021-08-02,10078000.0,3118446000.0,3036476250.0,928265000.0,2190181000.0,0.83,5.687,-105300000.0,447143000.0,447143000.0,1419900000.0,243500000.0,1.637,0.947,816296000.0,218949000.0,597347000.0,816296000.0,0.0,85400000.0,0.0,0.008,0.115,427800000.0,513200000.0,0.204,513200000.0,427800000.0,392200000.0,0.865,0.85,0.865,1601583000.0,1502730500.0,1601583000.0,4668664058.0,11.0,9.097,295600000.0,1.05,1.0,1101000000.0,0.437,1632969000.0,35600000.0,1287598000.0,1336061000.0,216870000.0,12815000.0,0.0,12815000.0,1516674000.0,567032000.0,949642000.0,4252359058.0,249100000.0,-700000.0,9600000.0,-40600000.0,-32300000.0,-58300000.0,-104100000.0,1300000.0,400900000.0,10600000.0,243500000.0,243500000.0,243500000.0,0.0,0.0,0.097,688100000.0,412900000.0,332450000.0,0.133,2.655,17.463,17.471,455636000.0,0.0,15.113,1.687,1.688,222158000.0,1275117000.0,2520900000.0,2520900000.0,0.0,0.08,0.162,0.32,0.17,7700000.0,708100000.0,1.0,281380252.0,281600000,286000000.0,8.952,1485477000.0,20432000.0,148700000.0,216889000.0,5.275,361233000.0
12,CHD,MRY,2008-12-31,2008-12-31,2008-12-31,2021-08-02,-20454000.0,2801438000.0,2665216500.0,665121000.0,2136317000.0,0.909,4.905,-82703000.0,197999000.0,197999000.0,1450680000.0,195182000.0,1.718,1.104,856141000.0,74739000.0,781402000.0,856141000.0,0.0,71404000.0,0.0,0.006,0.085,355197000.0,426601000.0,0.176,426601000.0,355197000.0,308252000.0,0.72,0.695,0.72,1331513000.0,1250020250.0,1331513000.0,4636150031.0,13.0,10.868,253464000.0,0.934,1.0,971718000.0,0.401,1655403000.0,46945000.0,1417056000.0,1368310000.0,198893000.0,10061000.0,0.0,10061000.0,1469733000.0,387121000.0,1082612000.0,3930143031.0,-51810000.0,-384381000.0,12321000.0,100072000.0,-23114000.0,87222000.0,-466161000.0,1263000.0,336167000.0,-9038000.0,195174000.0,195174000.0,195174000.0,0.0,8000.0,0.081,631386000.0,340332000.0,310622000.0,0.118,2.952,20.137,19.486,384519000.0,0.0,14.03,1.622,1.572,211194000.0,1063928000.0,2422398000.0,2422398000.0,0.0,0.073,0.156,0.26,0.147,6115000.0,631386000.0,1.0,280124236.0,271480000,284464000.0,8.923,1146035000.0,15107000.0,113078000.0,173741000.0,4.221,278000000.0
13,CHD,MRY,2007-12-31,2007-12-31,2007-12-31,2021-08-02,39128000.0,2532490000.0,2437238000.0,735353000.0,1797137000.0,0.911,4.102,-41663000.0,249809000.0,249809000.0,1353042000.0,169031000.0,1.606,1.344,856017000.0,148706000.0,707311000.0,856017000.0,0.0,56671000.0,0.0,0.006,0.075,323817000.0,380488000.0,0.171,380488000.0,323817000.0,264925000.0,0.642,0.615,0.642,1080265000.0,1001096250.0,1080265000.0,4255173460.0,13.0,11.183,207014000.0,0.786,1.0,867898000.0,0.391,1354010000.0,58892000.0,1326899000.0,1352944250.0,213651000.0,10324000.0,0.0,10324000.0,1452225000.0,457789000.0,994436000.0,3567155460.0,139333000.0,-218000.0,15823000.0,-77377000.0,-19746000.0,-73619000.0,-42522000.0,0.0,248677000.0,6797000.0,169025000.0,169025000.0,169025000.0,0.0,6000.0,0.076,562864000.0,305034000.0,303071000.0,0.117,3.302,21.104,21.055,350853000.0,0.0,13.518,1.606,1.603,247898000.0,891868000.0,2220940000.0,2220940000.0,0.0,0.069,0.169,0.239,0.146,3735000.0,562864000.0,1.0,263891656.0,263360000,281248000.0,8.433,1178480000.0,13508000.0,95900000.0,168758000.0,4.475,277564000.0
14,CHD,MRY,2006-12-31,2006-12-31,2006-12-31,2021-08-02,12153000.0,2334154000.0,2171995000.0,556070000.0,1778084000.0,0.896,3.33,-47598000.0,110476000.0,110476000.0,1184524000.0,138927000.0,1.251,1.702,933336000.0,140411000.0,792925000.0,933336000.0,0.0,51727000.0,0.0,0.006,0.065,267126000.0,318853000.0,0.164,318853000.0,267126000.0,213098000.0,0.535,0.517,0.535,863837000.0,807509750.0,863837000.0,3669215973.0,14.0,11.508,138846000.0,0.535,1.0,761137000.0,0.391,1365588000.0,54028000.0,1347022000.0,1278040000.0,194900000.0,15620000.0,0.0,15620000.0,1470317000.0,444404000.0,1025913000.0,2782220973.0,-16202000.0,-338214000.0,12195000.0,176742000.0,-16868000.0,177653000.0,-385516000.0,2355000.0,186444000.0,5217000.0,138927000.0,138927000.0,138927000.0,0.0,0.0,0.071,509035000.0,252102000.0,290546000.0,0.121,3.221,20.026,19.93,340484000.0,0.0,10.662,1.43,1.422,231403000.0,740130000.0,1945661000.0,1945661000.0,0.0,0.064,0.172,0.209,0.137,3016000.0,509035000.0,1.0,260935144.0,259424000,275784000.0,7.5,968566000.0,9410000.0,74171000.0,147716000.0,3.734,111666000.0
15,CHD,MRY,2005-12-31,2005-12-31,2005-12-31,2021-08-02,-454000.0,1962117000.0,1913259000.0,494438000.0,1467679000.0,0.908,2.728,-22991000.0,126678000.0,126678000.0,1099506000.0,122906000.0,1.207,1.816,756543000.0,121282000.0,635261000.0,756543000.0,0.0,44158000.0,0.0,0.007,0.06,219072000.0,263230000.0,0.152,263230000.0,219072000.0,174974000.0,0.48,0.458,0.48,696878000.0,656972500.0,696878000.0,2725790715.0,12.0,10.355,167116000.0,0.654,1.0,637000000.0,0.367,1065646000.0,44098000.0,1116626000.0,1166235000.0,156149000.0,18139000.0,1150000.0,16989000.0,1265239000.0,409710000.0,855529000.0,2124647715.0,-18862000.0,-81878000.0,17167000.0,-102082000.0,-15315000.0,-101224000.0,-105114000.0,1015000.0,190107000.0,-2631000.0,122906000.0,122906000.0,122906000.0,0.0,0.0,0.071,424224000.0,212776000.0,255438000.0,0.125,3.049,17.287,17.203,326903000.0,0.0,8.258,1.224,1.215,187863000.0,618071000.0,1736506000.0,1736506000.0,0.0,0.064,0.187,0.188,0.126,0.0,424224000.0,1.0,257299148.0,255428000,277156000.0,6.798,896471000.0,11217000.0,52068000.0,157872000.0,3.51,84728000.0
16,CHD,MRY,2004-12-31,2004-12-31,2004-12-31,2021-08-02,-3110000.0,1877998000.0,1681372250.0,493796000.0,1384202000.0,0.87,2.263,-34228000.0,145540000.0,145540000.0,928674000.0,88808000.0,1.381,2.353,858742000.0,104036000.0,754706000.0,858742000.0,0.0,39093000.0,0.0,0.007,0.057,168846000.0,207939000.0,0.142,207939000.0,168846000.0,127439000.0,0.36,0.34,0.36,560030000.0,514676000.0,560030000.0,2853601699.0,17.0,13.723,164802000.0,0.666,1.0,533388000.0,0.365,985928000.0,41407000.0,1247733000.0,1191153750.0,148898000.0,22021000.0,1015000.0,21006000.0,1317968000.0,357539000.0,960429000.0,2097207699.0,69906000.0,-197782000.0,18633000.0,100366000.0,-14005000.0,96381000.0,-229807000.0,942000.0,199030000.0,4302000.0,88808000.0,88808000.0,88808000.0,0.0,0.0,0.061,361635000.0,171753000.0,242024000.0,0.158,3.745,23.615,23.347,332204000.0,0.0,8.405,1.434,1.423,166203000.0,510480000.0,1462062000.0,1462062000.0,0.0,0.053,0.173,0.142,0.115,0.0,361635000.0,1.0,249519060.0,247472000,272264000.0,5.908,892070000.0,7600000.0,38631000.0,119695000.0,3.605,136257000.0
17,CHD,MRY,2003-12-31,2003-12-31,2003-12-31,2021-08-02,-13962000.0,1119617000.0,1028540500.0,289222000.0,830395000.0,1.028,1.817,-30674000.0,75634000.0,75634000.0,738883000.0,80961000.0,1.246,1.553,397046000.0,65897000.0,331149000.0,397046000.0,0.0,30224000.0,0.0,0.008,0.052,137335000.0,167559000.0,0.159,167559000.0,137335000.0,116935000.0,0.335,0.32,0.335,438494000.0,404952000.0,438494000.0,1843668846.0,13.0,11.003,88635000.0,0.367,1.0,317991000.0,0.301,378818000.0,20400000.0,830157000.0,751335000.0,84176000.0,162283000.0,942000.0,161341000.0,681123000.0,232054000.0,449069000.0,1601672846.0,-668000.0,-112671000.0,12640000.0,27283000.0,-12495000.0,21859000.0,-142649000.0,870000.0,119309000.0,813000.0,80961000.0,80961000.0,80961000.0,0.0,0.0,0.077,206140000.0,111851000.0,148958000.0,0.155,3.653,19.783,19.701,258010000.0,0.0,6.6,1.515,1.507,107553000.0,435677000.0,1056874000.0,1056874000.0,0.0,0.079,0.2,0.183,0.13,0.0,206140000.0,1.0,242677704.0,241364000,258032000.0,4.379,740799000.0,14109000.0,35974000.0,78199000.0,3.069,57168000.0
18,CHD,MRY,2002-12-31,2002-12-31,2002-12-31,2021-08-02,-16919000.0,988241000.0,984656750.0,285436000.0,702805000.0,1.063,1.462,-37279000.0,76302000.0,76302000.0,735928000.0,66690000.0,1.541,1.843,368433000.0,15945000.0,352488000.0,368433000.0,0.0,27890000.0,0.0,0.01,0.05,125066000.0,152956000.0,0.146,152956000.0,125066000.0,101092000.0,0.28,0.268,0.28,347646000.0,325360250.0,347646000.0,1538151533.0,12.0,10.056,76490000.0,0.322,1.0,311221000.0,0.297,292424000.0,23974000.0,802767000.0,851442000.0,82674000.0,142537000.0,870000.0,141667000.0,640595000.0,185181000.0,455414000.0,1213558533.0,23856000.0,-5817000.0,10868000.0,-50294000.0,-11888000.0,-51790000.0,-38370000.0,5803000.0,113769000.0,247000.0,66690000.0,66690000.0,66690000.0,0.0,0.0,0.064,206707000.0,104514000.0,156921000.0,0.179,3.491,18.197,18.113,240007000.0,0.0,5.072,1.159,1.152,100252000.0,367211000.0,1047149000.0,1047149000.0,0.0,0.068,0.205,0.147,0.119,0.0,206707000.0,1.0,239281998.0,237780000,250856000.0,4.404,695817000.0,18154000.0,34402000.0,69418000.0,2.926,100255000.0
19,CHD,MRY,2001-12-31,2001-12-31,2001-12-31,2021-08-02,-9728000.0,949085000.0,750497250.0,293207000.0,655878000.0,1.279,1.21,-31556000.0,52446000.0,52446000.0,680211000.0,46984000.0,1.496,2.362,418144000.0,11580000.0,406564000.0,418144000.0,0.0,27843000.0,0.0,0.011,0.048,85392000.0,113235000.0,0.118,113235000.0,85392000.0,73855000.0,0.202,0.192,0.202,282303000.0,269336000.0,282303000.0,1422111534.0,17.0,12.559,10165000.0,0.044,1.0,279496000.0,0.291,268193000.0,11537000.0,850574000.0,566598250.0,101214000.0,132875000.0,5803000.0,127072000.0,666782000.0,196016000.0,470766000.0,1041193534.0,30873000.0,-331712000.0,9168000.0,378094000.0,-11275000.0,366386000.0,-377158000.0,-10303000.0,41721000.0,-76000.0,46984000.0,46984000.0,46984000.0,0.0,0.0,0.049,185975000.0,93521000.0,176176000.0,0.238,3.688,22.161,21.972,231449000.0,0.0,4.438,1.085,1.079,106291000.0,312409000.0,959707000.0,959707000.0,0.0,0.063,0.174,0.151,0.089,0.0,186635000.0,1.0,234591108.0,233274000,244914000.0,4.114,680892000.0,19849000.0,26871000.0,35292000.0,2.919,97191000.0
20,CHD,MRY,2000-12-31,2000-12-31,2000-12-31,2021-08-02,-9389000.0,455632000.0,473684500.0,160501000.0,295131000.0,1.459,1.021,-21825000.0,21573000.0,21573000.0,450321000.0,33559000.0,1.076,0.942,33999000.0,13863000.0,20136000.0,33999000.0,0.0,23454000.0,0.0,0.013,0.047,56730000.0,80184000.0,0.116,80184000.0,56730000.0,51874000.0,0.147,0.14,0.147,234650000.0,228190500.0,234650000.0,887201973.0,16.0,11.065,80934000.0,0.352,1.0,240870000.0,0.348,82839000.0,4856000.0,236081000.0,273381750.0,55165000.0,22406000.0,2990000.0,19416000.0,220982000.0,149138000.0,71844000.0,848610973.0,1808000.0,-6612000.0,-13019000.0,-49997000.0,-10744000.0,-73760000.0,-27191000.0,4009000.0,102759000.0,0.0,33559000.0,33559000.0,33559000.0,0.0,0.0,0.049,188709000.0,52161000.0,129268000.0,0.32,3.616,25.287,25.227,168570000.0,0.0,3.708,1.228,1.234,64958000.0,276700000.0,691191000.0,691191000.0,0.0,0.071,0.147,0.208,0.082,0.0,166798000.0,1.0,228838914.0,229926000,239598000.0,3.006,372793000.0,11679000.0,18315000.0,23859000.0,1.621,11363000.0
21,CHD,MRY,1999-12-31,1999-12-31,1999-12-31,2021-08-02,-4599000.0,476306000.0,432712000.0,175783000.0,300523000.0,1.711,0.974,-16350000.0,19765000.0,19765000.0,414486000.0,45357000.0,1.25,1.101,84366000.0,26259000.0,58107000.0,84366000.0,0.0,19256000.0,0.0,0.009,0.038,74938000.0,94194000.0,0.127,94194000.0,74938000.0,72178000.0,0.195,0.185,0.195,226733000.0,215318000.0,226733000.0,1061685301.0,14.0,11.271,47695000.0,0.205,1.0,325695000.0,0.44,83744000.0,2760000.0,316555000.0,291817750.0,72670000.0,27177000.0,4000000.0,23177000.0,249573000.0,140608000.0,108965000.0,1036862301.0,3576000.0,-61016000.0,-2437000.0,28917000.0,-10090000.0,16390000.0,-76859000.0,4911000.0,64045000.0,0.0,45357000.0,45357000.0,45357000.0,0.0,0.0,0.061,258015000.0,67680000.0,106109000.0,0.195,4.573,22.86,22.812,182219000.0,0.0,4.448,1.401,1.399,63956000.0,253885000.0,740181000.0,740181000.0,0.0,0.105,0.211,0.257,0.101,0.0,263170000.0,1.0,233090064.0,232752000,246258000.0,3.18,392562000.0,8221000.0,26821000.0,28656000.0,1.687,35175000.0
22,CHD,MRY,1998-12-31,1998-12-31,1998-12-31,2021-08-02,-782000.0,391438000.0,387395750.0,166808000.0,224630000.0,1.788,0.838,-36137000.0,16189000.0,16189000.0,386912000.0,30289000.0,1.343,1.009,48815000.0,19185000.0,29630000.0,48815000.0,0.0,16503000.0,0.0,0.013,0.04,48839000.0,65342000.0,0.094,65342000.0,48839000.0,46186000.0,0.13,0.127,0.13,194838000.0,187540250.0,194838000.0,739899177.0,15.0,11.323,12022000.0,0.052,1.0,305789000.0,0.441,25142000.0,2653000.0,274685000.0,260907000.0,60285000.0,39662000.0,9527000.0,30135000.0,196600000.0,124237000.0,72363000.0,692834177.0,1240000.0,-2642000.0,-6499000.0,9315000.0,-9293000.0,-6477000.0,-40442000.0,3082000.0,48159000.0,0.0,30289000.0,30289000.0,30289000.0,0.0,0.0,0.044,263296000.0,42493000.0,98069000.0,0.308,3.556,22.874,23.038,161712000.0,0.0,2.995,1.0,1.005,64465000.0,218618000.0,692701000.0,692701000.0,0.0,0.078,0.162,0.187,0.071,0.0,264030000.0,1.0,231330276.0,232404000,240300000.0,2.981,366296000.0,10535000.0,15897000.0,28161000.0,1.576,42571000.0
23,CHD,MRY,1997-12-31,1997-12-31,1997-12-31,2021-08-02,-591000.0,351014000.0,329492500.0,149443000.0,201571000.0,1.745,0.768,-10918000.0,14949000.0,14949000.0,314821000.0,24506000.0,1.184,0.957,39500000.0,32685000.0,6815000.0,39500000.0,0.0,14158000.0,0.0,0.016,0.038,39599000.0,53757000.0,0.094,53757000.0,39599000.0,38687000.0,0.105,0.102,0.105,179341000.0,172326500.0,179341000.0,,,,5624000.0,0.024,1.0,260085000.0,0.452,22713000.0,912000.0,226621000.0,206783000.0,61275000.0,41864000.0,8124000.0,33740000.0,171673000.0,126231000.0,45442000.0,544713487.0,-7953000.0,-35576000.0,-1339000.0,32000000.0,-8953000.0,21708000.0,-46203000.0,1018000.0,16542000.0,0.0,24506000.0,24506000.0,24506000.0,0.0,0.0,0.043,229529000.0,30556000.0,92090000.0,0.362,3.037,22.228,22.27,142343000.0,0.0,2.338,0.947,0.95,49566000.0,197622000.0,574906000.0,574906000.0,0.0,0.074,0.142,0.192,0.069,0.0,229529000.0,1.0,232949460.0,233532000,239652000.0,2.462,328301000.0,9802000.0,14181000.0,22034000.0,1.406,23212000.0
24,CHD,MRY,1996-12-31,1996-12-31,1996-12-31,2021-08-02,-194000.0,307971000.0,,135519000.0,172452000.0,,0.705,-7114000.0,22902000.0,22902000.0,288295000.0,21228000.0,1.372,0.863,7500000.0,0.0,7500000.0,7500000.0,0.0,13624000.0,0.0,0.019,0.037,33523000.0,47147000.0,0.089,47147000.0,33523000.0,33171000.0,0.091,0.09,0.091,165312000.0,,165312000.0,,,,26630000.0,0.114,1.0,239476000.0,0.454,6870000.0,352000.0,186945000.0,,48887000.0,32222000.0,5011000.0,27211000.0,142659000.0,98754000.0,43905000.0,,11547000.0,187000.0,-2084000.0,-5000000.0,-8597000.0,-15681000.0,-6516000.0,411000.0,33744000.0,0.0,21228000.0,21228000.0,21228000.0,0.0,0.0,0.04,212213000.0,27263000.0,93375000.0,0.407,,,20.952,138371000.0,0.0,1.907,,0.847,41288000.0,182069000.0,527771000.0,527771000.0,0.0,,,,0.064,0.0,212213000.0,1.0,,234408000,236364000.0,2.252,301101000.0,11962000.0,11943000.0,25384000.0,1.285,36765000.0
25,CHD,MRY,1995-12-31,1995-12-31,1995-12-31,2021-08-02,,,,,,,,-19702000.0,,,289734000.0,10152000.0,,,,,,,,13138000.0,,0.024,0.037,17547000.0,30685000.0,0.063,30685000.0,17547000.0,16292000.0,0.043,0.043,0.043,,,,,,,27263000.0,0.116,1.0,196025000.0,0.404,,1255000.0,,,,,,,,,,,6696000.0,10388000.0,267000.0,-20000000.0,-8615000.0,-28348000.0,-11921000.0,-2607000.0,46965000.0,0.0,10152000.0,10152000.0,10152000.0,0.0,0.0,0.021,187656000.0,8369000.0,,0.86,,,35.853,,0.0,1.542,,0.745,,,485759000.0,485759000.0,0.0,,,,0.036,0.0,183669000.0,1.0,,234804000,236736000.0,2.069,,,6140000.0,,,
0,CHD,MRQ,2021-06-30,2021-06-30,2021-06-30,2021-08-02,-65800000.0,7368500000.0,,1128700000.0,6239800000.0,,13.773,-17000000.0,149800000.0,149800000.0,718900000.0,218300000.0,0.82,1.182,1946900000.0,433100000.0,1513800000.0,1946900000.0,0.0,55400000.0,0.0,0.012,0.253,301400000.0,356800000.0,0.281,356800000.0,301400000.0,287300000.0,0.89,0.87,0.89,3377200000.0,,3377200000.0,22867655768.0,21.0,17.861,227100000.0,0.926,1.0,552200000.0,0.434,5279000000.0,14100000.0,2510500000.0,,555800000.0,9900000.0,0.0,9900000.0,3991300000.0,1376100000.0,2615200000.0,20899855768.0,22300000.0,0.0,6600000.0,-149400000.0,-61900000.0,-204800000.0,-17600000.0,0.0,244100000.0,600000.0,218300000.0,218300000.0,218300000.0,0.0,0.0,0.172,253500000.0,298700000.0,887500000.0,0.284,6.189,25.95,26.141,613000000.0,0.0,85.22,4.142,4.141,386200000.0,5101200000.0,1271100000.0,1271100000.0,0.0,,,,,13700000.0,253500000.0,1.0,245245902.0,245200000,250000000.0,5.184,2089500000.0,0.0,69000000.0,746800000.0,8.522,-247400000.0
1,CHD,MRQ,2021-03-31,2021-03-31,2021-03-31,2021-08-02,-54600000.0,7380900000.0,,1111800000.0,6269100000.0,,13.096,-26300000.0,127500000.0,127500000.0,688000000.0,220700000.0,0.872,1.298,2095300000.0,282200000.0,1813100000.0,2095300000.0,0.0,54900000.0,0.0,0.011,0.253,305000000.0,359900000.0,0.29,359900000.0,305000000.0,291000000.0,0.9,0.88,0.9,3211200000.0,,3211200000.0,23387976864.0,23.0,19.131,73900000.0,0.301,1.0,550900000.0,0.445,5309000000.0,14000000.0,2765400000.0,,541300000.0,9900000.0,0.0,9900000.0,4169700000.0,1274300000.0,2895400000.0,21407176864.0,-55600000.0,0.0,5900000.0,-69000000.0,-61900000.0,-125000000.0,-30000000.0,0.0,100200000.0,-800000.0,220700000.0,220700000.0,220700000.0,0.0,0.0,0.178,248300000.0,302600000.0,846400000.0,0.281,6.666,27.558,27.818,611700000.0,0.0,87.35,4.308,4.31,405800000.0,4944800000.0,1238900000.0,1238900000.0,0.0,,,,,3100000.0,248300000.0,1.0,245073576.0,245200000,249800000.0,5.053,2071900000.0,0.0,70300000.0,789200000.0,8.45,-162500000.0
2,CHD,MRQ,2020-12-31,2020-12-31,2020-12-31,2021-08-02,-77600000.0,7414500000.0,,1112400000.0,6302100000.0,,12.194,-44300000.0,183100000.0,183100000.0,737900000.0,150200000.0,0.801,1.455,2163900000.0,351400000.0,1812500000.0,2163900000.0,0.0,50800000.0,0.0,0.011,0.24,190900000.0,241700000.0,0.187,241700000.0,190900000.0,176900000.0,0.6,0.6,0.6,3020400000.0,,3020400000.0,22936726386.0,22.0,18.732,147800000.0,0.597,1.0,557400000.0,0.43,5339800000.0,14000000.0,2666900000.0,,495400000.0,9100000.0,0.0,9100000.0,4394100000.0,1388600000.0,3005500000.0,21672326386.0,-366000000.0,-512700000.0,-296100000.0,349400000.0,-59600000.0,-6400000.0,-556900000.0,0.0,192100000.0,5200000.0,150200000.0,150200000.0,150200000.0,0.0,0.0,0.116,366800000.0,190600000.0,1024500000.0,0.4,7.175,27.576,27.431,612800000.0,0.0,87.23,4.427,4.397,398800000.0,4786000000.0,1295300000.0,1295300000.0,0.0,,,,,2800000.0,366800000.0,1.0,248450377.0,247700000,252800000.0,5.229,2074700000.0,0.0,26700000.0,720000000.0,8.376,-276200000.0
3,CHD,MRQ,2020-09-30,2020-09-30,2020-09-30,2021-08-02,-90800000.0,7077000000.0,,1444500000.0,5632500000.0,,12.96,-23700000.0,549100000.0,549100000.0,675800000.0,216200000.0,1.486,1.204,1813500000.0,1600000.0,1811900000.0,1813500000.0,0.0,46500000.0,0.0,0.01,0.24,275400000.0,321900000.0,0.259,321900000.0,275400000.0,261500000.0,0.87,0.85,0.87,3210300000.0,,3210300000.0,24601102272.0,24.0,20.083,175900000.0,0.71,1.0,565200000.0,0.455,4752300000.0,13900000.0,2617200000.0,,497700000.0,9400000.0,0.0,9400000.0,3866700000.0,971900000.0,2894800000.0,23175602272.0,97400000.0,0.0,44200000.0,-64200000.0,-59600000.0,-79700000.0,-24800000.0,0.0,199600000.0,2300000.0,216200000.0,216200000.0,216200000.0,0.0,0.0,0.174,291400000.0,273800000.0,955800000.0,0.276,7.219,29.709,29.562,579500000.0,0.0,93.71,4.885,4.892,372800000.0,4695400000.0,1241000000.0,1241000000.0,0.0,,,,,2900000.0,291400000.0,1.0,247311944.0,247700000,253300000.0,5.01,2324700000.0,0.0,45300000.0,614400000.0,9.385,472600000.0
4,CHD,MRQ,2020-06-30,2020-06-30,2020-06-30,2021-08-02,-98300000.0,6919000000.0,,1276700000.0,5642300000.0,,12.18,-14100000.0,451700000.0,451700000.0,634700000.0,189700000.0,1.281,1.307,1877200000.0,65800000.0,1811400000.0,1877200000.0,0.0,46200000.0,0.0,0.012,0.24,252800000.0,299000000.0,0.25,299000000.0,252800000.0,236000000.0,0.77,0.75,0.77,2998800000.0,,2998800000.0,20743607179.0,21.0,17.736,348000000.0,1.413,1.0,559600000.0,0.469,4776100000.0,16800000.0,2571800000.0,,455500000.0,10600000.0,0.0,10600000.0,3920200000.0,996600000.0,2923600000.0,19007507179.0,-594900000.0,0.0,35600000.0,-906100000.0,-59100000.0,-944100000.0,-15000000.0,0.0,362100000.0,2100000.0,189700000.0,189700000.0,189700000.0,0.0,0.0,0.159,308900000.0,250700000.0,842300000.0,0.312,6.338,26.355,26.293,568700000.0,0.0,77.3,4.138,4.143,344500000.0,4538800000.0,1194300000.0,1194300000.0,0.0,,,,,13100000.0,308900000.0,1.0,245892719.0,246200000,251300000.0,4.851,2142900000.0,0.0,46300000.0,670700000.0,8.704,280100000.0
5,CHD,MRQ,2020-03-31,2020-03-31,2020-03-31,2021-08-02,-99400000.0,7485900000.0,,1828800000.0,5657100000.0,,11.473,-9800000.0,1046600000.0,1046600000.0,633200000.0,229800000.0,1.034,1.657,2782700000.0,971900000.0,1810800000.0,2782700000.0,0.0,46200000.0,0.0,0.014,0.24,315700000.0,361900000.0,0.311,361900000.0,315700000.0,299400000.0,0.94,0.92,0.94,2817800000.0,,2817800000.0,17673831652.0,19.0,16.007,226700000.0,0.923,1.0,532000000.0,0.457,4799800000.0,16300000.0,2653200000.0,,395700000.0,10000000.0,0.0,10000000.0,4668100000.0,1769000000.0,2899100000.0,15766431652.0,890900000.0,0.0,9300000.0,719900000.0,-59000000.0,670100000.0,-11400000.0,0.0,236500000.0,-4300000.0,229800000.0,229800000.0,229800000.0,0.0,0.0,0.197,217400000.0,314600000.0,741200000.0,0.255,5.595,23.532,23.509,566700000.0,0.0,64.18,3.521,3.52,353500000.0,4408200000.0,1165200000.0,1165200000.0,0.0,,,,,2700000.0,217400000.0,1.0,245659577.0,245600000,251000000.0,4.744,2686100000.0,0.0,69600000.0,636100000.0,10.937,59800000.0
6,CHD,MRQ,2019-12-31,2019-12-31,2019-12-31,2021-08-02,-66700000.0,6657400000.0,,956400000.0,5701000000.0,,10.862,-34000000.0,155700000.0,155700000.0,620200000.0,144400000.0,0.876,1.495,2063100000.0,252900000.0,1810200000.0,2063100000.0,0.0,46500000.0,0.0,0.013,0.228,195700000.0,242200000.0,0.212,242200000.0,195700000.0,177700000.0,0.59,0.57,0.59,2667800000.0,,2667800000.0,19330074922.0,23.0,18.883,213000000.0,0.867,1.0,524000000.0,0.458,4829500000.0,18000000.0,2643000000.0,,417400000.0,9700000.0,0.0,9700000.0,3989600000.0,1092300000.0,2897300000.0,17261574922.0,41000000.0,0.0,3000000.0,-121400000.0,-55900000.0,-174300000.0,-34500000.0,0.0,247000000.0,2800000.0,144400000.0,144400000.0,144400000.0,0.0,0.0,0.126,328800000.0,195200000.0,831900000.0,0.386,6.47,28.027,28.136,573000000.0,0.0,70.34,3.961,3.974,356400000.0,4237400000.0,1144200000.0,1144200000.0,0.0,,,,,3100000.0,328800000.0,1.0,245401975.0,245600000,250900000.0,4.659,1827900000.0,0.0,33300000.0,587100000.0,7.443,-135900000.0
7,CHD,MRQ,2019-09-30,2019-09-30,2019-09-30,2021-08-02,-80700000.0,6610100000.0,,908800000.0,5701300000.0,,10.37,-16100000.0,114700000.0,114700000.0,581700000.0,157300000.0,0.796,1.583,2183200000.0,373600000.0,1809600000.0,2183200000.0,0.0,47000000.0,0.0,0.012,0.228,219500000.0,266500000.0,0.245,266500000.0,219500000.0,200600000.0,0.64,0.62,0.64,2559300000.0,,2559300000.0,20713227418.0,24.0,20.447,250200000.0,1.014,1.0,507700000.0,0.466,4856800000.0,18900000.0,2679700000.0,,388800000.0,10200000.0,0.0,10200000.0,4050800000.0,1142100000.0,2908700000.0,18591527418.0,16800000.0,0.0,-137200000.0,-37400000.0,-56200000.0,-230900000.0,-16600000.0,0.0,266300000.0,-2000000.0,157300000.0,157300000.0,157300000.0,0.0,0.0,0.144,290900000.0,216800000.0,754400000.0,0.356,7.264,30.265,30.217,553100000.0,0.0,75.24,4.336,4.331,384400000.0,4148900000.0,1089400000.0,1089400000.0,0.0,,,,,2700000.0,290900000.0,1.0,247096324.0,246800000,252900000.0,4.414,1753300000.0,0.0,43300000.0,592300000.0,7.104,-233300000.0
8,CHD,MRQ,2019-06-30,2019-06-30,2019-06-30,2021-08-02,-68400000.0,6662600000.0,,925900000.0,5736700000.0,,10.571,-11900000.0,97900000.0,97900000.0,597900000.0,138500000.0,0.782,1.558,2219600000.0,410600000.0,1809000000.0,2219600000.0,0.0,44300000.0,0.0,0.012,0.228,189200000.0,233500000.0,0.216,233500000.0,189200000.0,170300000.0,0.56,0.55,0.56,2604800000.0,,2604800000.0,19797766204.0,24.0,20.024,201400000.0,0.817,1.0,481500000.0,0.446,4883300000.0,18900000.0,2716300000.0,,401500000.0,10300000.0,0.0,10300000.0,4057800000.0,1184700000.0,2873100000.0,17988766204.0,0.0,-475000000.0,21900000.0,311800000.0,-56100000.0,276600000.0,-490000000.0,0.0,213300000.0,100000.0,138500000.0,138500000.0,138500000.0,0.0,0.0,0.128,294100000.0,187400000.0,769700000.0,0.407,6.906,29.817,29.82,559000000.0,0.0,73.06,4.247,4.25,383700000.0,4047800000.0,1079400000.0,1079400000.0,0.0,,,,,12600000.0,294100000.0,1.0,246219083.0,246400000,252700000.0,4.381,1779300000.0,0.0,31800000.0,585000000.0,7.221,-258800000.0
9,CHD,MRQ,2019-03-31,2019-03-31,2019-03-31,2021-08-02,-59500000.0,5960600000.0,,913700000.0,5046900000.0,,10.156,-11700000.0,97900000.0,97900000.0,573900000.0,175700000.0,0.806,1.385,1906900000.0,397500000.0,1509400000.0,1906900000.0,0.0,38600000.0,0.0,0.012,0.228,242900000.0,281500000.0,0.269,281500000.0,242900000.0,225100000.0,0.71,0.7,0.71,2499300000.0,,2499300000.0,19305932931.0,24.0,20.006,126200000.0,0.513,1.0,470800000.0,0.451,4249200000.0,17800000.0,2387100000.0,,399500000.0,9400000.0,0.0,9400000.0,3461300000.0,1133300000.0,2328000000.0,17515532931.0,-218800000.0,0.0,-84900000.0,-202000000.0,-55900000.0,-344300000.0,-12400000.0,0.0,137900000.0,0.0,175700000.0,175700000.0,175700000.0,0.0,0.0,0.168,230000000.0,240800000.0,699100000.0,0.321,7.008,29.865,29.803,558800000.0,0.0,71.23,4.186,4.189,384600000.0,3965400000.0,1044700000.0,1044700000.0,0.0,,,,,2400000.0,230000000.0,1.0,245901066.0,246100000,251900000.0,4.245,1711400000.0,0.0,49400000.0,617200000.0,6.954,-219600000.0
10,CHD,MRQ,2018-12-31,2018-12-31,2018-12-31,2021-08-02,-53600000.0,6069200000.0,,1078200000.0,4991000000.0,,9.959,-30000000.0,316700000.0,316700000.0,600100000.0,142800000.0,0.813,1.473,2107100000.0,598300000.0,1508800000.0,2107100000.0,0.0,35700000.0,0.0,0.013,0.217,195800000.0,231500000.0,0.215,231500000.0,195800000.0,176100000.0,0.58,0.57,0.58,2453800000.0,,2453800000.0,18108863273.0,23.0,19.265,165600000.0,0.672,1.0,474300000.0,0.441,4266900000.0,19700000.0,2266400000.0,,382800000.0,8500000.0,0.0,8500000.0,3615400000.0,1326300000.0,2289100000.0,16192263273.0,128400000.0,0.0,18600000.0,700000.0,-53700000.0,-34900000.0,-29800000.0,0.0,195600000.0,-2500000.0,142800000.0,142800000.0,142800000.0,0.0,0.0,0.133,280900000.0,193400000.0,725100000.0,0.374,6.599,28.477,28.345,598200000.0,0.0,65.76,3.906,3.894,345300000.0,3832600000.0,1074400000.0,1074400000.0,0.0,,,,,3500000.0,280900000.0,1.0,246232714.0,246400000,252500000.0,4.36,1802300000.0,0.0,33300000.0,579300000.0,7.315,-248100000.0
11,CHD,MRQ,2018-09-30,2018-09-30,2018-09-30,2021-08-02,-42900000.0,5967300000.0,,960300000.0,5007000000.0,,9.578,-10800000.0,188300000.0,188300000.0,577500000.0,146300000.0,0.935,1.536,2104900000.0,301400000.0,1803500000.0,2104900000.0,0.0,35500000.0,0.0,0.014,0.217,206700000.0,242200000.0,0.233,242200000.0,206700000.0,187300000.0,0.6,0.58,0.6,2353400000.0,,2353400000.0,16693470407.0,20.0,17.394,234500000.0,0.954,1.0,460100000.0,0.443,4287100000.0,19400000.0,2569400000.0,,390600000.0,8800000.0,0.0,8800000.0,3613900000.0,1027400000.0,2586500000.0,14569870407.0,99000000.0,0.0,29100000.0,-109700000.0,-53400000.0,-134600000.0,-11100000.0,0.0,245300000.0,-600000.0,146300000.0,146300000.0,146300000.0,0.0,0.0,0.141,255900000.0,204200000.0,707000000.0,0.362,6.191,17.525,17.617,587900000.0,0.0,59.37,3.55,3.554,361500000.0,3743500000.0,1037600000.0,1037600000.0,0.0,,,,,3900000.0,255900000.0,1.0,245407957.0,245700000,251100000.0,4.223,1680200000.0,0.0,41000000.0,591600000.0,6.838,-67100000.0
12,CHD,MRQ,2018-06-30,2018-06-30,2018-06-30,2021-08-02,-49300000.0,5899400000.0,,870400000.0,5029000000.0,,9.073,-9700000.0,89300000.0,89300000.0,573000000.0,121700000.0,0.791,1.656,2212900000.0,410300000.0,1802600000.0,2212900000.0,0.0,34200000.0,0.0,0.015,0.217,175600000.0,209800000.0,0.204,209800000.0,175600000.0,155400000.0,0.5,0.49,0.5,2221100000.0,,2221100000.0,15243361456.0,19.0,15.99,157500000.0,0.643,1.0,454900000.0,0.443,4304800000.0,20200000.0,2617400000.0,,369200000.0,9400000.0,0.0,9400000.0,3678300000.0,1100800000.0,2577500000.0,13008361456.0,-30500000.0,100000.0,12500000.0,-142400000.0,-53200000.0,-183900000.0,-11200000.0,0.0,167200000.0,-2600000.0,121700000.0,121700000.0,121700000.0,0.0,0.0,0.118,281100000.0,173800000.0,681800000.0,0.434,5.857,15.893,16.109,593100000.0,0.0,53.16,3.224,3.225,348600000.0,3650600000.0,1027900000.0,1027900000.0,0.0,,,,,12800000.0,281100000.0,1.0,244702059.0,244800000,249300000.0,4.199,1594600000.0,0.0,33700000.0,575900000.0,6.514,-230400000.0
13,CHD,MRQ,2018-03-31,2018-03-31,2018-03-31,2021-08-02,-33700000.0,5942900000.0,,891400000.0,5051500000.0,,8.752,-9900000.0,119800000.0,119800000.0,554500000.0,157800000.0,0.724,1.773,2354800000.0,552700000.0,1802100000.0,2354800000.0,0.0,35700000.0,0.0,0.016,0.217,220800000.0,256500000.0,0.255,256500000.0,220800000.0,200700000.0,0.64,0.63,0.64,2143300000.0,,2143300000.0,14380341027.0,19.0,15.987,145600000.0,0.595,1.0,451500000.0,0.449,4322600000.0,20100000.0,2624600000.0,,357200000.0,9400000.0,0.0,9400000.0,3799600000.0,1230700000.0,2568900000.0,12284941027.0,-159100000.0,-49900000.0,-183600000.0,-17400000.0,-53000000.0,-255600000.0,-60000000.0,0.0,155500000.0,1000000.0,157800000.0,157800000.0,157800000.0,0.0,0.0,0.157,231200000.0,220300000.0,635300000.0,0.339,5.732,15.961,16.298,600600000.0,0.0,50.36,3.146,3.158,361100000.0,3582100000.0,1006000000.0,1006000000.0,0.0,,,,,3100000.0,231200000.0,1.0,243942435.0,244900000,250000000.0,4.108,1620300000.0,0.0,42900000.0,608100000.0,6.616,-339300000.0
14,CHD,MRQ,2017-12-31,2017-12-31,2017-12-31,2021-08-02,-36400000.0,6014800000.0,,1000200000.0,5014600000.0,,8.915,-24100000.0,278900000.0,278900000.0,551700000.0,405600000.0,1.07,1.712,2374300000.0,270900000.0,2103400000.0,2374300000.0,0.0,33800000.0,0.0,0.015,0.19,217400000.0,251200000.0,0.243,251200000.0,217400000.0,198700000.0,1.63,1.58,1.63,2218000000.0,,2218000000.0,14723554408.0,20.0,16.91,233300000.0,0.938,1.0,481400000.0,0.466,4279400000.0,18700000.0,2895800000.0,,330700000.0,9300000.0,0.0,9300000.0,3796800000.0,935000000.0,2861800000.0,12538754408.0,42400000.0,0.0,-95800000.0,-46200000.0,-47200000.0,-189700000.0,-25100000.0,0.0,257400000.0,-200000.0,405600000.0,405600000.0,405600000.0,0.0,0.0,0.393,266700000.0,214700000.0,659100000.0,0.117,5.653,16.867,16.892,607700000.0,0.0,50.17,3.32,3.329,345900000.0,3479000000.0,1033100000.0,1033100000.0,0.0,,,,,3200000.0,266700000.0,1.0,249925342.0,248800000,253700000.0,4.152,1735400000.0,0.0,-206900000.0,566200000.0,6.975,65200000.0
15,CHD,MRQ,2017-09-30,2017-09-30,2017-09-30,2021-08-02,-35500000.0,5952800000.0,,1003200000.0,4949600000.0,,7.822,-10500000.0,236500000.0,236500000.0,529400000.0,133400000.0,1.053,2.048,2421300000.0,317200000.0,2104100000.0,2421300000.0,0.0,32400000.0,0.0,0.015,0.19,203400000.0,235800000.0,0.244,235800000.0,203400000.0,187000000.0,0.53,0.52,0.53,1953100000.0,,1953100000.0,13374513424.0,19.0,16.243,164300000.0,0.658,1.0,438500000.0,0.453,4224500000.0,16400000.0,2960500000.0,,336100000.0,8500000.0,0.0,8500000.0,3999700000.0,952600000.0,3047100000.0,12088713424.0,-1100000.0,-1024700000.0,10600000.0,909100000.0,-47500000.0,855400000.0,-1036000000.0,0.0,174800000.0,4700000.0,133400000.0,133400000.0,133400000.0,0.0,0.0,0.138,239800000.0,198700000.0,634200000.0,0.358,6.19,26.972,27.373,601800000.0,0.0,48.45,3.322,3.324,377900000.0,3120600000.0,967900000.0,967900000.0,0.0,,,,,2600000.0,239800000.0,1.0,249509049.0,249700000,255300000.0,3.876,1728300000.0,0.0,53600000.0,754400000.0,6.922,50600000.0
16,CHD,MRQ,2017-06-30,2017-06-30,2017-06-30,2021-08-02,-41300000.0,4667000000.0,,877200000.0,3789800000.0,,7.399,-7600000.0,237600000.0,237600000.0,487600000.0,72900000.0,0.724,1.525,1523400000.0,629300000.0,894100000.0,1523400000.0,0.0,29900000.0,0.0,0.014,0.19,126100000.0,156000000.0,0.174,156000000.0,126100000.0,116800000.0,0.29,0.29,0.29,1848300000.0,,1848300000.0,14070444212.0,20.0,17.315,110200000.0,0.441,1.0,410400000.0,0.457,3096500000.0,9300000.0,1644600000.0,,292300000.0,9500000.0,0.0,9500000.0,2818700000.0,1211700000.0,1607000000.0,12931344212.0,98100000.0,-75000000.0,-138300000.0,243800000.0,-47300000.0,57600000.0,-83000000.0,0.0,117800000.0,5700000.0,72900000.0,72900000.0,72900000.0,0.0,0.0,0.081,287200000.0,123200000.0,581600000.0,0.655,6.996,29.47,30.163,573200000.0,0.0,51.88,3.651,3.659,303800000.0,3034700000.0,898000000.0,898000000.0,0.0,,,,,10300000.0,287200000.0,1.0,249254900.0,249800000,255600000.0,3.595,1570500000.0,0.0,43900000.0,525500000.0,6.287,-334500000.0
17,CHD,MRQ,2017-03-31,2017-03-31,2017-03-31,2021-08-02,-56500000.0,4487800000.0,,754500000.0,3733300000.0,,7.618,-2800000.0,139500000.0,139500000.0,477900000.0,131500000.0,0.647,1.318,1278600000.0,585700000.0,692900000.0,1278600000.0,0.0,29300000.0,0.0,0.014,0.19,198400000.0,227700000.0,0.26,227700000.0,198400000.0,190200000.0,0.52,0.51,0.52,1935700000.0,,1935700000.0,13630937636.0,18.0,15.828,128700000.0,0.506,1.0,399300000.0,0.455,3019400000.0,8200000.0,1440700000.0,,280100000.0,8200000.0,0.0,8200000.0,2552100000.0,1166800000.0,1385300000.0,12698537636.0,-48300000.0,-160300000.0,-134400000.0,158800000.0,-48400000.0,-24400000.0,-159300000.0,0.0,131500000.0,3900000.0,131500000.0,131500000.0,131500000.0,0.0,0.0,0.15,203200000.0,196100000.0,535600000.0,0.365,6.56,26.594,26.812,578900000.0,0.0,49.87,3.606,3.599,305200000.0,3009100000.0,877200000.0,877200000.0,0.0,,,,,2000000.0,203200000.0,1.0,254632798.0,254100000,259700000.0,3.452,1468400000.0,0.0,58700000.0,566500000.0,5.779,-412300000.0
18,CHD,MRQ,2016-12-31,2016-12-31,2016-12-31,2021-08-02,-63800000.0,4354100000.0,,756800000.0,3597300000.0,,7.714,-21700000.0,187800000.0,187800000.0,488000000.0,110400000.0,0.755,1.201,1120200000.0,426800000.0,693400000.0,1120200000.0,0.0,27400000.0,0.0,0.016,0.177,176500000.0,203900000.0,0.228,203900000.0,176500000.0,169500000.0,0.43,0.42,0.43,1977900000.0,,1977900000.0,12125297901.0,17.0,14.414,138600000.0,0.541,1.0,408000000.0,0.455,2875900000.0,7000000.0,1408700000.0,,258200000.0,8500000.0,0.0,8500000.0,2376200000.0,1001900000.0,1374300000.0,11427697901.0,-44300000.0,-129800000.0,-197500000.0,196000000.0,-45600000.0,-46900000.0,-151800000.0,0.0,160300000.0,-5900000.0,110400000.0,110400000.0,110400000.0,0.0,0.0,0.123,234600000.0,173400000.0,568900000.0,0.412,5.778,24.897,24.826,588600000.0,0.0,44.19,3.272,3.259,287000000.0,2926000000.0,896000000.0,896000000.0,0.0,,,,,1300000.0,234600000.0,1.0,258603709.0,256400000,260300000.0,3.495,1478200000.0,0.0,59100000.0,518400000.0,5.765,-245100000.0
19,CHD,MRQ,2016-09-30,2016-09-30,2016-09-30,2021-08-02,-51800000.0,4282700000.0,,804500000.0,3478200000.0,,8.217,-10300000.0,232100000.0,232100000.0,475100000.0,124000000.0,1.024,1.02,929700000.0,230600000.0,699100000.0,929700000.0,0.0,25800000.0,0.0,0.015,0.177,199200000.0,225000000.0,0.258,225000000.0,199200000.0,192400000.0,0.48,0.47,0.48,2120000000.0,,2120000000.0,13215561753.0,18.0,15.837,188200000.0,0.729,1.0,395600000.0,0.454,2759300000.0,6800000.0,1435200000.0,,285700000.0,8000000.0,0.0,8000000.0,2162700000.0,785800000.0,1376900000.0,12344061753.0,21300000.0,0.0,18600000.0,-150900000.0,-45700000.0,-167100000.0,-9200000.0,0.0,198500000.0,-900000.0,124000000.0,124000000.0,124000000.0,0.0,0.0,0.142,199600000.0,196000000.0,545100000.0,0.369,5.823,26.97,27.073,592700000.0,0.0,47.92,3.557,3.562,265300000.0,2861200000.0,870700000.0,870700000.0,0.0,,,,,-9400000.0,199600000.0,1.0,257597282.0,258000000,262700000.0,3.375,1523400000.0,0.0,68400000.0,517700000.0,5.905,18700000.0
20,CHD,MRQ,2016-06-30,2016-06-30,2016-06-30,2021-08-02,-50000000.0,4310200000.0,,817900000.0,3492300000.0,,7.828,-9300000.0,210800000.0,210800000.0,469400000.0,111600000.0,0.882,1.142,1082300000.0,381600000.0,700700000.0,1082300000.0,0.0,26500000.0,0.0,0.013,0.177,178100000.0,204600000.0,0.233,204600000.0,178100000.0,171000000.0,0.43,0.43,0.43,2011900000.0,,2011900000.0,14160681211.0,20.0,17.113,109400000.0,0.426,1.0,408000000.0,0.465,2770700000.0,7100000.0,1484100000.0,,290300000.0,9100000.0,0.0,9100000.0,2298300000.0,926900000.0,1371400000.0,13203881211.0,16500000.0,-500000.0,16100000.0,-70000000.0,-45600000.0,-89500000.0,-9500000.0,0.0,118700000.0,-3200000.0,111600000.0,111600000.0,111600000.0,0.0,0.0,0.127,232700000.0,175300000.0,543700000.0,0.412,6.563,29.077,29.397,594600000.0,0.0,51.445,3.814,3.819,278900000.0,2782900000.0,877400000.0,877400000.0,0.0,,,,,-3800000.0,232700000.0,1.0,256660146.0,257000000,261900000.0,3.414,1539500000.0,0.0,59400000.0,501500000.0,5.99,-109000000.0
21,CHD,MRQ,2016-03-31,2016-03-31,2016-03-31,2021-08-02,-42700000.0,4292300000.0,,785500000.0,3506800000.0,,7.42,-8500000.0,194300000.0,194300000.0,470000000.0,113000000.0,0.776,1.235,1151100000.0,451300000.0,699800000.0,1151100000.0,0.0,27900000.0,0.0,0.015,0.177,179800000.0,207700000.0,0.245,207700000.0,179800000.0,173000000.0,0.44,0.43,0.44,1920300000.0,,1920300000.0,12678070780.0,19.0,16.344,169300000.0,0.654,1.0,379000000.0,0.446,2782900000.0,6800000.0,1453400000.0,,291000000.0,8000000.0,0.0,8000000.0,2372000000.0,1012800000.0,1359200000.0,11958070780.0,-135700000.0,-175000000.0,-186700000.0,93800000.0,-46100000.0,-136100000.0,-184100000.0,0.0,177800000.0,6700000.0,113000000.0,113000000.0,113000000.0,0.0,0.0,0.133,199500000.0,179500000.0,521000000.0,0.402,6.227,28.732,28.806,601100000.0,0.0,46.09,3.485,3.476,277000000.0,2716900000.0,849000000.0,849000000.0,0.0,,,,,-2100000.0,199500000.0,1.0,259450440.0,258800000,263600000.0,3.281,1509400000.0,0.0,60000000.0,531900000.0,5.832,-227300000.0
22,CHD,MRQ,2015-12-31,2015-12-31,2015-12-31,2021-08-02,-45900000.0,4256900000.0,,906000000.0,3350900000.0,,7.752,-17100000.0,330000000.0,330000000.0,476200000.0,109100000.0,1.038,1.104,1050000000.0,357200000.0,692800000.0,1050000000.0,0.0,24700000.0,0.0,0.016,0.168,172500000.0,197200000.0,0.226,197200000.0,172500000.0,164900000.0,0.42,0.41,0.42,2023200000.0,,2023200000.0,11900112007.0,18.0,15.517,180200000.0,0.69,1.0,397400000.0,0.455,2624400000.0,7600000.0,1479800000.0,,274000000.0,8400000.0,0.0,8400000.0,2233700000.0,872700000.0,1361000000.0,11129712007.0,119400000.0,0.0,-94800000.0,83400000.0,-43900000.0,-54700000.0,-18600000.0,0.0,197300000.0,-4600000.0,109100000.0,109100000.0,109100000.0,0.0,0.0,0.125,228200000.0,169200000.0,508300000.0,0.4,5.501,27.119,27.032,609600000.0,0.0,42.44,3.278,3.278,276200000.0,2650000000.0,873600000.0,873600000.0,0.0,,,,,-300000.0,228200000.0,1.0,262245806.0,261000000,266000000.0,3.347,1632500000.0,0.0,55800000.0,492000000.0,6.255,33300000.0
23,CHD,MRQ,2015-09-30,2015-09-30,2015-09-30,2021-08-02,-44900000.0,4217800000.0,,851700000.0,3366100000.0,,7.817,-10700000.0,210600000.0,210600000.0,476000000.0,120400000.0,1.088,1.058,981000000.0,275000000.0,706000000.0,981000000.0,0.0,24900000.0,0.0,0.016,0.168,193100000.0,218000000.0,0.253,218000000.0,193100000.0,185700000.0,0.46,0.45,0.46,2049600000.0,,2049600000.0,11857082338.0,18.0,15.599,149700000.0,0.571,1.0,385800000.0,0.448,2633800000.0,7400000.0,1571400000.0,,274300000.0,7900000.0,0.0,7900000.0,2168200000.0,783000000.0,1385200000.0,10986582338.0,7400000.0,0.0,7600000.0,-98700000.0,-43900000.0,-132400000.0,-11700000.0,0.0,160400000.0,-8900000.0,120400000.0,120400000.0,120400000.0,0.0,0.0,0.14,195200000.0,190600000.0,486300000.0,0.365,5.36,26.934,27.24,610000000.0,0.0,41.95,3.244,3.248,330700000.0,2584800000.0,861800000.0,861800000.0,0.0,,,,,-1100000.0,195200000.0,1.0,261897076.0,262200000,267200000.0,3.287,1584000000.0,14300000.0,65300000.0,516800000.0,6.041,68700000.0
24,CHD,MRQ,2015-06-30,2015-06-30,2015-06-30,2021-08-02,-34100000.0,4228200000.0,,848100000.0,3380100000.0,,7.531,-12100000.0,203200000.0,203200000.0,474000000.0,73700000.0,0.958,1.145,1073700000.0,373600000.0,700100000.0,1073700000.0,0.0,25400000.0,0.0,0.016,0.168,127400000.0,152800000.0,0.18,152800000.0,127400000.0,119500000.0,0.28,0.275,0.28,1971600000.0,,1971600000.0,11544871761.0,18.0,15.513,92100000.0,0.352,1.0,373100000.0,0.44,2645100000.0,7900000.0,1568100000.0,,270800000.0,8800000.0,0.0,8800000.0,2256600000.0,885500000.0,1371100000.0,10617771761.0,-96500000.0,0.0,-2500000.0,-150100000.0,-43800000.0,-194000000.0,-13000000.0,0.0,104200000.0,6300000.0,73700000.0,73700000.0,73700000.0,0.0,0.0,0.087,230800000.0,142300000.0,507300000.0,0.6,5.385,26.321,26.776,615500000.0,0.0,40.565,3.154,3.154,340400000.0,2508300000.0,847100000.0,847100000.0,0.0,,,,,8000000.0,230800000.0,1.0,261747116.0,261800000,266800000.0,3.236,1583100000.0,14000000.0,45800000.0,488700000.0,6.047,-37400000.0
25,CHD,MRQ,2015-03-31,2015-03-31,2015-03-31,2021-08-02,-56100000.0,4344700000.0,,932000000.0,3412700000.0,,7.23,-21900000.0,299700000.0,299700000.0,456800000.0,107200000.0,0.887,1.276,1226800000.0,523300000.0,703500000.0,1226800000.0,0.0,26000000.0,0.0,0.015,0.168,172900000.0,198900000.0,0.245,198900000.0,172900000.0,165300000.0,0.405,0.4,0.405,1908700000.0,,1908700000.0,11825190601.0,18.0,15.638,122300000.0,0.463,1.0,355500000.0,0.438,2654200000.0,7600000.0,1567200000.0,,256800000.0,24900000.0,0.0,24900000.0,2436000000.0,1050400000.0,1385600000.0,11152990601.0,-123300000.0,-74900000.0,-244900000.0,127100000.0,-43700000.0,-153900000.0,-97900000.0,0.0,144200000.0,-15700000.0,107200000.0,107200000.0,107200000.0,0.0,0.0,0.132,183400000.0,172100000.0,492400000.0,0.415,5.843,26.65,27.291,617800000.0,0.0,42.71,3.351,3.388,337100000.0,2478400000.0,812300000.0,812300000.0,0.0,,,,,-6300000.0,183400000.0,1.0,261133004.0,264000000,269200000.0,3.077,1690500000.0,13800000.0,58100000.0,526300000.0,6.403,-118400000.0
26,CHD,MRQ,2014-12-31,2014-12-31,2014-12-31,2021-08-02,-34700000.0,4359200000.0,,1018100000.0,3341100000.0,,7.849,-34300000.0,423000000.0,423000000.0,475900000.0,106600000.0,1.125,1.074,1086600000.0,396600000.0,690000000.0,1086600000.0,0.0,23500000.0,0.0,0.016,0.155,166900000.0,190400000.0,0.22,190400000.0,166900000.0,160000000.0,0.395,0.395,0.395,2101900000.0,,2101900000.0,11226276620.0,17.0,15.099,97300000.0,0.363,1.0,389600000.0,0.45,2597400000.0,6900000.0,1520100000.0,,245900000.0,24800000.0,0.0,24800000.0,2257300000.0,905300000.0,1352000000.0,10542776620.0,52800000.0,400000.0,-35600000.0,42700000.0,-41500000.0,-35000000.0,-34800000.0,0.0,131600000.0,-9000000.0,106600000.0,106600000.0,106600000.0,0.0,0.0,0.123,225800000.0,163800000.0,507700000.0,0.392,5.016,25.472,25.755,616200000.0,0.0,39.405,3.197,3.229,322900000.0,2414900000.0,865500000.0,865500000.0,0.0,,,,,-1900000.0,225800000.0,1.0,267549210.0,267800000,272600000.0,3.232,1761800000.0,0.0,53400000.0,471600000.0,6.579,112800000.0
27,CHD,MRQ,2014-09-30,2014-09-30,2014-09-30,2021-08-02,-13900000.0,4325800000.0,,992800000.0,3333000000.0,,7.806,-19100000.0,370200000.0,370200000.0,474300000.0,115900000.0,1.081,1.072,1053700000.0,404100000.0,649600000.0,1053700000.0,0.0,22000000.0,0.0,0.017,0.155,180100000.0,202100000.0,0.24,202100000.0,180100000.0,173200000.0,0.435,0.425,0.435,2087300000.0,,2087300000.0,9983407630.0,16.0,13.835,182800000.0,0.684,1.0,367500000.0,0.437,2608100000.0,6900000.0,1482800000.0,,261600000.0,24800000.0,0.0,24800000.0,2238400000.0,918400000.0,1320000000.0,9377607630.0,173300000.0,-216100000.0,6600000.0,251300000.0,-41400000.0,218700000.0,-235600000.0,0.0,201900000.0,-11700000.0,115900000.0,115900000.0,115900000.0,0.0,0.0,0.138,190300000.0,177200000.0,502300000.0,0.356,4.493,23.473,23.864,595800000.0,0.0,35.08,2.881,2.882,321300000.0,2349800000.0,841800000.0,841800000.0,0.0,,,,,0.0,190300000.0,1.0,267320628.0,267400000,272000000.0,3.148,1717700000.0,19500000.0,57300000.0,502600000.0,6.424,74400000.0
28,CHD,MRQ,2014-06-30,2014-06-30,2014-06-30,2021-08-02,4500000.0,3988100000.0,,864400000.0,3123700000.0,,7.492,-10800000.0,196900000.0,196900000.0,451900000.0,88800000.0,1.339,0.974,802700000.0,153100000.0,649600000.0,802700000.0,0.0,22900000.0,0.0,0.017,0.155,141900000.0,164800000.0,0.204,164800000.0,141900000.0,135000000.0,0.33,0.325,0.33,2019800000.0,,2019800000.0,10010058781.0,16.0,14.073,93600000.0,0.347,1.0,356400000.0,0.441,2406600000.0,6900000.0,1541900000.0,,271000000.0,25100000.0,0.0,25100000.0,1968200000.0,645400000.0,1322800000.0,9506958781.0,-103100000.0,0.0,-164300000.0,-400000.0,-42100000.0,-200400000.0,-11400000.0,0.0,104400000.0,4300000.0,88800000.0,88800000.0,88800000.0,0.0,0.0,0.11,218200000.0,138200000.0,490400000.0,0.47,4.707,24.283,24.544,585700000.0,0.0,34.975,2.955,2.93,342800000.0,2275300000.0,808300000.0,808300000.0,0.0,,,,,4200000.0,218200000.0,1.0,271821552.0,269600000,274600000.0,2.998,1581500000.0,19300000.0,46200000.0,490400000.0,5.866,219000000.0
29,CHD,MRQ,2014-03-31,2014-03-31,2014-03-31,2021-08-02,-1400000.0,4086400000.0,,953800000.0,3132600000.0,,7.657,-6300000.0,300000000.0,300000000.0,442600000.0,102600000.0,1.448,0.934,803100000.0,153500000.0,649600000.0,803100000.0,0.0,22800000.0,0.0,0.017,0.155,163400000.0,186200000.0,0.238,186200000.0,163400000.0,156700000.0,0.37,0.365,0.37,2113300000.0,,2113300000.0,9782232653.0,16.0,13.809,96100000.0,0.348,1.0,339400000.0,0.434,2418600000.0,6700000.0,1512300000.0,,265000000.0,23900000.0,0.0,23900000.0,1973000000.0,658600000.0,1314400000.0,9475832653.0,-196900000.0,0.0,-252800000.0,-500000.0,-42500000.0,-289900000.0,-6600000.0,0.0,102400000.0,-2800000.0,102600000.0,102600000.0,102600000.0,0.0,0.0,0.131,177400000.0,162000000.0,470500000.0,0.419,4.484,24.341,24.58,588400000.0,0.0,34.535,2.964,2.981,344400000.0,2228600000.0,782000000.0,782000000.0,0.0,,,,,-3800000.0,177400000.0,1.0,274383456.0,276000000,281200000.0,2.833,1667800000.0,18700000.0,54100000.0,517900000.0,6.043,295200000.0
30,CHD,MRQ,2013-12-31,2013-12-31,2013-12-31,2021-08-02,200000.0,4259700000.0,,1115800000.0,3143900000.0,,8.279,-36800000.0,496900000.0,496900000.0,450900000.0,92200000.0,1.713,0.852,803300000.0,153800000.0,649500000.0,803300000.0,0.0,22600000.0,0.0,0.017,0.14,145900000.0,168500000.0,0.205,168500000.0,145900000.0,139200000.0,0.335,0.325,0.335,2299900000.0,,2299900000.0,9560852333.0,15.0,13.353,86200000.0,0.31,1.0,371700000.0,0.452,2426500000.0,6700000.0,1488400000.0,,250500000.0,24500000.0,0.0,24500000.0,1959700000.0,651200000.0,1308500000.0,9202852333.0,51400000.0,5700000.0,5700000.0,900000.0,-38900000.0,-29800000.0,-38000000.0,0.0,123000000.0,-3800000.0,92200000.0,92200000.0,92200000.0,0.0,0.0,0.112,227100000.0,144600000.0,495100000.0,0.418,4.001,23.334,23.256,594100000.0,0.0,33.14,2.881,2.876,330200000.0,2168500000.0,822600000.0,822600000.0,0.0,,,,,-900000.0,227100000.0,1.0,277696208.0,277800000,283000000.0,2.961,1833200000.0,16600000.0,47000000.0,478300000.0,6.599,464600000.0
31,CHD,MRQ,2013-09-30,2013-09-30,2013-09-30,2021-08-02,-4300000.0,4198800000.0,,1065300000.0,3133500000.0,,8.035,-10200000.0,445500000.0,445500000.0,439600000.0,107900000.0,1.664,0.882,803500000.0,154000000.0,649500000.0,803500000.0,0.0,21600000.0,0.0,0.018,0.14,170200000.0,191800000.0,0.238,191800000.0,170200000.0,163200000.0,0.39,0.38,0.39,2230500000.0,,2230500000.0,8851043623.0,14.0,12.473,205400000.0,0.74,1.0,365200000.0,0.454,2440800000.0,7000000.0,1475900000.0,,258400000.0,25600000.0,0.0,25600000.0,1968100000.0,640100000.0,1328000000.0,8320843623.0,171400000.0,-1200000.0,3500000.0,-1200000.0,-38800000.0,-34900000.0,-13400000.0,0.0,215600000.0,4100000.0,107900000.0,107900000.0,107900000.0,0.0,0.0,0.134,197400000.0,167800000.0,482700000.0,0.359,3.73,21.725,21.757,576000000.0,0.0,30.025,2.615,2.62,323900000.0,2115200000.0,804800000.0,804800000.0,0.0,,,,,700000.0,197400000.0,1.0,277130512.0,277600000,282600000.0,2.899,1758000000.0,17700000.0,55300000.0,478600000.0,6.333,425200000.0
32,CHD,MRQ,2013-06-30,2013-06-30,2013-06-30,2021-08-02,-11800000.0,4047700000.0,,911000000.0,3136700000.0,,7.749,-9700000.0,274100000.0,274100000.0,436600000.0,86600000.0,1.57,0.886,804300000.0,154800000.0,649500000.0,804300000.0,0.0,22700000.0,0.0,0.017,0.14,139200000.0,161900000.0,0.206,161900000.0,139200000.0,132200000.0,0.31,0.305,0.31,2146500000.0,,2146500000.0,9121400395.0,15.0,13.287,79000000.0,0.285,1.0,351000000.0,0.446,2446700000.0,7000000.0,1550800000.0,,255500000.0,23500000.0,0.0,23500000.0,1901000000.0,580400000.0,1320600000.0,8527700395.0,14500000.0,-1300000.0,7200000.0,-48900000.0,-38900000.0,-76200000.0,7600000.0,19700000.0,88700000.0,-5600000.0,86600000.0,86600000.0,86600000.0,0.0,0.0,0.11,210500000.0,140500000.0,423400000.0,0.452,3.973,23.11,23.287,577300000.0,0.0,30.855,2.749,2.755,327400000.0,2046100000.0,787600000.0,787600000.0,0.0,,,,,5900000.0,210500000.0,1.0,276379854.0,277000000,282200000.0,2.843,1601000000.0,17700000.0,45600000.0,471600000.0,5.78,330600000.0
33,CHD,MRQ,2013-03-31,2013-03-31,2013-03-31,2021-08-02,-3100000.0,4064500000.0,,911800000.0,3152700000.0,,7.539,-10400000.0,259600000.0,259600000.0,429200000.0,107700000.0,1.391,0.949,853300000.0,203900000.0,649400000.0,853300000.0,0.0,23600000.0,0.0,0.015,0.14,170200000.0,193800000.0,0.249,193800000.0,170200000.0,163200000.0,0.39,0.38,0.39,2085300000.0,,2085300000.0,9478903519.0,16.0,14.143,61900000.0,0.224,1.0,350100000.0,0.449,2455700000.0,7000000.0,1546900000.0,,259100000.0,44500000.0,19700000.0,24800000.0,1979000000.0,655600000.0,1323400000.0,8918703519.0,-83400000.0,-3200000.0,-44500000.0,-50200000.0,-38600000.0,-118900000.0,-33300000.0,-19700000.0,72300000.0,-3500000.0,107700000.0,107700000.0,107700000.0,0.0,0.0,0.138,180800000.0,169300000.0,413400000.0,0.359,4.277,24.658,24.858,584500000.0,0.0,32.315,2.962,2.969,332400000.0,1998400000.0,779300000.0,779300000.0,0.0,,,,,-1800000.0,180800000.0,1.0,275992682.0,276600000,281800000.0,2.817,1608800000.0,17600000.0,55500000.0,504700000.0,5.816,256200000.0
34,CHD,MRQ,2012-12-31,2012-12-31,2012-12-31,2021-08-02,2500000.0,4098100000.0,,933800000.0,3164300000.0,,7.403,-24800000.0,343000000.0,343000000.0,451300000.0,80800000.0,1.287,0.988,903200000.0,253800000.0,649400000.0,903200000.0,0.0,25600000.0,0.0,0.018,0.12,136500000.0,162100000.0,0.2,162100000.0,136500000.0,130200000.0,0.29,0.285,0.29,2060900000.0,,2060900000.0,7497512040.0,13.0,11.687,182900000.0,0.657,1.0,358400000.0,0.443,2468700000.0,6300000.0,1464000000.0,,242200000.0,23000000.0,0.0,23000000.0,2037000000.0,725600000.0,1311400000.0,7484912040.0,101800000.0,-656300000.0,-42500000.0,-700000.0,-33500000.0,-76100000.0,-30300000.0,0.0,207700000.0,500000.0,80800000.0,80800000.0,80800000.0,0.0,0.0,0.1,223800000.0,134600000.0,432000000.0,0.414,3.632,21.398,21.428,586000000.0,0.0,26.785,2.562,2.569,303100000.0,1929300000.0,809700000.0,809700000.0,0.0,,,,,1200000.0,223800000.0,1.0,279444168.0,278400000,283000000.0,2.908,1629400000.0,17600000.0,49400000.0,509800000.0,5.853,208200000.0
35,CHD,MRQ,2012-09-30,2012-09-30,2012-09-30,2021-08-02,6700000.0,3839800000.0,,1435900000.0,2403900000.0,,7.376,-9700000.0,891200000.0,891200000.0,397700000.0,93900000.0,2.201,0.866,903800000.0,254400000.0,649400000.0,903800000.0,0.0,20100000.0,0.0,0.016,0.12,148600000.0,168700000.0,0.233,168700000.0,148600000.0,146000000.0,0.335,0.33,0.335,2058000000.0,,2058000000.0,7614437535.0,14.0,12.341,117000000.0,0.419,1.0,327500000.0,0.452,1755000000.0,2600000.0,1445000000.0,,225100000.0,20300000.0,0.0,20300000.0,1781600000.0,652400000.0,1129200000.0,7516437535.0,57000000.0,-2900000.0,2800000.0,621800000.0,-33500000.0,589200000.0,-662800000.0,0.0,126700000.0,3900000.0,93900000.0,93900000.0,93900000.0,0.0,0.0,0.129,182100000.0,145400000.0,387000000.0,0.358,3.652,22.585,22.974,542400000.0,0.0,26.995,2.644,2.649,278300000.0,1882000000.0,725200000.0,725200000.0,0.0,,,,,200000.0,182100000.0,1.0,278438138.0,279000000,284400000.0,2.599,2084800000.0,6000000.0,52100000.0,313800000.0,7.472,783500000.0
36,CHD,MRQ,2012-06-30,2012-06-30,2012-06-30,2021-08-02,200000.0,3116300000.0,,731600000.0,2384700000.0,,7.115,-24900000.0,184200000.0,184200000.0,393400000.0,79300000.0,1.746,0.57,282200000.0,32400000.0,249800000.0,282200000.0,0.0,20100000.0,0.0,0.015,0.12,125500000.0,145600000.0,0.209,145600000.0,125500000.0,123100000.0,0.285,0.28,0.285,1985000000.0,,1985000000.0,7722350784.0,15.0,12.957,50400000.0,0.181,1.0,303000000.0,0.435,1760000000.0,2400000.0,1035300000.0,,225900000.0,17400000.0,0.0,17400000.0,1131100000.0,419000000.0,712100000.0,7704850784.0,-48200000.0,-3800000.0,-97800000.0,32300000.0,-33300000.0,-90500000.0,-29700000.0,0.0,75300000.0,-3300000.0,79300000.0,79300000.0,79300000.0,0.0,0.0,0.114,180600000.0,122400000.0,384800000.0,0.421,3.882,24.191,24.874,532800000.0,0.0,27.735,2.733,2.745,272400000.0,1821600000.0,696400000.0,696400000.0,0.0,,,,,-900000.0,180600000.0,1.0,277802444.0,279000000,284400000.0,2.496,1356300000.0,5800000.0,43800000.0,298400000.0,4.861,312600000.0
37,CHD,MRQ,2012-03-31,2012-03-31,2012-03-31,2021-08-02,9600000.0,3135300000.0,,759300000.0,2376000000.0,,7.133,-15100000.0,232400000.0,232400000.0,388100000.0,95800000.0,1.874,0.544,249900000.0,100000.0,249800000.0,249900000.0,0.0,19200000.0,0.0,0.015,0.12,145900000.0,165100000.0,0.239,165100000.0,145900000.0,143200000.0,0.335,0.33,0.335,2030000000.0,,2030000000.0,7005395788.0,14.0,11.837,98800000.0,0.347,1.0,302500000.0,0.438,1767900000.0,2700000.0,979800000.0,,212600000.0,15100000.0,0.0,15100000.0,1105100000.0,405100000.0,700000000.0,7004495788.0,-19000000.0,-3000000.0,-84900000.0,-2500000.0,-34200000.0,-117400000.0,-18500000.0,0.0,113900000.0,3000000.0,95800000.0,95800000.0,95800000.0,0.0,0.0,0.139,159800000.0,142700000.0,373400000.0,0.358,3.45,21.767,21.96,517600000.0,0.0,24.595,2.504,2.502,270600000.0,1775600000.0,690600000.0,690600000.0,0.0,,,,,-2700000.0,159800000.0,1.0,284793486.0,284600000,289800000.0,2.427,1367400000.0,5900000.0,47400000.0,323400000.0,4.805,354200000.0
38,CHD,MRQ,2011-12-31,2011-12-31,2011-12-31,2021-08-02,2900000.0,3117600000.0,,755200000.0,2362400000.0,,7.14,-35800000.0,251400000.0,251400000.0,414600000.0,63800000.0,1.969,0.528,252300000.0,2600000.0,249700000.0,252300000.0,0.0,18400000.0,0.0,0.015,0.085,119200000.0,137600000.0,0.188,137600000.0,119200000.0,118000000.0,0.22,0.22,0.22,2040600000.0,,2040600000.0,6524560358.0,13.0,11.241,82800000.0,0.29,1.0,316500000.0,0.433,1772500000.0,1200000.0,962400000.0,,200700000.0,12000000.0,0.0,12000000.0,1076800000.0,383600000.0,693200000.0,6545960358.0,-23600000.0,-7500000.0,-73200000.0,-1300000.0,-24300000.0,-97400000.0,-42900000.0,-1500000.0,118600000.0,-1900000.0,63800000.0,63800000.0,63800000.0,0.0,0.0,0.087,199100000.0,117400000.0,379300000.0,0.386,3.208,21.143,21.185,506000000.0,0.0,22.88,2.381,2.383,264600000.0,1714000000.0,731100000.0,731100000.0,0.0,,,,,-100000.0,199100000.0,1.0,286099666.0,285800000,291000000.0,2.558,1345100000.0,6000000.0,54200000.0,294000000.0,4.706,371600000.0
39,CHD,MRQ,2011-09-30,2011-09-30,2011-09-30,2021-08-02,16900000.0,3143700000.0,,798800000.0,2344900000.0,,7.256,-17200000.0,275000000.0,275000000.0,391100000.0,79600000.0,2.029,0.507,253600000.0,3900000.0,249700000.0,253600000.0,0.0,19500000.0,0.0,0.013,0.085,128200000.0,147700000.0,0.211,147700000.0,128200000.0,126000000.0,0.275,0.27,0.275,2085300000.0,,2085300000.0,6431938460.0,14.0,11.978,130300000.0,0.453,1.0,309900000.0,0.442,1777000000.0,2200000.0,951700000.0,,225400000.0,9700000.0,0.0,9700000.0,1058200000.0,393600000.0,664600000.0,6345638460.0,111600000.0,0.0,3500000.0,3900000.0,-24500000.0,-12400000.0,-17700000.0,200000.0,147500000.0,-5800000.0,79600000.0,79600000.0,79600000.0,0.0,0.0,0.114,183600000.0,126300000.0,376700000.0,0.309,3.043,21.672,21.561,476800000.0,0.0,22.1,2.372,2.374,262000000.0,1674500000.0,701000000.0,701000000.0,0.0,,,,,-4100000.0,183600000.0,1.0,287132962.0,287400000,292600000.0,2.439,1366700000.0,15000000.0,46400000.0,304000000.0,4.755,405200000.0
40,CHD,MRQ,2011-06-30,2011-07-01,2011-07-01,2021-08-02,31200000.0,3055400000.0,,702600000.0,2352800000.0,,7.11,-16800000.0,163400000.0,163400000.0,374900000.0,82600000.0,1.894,0.499,249700000.0,0.0,249700000.0,249700000.0,0.0,19800000.0,0.0,0.012,0.085,121600000.0,141400000.0,0.21,141400000.0,121600000.0,119000000.0,0.29,0.285,0.29,2037700000.0,,2037700000.0,5981861184.0,13.0,11.477,75400000.0,0.263,1.0,300000000.0,0.445,1785400000.0,2600000.0,985300000.0,,215800000.0,9800000.0,0.0,9800000.0,1017500000.0,371000000.0,646500000.0,5891261184.0,4300000.0,-64800000.0,10900000.0,0.0,-24300000.0,-10300000.0,-81100000.0,200000.0,92200000.0,3500000.0,82600000.0,82600000.0,82600000.0,0.0,0.0,0.122,182200000.0,117800000.0,368300000.0,0.293,2.891,20.839,20.709,473700000.0,0.0,20.605,2.239,2.245,272800000.0,1619400000.0,674900000.0,674900000.0,0.0,,,,,3500000.0,182200000.0,1.0,285914156.0,286600000,291800000.0,2.355,1270000000.0,15700000.0,36400000.0,276900000.0,4.431,331600000.0
41,CHD,MRQ,2011-03-31,2011-04-01,2011-04-01,2021-08-02,26000000.0,2952500000.0,,663200000.0,2289300000.0,,6.831,-6800000.0,159100000.0,159100000.0,354200000.0,83600000.0,1.84,0.513,249700000.0,0.0,249700000.0,249700000.0,0.0,19400000.0,0.0,0.01,0.085,134300000.0,153700000.0,0.239,153700000.0,134300000.0,131600000.0,0.295,0.29,0.295,1950800000.0,,1950800000.0,5845281471.0,13.0,11.247,72700000.0,0.255,1.0,288100000.0,0.449,1726000000.0,2700000.0,956600000.0,,213100000.0,9700000.0,0.0,9700000.0,1001500000.0,360500000.0,641000000.0,5694810471.0,-30100000.0,0.0,5700000.0,-90000000.0,-24300000.0,-106400000.0,-6100000.0,1100000.0,79500000.0,2900000.0,83600000.0,83600000.0,83600000.0,0.0,0.0,0.13,157000000.0,131100000.0,338600000.0,0.288,2.919,20.754,20.692,468200000.0,0.0,19.968,2.193,2.196,248500000.0,1561100000.0,642300000.0,642300000.0,0.0,,,,,-400000.0,157000000.0,1.0,285203980.0,285600000,290600000.0,2.249,1226500000.0,16100000.0,48000000.0,289600000.0,4.294,302700000.0
42,CHD,MRQ,2010-12-31,2010-12-31,2010-12-31,2021-08-02,16300000.0,2945200000.0,,649500000.0,2295700000.0,,6.573,-26400000.0,189200000.0,189200000.0,364400000.0,47000000.0,1.453,0.574,339700000.0,90000000.0,249700000.0,339700000.0,0.0,17200000.0,0.0,0.009,0.043,77000000.0,94200000.0,0.143,94200000.0,77000000.0,70700000.0,0.165,0.16,0.165,1870700000.0,,1870700000.0,5114166621.0,11.0,9.879,113400000.0,0.398,1.0,292500000.0,0.445,1729900000.0,6300000.0,918700000.0,,195400000.0,9200000.0,0.0,9200000.0,1074300000.0,447100000.0,627200000.0,4909637621.0,-264300000.0,-45500000.0,4500000.0,-318300000.0,-12100000.0,-331400000.0,-72200000.0,100000.0,139800000.0,-500000.0,47000000.0,47000000.0,47000000.0,0.0,0.0,0.072,212400000.0,80100000.0,355300000.0,0.261,2.624,18.137,18.068,468300000.0,0.0,17.255,1.896,1.893,231100000.0,1501800000.0,656900000.0,656900000.0,0.0,,,,,1000000.0,212400000.0,1.0,284534200.0,284600000,289400000.0,2.308,1215300000.0,16300000.0,23700000.0,256100000.0,4.27,202400000.0
43,CHD,MRQ,2010-09-30,2010-10-01,2010-10-01,2021-08-02,6130000.0,3200006000.0,,964646000.0,2235360000.0,,6.394,-16900000.0,453515000.0,453515000.0,367900000.0,69500000.0,1.9,0.76,658044000.0,145827000.0,512217000.0,658044000.0,0.0,18000000.0,0.0,0.009,0.043,113900000.0,131900000.0,0.201,131900000.0,113900000.0,105900000.0,0.245,0.24,0.245,1818325000.0,,1818325000.0,4967979291.0,11.0,9.231,148000000.0,0.52,1.0,289000000.0,0.44,1690090000.0,8000000.0,1206822000.0,,215395000.0,10200000.0,0.0,10200000.0,1381492000.0,507623000.0,873869000.0,4631373291.0,89200000.0,-10100000.0,1700000.0,-43000000.0,-12100000.0,-51400000.0,-27400000.0,100000.0,164900000.0,3100000.0,69500000.0,69500000.0,69500000.0,0.0,0.0,0.106,176000000.0,113000000.0,359953000.0,0.176,2.547,16.747,16.723,455711000.0,0.0,16.305,1.779,1.781,250623000.0,1466912000.0,656900000.0,656900000.0,0.0,,,,,0.0,176000000.0,1.0,284046200.0,284400000,288800000.0,2.31,1509916000.0,19869000.0,36400000.0,241742000.0,5.309,457023000.0
44,CHD,MRQ,2010-06-30,2010-07-02,2010-07-02,2021-08-02,-7120000.0,3110882000.0,,875384000.0,2235498000.0,,6.137,-11300000.0,364265000.0,364265000.0,350000000.0,74300000.0,1.88,0.785,700871000.0,160277000.0,540594000.0,700871000.0,0.0,18200000.0,0.0,0.009,0.035,121700000.0,139900000.0,0.218,139900000.0,121700000.0,116400000.0,0.26,0.255,0.26,1742998000.0,,1742998000.0,4737785821.0,10.0,8.632,40500000.0,0.143,1.0,290900000.0,0.454,1683974000.0,5300000.0,1297879000.0,,230616000.0,12648000.0,0.0,12648000.0,1367693000.0,465635000.0,902058000.0,4439356821.0,-82300000.0,-70200000.0,4400000.0,-44100000.0,-9900000.0,-48100000.0,-81700000.0,200000.0,51800000.0,-4300000.0,74300000.0,74300000.0,74300000.0,0.0,0.0,0.116,170900000.0,120000000.0,304260000.0,0.135,2.547,16.022,16.01,451352000.0,0.0,15.658,1.712,1.715,242074000.0,1409523000.0,640900000.0,640900000.0,0.0,,,,,4800000.0,170900000.0,1.0,283529096.0,284000000,288800000.0,2.257,1426908000.0,19549000.0,42100000.0,209480000.0,5.024,409749000.0
45,CHD,MRQ,2010-03-31,2010-04-02,2010-04-02,2021-08-02,3532000.0,3133113000.0,,954338000.0,2178775000.0,,5.919,-1000000.0,446607000.0,446607000.0,349100000.0,80000000.0,1.819,0.869,745036000.0,176066000.0,568970000.0,745036000.0,0.0,18200000.0,0.0,0.008,0.035,133600000.0,151800000.0,0.239,151800000.0,133600000.0,125400000.0,0.282,0.278,0.282,1676343000.0,,1676343000.0,5153145718.0,11.0,9.63,71000000.0,0.251,1.0,285500000.0,0.45,1625047000.0,8200000.0,1281962000.0,,227957000.0,11689000.0,0.0,11689000.0,1456577000.0,524533000.0,932044000.0,4783992718.0,-500000.0,-200000.0,5300000.0,-71200000.0,-9900000.0,-72800000.0,900000.0,1400000.0,72000000.0,-600000.0,80000000.0,80000000.0,80000000.0,0.0,0.0,0.126,153500000.0,132000000.0,313007000.0,0.124,2.854,18.334,18.303,452158000.0,0.0,16.93,1.858,1.862,241677000.0,1345186000.0,634600000.0,634600000.0,0.0,,,,,-1200000.0,153500000.0,1.0,282574880.0,283200000,288000000.0,2.241,1508066000.0,19922000.0,45400000.0,239852000.0,5.325,429805000.0
46,CHD,MRQ,2009-12-31,2009-12-31,2009-12-31,2021-08-02,10078000.0,3118446000.0,,928265000.0,2190181000.0,,5.671,-48244000.0,447143000.0,447143000.0,385551000.0,52743000.0,1.637,0.947,816296000.0,218949000.0,597347000.0,816296000.0,0.0,20509000.0,0.0,0.008,0.035,94072000.0,114581000.0,0.171,114581000.0,94072000.0,85060000.0,0.188,0.182,0.188,1601583000.0,,1601583000.0,4668664058.0,11.0,9.097,43826000.0,0.155,1.0,285206000.0,0.425,1632969000.0,9012000.0,1287598000.0,,216870000.0,12815000.0,0.0,12815000.0,1516674000.0,567032000.0,949642000.0,4252359058.0,27857000.0,-121000.0,4910000.0,-19204000.0,-9824000.0,-21240000.0,-48257000.0,-24000.0,92070000.0,5284000.0,52747000.0,52747000.0,52747000.0,0.0,-4000.0,0.079,193869000.0,91337000.0,332450000.0,0.186,2.655,17.463,17.471,455636000.0,0.0,15.113,1.687,1.688,222158000.0,1275117000.0,670757000.0,670757000.0,0.0,,,,,-1203000.0,193869000.0,1.0,281380252.0,282416000,286684000.0,2.375,1485477000.0,20432000.0,32313000.0,216889000.0,5.26,361233000.0
47,CHD,MRQ,2009-09-30,2009-09-25,2009-09-25,2021-08-02,5117000.0,3121910000.0,,940276000.0,2181634000.0,,5.482,-29905000.0,419242000.0,419242000.0,361272000.0,70024000.0,1.629,1.022,835547000.0,177504000.0,658043000.0,835547000.0,0.0,21285000.0,0.0,0.007,0.035,121280000.0,142565000.0,0.221,142565000.0,121280000.0,112671000.0,0.247,0.245,0.247,1544140000.0,,1544140000.0,4410433549.0,11.0,8.803,84139000.0,0.299,1.0,284885000.0,0.441,1639636000.0,8609000.0,1321502000.0,,227307000.0,12298000.0,0.0,12298000.0,1577567000.0,577077000.0,1000490000.0,3917976549.0,62243000.0,-169000.0,1168000.0,-14626000.0,-9845000.0,-22947000.0,-29462000.0,0.0,114044000.0,608000.0,70028000.0,70028000.0,70028000.0,0.0,-4000.0,0.108,166984000.0,117901000.0,386476000.0,0.142,2.537,16.674,16.686,441682000.0,0.0,13.932,1.57,1.573,234281000.0,1232205000.0,646157000.0,646157000.0,0.0,,,,,1497000.0,186984000.0,1.0,281211308.0,281676000,286496000.0,2.294,1482274000.0,17322000.0,42643000.0,220057000.0,5.262,363199000.0
48,CHD,MRQ,2009-06-30,2009-06-26,2009-06-26,2021-08-02,-220000.0,3004933000.0,,837738000.0,2167195000.0,,5.242,-5870000.0,356999000.0,356999000.0,341568000.0,58157000.0,1.672,1.037,849456000.0,150293000.0,699163000.0,849456000.0,0.0,21936000.0,0.0,0.007,0.022,104215000.0,126151000.0,0.202,126151000.0,104215000.0,94984000.0,0.207,0.203,0.207,1474918000.0,,1474918000.0,4463645688.0,12.0,9.599,96935000.0,0.345,1.0,281551000.0,0.452,1643940000.0,9231000.0,1352516000.0,,215149000.0,11363000.0,0.0,11363000.0,1529813000.0,500934000.0,1028879000.0,3872705688.0,76758000.0,-169000.0,1451000.0,-21786000.0,-6322000.0,-25827000.0,-5766000.0,0.0,102805000.0,5546000.0,58156000.0,58156000.0,58156000.0,0.0,1000.0,0.093,182549000.0,99002000.0,341364000.0,0.106,2.626,18.102,17.976,423949000.0,0.0,13.787,1.562,1.565,231072000.0,1172022000.0,623119000.0,623119000.0,0.0,,,,,5635000.0,182549000.0,1.0,280885272.0,281368000,285712000.0,2.215,1360993000.0,17351000.0,36828000.0,204711000.0,4.837,336804000.0
49,CHD,MRQ,2009-03-31,2009-03-27,2009-03-27,2021-08-02,-24017000.0,2900616000.0,,756830000.0,2143786000.0,,4.949,-21281000.0,280241000.0,280241000.0,331509000.0,62576000.0,1.647,1.086,871181000.0,130899000.0,740282000.0,871181000.0,0.0,21670000.0,0.0,0.007,0.022,108234000.0,129904000.0,0.224,129904000.0,108234000.0,99485000.0,0.223,0.22,0.223,1390281000.0,,1390281000.0,4265517905.0,12.0,9.664,70700000.0,0.252,1.0,249358000.0,0.429,1649319000.0,8749000.0,1382628000.0,,199882000.0,9821000.0,0.0,9821000.0,1510139000.0,459609000.0,1050530000.0,3607375905.0,82242000.0,-241000.0,2071000.0,15016000.0,-6309000.0,11714000.0,-20615000.0,1324000.0,91981000.0,-838000.0,62569000.0,62569000.0,62569000.0,0.0,7000.0,0.108,144698000.0,104660000.0,307804000.0,0.099,2.595,17.898,17.541,398965000.0,0.0,12.857,1.472,1.474,216469000.0,1120188000.0,580867000.0,580867000.0,0.0,,,,,1771000.0,144698000.0,1.0,280565888.0,280936000,285248000.0,2.068,1251297000.0,17114000.0,36916000.0,204708000.0,4.454,297221000.0
50,CHD,MRQ,2008-12-31,2008-12-31,2008-12-31,2021-08-02,-20454000.0,2801438000.0,,665121000.0,2136317000.0,,4.744,-54699000.0,197999000.0,197999000.0,390862000.0,44230000.0,1.718,1.104,856141000.0,74739000.0,781402000.0,856141000.0,0.0,19386000.0,0.0,0.006,0.022,82986000.0,102372000.0,0.159,102372000.0,82986000.0,70761000.0,0.157,0.155,0.157,1331513000.0,,1331513000.0,4636150031.0,13.0,10.868,59339000.0,0.211,1.0,254038000.0,0.394,1655403000.0,12225000.0,1417056000.0,,198893000.0,10061000.0,0.0,10061000.0,1469733000.0,387121000.0,1082612000.0,3930143031.0,22310000.0,-372000.0,1818000.0,-25555000.0,-6303000.0,-29288000.0,-55241000.0,0.0,114038000.0,-7199000.0,44229000.0,44229000.0,44229000.0,0.0,1000.0,0.069,173899000.0,80139000.0,310622000.0,0.14,2.952,20.137,19.486,384519000.0,0.0,14.03,1.622,1.572,211194000.0,1063928000.0,644900000.0,644900000.0,0.0,,,,,2331000.0,173899000.0,1.0,280124236.0,280648000,285316000.0,2.298,1146035000.0,15107000.0,26532000.0,173741000.0,4.084,278000000.0
51,CHD,MRQ,2008-09-30,2008-09-26,2008-09-26,2021-08-02,26605000.0,2842676000.0,,695392000.0,2147284000.0,,4.88,-22583000.0,175689000.0,175689000.0,379578000.0,48989000.0,1.681,1.129,881696000.0,79742000.0,801954000.0,881696000.0,0.0,20367000.0,0.0,0.005,0.022,86217000.0,106584000.0,0.169,106584000.0,86217000.0,74640000.0,0.18,0.172,0.18,1335071000.0,,1335071000.0,4563542430.0,14.0,11.354,69202000.0,0.253,1.0,251094000.0,0.398,1697803000.0,11577000.0,1437203000.0,,221867000.0,13701000.0,1324000.0,12377000.0,1507605000.0,413677000.0,1093928000.0,4079747430.0,-80244000.0,-383447000.0,4483000.0,241916000.0,-6186000.0,236619000.0,-406048000.0,0.0,91785000.0,-2600000.0,48989000.0,48989000.0,48989000.0,0.0,0.0,0.078,165546000.0,85548000.0,325313000.0,0.122,3.056,22.34,22.347,349634000.0,0.0,15.307,1.731,1.777,263680000.0,1026002000.0,630672000.0,630672000.0,0.0,,,,,537000.0,165546000.0,1.0,266519512.0,273600000,285084000.0,2.305,1144873000.0,13280000.0,25651000.0,181035000.0,4.184,281715000.0
52,CHD,MRQ,2008-06-30,2008-06-27,2008-06-27,2021-08-02,44146000.0,2551469000.0,,776622000.0,1774847000.0,,4.507,-8758000.0,255933000.0,255933000.0,351479000.0,45770000.0,2.024,1.126,739728000.0,61077000.0,678651000.0,739728000.0,0.0,16439000.0,0.0,0.006,0.02,86087000.0,102526000.0,0.173,102526000.0,86087000.0,75449000.0,0.172,0.165,0.172,1200169000.0,,1200169000.0,4254607880.0,12.0,10.554,58863000.0,0.221,1.0,242480000.0,0.408,1342656000.0,10638000.0,1308889000.0,,219244000.0,13760000.0,1324000.0,12436000.0,1351300000.0,383719000.0,967581000.0,3714812880.0,47871000.0,-257000.0,3259000.0,-8129000.0,-5318000.0,-11275000.0,-9056000.0,0.0,67621000.0,581000.0,45765000.0,45765000.0,45765000.0,0.0,5000.0,0.077,160597000.0,81883000.0,316512000.0,0.116,3.095,20.042,19.957,339971000.0,0.0,13.97,1.61,1.613,272071000.0,983199000.0,593959000.0,593959000.0,0.0,,,,,2695000.0,160597000.0,1.0,265913592.0,266296000,284268000.0,2.23,1208813000.0,13267000.0,29684000.0,175721000.0,4.539,392903000.0
53,CHD,MRQ,2008-03-31,2008-03-28,2008-03-28,2021-08-02,33923000.0,2465283000.0,,692789000.0,1772494000.0,,4.271,3337000.0,208062000.0,208062000.0,328761000.0,56193000.0,1.983,1.175,747857000.0,54875000.0,692982000.0,747857000.0,0.0,15212000.0,0.0,0.006,0.02,99907000.0,115119000.0,0.208,115119000.0,99907000.0,87402000.0,0.212,0.203,0.212,1133328000.0,,1133328000.0,4128474673.0,12.0,10.442,66060000.0,0.249,1.0,224106000.0,0.405,1345592000.0,12505000.0,1310092000.0,,214966000.0,13229000.0,1324000.0,11905000.0,1331955000.0,349394000.0,982561000.0,3522266673.0,-41747000.0,-305000.0,2761000.0,-108160000.0,-5307000.0,-108834000.0,4184000.0,1263000.0,62723000.0,180000.0,56191000.0,56191000.0,56191000.0,0.0,2000.0,0.102,131344000.0,92762000.0,269958000.0,0.094,3.108,19.555,19.425,339808000.0,0.0,13.268,1.559,1.558,243513000.0,942752000.0,552867000.0,552867000.0,0.0,,,,,552000.0,131344000.0,1.0,265480812.0,265372000,283268000.0,2.083,1119691000.0,13370000.0,31211000.0,185713000.0,4.219,343395000.0
54,CHD,MRQ,2007-12-31,2007-12-31,2007-12-31,2021-08-02,39128000.0,2532490000.0,,735353000.0,1797137000.0,,4.087,-12641000.0,249809000.0,249809000.0,357773000.0,31683000.0,1.606,1.344,856017000.0,148706000.0,707311000.0,856017000.0,0.0,13574000.0,0.0,0.006,0.02,64113000.0,77687000.0,0.134,77687000.0,64113000.0,49127000.0,0.12,0.115,0.12,1080265000.0,,1080265000.0,4255173460.0,13.0,11.183,76777000.0,0.29,1.0,221922000.0,0.383,1354010000.0,14986000.0,1326899000.0,,213651000.0,10324000.0,0.0,10324000.0,1452225000.0,457789000.0,994436000.0,3567155460.0,71323000.0,95000.0,5702000.0,-10496000.0,-5282000.0,-7904000.0,-12853000.0,0.0,89418000.0,2662000.0,31677000.0,31677000.0,31677000.0,0.0,6000.0,0.055,164196000.0,57726000.0,303071000.0,0.167,3.302,21.104,21.055,350853000.0,0.0,13.518,1.606,1.603,247898000.0,891868000.0,579695000.0,579695000.0,0.0,,,,,253000.0,164196000.0,1.0,263891656.0,264296000,282292000.0,2.193,1178480000.0,13508000.0,17450000.0,168758000.0,4.459,277564000.0
55,CHD,MRQ,2007-09-30,2007-09-28,2007-09-28,2021-08-02,26016000.0,2480556000.0,,687784000.0,1792772000.0,,3.904,-3627000.0,178486000.0,178486000.0,351031000.0,51716000.0,1.488,1.41,866504000.0,150674000.0,715830000.0,866504000.0,0.0,14064000.0,0.0,0.006,0.02,93717000.0,107781000.0,0.186,107781000.0,93717000.0,79228000.0,0.195,0.188,0.195,1029225000.0,,1029225000.0,3867862836.0,13.0,10.599,80494000.0,0.305,1.0,229407000.0,0.395,1359355000.0,14489000.0,1347006000.0,,220150000.0,14930000.0,1263000.0,13667000.0,1451331000.0,462213000.0,989118000.0,3100111836.0,71599000.0,187000.0,1621000.0,-8152000.0,-5273000.0,-11334000.0,-3637000.0,0.0,84121000.0,2449000.0,51716000.0,51716000.0,51716000.0,0.0,0.0,0.089,140792000.0,88615000.0,298719000.0,0.103,3.012,19.225,19.184,346850000.0,0.0,11.76,1.43,1.431,271802000.0,865473000.0,580438000.0,580438000.0,0.0,,,,,2071000.0,140792000.0,1.0,263614952.0,263652000,281364000.0,2.202,1121201000.0,5353000.0,27512000.0,162776000.0,4.253,225571000.0
56,CHD,MRQ,2007-06-30,2007-06-29,2007-06-29,2021-08-02,21281000.0,2375235000.0,,588584000.0,1786651000.0,,3.697,-14101000.0,106887000.0,106887000.0,329779000.0,40533000.0,1.419,1.441,874638000.0,150392000.0,724246000.0,874638000.0,0.0,14419000.0,0.0,0.006,0.018,80360000.0,94779000.0,0.173,94779000.0,80360000.0,66144000.0,0.155,0.147,0.155,973088000.0,,973088000.0,3987338546.0,14.0,11.674,31437000.0,0.119,1.0,216693000.0,0.397,1361830000.0,14216000.0,1366265000.0,,211504000.0,15760000.0,1263000.0,14497000.0,1402147000.0,414891000.0,987256000.0,3188194546.0,-851000.0,-99000.0,2055000.0,-32264000.0,-4607000.0,-33614000.0,-14489000.0,0.0,45538000.0,1714000.0,40533000.0,40533000.0,40533000.0,0.0,0.0,0.074,140143000.0,76550000.0,261140000.0,0.116,3.276,21.512,21.329,344009000.0,0.0,12.115,1.514,1.515,245348000.0,819031000.0,546472000.0,546472000.0,0.0,,,,,2429000.0,140143000.0,1.0,263160920.0,263216000,281288000.0,2.076,1013405000.0,6542000.0,25611000.0,145406000.0,3.85,173693000.0
57,CHD,MRQ,2007-03-31,2007-03-30,2007-03-30,2021-08-02,13132000.0,2360671000.0,,577377000.0,1783294000.0,,3.515,-11294000.0,107738000.0,107738000.0,314459000.0,45099000.0,1.359,1.561,906882000.0,151055000.0,755827000.0,906882000.0,0.0,14614000.0,0.0,0.005,0.018,85627000.0,100241000.0,0.195,100241000.0,85627000.0,70426000.0,0.172,0.165,0.172,921807000.0,,921807000.0,4125926289.0,15.0,12.538,18306000.0,0.07,1.0,199876000.0,0.389,1363450000.0,15201000.0,1371607000.0,,214448000.0,16017000.0,1263000.0,14754000.0,1438864000.0,424758000.0,1014106000.0,3303066289.0,-2738000.0,-401000.0,6445000.0,-26465000.0,-4584000.0,-20767000.0,-11543000.0,0.0,29600000.0,-28000.0,45099000.0,45099000.0,45099000.0,0.0,0.0,0.088,117733000.0,82143000.0,260620000.0,0.105,3.583,22.925,22.803,337025000.0,0.0,12.588,1.637,1.636,229708000.0,783104000.0,514335000.0,514335000.0,0.0,,,,,-1018000.0,117733000.0,1.0,262408444.0,262280000,280096000.0,1.961,997221000.0,8665000.0,25327000.0,150910000.0,3.802,152619000.0
58,CHD,MRQ,2006-12-31,2006-12-31,2006-12-31,2021-08-02,12153000.0,2334154000.0,,556070000.0,1778084000.0,,3.308,-14398000.0,110476000.0,110476000.0,321716000.0,23910000.0,1.251,1.702,933336000.0,140411000.0,792925000.0,933336000.0,0.0,13585000.0,0.0,0.006,0.018,48525000.0,62110000.0,0.118,62110000.0,48525000.0,31926000.0,0.09,0.09,0.09,863837000.0,,863837000.0,3669215973.0,14.0,11.508,62756000.0,0.24,1.0,204392000.0,0.388,1365588000.0,16599000.0,1347022000.0,,194900000.0,15620000.0,0.0,15620000.0,1470317000.0,444404000.0,1025913000.0,2782220973.0,14663000.0,-213000.0,2528000.0,-49171000.0,-4571000.0,-49054000.0,-15334000.0,1205000.0,77154000.0,1897000.0,23910000.0,23910000.0,23910000.0,0.0,0.0,0.045,160155000.0,44237000.0,290546000.0,0.2,3.221,20.026,19.93,340484000.0,0.0,10.662,1.43,1.422,231403000.0,740130000.0,526108000.0,526108000.0,0.0,,,,,698000.0,160155000.0,1.0,260935144.0,261104000,278112000.0,2.015,968566000.0,9410000.0,8016000.0,147716000.0,3.71,111666000.0
59,CHD,MRQ,2006-09-30,2006-09-29,2006-09-29,2021-08-02,11356000.0,2359230000.0,,566148000.0,1793082000.0,,3.213,-12011000.0,95813000.0,95813000.0,315618000.0,38664000.0,1.267,1.826,982808000.0,142726000.0,840082000.0,982808000.0,0.0,13219000.0,0.0,0.006,0.018,71212000.0,84431000.0,0.163,84431000.0,71212000.0,56607000.0,0.15,0.142,0.15,834873000.0,,834873000.0,3165567092.0,13.0,10.546,68706000.0,0.264,1.0,202960000.0,0.391,1378875000.0,14605000.0,1420594000.0,,206720000.0,16600000.0,1205000.0,15395000.0,1524357000.0,446756000.0,1077601000.0,2538321092.0,-14374000.0,-329567000.0,3521000.0,245468000.0,-4546000.0,244152000.0,-340279000.0,0.0,80717000.0,1036000.0,38664000.0,38664000.0,38664000.0,0.0,0.0,0.075,134071000.0,68889000.0,288833000.0,0.12,3.04,19.34,19.247,335916000.0,0.0,9.777,1.371,1.373,248606000.0,720791000.0,518578000.0,518578000.0,0.0,,,,,1198000.0,134071000.0,1.0,259608396.0,259864000,276260000.0,1.996,980355000.0,4121000.0,17943000.0,160399000.0,3.773,119392000.0
60,CHD,MRQ,2006-06-30,2006-06-30,2006-06-30,2021-08-02,9533000.0,2013276000.0,,537953000.0,1475323000.0,,3.054,-10633000.0,110187000.0,110187000.0,273791000.0,36406000.0,1.414,1.547,737433000.0,127647000.0,609786000.0,737433000.0,0.0,12439000.0,0.0,0.007,0.015,69847000.0,82286000.0,0.179,82286000.0,69847000.0,58312000.0,0.14,0.135,0.14,790304000.0,,790304000.0,2982220103.0,13.0,10.573,4368000.0,0.017,1.0,184793000.0,0.403,1069637000.0,11535000.0,1190369000.0,,192131000.0,17353000.0,1205000.0,16148000.0,1222972000.0,380516000.0,842456000.0,2354455103.0,-12854000.0,-7569000.0,3849000.0,-12984000.0,-3881000.0,-11133000.0,-18946000.0,0.0,15001000.0,2224000.0,36406000.0,36406000.0,36406000.0,0.0,0.0,0.079,118137000.0,66656000.0,231828000.0,0.107,2.979,18.513,18.469,329842000.0,0.0,9.105,1.326,1.328,214759000.0,686673000.0,458584000.0,458584000.0,0.0,,,,,887000.0,118137000.0,1.0,258589248.0,258808000,275072000.0,1.772,943639000.0,7720000.0,21906000.0,155998000.0,3.646,157437000.0
61,CHD,MRQ,2006-03-31,2006-03-31,2006-03-31,2021-08-02,1331000.0,1981320000.0,,514635000.0,1466685000.0,,2.873,-10556000.0,123041000.0,123041000.0,273399000.0,39947000.0,1.311,1.674,750806000.0,133982000.0,616824000.0,750806000.0,0.0,12484000.0,0.0,0.007,0.015,77542000.0,90026000.0,0.203,90026000.0,77542000.0,66253000.0,0.155,0.15,0.155,741025000.0,,741025000.0,3010609407.0,13.0,10.992,3016000.0,0.012,1.0,168992000.0,0.382,1062372000.0,11289000.0,1154175000.0,,180696000.0,17032000.0,1205000.0,15827000.0,1240295000.0,392538000.0,847757000.0,2380744407.0,-3637000.0,-865000.0,2297000.0,-6571000.0,-3870000.0,-6312000.0,-10957000.0,1150000.0,13572000.0,60000.0,39947000.0,39947000.0,39947000.0,0.0,0.0,0.09,96672000.0,72320000.0,227277000.0,0.097,3.213,19.023,18.914,328392000.0,0.0,9.23,1.354,1.354,189307000.0,654148000.0,442391000.0,442391000.0,0.0,,,,,233000.0,96672000.0,1.0,257935472.0,257912000,274196000.0,1.715,918948000.0,8983000.0,26306000.0,163827000.0,3.563,122097000.0
62,CHD,MRQ,2005-12-31,2005-12-31,2005-12-31,2021-08-02,-454000.0,1962117000.0,,494438000.0,1467679000.0,,2.708,5266000.0,126678000.0,126678000.0,290942000.0,16227000.0,1.207,1.816,756543000.0,121282000.0,635261000.0,756543000.0,0.0,10736000.0,0.0,0.007,0.015,32694000.0,43430000.0,0.101,43430000.0,32694000.0,20898000.0,0.062,0.062,0.062,696878000.0,,696878000.0,2725790715.0,12.0,10.355,64165000.0,0.249,1.0,140332000.0,0.325,1065646000.0,11796000.0,1116626000.0,,156149000.0,18139000.0,1150000.0,16989000.0,1265239000.0,409710000.0,855529000.0,2124647715.0,-33118000.0,-81214000.0,702000.0,-4344000.0,-3861000.0,-8063000.0,-83280000.0,0.0,58899000.0,-674000.0,16227000.0,16227000.0,16227000.0,0.0,0.0,0.038,108427000.0,31905000.0,255438000.0,0.242,3.049,17.287,17.203,326903000.0,0.0,8.258,1.224,1.215,187863000.0,618071000.0,431274000.0,431274000.0,0.0,,,,,0.0,108427000.0,1.0,257299148.0,257336000,277576000.0,1.676,896471000.0,11217000.0,4671000.0,157872000.0,3.484,84728000.0
63,CHD,MRQ,2005-09-30,2005-09-30,2005-09-30,2021-08-02,2440000.0,1937438000.0,,542170000.0,1395268000.0,,2.676,-11858000.0,159796000.0,159796000.0,275213000.0,34598000.0,1.392,1.824,760939000.0,114662000.0,646277000.0,760939000.0,0.0,11308000.0,0.0,0.006,0.015,55005000.0,66313000.0,0.15,66313000.0,55005000.0,44112000.0,0.135,0.128,0.135,686163000.0,,686163000.0,3027145667.0,14.0,11.767,55309000.0,0.216,1.0,167530000.0,0.378,991307000.0,10893000.0,1157726000.0,,159687000.0,19108000.0,1213000.0,17895000.0,1251275000.0,389548000.0,861727000.0,2365696667.0,50333000.0,577000.0,5566000.0,-9409000.0,-3846000.0,-7823000.0,-5022000.0,0.0,67167000.0,-3989000.0,34598000.0,34598000.0,34598000.0,0.0,0.0,0.078,113641000.0,53889000.0,244426000.0,0.111,3.448,19.946,19.733,332865000.0,0.0,9.235,1.383,1.385,201142000.0,605705000.0,442743000.0,442743000.0,0.0,,,,,0.0,113641000.0,1.0,256166396.0,256408000,278136000.0,1.727,946131000.0,8085000.0,9514000.0,148309000.0,3.69,152622000.0
64,CHD,MRQ,2005-06-30,2005-07-01,2005-07-01,2021-08-02,-1170000.0,1892545000.0,,501143000.0,1391402000.0,,2.528,-8448000.0,109463000.0,109463000.0,272914000.0,34380000.0,1.34,1.939,770912000.0,117293000.0,653619000.0,770912000.0,0.0,11219000.0,0.0,0.007,0.015,62899000.0,74118000.0,0.168,74118000.0,62899000.0,52100000.0,0.135,0.128,0.135,643839000.0,,643839000.0,2987356504.0,14.0,11.618,24432000.0,0.096,1.0,168901000.0,0.382,987526000.0,10799000.0,1192372000.0,,158320000.0,20387000.0,1213000.0,19174000.0,1248706000.0,374096000.0,874610000.0,2298800504.0,7561000.0,-680000.0,8060000.0,-20147000.0,-3810000.0,-15936000.0,-11380000.0,0.0,32880000.0,1997000.0,34380000.0,34380000.0,34380000.0,0.0,0.0,0.078,109071000.0,59830000.0,233747000.0,0.111,3.57,20.634,20.435,333612000.0,0.0,9.053,1.362,1.366,205000000.0,574953000.0,441815000.0,441815000.0,0.0,,,,,-172000.0,109071000.0,1.0,253940956.0,254684000,276888000.0,1.735,905019000.0,4658000.0,17720000.0,144638000.0,3.553,127047000.0
65,CHD,MRQ,2005-03-31,2005-04-01,2005-04-01,2021-08-02,-1385000.0,1860936000.0,,478245000.0,1382691000.0,,2.373,-7951000.0,101902000.0,101902000.0,260437000.0,37701000.0,1.307,2.096,790458000.0,111102000.0,679356000.0,790458000.0,0.0,10895000.0,0.0,0.007,0.015,68474000.0,79369000.0,0.189,79369000.0,68474000.0,57864000.0,0.15,0.14,0.15,601010000.0,,601010000.0,2968848759.0,16.0,12.956,23210000.0,0.092,1.0,160237000.0,0.381,985380000.0,10610000.0,1198216000.0,,157837000.0,20127000.0,1213000.0,18914000.0,1259926000.0,365896000.0,894030000.0,2255646759.0,-43638000.0,-561000.0,2839000.0,-68182000.0,-3798000.0,-69402000.0,-5432000.0,1015000.0,31161000.0,35000.0,37701000.0,37701000.0,37701000.0,0.0,0.0,0.09,93085000.0,67152000.0,231196000.0,0.1,3.753,23.35,22.932,331212000.0,0.0,8.898,1.422,1.42,187944000.0,544382000.0,420674000.0,420674000.0,0.0,,,,,172000.0,93085000.0,1.0,253514668.0,253284000,276008000.0,1.661,875556000.0,5308000.0,20163000.0,137936000.0,3.457,112349000.0
66,CHD,MRQ,2004-12-31,2004-12-31,2004-12-31,2021-08-02,-3110000.0,1877998000.0,,493796000.0,1384202000.0,,2.238,-11364000.0,145540000.0,145540000.0,248415000.0,11928000.0,1.381,2.353,858742000.0,104036000.0,754706000.0,858742000.0,0.0,10202000.0,0.0,0.007,0.015,27251000.0,37453000.0,0.092,37453000.0,27251000.0,15180000.0,0.047,0.048,0.047,560030000.0,,560030000.0,2853601699.0,17.0,13.723,39276000.0,0.157,1.0,156561000.0,0.387,985928000.0,12071000.0,1247733000.0,,148898000.0,22021000.0,1015000.0,21006000.0,1317968000.0,357539000.0,960429000.0,2097207699.0,100000.0,1661000.0,7748000.0,-44749000.0,-3744000.0,-45696000.0,-8577000.0,-1750000.0,50640000.0,3733000.0,11928000.0,11928000.0,11928000.0,0.0,0.0,0.029,118097000.0,38464000.0,242024000.0,0.319,3.745,23.615,23.347,332204000.0,0.0,8.405,1.434,1.423,166203000.0,510480000.0,404976000.0,404976000.0,0.0,,,,,0.0,118097000.0,1.0,249519060.0,250196000,273296000.0,1.619,892070000.0,7600000.0,3252000.0,119695000.0,3.565,136257000.0
67,CHD,MRQ,2004-09-30,2004-10-01,2004-10-01,2021-08-02,-7941000.0,1865379000.0,,526778000.0,1338601000.0,,2.144,-10159000.0,145440000.0,145440000.0,259721000.0,27401000.0,1.392,2.508,901834000.0,112158000.0,789676000.0,901834000.0,0.0,10240000.0,0.0,0.008,0.015,55951000.0,66191000.0,0.157,66191000.0,55951000.0,38165000.0,0.11,0.105,0.11,531708000.0,,531708000.0,2528482711.0,15.0,12.288,57609000.0,0.232,1.0,160589000.0,0.382,938017000.0,17786000.0,1305318000.0,,152666000.0,21989000.0,1015000.0,20974000.0,1333671000.0,378438000.0,955233000.0,1715196711.0,25879000.0,-4279000.0,6125000.0,-31478000.0,-3708000.0,-29132000.0,-13030000.0,1750000.0,67768000.0,273000.0,27401000.0,27401000.0,27401000.0,0.0,0.0,0.065,107188000.0,53401000.0,249087000.0,0.136,3.226,18.493,18.353,330827000.0,0.0,6.938,1.276,1.28,198141000.0,502296000.0,420310000.0,420310000.0,0.0,,,,,0.0,107188000.0,1.0,247235562.0,248020000,272644000.0,1.695,927362000.0,10285000.0,10764000.0,97653000.0,3.739,148340000.0
68,CHD,MRQ,2004-06-30,2004-07-02,2004-07-02,2021-08-02,-9328000.0,1854777000.0,,518514000.0,1336263000.0,,2.01,-7225000.0,119561000.0,119561000.0,221109000.0,19573000.0,1.547,2.746,932847000.0,74613000.0,858234000.0,932847000.0,0.0,9667000.0,0.0,0.007,0.013,36477000.0,46144000.0,0.135,46144000.0,36477000.0,29458000.0,0.08,0.075,0.08,495182000.0,,495182000.0,2162427793.0,15.0,11.934,42286000.0,0.172,1.0,119676000.0,0.351,935652000.0,7019000.0,1397231000.0,,157981000.0,22429000.0,1015000.0,21414000.0,1359595000.0,335180000.0,1024415000.0,1864695793.0,52895000.0,-193382000.0,2146000.0,209236000.0,-3285000.0,204728000.0,-201640000.0,0.0,49511000.0,296000.0,19573000.0,19573000.0,19573000.0,0.0,0.0,0.057,78248000.0,41428000.0,241935000.0,0.163,3.766,21.972,21.758,327293000.0,0.0,7.572,1.568,1.569,206093000.0,478603000.0,340785000.0,340785000.0,0.0,,,,,0.0,78248000.0,1.0,246272832.0,246384000,272296000.0,1.383,919125000.0,12779000.0,9885000.0,97820000.0,3.73,183334000.0
69,CHD,MRQ,2004-03-31,2004-04-02,2004-04-02,2021-08-02,-12147000.0,1127335000.0,,287117000.0,840218000.0,,1.923,-5480000.0,66666000.0,66666000.0,199429000.0,29906000.0,1.23,1.39,364398000.0,68547000.0,295851000.0,364398000.0,0.0,8984000.0,0.0,0.007,0.013,49167000.0,58151000.0,0.196,58151000.0,49167000.0,44636000.0,0.122,0.115,0.122,471784000.0,,471784000.0,2120047141.0,14.0,11.715,25631000.0,0.104,1.0,96562000.0,0.326,377391000.0,4531000.0,814333000.0,,98323000.0,172377000.0,1015000.0,171362000.0,655551000.0,233343000.0,422208000.0,1798635141.0,-8968000.0,-1782000.0,2614000.0,-32643000.0,-3268000.0,-33519000.0,-6560000.0,942000.0,31111000.0,0.0,29906000.0,29906000.0,29906000.0,0.0,0.0,0.101,58102000.0,38460000.0,145021000.0,0.107,3.812,20.002,19.833,257026000.0,0.0,7.318,1.628,1.625,101368000.0,462315000.0,295991000.0,295991000.0,0.0,,,,,0.0,58102000.0,1.0,245771142.0,245292000,270840000.0,1.207,749944000.0,13171000.0,14730000.0,86808000.0,3.057,53774000.0
70,CHD,MRQ,2003-12-31,2003-12-31,2003-12-31,2021-08-02,-13962000.0,1119617000.0,,289222000.0,830395000.0,,1.804,-8200000.0,75634000.0,75634000.0,202705000.0,15867000.0,1.246,1.553,397046000.0,65897000.0,331149000.0,397046000.0,0.0,7924000.0,0.0,0.008,0.013,27365000.0,35289000.0,0.123,35289000.0,27365000.0,21681000.0,0.065,0.062,0.065,438494000.0,,438494000.0,1843668846.0,13.0,11.003,32251000.0,0.133,1.0,84042000.0,0.293,378818000.0,5684000.0,830157000.0,,84176000.0,162283000.0,942000.0,161341000.0,681123000.0,232054000.0,449069000.0,1601672846.0,-1062000.0,-112876000.0,5522000.0,78190000.0,-3237000.0,78348000.0,-119810000.0,0.0,40451000.0,-51000.0,15867000.0,15867000.0,15867000.0,0.0,0.0,0.055,54895000.0,29147000.0,148958000.0,0.2,3.653,19.783,19.701,258010000.0,0.0,6.6,1.515,1.507,107553000.0,435677000.0,286747000.0,286747000.0,0.0,,,,,0.0,54895000.0,1.0,242677704.0,243080000,275084000.0,1.18,740799000.0,14109000.0,5814000.0,78199000.0,3.048,57168000.0
71,CHD,MRQ,2003-09-30,2003-09-26,2003-09-26,2021-08-02,-14205000.0,1016368000.0,,280174000.0,736194000.0,,1.72,-8382000.0,76696000.0,76696000.0,185024000.0,19522000.0,1.18,1.443,318692000.0,64118000.0,254574000.0,318692000.0,0.0,7412000.0,0.0,0.009,0.013,34204000.0,41616000.0,0.157,41616000.0,34204000.0,29383000.0,0.08,0.077,0.08,415975000.0,,415975000.0,1645608989.0,12.0,9.806,26948000.0,0.111,1.0,80542000.0,0.303,293643000.0,4821000.0,727342000.0,,78411000.0,160596000.0,942000.0,159654000.0,600393000.0,237379000.0,363014000.0,1379895989.0,22685000.0,1374000.0,1886000.0,-903000.0,-3223000.0,-5431000.0,-8078000.0,0.0,35330000.0,864000.0,19522000.0,19522000.0,19522000.0,0.0,0.0,0.074,51668000.0,28874000.0,152252000.0,0.163,3.317,17.113,17.142,247325000.0,0.0,5.708,1.329,1.33,101582000.0,423047000.0,265566000.0,265566000.0,0.0,,,,,0.0,51668000.0,1.0,241733604.0,241908000,253488000.0,1.098,722725000.0,16841000.0,9861000.0,86691000.0,2.988,42795000.0
72,CHD,MRQ,2003-06-30,2003-06-27,2003-06-27,2021-08-02,-13851000.0,992667000.0,,266553000.0,726114000.0,,1.65,-7885000.0,54011000.0,54011000.0,176690000.0,24626000.0,1.125,1.498,319724000.0,66481000.0,253243000.0,319724000.0,0.0,7380000.0,0.0,0.009,0.013,38533000.0,45913000.0,0.179,45913000.0,38533000.0,33818000.0,0.102,0.098,0.102,397349000.0,,397349000.0,1580626817.0,12.0,9.52,6967000.0,0.029,1.0,79573000.0,0.311,294373000.0,4715000.0,727101000.0,,86535000.0,158187000.0,942000.0,157245000.0,595318000.0,236906000.0,358412000.0,1307847817.0,-13231000.0,1515000.0,2931000.0,-21345000.0,-3040000.0,-21454000.0,-6629000.0,0.0,14852000.0,0.0,24626000.0,24626000.0,24626000.0,0.0,0.0,0.096,54524000.0,25049000.0,152728000.0,0.127,3.291,16.621,16.626,244839000.0,0.0,5.437,1.262,1.263,102383000.0,406748000.0,256263000.0,256263000.0,0.0,,,,,0.0,54524000.0,1.0,240560604.0,240792000,252432000.0,1.064,698294000.0,17883000.0,9192000.0,80391000.0,2.9,29647000.0
73,CHD,MRQ,2003-03-31,2003-03-28,2003-03-28,2021-08-02,-17592000.0,985510000.0,,275189000.0,710321000.0,,1.535,-6207000.0,67242000.0,67242000.0,174464000.0,20946000.0,1.135,1.678,340021000.0,66418000.0,273603000.0,340021000.0,0.0,7508000.0,0.0,0.01,0.013,37233000.0,44741000.0,0.18,44741000.0,37233000.0,32053000.0,0.087,0.083,0.087,367990000.0,,367990000.0,1475598226.0,11.0,9.065,22469000.0,0.094,1.0,73834000.0,0.297,295093000.0,5180000.0,720740000.0,,85912000.0,146211000.0,942000.0,145269000.0,617520000.0,242456000.0,375064000.0,1183467226.0,-9060000.0,-2684000.0,2301000.0,-28659000.0,-2995000.0,-29604000.0,-8132000.0,870000.0,28676000.0,0.0,20946000.0,20946000.0,20946000.0,0.0,0.0,0.084,45053000.0,28781000.0,157768000.0,0.149,3.216,16.276,16.271,240755000.0,0.0,4.93,1.139,1.138,96831000.0,385162000.0,248298000.0,248298000.0,0.0,,,,,0.0,45053000.0,1.0,240054204.0,239670000,251112000.0,1.036,690417000.0,17958000.0,11107000.0,78347000.0,2.881,32733000.0
74,CHD,MRQ,2002-12-31,2002-12-31,2002-12-31,2021-08-02,-16919000.0,988241000.0,,285436000.0,702805000.0,,1.453,-6611000.0,76302000.0,76302000.0,187265000.0,15540000.0,1.541,1.843,368433000.0,15945000.0,352488000.0,368433000.0,0.0,6571000.0,0.0,0.01,0.013,28973000.0,35544000.0,0.133,35544000.0,28973000.0,22847000.0,0.065,0.063,0.065,347646000.0,,347646000.0,1538151533.0,12.0,10.056,34181000.0,0.143,1.0,80833000.0,0.302,292424000.0,6126000.0,802767000.0,,82674000.0,142537000.0,870000.0,141667000.0,640595000.0,185181000.0,455414000.0,1213558533.0,154000.0,2033000.0,910000.0,-33390000.0,-2991000.0,-35947000.0,-4938000.0,0.0,40792000.0,247000.0,15540000.0,15540000.0,15540000.0,0.0,0.0,0.058,55988000.0,24845000.0,156921000.0,0.2,3.491,18.197,18.113,240007000.0,0.0,5.072,1.159,1.152,100252000.0,367211000.0,268098000.0,268098000.0,0.0,,,,,0.0,55988000.0,1.0,239281998.0,239256000,251942000.0,1.121,695817000.0,18154000.0,7307000.0,69418000.0,2.908,100255000.0
75,CHD,MRQ,2002-09-30,2002-09-27,2002-09-27,2021-08-02,-15624000.0,986208000.0,,300443000.0,685765000.0,,1.393,-10481000.0,76148000.0,76148000.0,182586000.0,17575000.0,1.618,1.965,400741000.0,20772000.0,379969000.0,400741000.0,0.0,7334000.0,0.0,0.009,0.013,32503000.0,39837000.0,0.151,39837000.0,32503000.0,26840000.0,0.073,0.07,0.073,332664000.0,,332664000.0,1648461685.0,15.0,11.555,15990000.0,0.067,1.0,81200000.0,0.308,269624000.0,5663000.0,855542000.0,,89133000.0,139986000.0,870000.0,139116000.0,653544000.0,185635000.0,467909000.0,1304115685.0,863000.0,-1626000.0,493000.0,-16507000.0,-2985000.0,-18524000.0,-7084000.0,5000000.0,26471000.0,0.0,17575000.0,17575000.0,17575000.0,0.0,0.0,0.067,53051000.0,28149000.0,158825000.0,0.178,3.92,22.774,22.576,240975000.0,0.0,5.463,1.249,1.25,102600000.0,354662000.0,263786000.0,263786000.0,0.0,,,,,0.0,53051000.0,1.0,238703298.0,238764000,251250000.0,1.105,716584000.0,25260000.0,9265000.0,53602000.0,3.001,114808000.0
76,CHD,MRQ,2002-06-30,2002-06-28,2002-06-28,2021-08-02,-11494000.0,995702000.0,,315028000.0,680674000.0,,1.353,-10158000.0,75285000.0,75285000.0,182525000.0,18652000.0,1.618,2.098,419631000.0,20430000.0,399201000.0,419631000.0,0.0,7503000.0,0.0,0.01,0.013,35163000.0,42666000.0,0.165,42666000.0,35163000.0,29066000.0,0.078,0.075,0.078,321422000.0,,321422000.0,1601115128.0,15.0,11.681,16852000.0,0.071,1.0,75938000.0,0.294,272146000.0,6097000.0,873178000.0,,97137000.0,141353000.0,5870000.0,135483000.0,674280000.0,194724000.0,479556000.0,1235737128.0,21433000.0,787000.0,6204000.0,1310000.0,-2970000.0,4069000.0,-9646000.0,0.0,27010000.0,0.0,18652000.0,18652000.0,18652000.0,0.0,0.0,0.072,51645000.0,24293000.0,169296000.0,0.167,3.845,22.495,22.411,239546000.0,0.0,5.222,1.213,1.218,107257000.0,340072000.0,258463000.0,258463000.0,0.0,,,,,0.0,51645000.0,1.0,236655690.0,237504000,251130000.0,1.088,723556000.0,24906000.0,10414000.0,45328000.0,3.047,120304000.0
77,CHD,MRQ,2002-03-31,2002-03-29,2002-03-29,2021-08-02,-8913000.0,968476000.0,,294892000.0,673584000.0,,1.272,-10029000.0,53852000.0,53852000.0,183552000.0,14923000.0,1.578,2.231,419230000.0,12235000.0,406995000.0,419230000.0,0.0,6482000.0,0.0,0.01,0.013,28427000.0,34909000.0,0.136,34909000.0,28427000.0,22339000.0,0.063,0.06,0.063,299709000.0,,299709000.0,1524428501.0,16.0,12.444,9467000.0,0.04,1.0,73250000.0,0.285,272694000.0,6088000.0,874281000.0,,101970000.0,132288000.0,5870000.0,126418000.0,668767000.0,186879000.0,481888000.0,1158730501.0,1406000.0,-7011000.0,3261000.0,-1707000.0,-2942000.0,-1388000.0,-16702000.0,803000.0,19496000.0,0.0,14923000.0,14923000.0,14923000.0,0.0,0.0,0.058,46023000.0,27227000.0,169810000.0,0.206,3.866,23.286,23.052,239375000.0,0.0,4.91,1.171,1.169,101551000.0,324390000.0,256802000.0,256802000.0,0.0,,,,,0.0,46023000.0,1.0,235993992.0,235602000,248928000.0,1.09,695782000.0,24580000.0,7416000.0,41943000.0,2.953,108013000.0
78,CHD,MRQ,2001-12-31,2001-12-31,2001-12-31,2021-08-02,-9728000.0,949085000.0,,293207000.0,655878000.0,,1.203,-11582000.0,52446000.0,52446000.0,191162000.0,6113000.0,1.496,2.362,418144000.0,11580000.0,406564000.0,418144000.0,0.0,8194000.0,0.0,0.011,0.013,17056000.0,25250000.0,0.095,25250000.0,17056000.0,10647000.0,0.027,0.025,0.027,282303000.0,,282303000.0,1422111534.0,17.0,12.559,13550000.0,0.058,1.0,73757000.0,0.278,268193000.0,6409000.0,850574000.0,,101214000.0,132875000.0,5803000.0,127072000.0,666782000.0,196016000.0,470766000.0,1041193534.0,15696000.0,2418000.0,607000.0,169000.0,-2933000.0,-3126000.0,-6234000.0,4084000.0,25132000.0,-76000.0,6113000.0,6113000.0,6113000.0,0.0,0.0,0.023,49528000.0,24229000.0,176176000.0,0.481,3.688,22.161,21.972,231449000.0,0.0,4.438,1.085,1.079,106291000.0,312409000.0,264919000.0,264919000.0,0.0,,,,,0.0,50188000.0,1.0,234591108.0,234642000,246624000.0,1.129,680892000.0,19849000.0,4534000.0,35292000.0,2.902,97191000.0
79,CHD,MRQ,2001-09-30,2001-09-28,2001-09-28,2021-08-02,-10748000.0,931404000.0,,283643000.0,647761000.0,,1.185,-6359000.0,36750000.0,36750000.0,166524000.0,15246000.0,1.5,2.359,417668000.0,2535000.0,415133000.0,417668000.0,0.0,7299000.0,0.0,0.011,0.013,26942000.0,34241000.0,0.144,34241000.0,26942000.0,23664000.0,0.065,0.062,0.065,277303000.0,,277303000.0,1141552608.0,13.0,10.169,11420000.0,0.049,1.0,71848000.0,0.301,243763000.0,3278000.0,879524000.0,,106743000.0,138719000.0,9887000.0,128832000.0,654101000.0,189035000.0,465066000.0,1007660608.0,19495000.0,-235493000.0,1218000.0,266923000.0,-2924000.0,256585000.0,-254869000.0,-11381000.0,17779000.0,0.0,15246000.0,15246000.0,15246000.0,0.0,0.0,0.064,46013000.0,25835000.0,174628000.0,0.2,3.634,19.544,19.32,239375000.0,0.0,4.308,1.28,1.281,106934000.0,309229000.0,238372000.0,238372000.0,0.0,,,,,0.0,46013000.0,1.0,233886408.0,234066000,246222000.0,1.018,687641000.0,12844000.0,8418000.0,26388000.0,2.938,94608000.0
80,CHD,MRQ,2001-06-30,2001-06-29,2001-06-29,2021-08-02,-8278000.0,636166000.0,,203975000.0,432191000.0,,1.14,-6375000.0,17255000.0,17255000.0,160096000.0,13478000.0,0.646,1.394,151147000.0,145710000.0,5437000.0,151147000.0,0.0,6109000.0,0.0,0.011,0.012,21992000.0,28101000.0,0.122,28101000.0,21992000.0,20812000.0,0.058,0.055,0.058,265757000.0,,265757000.0,1001965764.0,17.0,12.201,-16124000.0,-0.069,1.0,69540000.0,0.303,176467000.0,1180000.0,277772000.0,,66841000.0,27678000.0,9084000.0,18594000.0,370409000.0,315819000.0,54590000.0,987805764.0,-1519000.0,-94356000.0,3780000.0,111677000.0,-2719000.0,112738000.0,-104508000.0,-4003000.0,-9749000.0,0.0,13478000.0,13478000.0,13478000.0,0.0,0.0,0.059,47035000.0,22505000.0,165811000.0,0.207,3.717,28.161,27.723,217146000.0,0.0,4.242,1.315,1.316,88726000.0,296907000.0,229636000.0,229636000.0,0.0,,,,,0.0,47035000.0,1.0,232881516.0,233166000,245100000.0,0.985,459699000.0,11475000.0,7334000.0,18407000.0,1.972,-111844000.0
81,CHD,MRQ,2001-03-31,2001-03-30,2001-03-30,2021-08-02,-6355000.0,485334000.0,,182767000.0,302567000.0,,1.09,-7240000.0,18774000.0,18774000.0,162429000.0,12147000.0,1.154,0.926,32934000.0,13185000.0,19749000.0,32934000.0,0.0,6241000.0,0.0,0.013,0.012,19402000.0,25643000.0,0.113,25643000.0,19402000.0,18732000.0,0.053,0.05,0.053,251981000.0,,251981000.0,850967186.0,15.0,10.611,1319000.0,0.006,1.0,64351000.0,0.284,82635000.0,670000.0,258523000.0,,58296000.0,21775000.0,1994000.0,19781000.0,233353000.0,158336000.0,75017000.0,838541186.0,-2799000.0,-4281000.0,3563000.0,-675000.0,-2699000.0,189000.0,-11547000.0,997000.0,8559000.0,0.0,12147000.0,12147000.0,12147000.0,0.0,0.0,0.054,43399000.0,20952000.0,136356000.0,0.226,3.328,24.682,24.471,169399000.0,0.0,3.622,1.158,1.157,85205000.0,286148000.0,226780000.0,226780000.0,0.0,,,,,0.0,43399000.0,1.0,231534612.0,231228000,241998000.0,0.981,402699000.0,11560000.0,6585000.0,29836000.0,1.742,24431000.0
82,CHD,MRQ,2000-12-31,2000-12-31,2000-12-31,2021-08-02,-9389000.0,455632000.0,,160501000.0,295131000.0,,1.023,-7757000.0,21573000.0,21573000.0,115979000.0,10688000.0,1.076,0.942,33999000.0,13863000.0,20136000.0,33999000.0,0.0,6990000.0,0.0,0.013,0.012,17287000.0,24277000.0,0.263,24277000.0,17287000.0,16514000.0,0.047,0.045,0.047,234650000.0,,234650000.0,887201973.0,16.0,11.065,22048000.0,0.096,1.0,-23593000.0,-0.255,82839000.0,773000.0,236081000.0,,55165000.0,22406000.0,2990000.0,19416000.0,220982000.0,149138000.0,71844000.0,848610973.0,3170000.0,6608000.0,2524000.0,-22725000.0,-2673000.0,-22874000.0,-3761000.0,995000.0,29805000.0,0.0,10688000.0,10688000.0,10688000.0,0.0,0.0,0.116,-39443000.0,15850000.0,129268000.0,0.255,3.616,25.287,25.227,168570000.0,0.0,3.708,1.228,1.234,64958000.0,276700000.0,92386000.0,92386000.0,0.0,,,,,0.0,-39443000.0,1.0,228838914.0,229314000,239634000.0,0.403,372793000.0,11679000.0,5826000.0,23859000.0,1.626,11363000.0
83,CHD,MRQ,2000-09-30,2000-09-29,2000-09-29,2021-08-02,-7843000.0,463166000.0,,168670000.0,294496000.0,,0.975,-4426000.0,18403000.0,18403000.0,112307000.0,-1236000.0,0.999,1.071,56994000.0,33794000.0,23200000.0,56994000.0,0.0,4975000.0,0.0,0.015,0.012,-876000.0,4099000.0,0.02,4099000.0,-876000.0,-2105000.0,-0.005,-0.005,-0.005,223658000.0,,223658000.0,758296373.0,13.0,9.59,23374000.0,0.102,1.0,90144000.0,0.445,84940000.0,1229000.0,247907000.0,,62801000.0,26184000.0,3986000.0,22198000.0,239508000.0,168910000.0,70598000.0,703307373.0,-10172000.0,-280000.0,-2667000.0,-26462000.0,-2679000.0,-31808000.0,-6164000.0,10000.0,27800000.0,0.0,-1236000.0,-1236000.0,-1236000.0,0.0,0.0,-0.006,91838000.0,-1694000.0,131355000.0,-2.4,3.145,20.668,20.839,169115000.0,0.0,3.063,0.888,0.887,65864000.0,268685000.0,202451000.0,202451000.0,0.0,,,,,0.0,69927000.0,1.0,229588914.0,229410000,237816000.0,0.882,378226000.0,10709000.0,-869000.0,19986000.0,1.649,-240000.0
84,CHD,MRQ,2000-06-30,2000-06-30,2000-06-30,2021-08-02,-7561000.0,490936000.0,,184440000.0,306496000.0,,1.007,-4284000.0,28575000.0,28575000.0,112573000.0,12375000.0,1.163,1.13,83564000.0,33015000.0,50549000.0,83564000.0,0.0,5892000.0,0.0,0.014,0.012,20287000.0,26179000.0,0.129,26179000.0,20287000.0,18810000.0,0.053,0.052,0.053,230522000.0,,230522000.0,753202072.0,10.0,7.616,17356000.0,0.076,1.0,89842000.0,0.444,84935000.0,1477000.0,302402000.0,,69066000.0,26206000.0,3996000.0,22210000.0,260414000.0,158588000.0,101826000.0,686043072.0,13860000.0,-13263000.0,-350000.0,1885000.0,-2674000.0,-1139000.0,-6641000.0,4004000.0,21640000.0,0.0,12375000.0,12375000.0,12375000.0,0.0,0.0,0.061,70501000.0,19341000.0,123270000.0,0.226,2.976,14.708,15.0,182579000.0,0.0,3.0,0.885,0.886,67248000.0,272600000.0,202415000.0,202415000.0,0.0,,,,,0.0,70501000.0,1.0,228681024.0,228912000,237900000.0,0.884,406001000.0,8564000.0,6435000.0,22999000.0,1.774,25852000.0
85,CHD,MRQ,2000-03-31,2000-03-31,2000-03-31,2021-08-02,-4309000.0,485004000.0,,178628000.0,306376000.0,,0.965,-5358000.0,14715000.0,14715000.0,109462000.0,11732000.0,1.101,1.166,81874000.0,33944000.0,47930000.0,81874000.0,0.0,5597000.0,0.0,0.014,0.012,20032000.0,25629000.0,0.132,25629000.0,20032000.0,18655000.0,0.05,0.048,0.05,223932000.0,,223932000.0,723648479.0,10.0,7.631,18156000.0,0.078,1.0,84477000.0,0.436,82766000.0,1377000.0,307137000.0,,77855000.0,31388000.0,5000000.0,26388000.0,261072000.0,162260000.0,98812000.0,659047479.0,-5050000.0,323000.0,-12526000.0,-2695000.0,-2718000.0,-17939000.0,-10625000.0,-1000000.0,23514000.0,0.0,11732000.0,11732000.0,11732000.0,0.0,0.0,0.06,65813000.0,18664000.0,115719000.0,0.24,2.943,14.736,14.922,183759000.0,0.0,2.865,0.868,0.876,65226000.0,262899000.0,193939000.0,193939000.0,0.0,,,,,0.0,65813000.0,1.0,230034024.0,232074000,242694000.0,0.836,402238000.0,8347000.0,6923000.0,33486000.0,1.733,16368000.0
86,CHD,MRQ,1999-12-31,1999-12-31,1999-12-31,2021-08-02,-4599000.0,476306000.0,,175783000.0,300523000.0,,0.973,-8992000.0,19765000.0,19765000.0,113468000.0,11157000.0,1.25,1.101,84366000.0,26259000.0,58107000.0,84366000.0,0.0,4935000.0,0.0,0.009,0.012,18228000.0,23163000.0,0.12,23163000.0,18228000.0,17648000.0,0.048,0.045,0.048,226733000.0,,226733000.0,1061685301.0,14.0,11.271,14332000.0,0.062,1.0,79691000.0,0.413,83744000.0,580000.0,316555000.0,,72670000.0,27177000.0,4000000.0,23177000.0,249573000.0,140608000.0,108965000.0,1036862301.0,657000.0,-51652000.0,-7000.0,40087000.0,-2719000.0,37361000.0,-60028000.0,4540000.0,23324000.0,0.0,11157000.0,11157000.0,11157000.0,0.0,0.0,0.058,62524000.0,17167000.0,106109000.0,0.25,4.573,22.86,22.812,182219000.0,0.0,4.448,1.401,1.399,63956000.0,253885000.0,193159000.0,193159000.0,0.0,,,,,0.0,62097000.0,1.0,233090064.0,232968000,249066000.0,0.829,392562000.0,8221000.0,6491000.0,28656000.0,1.685,35175000.0
87,CHD,MRQ,1999-09-30,1999-10-01,1999-10-01,2021-08-02,-5113000.0,425503000.0,,185653000.0,239850000.0,,0.93,-10606000.0,19108000.0,19108000.0,100975000.0,11379000.0,1.427,0.964,43931000.0,13920000.0,30011000.0,43931000.0,0.0,4791000.0,0.0,0.009,0.006,19138000.0,23929000.0,0.129,23929000.0,19138000.0,18252000.0,0.048,0.047,0.048,216663000.0,,216663000.0,986436878.0,14.0,11.317,12429000.0,0.053,1.0,84974000.0,0.457,32838000.0,886000.0,287357000.0,,68351000.0,24446000.0,5000000.0,19446000.0,208840000.0,130131000.0,78709000.0,952668878.0,1163000.0,-180000.0,-2495000.0,-7222000.0,-2722000.0,-12439000.0,-9433000.0,1133000.0,23035000.0,0.0,11379000.0,11379000.0,11379000.0,0.0,0.0,0.061,67411000.0,17563000.0,105904000.0,0.125,4.397,22.214,22.313,177054000.0,0.0,4.083,1.292,1.29,75503000.0,245447000.0,185949000.0,185949000.0,0.0,,,,,0.0,66976000.0,1.0,233306664.0,233022000,246582000.0,0.798,392665000.0,10196000.0,6873000.0,29745000.0,1.685,55522000.0
88,CHD,MRQ,1999-06-30,1999-07-02,1999-07-02,2021-08-02,-4578000.0,420624000.0,,186632000.0,233992000.0,,0.907,5663000.0,17945000.0,17945000.0,102453000.0,10456000.0,1.441,0.993,51713000.0,19955000.0,31758000.0,51713000.0,0.0,5001000.0,0.0,0.011,0.01,17104000.0,22105000.0,0.119,22105000.0,17104000.0,16415000.0,0.045,0.043,0.045,211036000.0,,211036000.0,878156608.0,14.0,10.845,6817000.0,0.029,1.0,83912000.0,0.45,33175000.0,689000.0,291696000.0,,71824000.0,23452000.0,5000000.0,18452000.0,209588000.0,129521000.0,80067000.0,856516608.0,-2230000.0,-10192000.0,-923000.0,3052000.0,-2328000.0,-199000.0,-3185000.0,-113000.0,1154000.0,0.0,10456000.0,10456000.0,10456000.0,0.0,0.0,0.056,68936000.0,14976000.0,100388000.0,0.222,4.059,21.772,21.92,171975000.0,0.0,3.683,1.176,1.177,75079000.0,236790000.0,186365000.0,186365000.0,0.0,,,,,0.0,68501000.0,1.0,232591068.0,232764000,245088000.0,0.801,387449000.0,10324000.0,5959000.0,29239000.0,1.665,57111000.0
89,CHD,MRQ,1999-03-31,1999-04-02,1999-04-02,2021-08-02,-895000.0,408415000.0,,179617000.0,228798000.0,,0.891,-2415000.0,20175000.0,20175000.0,97590000.0,12365000.0,1.395,0.975,41815000.0,13856000.0,27959000.0,41815000.0,0.0,4529000.0,0.0,0.012,0.01,20468000.0,24997000.0,0.143,24997000.0,20468000.0,19863000.0,0.053,0.05,0.053,206840000.0,,206840000.0,812464280.0,14.0,10.653,14117000.0,0.061,1.0,77118000.0,0.441,29653000.0,605000.0,271663000.0,,65379000.0,44086000.0,3051000.0,41035000.0,201575000.0,128739000.0,72836000.0,779838280.0,3986000.0,1008000.0,988000.0,-7000000.0,-2321000.0,-8333000.0,-4213000.0,-649000.0,16532000.0,0.0,12365000.0,12365000.0,12365000.0,0.0,0.0,0.071,59144000.0,17974000.0,101603000.0,0.189,3.77,21.215,21.197,153396000.0,0.0,3.349,1.09,1.087,72994000.0,228662000.0,174708000.0,174708000.0,0.0,,,,,0.0,65596000.0,1.0,232845468.0,232248000,244344000.0,0.752,378762000.0,10535000.0,7498000.0,34255000.0,1.631,50878000.0
90,CHD,MRQ,1998-12-31,1998-12-31,1998-12-31,2021-08-02,-782000.0,391438000.0,,166808000.0,224630000.0,,0.841,-8521000.0,16189000.0,16189000.0,109911000.0,8686000.0,1.343,1.009,48815000.0,19185000.0,29630000.0,48815000.0,0.0,3999000.0,0.0,0.013,0.01,12138000.0,16137000.0,0.085,16137000.0,12138000.0,11550000.0,0.037,0.037,0.037,194838000.0,,194838000.0,739899177.0,15.0,11.323,13699000.0,0.059,1.0,80418000.0,0.423,25142000.0,588000.0,274685000.0,,60285000.0,39662000.0,9527000.0,30135000.0,196600000.0,124237000.0,72363000.0,692834177.0,3754000.0,4395000.0,-588000.0,-10685000.0,-2314000.0,-13587000.0,-4879000.0,3015000.0,22220000.0,0.0,8686000.0,8686000.0,8686000.0,0.0,0.0,0.046,69737000.0,10681000.0,98069000.0,0.27,3.556,22.874,23.038,161712000.0,0.0,2.995,1.0,1.005,64465000.0,218618000.0,190329000.0,190329000.0,0.0,,,,,0.0,66971000.0,1.0,231330276.0,231612000,241164000.0,0.822,366296000.0,10535000.0,2864000.0,28161000.0,1.582,42571000.0
91,CHD,MRQ,1998-09-30,1998-09-25,1998-09-25,2021-08-02,-693000.0,391671000.0,,167192000.0,224479000.0,,0.81,-14410000.0,12435000.0,12435000.0,97664000.0,7834000.0,1.221,1.081,59500000.0,34756000.0,24744000.0,59500000.0,0.0,4239000.0,0.0,0.016,0.01,13492000.0,17731000.0,0.1,17731000.0,13492000.0,12599000.0,0.033,0.033,0.033,188225000.0,,188225000.0,626819690.0,14.0,10.157,7099000.0,0.031,1.0,79163000.0,0.448,28342000.0,893000.0,273463000.0,,64314000.0,41120000.0,10445000.0,30675000.0,203446000.0,136931000.0,66515000.0,582558690.0,-2804000.0,-2000.0,-3481000.0,0.0,-2324000.0,-5805000.0,-18508000.0,-1956000.0,21509000.0,0.0,7834000.0,7834000.0,7834000.0,0.0,0.0,0.044,67142000.0,12021000.0,95236000.0,0.303,3.095,21.437,21.368,160341000.0,0.0,2.5,0.883,0.881,65335000.0,212246000.0,176827000.0,176827000.0,0.0,,,,,0.0,67142000.0,1.0,233023476.0,232476000,240300000.0,0.761,363329000.0,9836000.0,4765000.0,28351000.0,1.563,30261000.0
92,CHD,MRQ,1998-06-30,1998-06-26,1998-06-26,2021-08-02,-692000.0,391302000.0,,179298000.0,212004000.0,,0.8,-6428000.0,15239000.0,15239000.0,94944000.0,7873000.0,1.292,1.102,59500000.0,34527000.0,24973000.0,59500000.0,0.0,4210000.0,0.0,0.015,0.01,13188000.0,17398000.0,0.1,17398000.0,13188000.0,12588000.0,0.034,0.033,0.034,186198000.0,,186198000.0,653790936.0,15.0,11.193,-11281000.0,-0.048,1.0,78590000.0,0.453,30524000.0,600000.0,266285000.0,,64983000.0,34815000.0,2997000.0,31818000.0,205104000.0,138754000.0,66350000.0,620739936.0,-1210000.0,-60000.0,22000.0,10000000.0,-2329000.0,7693000.0,-4050000.0,1358000.0,-4853000.0,0.0,7873000.0,7873000.0,7873000.0,0.0,0.0,0.045,67253000.0,11337000.0,100994000.0,0.294,3.334,24.09,24.024,149662000.0,0.0,2.667,0.987,0.987,79384000.0,206736000.0,173534000.0,173534000.0,0.0,,,,,0.0,70753000.0,1.0,232777476.0,232776000,240768000.0,0.745,360778000.0,10183000.0,4715000.0,24505000.0,1.55,40544000.0
93,CHD,MRQ,1998-03-31,1998-03-27,1998-03-27,2021-08-02,-424000.0,375172000.0,,164893000.0,210279000.0,,0.777,-6778000.0,16449000.0,16449000.0,84393000.0,5896000.0,1.11,1.074,49500000.0,42856000.0,6644000.0,49500000.0,0.0,4055000.0,0.0,0.016,0.01,10021000.0,14076000.0,0.093,14076000.0,10021000.0,9449000.0,0.025,0.025,0.025,180900000.0,,180900000.0,,,,2505000.0,0.011,1.0,67618000.0,0.445,30537000.0,572000.0,229195000.0,,68925000.0,35409000.0,2997000.0,32412000.0,194272000.0,148491000.0,45781000.0,575191042.0,1500000.0,-6975000.0,-2452000.0,10000000.0,-2326000.0,5222000.0,-13005000.0,665000.0,9283000.0,0.0,5896000.0,5896000.0,5896000.0,0.0,0.0,0.039,59164000.0,8454000.0,100703000.0,0.4,3.18,22.848,23.076,147330000.0,0.0,2.469,0.963,0.962,60117000.0,201192000.0,152011000.0,152011000.0,0.0,,,,,0.0,59164000.0,1.0,232949460.0,232752000,239184000.0,0.653,344635000.0,9573000.0,3553000.0,25001000.0,1.481,16402000.0
94,CHD,MRQ,1997-12-31,1997-12-31,1997-12-31,2021-08-02,-591000.0,351014000.0,,149443000.0,201571000.0,,0.768,-4256000.0,14949000.0,14949000.0,75830000.0,5572000.0,1.184,0.957,39500000.0,32685000.0,6815000.0,39500000.0,0.0,3725000.0,0.0,0.016,0.01,8781000.0,12506000.0,0.08,12506000.0,8781000.0,8290000.0,0.024,0.022,0.024,179341000.0,,179341000.0,,,,7041000.0,0.03,1.0,81277000.0,0.517,22713000.0,491000.0,226621000.0,,61275000.0,41864000.0,8124000.0,33740000.0,171673000.0,126231000.0,45442000.0,544713487.0,7240000.0,1830000.0,-464000.0,0.0,-2333000.0,-2797000.0,-1260000.0,1018000.0,11297000.0,0.0,5572000.0,5572000.0,5572000.0,0.0,0.0,0.035,74754000.0,6523000.0,92090000.0,0.417,3.037,22.228,22.27,142343000.0,0.0,2.338,0.947,0.95,49566000.0,197622000.0,157107000.0,157107000.0,0.0,,,,,0.0,74754000.0,1.0,232949460.0,233388000,240624000.0,0.673,328301000.0,9802000.0,2718000.0,22034000.0,1.407,23212000.0
95,CHD,MRQ,1997-09-30,1997-09-26,1997-09-26,2021-08-02,,,,,,,,-3238000.0,,,83161000.0,6427000.0,,,,,,,,3558000.0,,0.015,0.01,10873000.0,14431000.0,0.099,14431000.0,10873000.0,10621000.0,0.028,0.027,0.028,,,,,,,387000.0,0.002,1.0,63167000.0,0.432,,252000.0,,,,,,,,,,,-497000.0,-27048000.0,430000.0,32000000.0,-2332000.0,30098000.0,-34220000.0,0.0,3625000.0,0.0,6427000.0,6427000.0,6427000.0,0.0,0.0,0.044,53864000.0,9303000.0,,0.357,,,,,0.0,2.463,,,,,146328000.0,146328000.0,0.0,,,,,0.0,53864000.0,1.0,,233268000,239976000.0,0.627,,,4194000.0,,,
96,CHD,MRQ,1997-06-30,1997-06-27,1997-06-27,2021-08-02,,,,,,,,-2317000.0,,,81069000.0,7280000.0,,,,,,,,3426000.0,,0.017,0.009,11644000.0,15070000.0,0.106,15070000.0,11644000.0,11557000.0,0.031,0.031,0.031,,,,,,,2838000.0,0.012,1.0,60781000.0,0.428,,87000.0,,,,,,,,,,,-10152000.0,-10358000.0,-2149000.0,0.0,-2144000.0,-4293000.0,-11014000.0,0.0,5155000.0,0.0,7280000.0,7280000.0,7280000.0,0.0,0.0,0.051,52231000.0,8550000.0,,0.29,,,,,0.0,2.178,,,,,141850000.0,141850000.0,0.0,,,,,0.0,52231000.0,1.0,,233760000,239088000.0,0.607,,,4277000.0,,,
97,CHD,MRQ,1997-03-31,1997-03-28,1997-03-28,2021-08-02,,,,,,,,-1107000.0,,,74761000.0,5227000.0,,,,,,,,3449000.0,,0.016,0.009,8301000.0,11750000.0,0.091,11750000.0,8301000.0,8219000.0,0.022,0.022,0.022,,,,,,,-4642000.0,-0.02,1.0,54860000.0,0.423,,82000.0,,,,,,,,,,,-4544000.0,0.0,844000.0,0.0,-2144000.0,-1300000.0,291000.0,0.0,-3535000.0,0.0,5227000.0,5227000.0,5227000.0,0.0,0.0,0.04,48680000.0,6180000.0,,0.409,,,,,0.0,2.303,,,,,129621000.0,129621000.0,0.0,,,,,0.0,48680000.0,1.0,,233712000,239076000.0,0.555,,,2992000.0,,,
98,CHD,MRQ,1996-12-31,1996-12-31,1996-12-31,2021-08-02,-194000.0,307971000.0,,135519000.0,172452000.0,,0.705,,22902000.0,22902000.0,,,1.372,0.863,7500000.0,0.0,7500000.0,7500000.0,0.0,,0.0,0.019,0.009,,,,,,,,,,165312000.0,,165312000.0,,,,,,1.0,,,6870000.0,,186945000.0,,48887000.0,32222000.0,5011000.0,27211000.0,142659000.0,98754000.0,43905000.0,,,,,,,,,,,,,,,,,,,,93375000.0,,,,20.952,138371000.0,,1.907,,0.847,41288000.0,182069000.0,,,,,,,,,,1.0,,234408000,,,301101000.0,11962000.0,,25384000.0,1.285,36765000.0
0,CHD,MRT,2021-06-30,2021-06-30,2021-06-30,2021-08-02,-65800000.0,7368500000.0,7310225000.0,1128700000.0,6239800000.0,0.69,13.773,-111300000.0,149800000.0,149800000.0,2820600000.0,805400000.0,0.82,1.182,1946900000.0,433100000.0,1513800000.0,1946900000.0,0.0,207600000.0,0.0,0.012,0.985,1072700000.0,1280300000.0,0.254,1280300000.0,1072700000.0,1016700000.0,3.26,3.2,3.26,3377200000.0,3204775000.0,3377200000.0,22867655768.0,21.0,17.861,624700000.0,2.548,1.0,2225700000.0,0.441,5279000000.0,56000000.0,2510500000.0,2640000000.0,555800000.0,9900000.0,0.0,9900000.0,3991300000.0,1376100000.0,2615200000.0,20899855768.0,-301900000.0,-512700000.0,-239400000.0,66800000.0,-243000000.0,-415900000.0,-629300000.0,0.0,736000000.0,7300000.0,805400000.0,805400000.0,805400000.0,0.0,0.0,0.16,1160000000.0,1065700000.0,887500000.0,0.302,6.189,25.95,26.141,613000000.0,0.0,85.22,4.142,4.141,386200000.0,5101200000.0,5046300000.0,5046300000.0,0.0,0.11,0.251,0.406,0.213,22500000.0,1160000000.0,1.0,245245902.0,245200000,250000000.0,20.58,2089500000.0,0.0,211300000.0,746800000.0,8.522,-247400000.0
1,CHD,MRT,2021-03-31,2021-03-31,2021-03-31,2021-08-02,-54600000.0,7380900000.0,7197850000.0,1111800000.0,6269100000.0,0.69,13.096,-108400000.0,127500000.0,127500000.0,2736400000.0,776800000.0,0.872,1.298,2095300000.0,282200000.0,1813100000.0,2095300000.0,0.0,198400000.0,0.0,0.011,0.973,1024100000.0,1222500000.0,0.246,1222500000.0,1024100000.0,965400000.0,3.14,3.08,3.14,3211200000.0,3110175000.0,3211200000.0,23387976864.0,23.0,19.131,745600000.0,3.041,1.0,2233100000.0,0.449,5309000000.0,58700000.0,2765400000.0,2655325000.0,541300000.0,9900000.0,0.0,9900000.0,4169700000.0,1274300000.0,2895400000.0,21407176864.0,-919100000.0,-512700000.0,-210400000.0,-689900000.0,-240200000.0,-1155200000.0,-626700000.0,0.0,854000000.0,8800000.0,776800000.0,776800000.0,776800000.0,0.0,0.0,0.156,1215400000.0,1017700000.0,846400000.0,0.31,6.666,27.558,27.818,611700000.0,0.0,87.35,4.308,4.31,405800000.0,4944800000.0,4969500000.0,4969500000.0,0.0,0.108,0.25,0.386,0.206,21900000.0,1215400000.0,1.0,245073576.0,245200000,249800000.0,20.267,2071900000.0,0.0,188600000.0,789200000.0,8.45,-162500000.0
2,CHD,MRT,2020-12-31,2020-12-31,2020-12-31,2021-08-02,-77600000.0,7414500000.0,7224100000.0,1112400000.0,6302100000.0,0.678,12.238,-91900000.0,183100000.0,183100000.0,2681600000.0,785900000.0,0.801,1.455,2163900000.0,351400000.0,1812500000.0,2163900000.0,0.0,189700000.0,0.0,0.011,0.96,1034800000.0,1224500000.0,0.25,1224500000.0,1034800000.0,973800000.0,3.18,3.12,3.18,3020400000.0,3011825000.0,3020400000.0,22936726386.0,22.0,18.732,898400000.0,3.64,1.0,2214200000.0,0.452,5339800000.0,61000000.0,2666900000.0,2627275000.0,495400000.0,9100000.0,0.0,9100000.0,4394100000.0,1388600000.0,3005500000.0,21672326386.0,27400000.0,-512700000.0,-207000000.0,99000000.0,-237300000.0,-360100000.0,-608100000.0,0.0,990300000.0,5300000.0,785900000.0,785900000.0,785900000.0,0.0,0.0,0.161,1184500000.0,1029700000.0,1024500000.0,0.302,7.175,27.576,27.431,612800000.0,0.0,87.23,4.427,4.397,398800000.0,4786000000.0,4895800000.0,4895800000.0,0.0,0.109,0.261,0.394,0.211,21500000.0,1184500000.0,1.0,248450377.0,246800000,252200000.0,19.837,2074700000.0,0.0,187900000.0,720000000.0,8.406,-276200000.0
3,CHD,MRT,2020-09-30,2020-09-30,2020-09-30,2021-08-02,-90800000.0,7077000000.0,7034825000.0,1444500000.0,5632500000.0,0.674,12.96,-81600000.0,549100000.0,549100000.0,2563900000.0,780100000.0,1.486,1.204,1813500000.0,1600000.0,1811900000.0,1813500000.0,0.0,185400000.0,0.0,0.01,0.948,1039600000.0,1225000000.0,0.258,1225000000.0,1039600000.0,974600000.0,3.17,3.09,3.17,3210300000.0,2923675000.0,3210300000.0,24601102272.0,24.0,20.083,963600000.0,3.89,1.0,2180800000.0,0.46,4752300000.0,65000000.0,2617200000.0,2621300000.0,497700000.0,9400000.0,0.0,9400000.0,3866700000.0,971900000.0,2894800000.0,23175602272.0,434400000.0,0.0,92100000.0,-371800000.0,-233600000.0,-528000000.0,-85700000.0,0.0,1045200000.0,2900000.0,780100000.0,780100000.0,780100000.0,0.0,0.0,0.164,1146500000.0,1034300000.0,955800000.0,0.299,7.219,29.709,29.562,579500000.0,0.0,93.71,4.885,4.892,372800000.0,4695400000.0,4744700000.0,4744700000.0,0.0,0.111,0.267,0.397,0.219,21800000.0,1146500000.0,1.0,247311944.0,247700000,253300000.0,19.155,2324700000.0,0.0,194500000.0,614400000.0,9.385,472600000.0
4,CHD,MRT,2020-06-30,2020-06-30,2020-06-30,2021-08-02,-98300000.0,6919000000.0,6918100000.0,1276700000.0,5642300000.0,0.664,12.18,-74000000.0,451700000.0,451700000.0,2469800000.0,721200000.0,1.281,1.307,1877200000.0,65800000.0,1811400000.0,1877200000.0,0.0,185900000.0,0.0,0.012,0.935,983700000.0,1169600000.0,0.255,1169600000.0,983700000.0,913700000.0,2.94,2.86,2.94,2998800000.0,2760925000.0,2998800000.0,20743607179.0,21.0,17.736,1037900000.0,4.216,1.0,2123300000.0,0.462,4776100000.0,70000000.0,2571800000.0,2636925000.0,455500000.0,10600000.0,0.0,10600000.0,3920200000.0,996600000.0,2923600000.0,19007507179.0,353800000.0,0.0,-89300000.0,-345000000.0,-230200000.0,-679200000.0,-77500000.0,0.0,1111900000.0,-1400000.0,721200000.0,721200000.0,721200000.0,0.0,0.0,0.157,1146000000.0,977300000.0,842300000.0,0.318,6.338,26.355,26.293,568700000.0,0.0,77.3,4.138,4.143,344500000.0,4538800000.0,4593100000.0,4593100000.0,0.0,0.104,0.261,0.373,0.214,21600000.0,1146000000.0,1.0,245892719.0,246200000,251300000.0,18.656,2142900000.0,0.0,192500000.0,670700000.0,8.704,280100000.0
5,CHD,MRT,2020-03-31,2020-03-31,2020-03-31,2021-08-02,-99400000.0,7485900000.0,6854000000.0,1828800000.0,5657100000.0,0.653,11.473,-71800000.0,1046600000.0,1046600000.0,2433000000.0,670000000.0,1.034,1.657,2782700000.0,971900000.0,1810800000.0,2782700000.0,0.0,184000000.0,0.0,0.014,0.923,920100000.0,1104100000.0,0.247,1104100000.0,920100000.0,848000000.0,2.73,2.66,2.73,2817800000.0,2662425000.0,2817800000.0,17673831652.0,19.0,16.007,891300000.0,3.629,1.0,2045200000.0,0.457,4799800000.0,72100000.0,2653200000.0,2673050000.0,395700000.0,10000000.0,0.0,10000000.0,4668100000.0,1769000000.0,2899100000.0,15766431652.0,948700000.0,-475000000.0,-103000000.0,872900000.0,-227200000.0,541500000.0,-552500000.0,0.0,963100000.0,-3400000.0,670000000.0,670000000.0,670000000.0,0.0,0.0,0.15,1131200000.0,914000000.0,741200000.0,0.338,5.595,23.532,23.509,566700000.0,0.0,64.18,3.521,3.52,353500000.0,4408200000.0,4478200000.0,4478200000.0,0.0,0.098,0.252,0.344,0.205,21100000.0,1131200000.0,1.0,245659577.0,245600000,251000000.0,18.234,2686100000.0,0.0,178000000.0,636100000.0,10.937,59800000.0
6,CHD,MRT,2019-12-31,2019-12-31,2019-12-31,2021-08-02,-66700000.0,6657400000.0,6472675000.0,956400000.0,5701000000.0,0.673,10.836,-73700000.0,155700000.0,155700000.0,2373700000.0,615900000.0,0.876,1.495,2063100000.0,252900000.0,1810200000.0,2063100000.0,0.0,176400000.0,0.0,0.013,0.911,847300000.0,1023700000.0,0.235,1023700000.0,847300000.0,773700000.0,2.5,2.44,2.5,2667800000.0,2582800000.0,2667800000.0,19330074922.0,23.0,18.883,790800000.0,3.212,1.0,1984000000.0,0.455,4829500000.0,73600000.0,2643000000.0,2606525000.0,417400000.0,9700000.0,0.0,9700000.0,3989600000.0,1092300000.0,2897300000.0,17261574922.0,-161000000.0,-475000000.0,-197200000.0,-49000000.0,-224100000.0,-472900000.0,-553500000.0,0.0,864500000.0,900000.0,615900000.0,615900000.0,615900000.0,0.0,0.0,0.141,1143800000.0,840200000.0,831900000.0,0.364,6.47,28.027,28.136,573000000.0,0.0,70.34,3.961,3.974,356400000.0,4237400000.0,4357700000.0,4357700000.0,0.0,0.095,0.238,0.325,0.194,20800000.0,1143800000.0,1.0,245401975.0,246200000,252100000.0,17.7,1827900000.0,0.0,157800000.0,587100000.0,7.424,-135900000.0
7,CHD,MRT,2019-09-30,2019-09-30,2019-09-30,2021-08-02,-80700000.0,6610100000.0,6325625000.0,908800000.0,5701300000.0,0.678,10.37,-69700000.0,114700000.0,114700000.0,2353600000.0,614300000.0,0.796,1.583,2183200000.0,373600000.0,1809600000.0,2183200000.0,0.0,165600000.0,0.0,0.012,0.901,847400000.0,1013000000.0,0.236,1013000000.0,847400000.0,772100000.0,2.49,2.44,2.49,2559300000.0,2529300000.0,2559300000.0,20713227418.0,24.0,20.447,743400000.0,3.012,1.0,1934300000.0,0.451,4856800000.0,75300000.0,2679700000.0,2512375000.0,388800000.0,10200000.0,0.0,10200000.0,4050800000.0,1142100000.0,2908700000.0,18591527418.0,-73600000.0,-475000000.0,-181600000.0,73100000.0,-221900000.0,-333500000.0,-548800000.0,0.0,813100000.0,-4400000.0,614300000.0,614300000.0,614300000.0,0.0,0.0,0.143,1095900000.0,838400000.0,754400000.0,0.362,7.264,30.265,30.217,553100000.0,0.0,75.24,4.336,4.331,384400000.0,4148900000.0,4287900000.0,4287900000.0,0.0,0.097,0.243,0.337,0.198,21200000.0,1095900000.0,1.0,247096324.0,246800000,252900000.0,17.374,1753300000.0,0.0,157800000.0,592300000.0,7.104,-233300000.0
8,CHD,MRT,2019-06-30,2019-06-30,2019-06-30,2021-08-02,-68400000.0,6662600000.0,6164925000.0,925900000.0,5736700000.0,0.687,10.571,-64400000.0,97900000.0,97900000.0,2349400000.0,603300000.0,0.782,1.558,2219600000.0,410600000.0,1809000000.0,2219600000.0,0.0,154100000.0,0.0,0.012,0.89,834600000.0,988700000.0,0.233,988700000.0,834600000.0,758800000.0,2.45,2.4,2.45,2604800000.0,2477825000.0,2604800000.0,19797766204.0,24.0,20.024,727700000.0,2.953,1.0,1886700000.0,0.445,4883300000.0,75800000.0,2716300000.0,2484800000.0,401500000.0,10300000.0,0.0,10300000.0,4057800000.0,1184700000.0,2873100000.0,17988766204.0,8600000.0,-475000000.0,-15300000.0,800000.0,-219100000.0,-237200000.0,-543300000.0,0.0,792100000.0,-3000000.0,603300000.0,603300000.0,603300000.0,0.0,0.0,0.142,1060900000.0,825800000.0,769700000.0,0.363,6.906,29.817,29.82,559000000.0,0.0,73.06,4.247,4.25,383700000.0,4047800000.0,4236100000.0,4236100000.0,0.0,0.098,0.243,0.336,0.197,22400000.0,1060900000.0,1.0,246219083.0,246400000,252700000.0,17.192,1779300000.0,0.0,155500000.0,585000000.0,7.221,-258800000.0
9,CHD,MRT,2019-03-31,2019-03-31,2019-03-31,2021-08-02,-59500000.0,5960600000.0,5974125000.0,913700000.0,5046900000.0,0.7,10.156,-62200000.0,97900000.0,97900000.0,2324500000.0,586500000.0,0.806,1.385,1906900000.0,397500000.0,1509400000.0,1906900000.0,0.0,144000000.0,0.0,0.012,0.88,821000000.0,965000000.0,0.231,965000000.0,821000000.0,743900000.0,2.39,2.34,2.39,2499300000.0,2381900000.0,2499300000.0,19305932931.0,24.0,20.006,683800000.0,2.779,1.0,1860100000.0,0.445,4249200000.0,77100000.0,2387100000.0,2460075000.0,399500000.0,9400000.0,0.0,9400000.0,3461300000.0,1133300000.0,2328000000.0,17515532931.0,-21900000.0,100000.0,-24700000.0,-453400000.0,-216200000.0,-697700000.0,-64500000.0,0.0,746000000.0,-5700000.0,586500000.0,586500000.0,586500000.0,0.0,0.0,0.14,1047900000.0,812200000.0,699100000.0,0.368,7.008,29.865,29.803,558800000.0,0.0,71.23,4.186,4.189,384600000.0,3965400000.0,4184600000.0,4184600000.0,0.0,0.098,0.246,0.334,0.196,22600000.0,1047900000.0,1.0,245901066.0,246100000,251900000.0,17.004,1711400000.0,0.0,157400000.0,617200000.0,6.954,-219600000.0
10,CHD,MRT,2018-12-31,2018-12-31,2018-12-31,2021-08-02,-53600000.0,6069200000.0,5969700000.0,1078200000.0,4991000000.0,0.694,9.995,-60400000.0,316700000.0,316700000.0,2305100000.0,568600000.0,0.813,1.473,2107100000.0,598300000.0,1508800000.0,2107100000.0,0.0,141100000.0,0.0,0.013,0.87,798900000.0,940000000.0,0.227,940000000.0,798900000.0,719500000.0,2.32,2.27,2.32,2453800000.0,2292900000.0,2453800000.0,18108863273.0,23.0,19.265,703200000.0,2.864,1.0,1840800000.0,0.444,4266900000.0,79400000.0,2266400000.0,2519450000.0,382800000.0,8500000.0,0.0,8500000.0,3615400000.0,1326300000.0,2289100000.0,16192263273.0,37800000.0,-49800000.0,-123400000.0,-268800000.0,-213300000.0,-609000000.0,-112100000.0,0.0,763600000.0,-4700000.0,568600000.0,568600000.0,568600000.0,0.0,0.0,0.137,1049100000.0,791700000.0,725100000.0,0.375,6.599,28.477,28.345,598200000.0,0.0,65.76,3.906,3.894,345300000.0,3832600000.0,4145900000.0,4145900000.0,0.0,0.095,0.248,0.317,0.193,23300000.0,1049100000.0,1.0,246232714.0,245500000,250700000.0,16.888,1802300000.0,0.0,150900000.0,579300000.0,7.341,-248100000.0
11,CHD,MRT,2018-09-30,2018-09-30,2018-09-30,2021-08-02,-42900000.0,5967300000.0,5956100000.0,960300000.0,5007000000.0,0.689,9.578,-54500000.0,188300000.0,188300000.0,2256700000.0,831400000.0,0.935,1.536,2104900000.0,301400000.0,1803500000.0,2104900000.0,0.0,139200000.0,0.0,0.014,0.843,820500000.0,959700000.0,0.234,959700000.0,820500000.0,742100000.0,3.37,3.28,3.37,2353400000.0,2233950000.0,2353400000.0,16693470407.0,20.0,17.394,770900000.0,3.138,1.0,1847900000.0,0.45,4287100000.0,78400000.0,2569400000.0,2676800000.0,390600000.0,8800000.0,0.0,8800000.0,3613900000.0,1027400000.0,2586500000.0,14569870407.0,-48200000.0,-49800000.0,-237800000.0,-315700000.0,-206800000.0,-763800000.0,-107400000.0,0.0,825400000.0,-2400000.0,831400000.0,831400000.0,831400000.0,0.0,0.0,0.203,1034900000.0,813000000.0,707000000.0,0.25,6.191,17.525,17.617,587900000.0,0.0,59.37,3.55,3.554,361500000.0,3743500000.0,4104600000.0,4104600000.0,0.0,0.14,0.372,0.307,0.2,23000000.0,1034900000.0,1.0,245407957.0,245700000,251100000.0,16.706,1680200000.0,0.0,-89300000.0,591600000.0,6.838,-67100000.0
12,CHD,MRT,2018-06-30,2018-06-30,2018-06-30,2021-08-02,-49300000.0,5899400000.0,5952475000.0,870400000.0,5029000000.0,0.678,9.073,-54200000.0,89300000.0,89300000.0,2208600000.0,818500000.0,0.791,1.656,2212900000.0,410300000.0,1802600000.0,2212900000.0,0.0,136100000.0,0.0,0.015,0.815,817200000.0,953300000.0,0.236,953300000.0,817200000.0,741800000.0,3.3,3.22,3.3,2221100000.0,2133875000.0,2221100000.0,15243361456.0,19.0,15.99,700700000.0,2.862,1.0,1826300000.0,0.453,4304800000.0,75400000.0,2617400000.0,2774575000.0,369200000.0,9400000.0,0.0,9400000.0,3678300000.0,1100800000.0,2577500000.0,13008361456.0,-148300000.0,-1074500000.0,-256300000.0,703100000.0,-200900000.0,226200000.0,-1132300000.0,0.0,754900000.0,2900000.0,818500000.0,818500000.0,818500000.0,0.0,0.0,0.203,1018800000.0,807500000.0,681800000.0,0.247,5.857,15.893,16.109,593100000.0,0.0,53.16,3.224,3.225,348600000.0,3650600000.0,4034900000.0,4034900000.0,0.0,0.138,0.384,0.295,0.203,21700000.0,1018800000.0,1.0,244702059.0,244800000,249300000.0,16.482,1594600000.0,0.0,-76700000.0,575900000.0,6.514,-230400000.0
13,CHD,MRT,2018-03-31,2018-03-31,2018-03-31,2021-08-02,-33700000.0,5942900000.0,5644375000.0,891400000.0,5051500000.0,0.692,8.752,-52100000.0,119800000.0,119800000.0,2123200000.0,769700000.0,0.724,1.773,2354800000.0,552700000.0,1802100000.0,2354800000.0,0.0,131800000.0,0.0,0.016,0.787,767700000.0,899500000.0,0.23,899500000.0,767700000.0,703200000.0,3.09,3.02,3.09,2143300000.0,2040675000.0,2143300000.0,14380341027.0,19.0,15.987,653400000.0,2.668,1.0,1781800000.0,0.456,4322600000.0,64500000.0,2624600000.0,2531375000.0,357200000.0,9400000.0,0.0,9400000.0,3799600000.0,1230700000.0,2568900000.0,12284941027.0,-19700000.0,-1149600000.0,-407100000.0,1089300000.0,-195000000.0,467700000.0,-1204100000.0,0.0,705500000.0,11200000.0,769700000.0,769700000.0,769700000.0,0.0,0.0,0.197,1024900000.0,756900000.0,635300000.0,0.255,5.732,15.961,16.298,600600000.0,0.0,50.36,3.146,3.158,361100000.0,3582100000.0,3905000000.0,3905000000.0,0.0,0.136,0.377,0.303,0.197,19200000.0,1024900000.0,1.0,243942435.0,244900000,250000000.0,15.945,1620300000.0,0.0,-66500000.0,608100000.0,6.616,-339300000.0
14,CHD,MRT,2017-12-31,2017-12-31,2017-12-31,2021-08-02,-36400000.0,6014800000.0,5280600000.0,1000200000.0,5014600000.0,0.715,8.851,-45000000.0,278900000.0,278900000.0,2046600000.0,743400000.0,1.07,1.712,2374300000.0,270900000.0,2103400000.0,2374300000.0,0.0,125400000.0,0.0,0.015,0.76,745300000.0,870700000.0,0.231,870700000.0,745300000.0,692700000.0,2.97,2.9,2.97,2218000000.0,1988775000.0,2218000000.0,14723554408.0,20.0,16.91,636500000.0,2.54,1.0,1729600000.0,0.458,4279400000.0,52600000.0,2895800000.0,2235400000.0,330700000.0,9300000.0,0.0,9300000.0,3796800000.0,935000000.0,2861800000.0,12538754408.0,91100000.0,-1260000000.0,-357900000.0,1265500000.0,-190400000.0,698900000.0,-1303400000.0,0.0,681500000.0,14100000.0,743400000.0,743400000.0,743400000.0,0.0,0.0,0.197,996900000.0,732700000.0,659100000.0,0.256,5.653,16.867,16.892,607700000.0,0.0,50.17,3.32,3.329,345900000.0,3479000000.0,3776200000.0,3776200000.0,0.0,0.141,0.374,0.333,0.197,18100000.0,996900000.0,1.0,249925342.0,250600000,256100000.0,15.069,1735400000.0,0.0,-50700000.0,566200000.0,6.925,65200000.0
15,CHD,MRT,2017-09-30,2017-09-30,2017-09-30,2021-08-02,-35500000.0,5952800000.0,4865425000.0,1003200000.0,4949600000.0,0.748,7.822,-42600000.0,236500000.0,236500000.0,1982900000.0,448200000.0,1.053,2.048,2421300000.0,317200000.0,2104100000.0,2421300000.0,0.0,119000000.0,0.0,0.015,0.748,704400000.0,823400000.0,0.226,823400000.0,704400000.0,663500000.0,1.77,1.74,1.77,1953100000.0,1928750000.0,1953100000.0,13374513424.0,19.0,16.243,541800000.0,2.17,1.0,1656200000.0,0.455,4224500000.0,40900000.0,2960500000.0,1863625000.0,336100000.0,8500000.0,0.0,8500000.0,3999700000.0,952600000.0,3047100000.0,12088713424.0,4400000.0,-1389800000.0,-459600000.0,1507700000.0,-188800000.0,841700000.0,-1430100000.0,0.0,584400000.0,8400000.0,448200000.0,448200000.0,448200000.0,0.0,0.0,0.123,964800000.0,691400000.0,634200000.0,0.423,6.19,26.972,27.373,601800000.0,0.0,48.45,3.322,3.324,377900000.0,3120600000.0,3639100000.0,3639100000.0,0.0,0.092,0.232,0.378,0.194,16200000.0,964800000.0,1.0,249509049.0,249700000,255300000.0,14.574,1728300000.0,0.0,215300000.0,754400000.0,6.922,50600000.0
16,CHD,MRT,2017-06-30,2017-06-30,2017-06-30,2021-08-02,-41300000.0,4667000000.0,4447900000.0,877200000.0,3789800000.0,0.796,7.399,-42400000.0,237600000.0,237600000.0,1928600000.0,438800000.0,0.724,1.525,1523400000.0,629300000.0,894100000.0,1523400000.0,0.0,112400000.0,0.0,0.014,0.735,700200000.0,812600000.0,0.229,812600000.0,700200000.0,668900000.0,1.72,1.69,1.72,1848300000.0,1970475000.0,1848300000.0,14070444212.0,20.0,17.315,565700000.0,2.265,1.0,1613300000.0,0.455,3096500000.0,31300000.0,1644600000.0,1482300000.0,292300000.0,9500000.0,0.0,9500000.0,2818700000.0,1211700000.0,1607000000.0,12931344212.0,26800000.0,-365100000.0,-451600000.0,447700000.0,-187000000.0,-180800000.0,-403300000.0,0.0,608100000.0,2800000.0,438800000.0,438800000.0,438800000.0,0.0,0.0,0.124,924600000.0,688700000.0,581600000.0,0.427,6.996,29.47,30.163,573200000.0,0.0,51.88,3.651,3.659,303800000.0,3034700000.0,3541900000.0,3541900000.0,0.0,0.099,0.223,0.472,0.198,4200000.0,924600000.0,1.0,249254900.0,249800000,255600000.0,14.179,1570500000.0,0.0,230100000.0,525500000.0,6.287,-334500000.0
17,CHD,MRT,2017-03-31,2017-03-31,2017-03-31,2021-08-02,-56500000.0,4487800000.0,4358700000.0,754500000.0,3733300000.0,0.808,7.618,-44100000.0,139500000.0,139500000.0,1910400000.0,477500000.0,0.647,1.318,1278600000.0,585700000.0,692900000.0,1278600000.0,0.0,109000000.0,0.0,0.014,0.722,752200000.0,861200000.0,0.245,861200000.0,752200000.0,723100000.0,1.86,1.83,1.86,1935700000.0,2011375000.0,1935700000.0,13630937636.0,18.0,15.828,564900000.0,2.223,1.0,1610900000.0,0.457,3019400000.0,29100000.0,1440700000.0,1442175000.0,280100000.0,8200000.0,0.0,8200000.0,2552100000.0,1166800000.0,1385300000.0,12698537636.0,-54800000.0,-290600000.0,-297200000.0,133900000.0,-185300000.0,-327900000.0,-329800000.0,0.0,609000000.0,-6100000.0,477500000.0,477500000.0,477500000.0,0.0,0.0,0.136,870100000.0,740800000.0,535600000.0,0.388,6.56,26.594,26.812,578900000.0,0.0,49.87,3.606,3.599,305200000.0,3009100000.0,3521300000.0,3521300000.0,0.0,0.11,0.237,0.522,0.214,-9900000.0,870100000.0,1.0,254632798.0,254100000,259700000.0,13.858,1468400000.0,0.0,245600000.0,566500000.0,5.779,-412300000.0
18,CHD,MRT,2016-12-31,2016-12-31,2016-12-31,2021-08-02,-63800000.0,4354100000.0,4309825000.0,756800000.0,3597300000.0,0.81,7.678,-49800000.0,187800000.0,187800000.0,1902500000.0,459000000.0,0.755,1.201,1120200000.0,426800000.0,693400000.0,1120200000.0,0.0,107600000.0,0.0,0.016,0.71,733600000.0,841200000.0,0.241,841200000.0,733600000.0,705900000.0,1.78,1.75,1.78,1977900000.0,2007525000.0,1977900000.0,12125297901.0,17.0,14.414,605500000.0,2.351,1.0,1590600000.0,0.455,2875900000.0,27700000.0,1408700000.0,1445350000.0,258200000.0,8500000.0,0.0,8500000.0,2376200000.0,1001900000.0,1374300000.0,11427697901.0,-142200000.0,-305300000.0,-349500000.0,68900000.0,-183000000.0,-439600000.0,-354600000.0,0.0,655300000.0,-3300000.0,459000000.0,459000000.0,459000000.0,0.0,0.0,0.131,866400000.0,724200000.0,568900000.0,0.399,5.778,24.897,24.826,588600000.0,0.0,44.19,3.272,3.259,287000000.0,2926000000.0,3493100000.0,3493100000.0,0.0,0.107,0.229,0.508,0.21,-14000000.0,866400000.0,1.0,258603709.0,257600000,262100000.0,13.56,1478200000.0,0.0,246900000.0,518400000.0,5.738,-245100000.0
19,CHD,MRT,2016-09-30,2016-09-30,2016-09-30,2021-08-02,-51800000.0,4282700000.0,4285525000.0,804500000.0,3478200000.0,0.81,8.217,-45200000.0,232100000.0,232100000.0,1890700000.0,457700000.0,1.024,1.02,929700000.0,230600000.0,699100000.0,929700000.0,0.0,104900000.0,0.0,0.015,0.7,729600000.0,834500000.0,0.24,834500000.0,729600000.0,701300000.0,1.77,1.74,1.77,2120000000.0,2018850000.0,2120000000.0,13215561753.0,18.0,15.837,647100000.0,2.508,1.0,1580000000.0,0.455,2759300000.0,28300000.0,1435200000.0,1463125000.0,285700000.0,8000000.0,0.0,8000000.0,2162700000.0,785800000.0,1376900000.0,12344061753.0,21500000.0,-175500000.0,-246800000.0,-43700000.0,-181300000.0,-447400000.0,-221400000.0,0.0,692300000.0,-2000000.0,457700000.0,457700000.0,457700000.0,0.0,0.0,0.132,860000000.0,720000000.0,545100000.0,0.395,5.823,26.97,27.073,592700000.0,0.0,47.92,3.557,3.562,265300000.0,2861200000.0,3470700000.0,3470700000.0,0.0,0.107,0.227,0.499,0.21,-15600000.0,860000000.0,1.0,257597282.0,258000000,262700000.0,13.452,1523400000.0,0.0,243600000.0,517700000.0,5.905,18700000.0
20,CHD,MRT,2016-06-30,2016-06-30,2016-06-30,2021-08-02,-50000000.0,4310200000.0,4269300000.0,817900000.0,3492300000.0,0.811,7.828,-45600000.0,210800000.0,210800000.0,1891600000.0,454100000.0,0.882,1.142,1082300000.0,381600000.0,700700000.0,1082300000.0,0.0,104000000.0,0.0,0.013,0.69,723500000.0,827500000.0,0.239,827500000.0,723500000.0,694600000.0,1.75,1.72,1.75,2011900000.0,2001250000.0,2011900000.0,14160681211.0,20.0,17.113,608600000.0,2.368,1.0,1570200000.0,0.454,2770700000.0,28900000.0,1484100000.0,1497175000.0,290300000.0,9100000.0,0.0,9100000.0,2298300000.0,926900000.0,1371400000.0,13203881211.0,7600000.0,-175500000.0,-257800000.0,8500000.0,-179500000.0,-412700000.0,-223900000.0,0.0,654200000.0,-10000000.0,454100000.0,454100000.0,454100000.0,0.0,0.0,0.131,855600000.0,714600000.0,543700000.0,0.394,6.563,29.077,29.397,594600000.0,0.0,51.445,3.814,3.819,278900000.0,2782900000.0,3461800000.0,3461800000.0,0.0,0.106,0.227,0.483,0.209,-7300000.0,855600000.0,1.0,256660146.0,257000000,261900000.0,13.47,1539500000.0,0.0,240500000.0,501500000.0,5.99,-109000000.0
21,CHD,MRT,2016-03-31,2016-03-31,2016-03-31,2021-08-02,-42700000.0,4292300000.0,4248800000.0,785500000.0,3506800000.0,0.808,7.42,-48400000.0,194300000.0,194300000.0,1896200000.0,416200000.0,0.776,1.235,1151100000.0,451300000.0,699800000.0,1151100000.0,0.0,102900000.0,0.0,0.015,0.68,672800000.0,775700000.0,0.226,775700000.0,672800000.0,643100000.0,1.6,1.565,1.6,1920300000.0,1991175000.0,1920300000.0,12678070780.0,19.0,16.344,591300000.0,2.285,1.0,1535300000.0,0.447,2782900000.0,29700000.0,1453400000.0,1518175000.0,291000000.0,8000000.0,0.0,8000000.0,2372000000.0,1012800000.0,1359200000.0,11958070780.0,-105400000.0,-175000000.0,-276400000.0,-71600000.0,-177700000.0,-517200000.0,-227400000.0,0.0,639700000.0,-500000.0,416200000.0,416200000.0,416200000.0,0.0,0.0,0.121,853700000.0,681600000.0,521000000.0,0.425,6.227,28.732,28.806,601100000.0,0.0,46.09,3.485,3.476,277000000.0,2716900000.0,3431500000.0,3431500000.0,0.0,0.098,0.209,0.443,0.196,4500000.0,853700000.0,1.0,259450440.0,258800000,263600000.0,13.259,1509400000.0,0.0,226900000.0,531900000.0,5.832,-227300000.0
22,CHD,MRT,2015-12-31,2015-12-31,2015-12-31,2021-08-02,-45900000.0,4256900000.0,4261900000.0,906000000.0,3350900000.0,0.797,7.716,-61800000.0,330000000.0,330000000.0,1883000000.0,410400000.0,1.038,1.104,1050000000.0,357200000.0,692800000.0,1050000000.0,0.0,101000000.0,0.0,0.016,0.67,665900000.0,766900000.0,0.226,766900000.0,665900000.0,635400000.0,1.57,1.54,1.57,2023200000.0,1988275000.0,2023200000.0,11900112007.0,18.0,15.517,544300000.0,2.076,1.0,1511800000.0,0.445,2624400000.0,30500000.0,1479800000.0,1546625000.0,274000000.0,8400000.0,0.0,8400000.0,2233700000.0,872700000.0,1361000000.0,11129712007.0,-93000000.0,-74900000.0,-334600000.0,-38300000.0,-175300000.0,-535000000.0,-141200000.0,0.0,606100000.0,-22900000.0,410400000.0,410400000.0,410400000.0,0.0,0.0,0.121,837600000.0,674200000.0,508300000.0,0.427,5.501,27.119,27.032,609600000.0,0.0,42.44,3.278,3.278,276200000.0,2650000000.0,3394800000.0,3394800000.0,0.0,0.096,0.206,0.431,0.196,300000.0,837600000.0,1.0,262245806.0,262200000,267200000.0,12.947,1632500000.0,0.0,225000000.0,492000000.0,6.226,33300000.0
23,CHD,MRT,2015-09-30,2015-09-30,2015-09-30,2021-08-02,-44900000.0,4217800000.0,4287475000.0,851700000.0,3366100000.0,0.79,7.817,-79000000.0,210600000.0,210600000.0,1882700000.0,407900000.0,1.088,1.058,981000000.0,275000000.0,706000000.0,981000000.0,0.0,99800000.0,0.0,0.016,0.658,660300000.0,760100000.0,0.224,760100000.0,660300000.0,630500000.0,1.54,1.52,1.54,2049600000.0,2007950000.0,2049600000.0,11857082338.0,18.0,15.599,461400000.0,1.76,1.0,1504000000.0,0.444,2633800000.0,29800000.0,1571400000.0,1556700000.0,274300000.0,7900000.0,0.0,7900000.0,2168200000.0,783000000.0,1385200000.0,10986582338.0,-159600000.0,-74500000.0,-275400000.0,-79000000.0,-172900000.0,-515300000.0,-157400000.0,0.0,540400000.0,-27300000.0,407900000.0,407900000.0,407900000.0,0.0,0.0,0.12,835200000.0,668800000.0,486300000.0,0.427,5.36,26.934,27.24,610000000.0,0.0,41.95,3.244,3.248,330700000.0,2584800000.0,3386700000.0,3386700000.0,0.0,0.095,0.203,0.424,0.195,-1300000.0,835200000.0,1.0,261897076.0,262200000,267200000.0,12.916,1584000000.0,14300000.0,222600000.0,516800000.0,6.041,68700000.0
24,CHD,MRT,2015-06-30,2015-06-30,2015-06-30,2021-08-02,-34100000.0,4228200000.0,4314475000.0,848100000.0,3380100000.0,0.78,7.531,-87400000.0,203200000.0,203200000.0,1881000000.0,403400000.0,0.958,1.145,1073700000.0,373600000.0,700100000.0,1073700000.0,0.0,96900000.0,0.0,0.016,0.645,647300000.0,744200000.0,0.221,744200000.0,647300000.0,618000000.0,1.515,1.495,1.515,1971600000.0,2017375000.0,1971600000.0,11544871761.0,18.0,15.513,494500000.0,1.889,1.0,1485700000.0,0.441,2645100000.0,29300000.0,1568100000.0,1534550000.0,270800000.0,8800000.0,0.0,8800000.0,2256600000.0,885500000.0,1371100000.0,10617771761.0,6300000.0,-290600000.0,-276400000.0,271000000.0,-170400000.0,-164200000.0,-381300000.0,0.0,581900000.0,-30100000.0,403400000.0,403400000.0,403400000.0,0.0,0.0,0.12,830300000.0,655400000.0,507300000.0,0.426,5.385,26.321,26.776,615500000.0,0.0,40.565,3.154,3.154,340400000.0,2508300000.0,3366700000.0,3366700000.0,0.0,0.093,0.2,0.422,0.192,-200000.0,830300000.0,1.0,261747116.0,261800000,266800000.0,12.86,1583100000.0,14000000.0,214600000.0,488700000.0,6.047,-37400000.0
25,CHD,MRT,2015-03-31,2015-03-31,2015-03-31,2021-08-02,-56100000.0,4344700000.0,4254450000.0,932000000.0,3412700000.0,0.782,7.23,-86100000.0,299700000.0,299700000.0,1858900000.0,418500000.0,0.887,1.276,1226800000.0,523300000.0,703500000.0,1226800000.0,0.0,94400000.0,0.0,0.015,0.633,661800000.0,756200000.0,0.227,756200000.0,661800000.0,633500000.0,1.565,1.545,1.565,1908700000.0,2029425000.0,1908700000.0,11825190601.0,18.0,15.638,496000000.0,1.879,1.0,1469000000.0,0.441,2654200000.0,28300000.0,1567200000.0,1528000000.0,256800000.0,24900000.0,0.0,24900000.0,2436000000.0,1050400000.0,1385600000.0,11152990601.0,-300000.0,-290600000.0,-438200000.0,420700000.0,-168700000.0,-170600000.0,-379700000.0,0.0,582100000.0,-32100000.0,418500000.0,418500000.0,418500000.0,0.0,0.0,0.126,817700000.0,651300000.0,492400000.0,0.404,5.843,26.65,27.291,617800000.0,0.0,42.71,3.351,3.388,337100000.0,2478400000.0,3327900000.0,3327900000.0,0.0,0.098,0.206,0.433,0.199,-4000000.0,817700000.0,1.0,261133004.0,264000000,269200000.0,12.606,1690500000.0,13800000.0,215000000.0,526300000.0,6.403,-118400000.0
26,CHD,MRT,2014-12-31,2014-12-31,2014-12-31,2021-08-02,-34700000.0,4359200000.0,4189875000.0,1018100000.0,3341100000.0,0.787,7.779,-70500000.0,423000000.0,423000000.0,1844700000.0,413900000.0,1.125,1.074,1086600000.0,396600000.0,690000000.0,1086600000.0,0.0,91200000.0,0.0,0.016,0.62,652300000.0,743500000.0,0.225,743500000.0,652300000.0,624900000.0,1.53,1.51,1.53,2101900000.0,2080575000.0,2101900000.0,11226276620.0,17.0,15.099,469800000.0,1.739,1.0,1452900000.0,0.441,2597400000.0,27400000.0,1520100000.0,1514275000.0,245900000.0,24800000.0,0.0,24800000.0,2257300000.0,905300000.0,1352000000.0,10542776620.0,-73900000.0,-215700000.0,-446100000.0,293100000.0,-167500000.0,-306600000.0,-288400000.0,0.0,540300000.0,-19200000.0,413900000.0,413900000.0,413900000.0,0.0,0.0,0.126,811700000.0,641200000.0,507700000.0,0.405,5.016,25.472,25.755,616200000.0,0.0,39.405,3.197,3.229,322900000.0,2414900000.0,3297600000.0,3297600000.0,0.0,0.099,0.199,0.431,0.198,-1500000.0,811700000.0,1.0,267549210.0,270200000,275000000.0,12.204,1761800000.0,0.0,211000000.0,471600000.0,6.52,112800000.0
27,CHD,MRT,2014-09-30,2014-09-30,2014-09-30,2021-08-02,-13900000.0,4325800000.0,4165000000.0,992800000.0,3333000000.0,0.781,7.806,-73000000.0,370200000.0,370200000.0,1819700000.0,399500000.0,1.081,1.072,1053700000.0,404100000.0,649600000.0,1053700000.0,0.0,90300000.0,0.0,0.017,0.605,631300000.0,721600000.0,0.222,721600000.0,631300000.0,604100000.0,1.47,1.44,1.47,2087300000.0,2130075000.0,2087300000.0,9983407630.0,16.0,13.835,458700000.0,1.715,1.0,1435000000.0,0.441,2608100000.0,27200000.0,1482800000.0,1506350000.0,261600000.0,24800000.0,0.0,24800000.0,2238400000.0,918400000.0,1320000000.0,9377607630.0,-75300000.0,-210400000.0,-404800000.0,251300000.0,-164900000.0,-301400000.0,-291600000.0,0.0,531700000.0,-14000000.0,399500000.0,399500000.0,399500000.0,0.0,0.0,0.123,813000000.0,622000000.0,502300000.0,0.412,4.493,23.473,23.864,595800000.0,0.0,35.08,2.881,2.882,321300000.0,2349800000.0,3254700000.0,3254700000.0,0.0,0.096,0.188,0.419,0.194,-500000.0,813000000.0,1.0,267320628.0,267400000,272000000.0,12.172,1717700000.0,19500000.0,204600000.0,502600000.0,6.424,74400000.0
28,CHD,MRT,2014-06-30,2014-06-30,2014-06-30,2021-08-02,4500000.0,3988100000.0,4133250000.0,864400000.0,3123700000.0,0.778,7.492,-64100000.0,196900000.0,196900000.0,1785000000.0,391500000.0,1.339,0.974,802700000.0,153100000.0,649600000.0,802700000.0,0.0,89900000.0,0.0,0.017,0.59,621400000.0,711300000.0,0.221,711300000.0,621400000.0,594100000.0,1.425,1.395,1.425,2019800000.0,2165875000.0,2019800000.0,10010058781.0,16.0,14.073,481300000.0,1.785,1.0,1432700000.0,0.445,2406600000.0,27300000.0,1541900000.0,1504625000.0,271000000.0,25100000.0,0.0,25100000.0,1968200000.0,645400000.0,1322800000.0,9506958781.0,-77200000.0,4500000.0,-407900000.0,-1200000.0,-162300000.0,-555000000.0,-69400000.0,0.0,545400000.0,1800000.0,391500000.0,391500000.0,391500000.0,0.0,0.0,0.122,820100000.0,612600000.0,490400000.0,0.414,4.707,24.283,24.544,585700000.0,0.0,34.975,2.955,2.93,342800000.0,2275300000.0,3217700000.0,3217700000.0,0.0,0.095,0.181,0.413,0.193,200000.0,820100000.0,1.0,271821552.0,269600000,274600000.0,11.935,1581500000.0,19300000.0,202600000.0,490400000.0,5.866,219000000.0
29,CHD,MRT,2014-03-31,2014-03-31,2014-03-31,2021-08-02,-1400000.0,4086400000.0,4148150000.0,953800000.0,3132600000.0,0.771,7.657,-63000000.0,300000000.0,300000000.0,1769700000.0,389300000.0,1.448,0.934,803100000.0,153500000.0,649600000.0,803100000.0,0.0,89700000.0,0.0,0.017,0.575,618700000.0,708400000.0,0.222,708400000.0,618700000.0,591300000.0,1.405,1.375,1.405,2113300000.0,2197550000.0,2113300000.0,9782232653.0,16.0,13.809,466700000.0,1.691,1.0,1427300000.0,0.446,2418600000.0,27400000.0,1512300000.0,1506850000.0,265000000.0,23900000.0,0.0,23900000.0,1973000000.0,658600000.0,1314400000.0,9475832653.0,40400000.0,3200000.0,-236400000.0,-49700000.0,-159100000.0,-430800000.0,-50400000.0,19700000.0,529700000.0,-8100000.0,389300000.0,389300000.0,389300000.0,0.0,0.0,0.122,812400000.0,614900000.0,470500000.0,0.409,4.484,24.341,24.58,588400000.0,0.0,34.535,2.964,2.981,344400000.0,2228600000.0,3197000000.0,3197000000.0,0.0,0.094,0.177,0.411,0.194,1900000.0,812400000.0,1.0,274383456.0,276000000,281200000.0,11.583,1667800000.0,18700000.0,202000000.0,517900000.0,6.043,295200000.0
30,CHD,MRT,2013-12-31,2013-12-31,2013-12-31,2021-08-02,200000.0,4259700000.0,4142675000.0,1115800000.0,3143900000.0,0.771,8.297,-67100000.0,496900000.0,496900000.0,1756300000.0,394400000.0,1.713,0.852,803300000.0,153800000.0,649500000.0,803300000.0,0.0,90500000.0,0.0,0.017,0.56,625500000.0,716000000.0,0.224,716000000.0,625500000.0,597800000.0,1.425,1.395,1.425,2299900000.0,2190550000.0,2299900000.0,9560852333.0,15.0,13.353,432500000.0,1.56,1.0,1438000000.0,0.45,2426500000.0,27700000.0,1488400000.0,1515500000.0,250500000.0,24500000.0,0.0,24500000.0,1959700000.0,651200000.0,1308500000.0,9202852333.0,153900000.0,0.0,-28100000.0,-99400000.0,-155200000.0,-259800000.0,-77100000.0,0.0,499600000.0,-8800000.0,394400000.0,394400000.0,394400000.0,0.0,0.0,0.123,815800000.0,622200000.0,495100000.0,0.393,4.001,23.334,23.256,594100000.0,0.0,33.14,2.881,2.876,330200000.0,2168500000.0,3194300000.0,3194300000.0,0.0,0.095,0.18,0.413,0.196,3900000.0,815800000.0,1.0,277696208.0,277200000,282400000.0,11.523,1833200000.0,16600000.0,203400000.0,478300000.0,6.613,464600000.0
31,CHD,MRT,2013-09-30,2013-09-30,2013-09-30,2021-08-02,-4300000.0,4198800000.0,4102275000.0,1065300000.0,3133500000.0,0.776,8.035,-55100000.0,445500000.0,445500000.0,1756700000.0,383000000.0,1.664,0.882,803500000.0,154000000.0,649500000.0,803500000.0,0.0,93500000.0,0.0,0.018,0.54,616100000.0,709600000.0,0.223,709600000.0,616100000.0,588800000.0,1.38,1.35,1.38,2230500000.0,2130800000.0,2230500000.0,8851043623.0,14.0,12.473,529200000.0,1.906,1.0,1424700000.0,0.448,2440800000.0,27300000.0,1475900000.0,1509400000.0,258400000.0,25600000.0,0.0,25600000.0,1968100000.0,640100000.0,1328000000.0,8320843623.0,204300000.0,-662000000.0,-76300000.0,-101000000.0,-149800000.0,-306100000.0,-69400000.0,0.0,584300000.0,-4500000.0,383000000.0,383000000.0,383000000.0,0.0,0.0,0.12,812500000.0,612200000.0,482700000.0,0.391,3.73,21.725,21.757,576000000.0,0.0,30.025,2.615,2.62,323900000.0,2115200000.0,3181400000.0,3181400000.0,0.0,0.093,0.18,0.408,0.194,6000000.0,812500000.0,1.0,277130512.0,277600000,282600000.0,11.46,1758000000.0,17700000.0,205800000.0,478600000.0,6.333,425200000.0
32,CHD,MRT,2013-06-30,2013-06-30,2013-06-30,2021-08-02,-11800000.0,4047700000.0,4012525000.0,911000000.0,3136700000.0,0.773,7.749,-54600000.0,274100000.0,274100000.0,1714800000.0,369000000.0,1.57,0.886,804300000.0,154800000.0,649500000.0,804300000.0,0.0,92000000.0,0.0,0.017,0.52,594500000.0,686500000.0,0.221,686500000.0,594500000.0,571600000.0,1.325,1.3,1.325,2146500000.0,2087675000.0,2146500000.0,9121400395.0,15.0,13.287,440800000.0,1.591,1.0,1387000000.0,0.447,2446700000.0,22900000.0,1550800000.0,1501675000.0,255500000.0,23500000.0,0.0,23500000.0,1901000000.0,580400000.0,1320600000.0,8527700395.0,89900000.0,-663700000.0,-77000000.0,522000000.0,-144500000.0,318000000.0,-718800000.0,0.0,495400000.0,-4700000.0,369000000.0,369000000.0,369000000.0,0.0,0.0,0.119,797200000.0,589800000.0,423400000.0,0.392,3.973,23.11,23.287,577300000.0,0.0,30.855,2.749,2.755,327400000.0,2046100000.0,3101800000.0,3101800000.0,0.0,0.092,0.177,0.396,0.192,5500000.0,797200000.0,1.0,276379854.0,277000000,282200000.0,11.198,1601000000.0,17700000.0,202600000.0,471600000.0,5.78,330600000.0
33,CHD,MRT,2013-03-31,2013-03-31,2013-03-31,2021-08-02,-3100000.0,4064500000.0,3779675000.0,911800000.0,3152700000.0,0.797,7.539,-69800000.0,259600000.0,259600000.0,1671600000.0,361700000.0,1.391,0.949,853300000.0,203900000.0,649400000.0,853300000.0,0.0,89400000.0,0.0,0.015,0.5,580800000.0,670200000.0,0.223,670200000.0,580800000.0,562500000.0,1.3,1.275,1.3,2085300000.0,2047300000.0,2085300000.0,9478903519.0,16.0,14.143,412200000.0,1.49,1.0,1339000000.0,0.445,2455700000.0,18300000.0,1546900000.0,1372800000.0,259100000.0,44500000.0,19700000.0,24800000.0,1979000000.0,655600000.0,1323400000.0,8918703519.0,27200000.0,-666200000.0,-182000000.0,603200000.0,-138900000.0,303700000.0,-756100000.0,-19700000.0,482000000.0,-2400000.0,361700000.0,361700000.0,361700000.0,0.0,0.0,0.12,767300000.0,571700000.0,413400000.0,0.385,4.277,24.658,24.858,584500000.0,0.0,32.315,2.962,2.969,332400000.0,1998400000.0,3010600000.0,3010600000.0,0.0,0.096,0.177,0.423,0.193,-1300000.0,767300000.0,1.0,275992682.0,276600000,281800000.0,10.884,1608800000.0,17600000.0,200800000.0,504700000.0,5.816,256200000.0
34,CHD,MRT,2012-12-31,2012-12-31,2012-12-31,2021-08-02,2500000.0,4098100000.0,3547375000.0,933800000.0,3164300000.0,0.824,7.355,-74500000.0,343000000.0,343000000.0,1630500000.0,349800000.0,1.287,0.988,903200000.0,253800000.0,649400000.0,903200000.0,0.0,85000000.0,0.0,0.018,0.48,556500000.0,641500000.0,0.22,641500000.0,556500000.0,542500000.0,1.25,1.225,1.25,2060900000.0,2033475000.0,2060900000.0,7497512040.0,13.0,11.687,449100000.0,1.603,1.0,1291400000.0,0.442,2468700000.0,14000000.0,1464000000.0,1231025000.0,242200000.0,23000000.0,0.0,23000000.0,2037000000.0,725600000.0,1311400000.0,7484912040.0,91600000.0,-666000000.0,-222400000.0,650900000.0,-134500000.0,305200000.0,-741300000.0,0.0,523600000.0,4100000.0,349800000.0,349800000.0,349800000.0,0.0,0.0,0.12,746300000.0,545100000.0,432000000.0,0.384,3.632,21.398,21.428,586000000.0,0.0,26.785,2.562,2.569,303100000.0,1929300000.0,2921900000.0,2921900000.0,0.0,0.099,0.172,0.452,0.19,-2200000.0,746300000.0,1.0,279444168.0,280200000,285400000.0,10.428,1629400000.0,17600000.0,192700000.0,509800000.0,5.815,208200000.0
35,CHD,MRT,2012-09-30,2012-09-30,2012-09-30,2021-08-02,6700000.0,3839800000.0,3302250000.0,1435900000.0,2403900000.0,0.861,7.376,-85500000.0,891200000.0,891200000.0,1593800000.0,332800000.0,2.201,0.866,903800000.0,254400000.0,649400000.0,903800000.0,0.0,77800000.0,0.0,0.016,0.445,539200000.0,617000000.0,0.217,617000000.0,539200000.0,530300000.0,1.175,1.16,1.175,2058000000.0,2028400000.0,2058000000.0,7614437535.0,14.0,12.341,349000000.0,1.251,1.0,1249500000.0,0.439,1755000000.0,8900000.0,1445000000.0,1105625000.0,225100000.0,20300000.0,0.0,20300000.0,1781600000.0,652400000.0,1129200000.0,7516437535.0,-33800000.0,-17200000.0,-253100000.0,650300000.0,-125300000.0,283900000.0,-753900000.0,-1500000.0,434500000.0,1700000.0,332800000.0,332800000.0,332800000.0,0.0,0.0,0.117,721600000.0,527900000.0,387000000.0,0.379,3.652,22.585,22.974,542400000.0,0.0,26.995,2.644,2.649,278300000.0,1882000000.0,2843300000.0,2843300000.0,0.0,0.101,0.164,0.488,0.19,-3500000.0,721600000.0,1.0,278438138.0,279000000,284400000.0,10.191,2084800000.0,6000000.0,197500000.0,313800000.0,7.472,783500000.0
36,CHD,MRT,2012-06-30,2012-06-30,2012-06-30,2021-08-02,200000.0,3116300000.0,3128225000.0,731600000.0,2384700000.0,0.901,7.115,-93000000.0,184200000.0,184200000.0,1587200000.0,318500000.0,1.746,0.57,282200000.0,32400000.0,249800000.0,282200000.0,0.0,77200000.0,0.0,0.015,0.41,518800000.0,596000000.0,0.211,596000000.0,518800000.0,510300000.0,1.115,1.1,1.115,1985000000.0,2035225000.0,1985000000.0,7722350784.0,15.0,12.957,362300000.0,1.299,1.0,1231900000.0,0.437,1760000000.0,8500000.0,1035300000.0,982300000.0,225900000.0,17400000.0,0.0,17400000.0,1131100000.0,419000000.0,712100000.0,7704850784.0,20800000.0,-14300000.0,-252400000.0,32400000.0,-116300000.0,-317700000.0,-108800000.0,-1300000.0,455300000.0,-8000000.0,318500000.0,318500000.0,318500000.0,0.0,0.0,0.113,723100000.0,508800000.0,384800000.0,0.368,3.882,24.191,24.874,532800000.0,0.0,27.735,2.733,2.745,272400000.0,1821600000.0,2819100000.0,2819100000.0,0.0,0.102,0.156,0.528,0.184,-7800000.0,723100000.0,1.0,277802444.0,279000000,284400000.0,10.104,1356300000.0,5800000.0,191800000.0,298400000.0,4.861,312600000.0
37,CHD,MRT,2012-03-31,2012-03-31,2012-03-31,2021-08-02,9600000.0,3135300000.0,3113000000.0,759300000.0,2376000000.0,0.899,7.133,-84900000.0,232400000.0,232400000.0,1568700000.0,321800000.0,1.874,0.544,249900000.0,100000.0,249800000.0,249900000.0,0.0,76900000.0,0.0,0.015,0.375,514900000.0,591800000.0,0.212,591800000.0,514900000.0,506200000.0,1.12,1.105,1.12,2030000000.0,2048400000.0,2030000000.0,7005395788.0,14.0,11.837,387300000.0,1.361,1.0,1228900000.0,0.439,1767900000.0,8700000.0,979800000.0,969800000.0,212600000.0,15100000.0,0.0,15100000.0,1105100000.0,405100000.0,700000000.0,7004495788.0,73300000.0,-75300000.0,-143700000.0,100000.0,-107300000.0,-237500000.0,-160200000.0,-1100000.0,472200000.0,-1200000.0,321800000.0,321800000.0,321800000.0,0.0,0.0,0.115,724700000.0,504200000.0,373400000.0,0.335,3.45,21.767,21.96,517600000.0,0.0,24.595,2.504,2.502,270600000.0,1775600000.0,2797600000.0,2797600000.0,0.0,0.103,0.157,0.531,0.184,-3400000.0,724700000.0,1.0,284793486.0,284600000,289800000.0,9.83,1367400000.0,5900000.0,184400000.0,323400000.0,4.805,354200000.0
38,CHD,MRT,2011-12-31,2011-12-31,2011-12-31,2021-08-02,2900000.0,3117600000.0,3067300000.0,755200000.0,2362400000.0,0.896,7.125,-76600000.0,251400000.0,251400000.0,1534800000.0,309600000.0,1.969,0.528,252300000.0,2600000.0,249700000.0,252300000.0,0.0,77100000.0,0.0,0.015,0.34,503300000.0,580400000.0,0.211,580400000.0,503300000.0,494600000.0,1.08,1.06,1.08,2040600000.0,2028600000.0,2040600000.0,6524560358.0,13.0,11.241,361200000.0,1.261,1.0,1214500000.0,0.442,1772500000.0,8700000.0,962400000.0,964000000.0,200700000.0,12000000.0,0.0,12000000.0,1076800000.0,383600000.0,693200000.0,6545960358.0,62200000.0,-72300000.0,-53100000.0,-87400000.0,-97400000.0,-226500000.0,-147800000.0,0.0,437800000.0,-1300000.0,309600000.0,309600000.0,309600000.0,0.0,0.0,0.113,721900000.0,492600000.0,379300000.0,0.315,3.208,21.143,21.185,506000000.0,0.0,22.88,2.381,2.383,264600000.0,1714000000.0,2749300000.0,2749300000.0,0.0,0.101,0.153,0.522,0.183,-1100000.0,721900000.0,1.0,286099666.0,286400000,291600000.0,9.6,1345100000.0,6000000.0,185000000.0,294000000.0,4.697,371600000.0
39,CHD,MRT,2011-09-30,2011-09-30,2011-09-30,2021-08-02,16900000.0,3143700000.0,3024200000.0,798800000.0,2344900000.0,0.885,7.256,-67200000.0,275000000.0,275000000.0,1484600000.0,292800000.0,2.029,0.507,253600000.0,3900000.0,249700000.0,253600000.0,0.0,75900000.0,0.0,0.013,0.297,461100000.0,537000000.0,0.201,537000000.0,461100000.0,447300000.0,1.025,1.005,1.025,2085300000.0,1986125000.0,2085300000.0,6431938460.0,14.0,11.978,391800000.0,1.363,1.0,1190500000.0,0.445,1777000000.0,13800000.0,951700000.0,953075000.0,225400000.0,9700000.0,0.0,9700000.0,1058200000.0,393600000.0,664600000.0,6345638460.0,-178500000.0,-110300000.0,24600000.0,-404400000.0,-85200000.0,-460500000.0,-177100000.0,1600000.0,459000000.0,100000.0,292800000.0,292800000.0,292800000.0,0.0,0.0,0.109,735200000.0,455300000.0,376700000.0,0.29,3.043,21.672,21.561,476800000.0,0.0,22.1,2.372,2.374,262000000.0,1674500000.0,2675100000.0,2675100000.0,0.0,0.097,0.147,0.484,0.172,0.0,735200000.0,1.0,287132962.0,287400000,292600000.0,9.308,1366700000.0,15000000.0,154500000.0,304000000.0,4.755,405200000.0
40,CHD,MRT,2011-06-30,2011-07-01,2011-07-01,2021-08-02,31200000.0,3055400000.0,3038276500.0,702600000.0,2352800000.0,0.866,7.11,-66900000.0,163400000.0,163400000.0,1461400000.0,282700000.0,1.894,0.499,249700000.0,0.0,249700000.0,249700000.0,0.0,74400000.0,0.0,0.012,0.255,446800000.0,521200000.0,0.198,521200000.0,446800000.0,427200000.0,0.995,0.975,0.995,2037700000.0,1919381250.0,2037700000.0,5981861184.0,13.0,11.477,409500000.0,1.429,1.0,1169600000.0,0.445,1785400000.0,19600000.0,985300000.0,1016855500.0,215800000.0,9800000.0,0.0,9800000.0,1017500000.0,371000000.0,646500000.0,5891261184.0,-200900000.0,-120400000.0,22800000.0,-451300000.0,-72800000.0,-499500000.0,-186800000.0,1500000.0,476400000.0,9000000.0,282700000.0,282700000.0,282700000.0,0.0,0.0,0.107,727600000.0,442000000.0,368300000.0,0.256,2.891,20.839,20.709,473700000.0,0.0,20.605,2.239,2.245,272800000.0,1619400000.0,2631000000.0,2631000000.0,0.0,0.093,0.147,0.439,0.17,4100000.0,727600000.0,1.0,285914156.0,286600000,291800000.0,9.18,1270000000.0,15700000.0,144500000.0,276900000.0,4.431,331600000.0
41,CHD,MRT,2011-03-31,2011-04-01,2011-04-01,2021-08-02,26000000.0,2952500000.0,3052147000.0,663200000.0,2289300000.0,0.851,6.831,-61400000.0,159100000.0,159100000.0,1436500000.0,274400000.0,1.84,0.513,249700000.0,0.0,249700000.0,249700000.0,0.0,72800000.0,0.0,0.01,0.205,446900000.0,519700000.0,0.2,519700000.0,446900000.0,424600000.0,0.965,0.945,0.965,1950800000.0,1845705750.0,1950800000.0,5845281471.0,13.0,11.247,374600000.0,1.312,1.0,1160500000.0,0.447,1726000000.0,22300000.0,956600000.0,1095000250.0,213100000.0,9700000.0,0.0,9700000.0,1001500000.0,360500000.0,641000000.0,5694810471.0,-287500000.0,-125800000.0,16300000.0,-495400000.0,-58400000.0,-537300000.0,-187400000.0,1500000.0,436000000.0,1200000.0,274400000.0,274400000.0,274400000.0,0.0,0.0,0.106,716300000.0,444200000.0,338600000.0,0.212,2.919,20.754,20.692,468200000.0,0.0,19.968,2.193,2.196,248500000.0,1561100000.0,2597000000.0,2597000000.0,0.0,0.09,0.149,0.408,0.172,5400000.0,716300000.0,1.0,285203980.0,285600000,290600000.0,9.093,1226500000.0,16100000.0,150200000.0,289600000.0,4.294,302700000.0
42,CHD,MRT,2010-12-31,2010-12-31,2010-12-31,2021-08-02,16300000.0,2945200000.0,3097300250.0,649500000.0,2295700000.0,0.836,6.587,-55600000.0,189200000.0,189200000.0,1431400000.0,270700000.0,1.453,0.574,339700000.0,90000000.0,249700000.0,339700000.0,0.0,71600000.0,0.0,0.009,0.155,446100000.0,517700000.0,0.2,517700000.0,446100000.0,418300000.0,0.955,0.935,0.955,1870700000.0,1777091500.0,1870700000.0,5114166621.0,11.0,9.879,372900000.0,1.313,1.0,1157800000.0,0.447,1729900000.0,27800000.0,918700000.0,1176340750.0,195400000.0,9200000.0,0.0,9200000.0,1074300000.0,447100000.0,627200000.0,4909637621.0,-257900000.0,-126000000.0,15900000.0,-476600000.0,-44000000.0,-503700000.0,-180400000.0,1800000.0,428500000.0,-2300000.0,270700000.0,270700000.0,270700000.0,0.0,0.0,0.105,712800000.0,445000000.0,355300000.0,0.162,2.624,18.137,18.068,468300000.0,0.0,17.255,1.896,1.893,231100000.0,1501800000.0,2589200000.0,2589200000.0,0.0,0.087,0.152,0.379,0.172,4600000.0,712800000.0,1.0,284534200.0,284000000,288800000.0,9.117,1215300000.0,16300000.0,147600000.0,256100000.0,4.279,202400000.0
43,CHD,MRT,2010-09-30,2010-10-01,2010-10-01,2021-08-02,6130000.0,3200006000.0,3140611750.0,964646000.0,2235360000.0,0.829,6.394,-77444000.0,453515000.0,453515000.0,1452551000.0,276543000.0,1.9,0.76,658044000.0,145827000.0,512217000.0,658044000.0,0.0,74909000.0,0.0,0.009,0.148,463272000.0,538181000.0,0.207,538181000.0,463272000.0,432760000.0,0.975,0.955,0.975,1818325000.0,1709812250.0,1818325000.0,4967979291.0,11.0,9.231,303326000.0,1.067,1.0,1150606000.0,0.442,1690090000.0,30512000.0,1206822000.0,1268565250.0,215395000.0,10200000.0,0.0,10200000.0,1381492000.0,507623000.0,873869000.0,4631373291.0,34257000.0,-80621000.0,16310000.0,-177504000.0,-41724000.0,-193540000.0,-156457000.0,1676000.0,380770000.0,3484000.0,276547000.0,276547000.0,276547000.0,0.0,-4000.0,0.106,694269000.0,456337000.0,359953000.0,0.152,2.547,16.747,16.723,455711000.0,0.0,16.305,1.779,1.781,250623000.0,1466912000.0,2603157000.0,2603157000.0,0.0,0.088,0.162,0.365,0.178,2397000.0,694269000.0,1.0,284046200.0,284400000,288800000.0,9.153,1509916000.0,19869000.0,156213000.0,241742000.0,5.309,457023000.0
44,CHD,MRT,2010-06-30,2010-07-02,2010-07-02,2021-08-02,-7120000.0,3110882000.0,3121087750.0,875384000.0,2235498000.0,0.831,6.137,-90449000.0,364265000.0,364265000.0,1445923000.0,277067000.0,1.88,0.785,700871000.0,160277000.0,540594000.0,700871000.0,0.0,78194000.0,0.0,0.009,0.14,470652000.0,548846000.0,0.212,548846000.0,470652000.0,439531000.0,0.978,0.96,0.978,1742998000.0,1641266000.0,1742998000.0,4737785821.0,10.0,8.632,239465000.0,0.843,1.0,1146491000.0,0.442,1683974000.0,31121000.0,1297879000.0,1297235250.0,230616000.0,12648000.0,0.0,12648000.0,1367693000.0,465635000.0,902058000.0,4439356821.0,7300000.0,-70690000.0,15778000.0,-149130000.0,-39469000.0,-165087000.0,-158519000.0,1576000.0,329914000.0,992000.0,277075000.0,277075000.0,277075000.0,0.0,-8000.0,0.107,685253000.0,461238000.0,304260000.0,0.143,2.547,16.022,16.01,451352000.0,0.0,15.658,1.712,1.715,242074000.0,1409523000.0,2592414000.0,2592414000.0,0.0,0.089,0.169,0.363,0.182,3894000.0,705253000.0,1.0,283529096.0,284000000,288800000.0,9.128,1426908000.0,19549000.0,162456000.0,209480000.0,5.024,409749000.0
45,CHD,MRT,2010-03-31,2010-04-02,2010-04-02,2021-08-02,3532000.0,3133113000.0,3094600500.0,954338000.0,2178775000.0,0.832,5.919,-85019000.0,446607000.0,446607000.0,1437491000.0,260924000.0,1.819,0.869,745036000.0,176066000.0,568970000.0,745036000.0,0.0,81930000.0,0.0,0.008,0.128,453167000.0,535097000.0,0.208,535097000.0,453167000.0,418115000.0,0.925,0.908,0.925,1676343000.0,1574246000.0,1676343000.0,5153145718.0,11.0,9.63,295900000.0,1.045,1.0,1137142000.0,0.442,1625047000.0,35052000.0,1281962000.0,1310894500.0,227957000.0,11689000.0,0.0,11689000.0,1456577000.0,524533000.0,932044000.0,4783992718.0,166358000.0,-659000.0,12829000.0,-126816000.0,-35891000.0,-142814000.0,-82585000.0,1376000.0,380919000.0,10838000.0,260931000.0,260931000.0,260931000.0,0.0,-7000.0,0.101,696902000.0,440240000.0,313007000.0,0.138,2.854,18.334,18.303,452158000.0,0.0,16.93,1.858,1.862,241677000.0,1345186000.0,2574633000.0,2574633000.0,0.0,0.084,0.166,0.346,0.176,4729000.0,716902000.0,1.0,282574880.0,283200000,288000000.0,9.091,1508066000.0,19922000.0,157184000.0,239852000.0,5.325,429805000.0
46,CHD,MRT,2009-12-31,2009-12-31,2009-12-31,2021-08-02,10078000.0,3118446000.0,3036476250.0,928265000.0,2190181000.0,0.83,5.687,-105300000.0,447143000.0,447143000.0,1419900000.0,243500000.0,1.637,0.947,816296000.0,218949000.0,597347000.0,816296000.0,0.0,85400000.0,0.0,0.008,0.115,427800000.0,513200000.0,0.204,513200000.0,427800000.0,392200000.0,0.865,0.85,0.865,1601583000.0,1502730500.0,1601583000.0,4668664058.0,11.0,9.097,295600000.0,1.05,1.0,1101000000.0,0.437,1632969000.0,35600000.0,1287598000.0,1336061000.0,216870000.0,12815000.0,0.0,12815000.0,1516674000.0,567032000.0,949642000.0,4252359058.0,249100000.0,-700000.0,9600000.0,-40600000.0,-32300000.0,-58300000.0,-104100000.0,1300000.0,400900000.0,10600000.0,243500000.0,243500000.0,243500000.0,0.0,0.0,0.097,688100000.0,412900000.0,332450000.0,0.133,2.655,17.463,17.471,455636000.0,0.0,15.113,1.687,1.688,222158000.0,1275117000.0,2520900000.0,2520900000.0,0.0,0.08,0.162,0.32,0.17,7700000.0,708100000.0,1.0,281380252.0,281600000,286000000.0,8.952,1485477000.0,20432000.0,148700000.0,216889000.0,5.275,361233000.0
47,CHD,MRT,2009-09-30,2009-09-25,2009-09-25,2021-08-02,5117000.0,3121910000.0,2957224250.0,940276000.0,2181634000.0,0.844,5.482,-111755000.0,419242000.0,419242000.0,1425211000.0,234987000.0,1.629,1.022,835547000.0,177504000.0,658043000.0,835547000.0,0.0,84277000.0,0.0,0.007,0.103,416715000.0,500992000.0,0.201,500992000.0,416715000.0,377901000.0,0.835,0.822,0.835,1544140000.0,1435213000.0,1544140000.0,4410433549.0,11.0,8.803,311113000.0,1.105,1.0,1069832000.0,0.429,1639636000.0,38814000.0,1321502000.0,1368425500.0,227307000.0,12298000.0,0.0,12298000.0,1577567000.0,577077000.0,1000490000.0,3917976549.0,243553000.0,-951000.0,6508000.0,-46951000.0,-28779000.0,-66348000.0,-111084000.0,1324000.0,422868000.0,-1883000.0,234982000.0,234982000.0,234982000.0,0.0,5000.0,0.094,668130000.0,401702000.0,386476000.0,0.123,2.537,16.674,16.686,441682000.0,0.0,13.932,1.57,1.573,234281000.0,1232205000.0,2495043000.0,2495043000.0,0.0,0.079,0.164,0.305,0.167,11234000.0,688130000.0,1.0,281211308.0,281676000,286496000.0,8.858,1482274000.0,17322000.0,142919000.0,220057000.0,5.262,363199000.0
48,CHD,MRT,2009-06-30,2009-06-26,2009-06-26,2021-08-02,-220000.0,3004933000.0,2887415750.0,837738000.0,2167195000.0,0.859,5.242,-104433000.0,356999000.0,356999000.0,1443517000.0,213952000.0,1.672,1.037,849456000.0,150293000.0,699163000.0,849456000.0,0.0,83359000.0,0.0,0.007,0.09,381652000.0,465011000.0,0.188,465011000.0,381652000.0,339870000.0,0.767,0.75,0.767,1474918000.0,1382945750.0,1474918000.0,4463645688.0,12.0,9.599,296176000.0,1.053,1.0,1036041000.0,0.418,1643940000.0,41782000.0,1352516000.0,1397350750.0,215149000.0,11363000.0,0.0,11363000.0,1529813000.0,500934000.0,1028879000.0,3872705688.0,101066000.0,-384229000.0,9823000.0,209591000.0,-25120000.0,193218000.0,-487670000.0,1324000.0,400609000.0,-5091000.0,213943000.0,213943000.0,213943000.0,0.0,9000.0,0.086,666692000.0,369349000.0,341364000.0,0.117,2.626,18.102,17.976,423949000.0,0.0,13.787,1.562,1.565,231072000.0,1172022000.0,2479558000.0,2479558000.0,0.0,0.074,0.155,0.273,0.154,10274000.0,666692000.0,1.0,280885272.0,281368000,285712000.0,8.813,1360993000.0,17351000.0,125927000.0,204711000.0,4.837,336804000.0
49,CHD,MRT,2009-03-31,2009-03-27,2009-03-27,2021-08-02,-24017000.0,2900616000.0,2774049750.0,756830000.0,2143786000.0,0.883,4.949,-107321000.0,280241000.0,280241000.0,1453428000.0,201565000.0,1.647,1.086,871181000.0,130899000.0,740282000.0,871181000.0,0.0,77862000.0,0.0,0.007,0.088,363524000.0,441386000.0,0.18,441386000.0,363524000.0,320335000.0,0.733,0.712,0.733,1390281000.0,1314258500.0,1390281000.0,4265517905.0,12.0,9.664,258104000.0,0.919,1.0,996970000.0,0.407,1649319000.0,43189000.0,1382628000.0,1386444000.0,199882000.0,9821000.0,0.0,9821000.0,1510139000.0,459609000.0,1050530000.0,3607375905.0,72179000.0,-384317000.0,11631000.0,223248000.0,-24116000.0,207770000.0,-490960000.0,1324000.0,365425000.0,-10056000.0,201552000.0,201552000.0,201552000.0,0.0,13000.0,0.082,644740000.0,352230000.0,307804000.0,0.12,2.595,17.898,17.541,398965000.0,0.0,12.857,1.472,1.474,216469000.0,1120188000.0,2450398000.0,2450398000.0,0.0,0.073,0.153,0.262,0.148,7334000.0,644740000.0,1.0,280565888.0,280936000,285248000.0,8.722,1251297000.0,17114000.0,118783000.0,204708000.0,4.454,297221000.0
50,CHD,MRT,2008-12-31,2008-12-31,2008-12-31,2021-08-02,-20454000.0,2801438000.0,2665216500.0,665121000.0,2136317000.0,0.909,4.905,-82703000.0,197999000.0,197999000.0,1450680000.0,195182000.0,1.718,1.104,856141000.0,74739000.0,781402000.0,856141000.0,0.0,71404000.0,0.0,0.006,0.085,355197000.0,426601000.0,0.176,426601000.0,355197000.0,308252000.0,0.72,0.695,0.72,1331513000.0,1250020250.0,1331513000.0,4636150031.0,13.0,10.868,253464000.0,0.934,1.0,971718000.0,0.401,1655403000.0,46945000.0,1417056000.0,1368310000.0,198893000.0,10061000.0,0.0,10061000.0,1469733000.0,387121000.0,1082612000.0,3930143031.0,-51810000.0,-384381000.0,12321000.0,100072000.0,-23114000.0,87222000.0,-466161000.0,1263000.0,336167000.0,-9038000.0,195174000.0,195174000.0,195174000.0,0.0,8000.0,0.081,631386000.0,340332000.0,310622000.0,0.118,2.952,20.137,19.486,384519000.0,0.0,14.03,1.622,1.572,211194000.0,1063928000.0,2422398000.0,2422398000.0,0.0,0.073,0.156,0.26,0.147,6115000.0,631386000.0,1.0,280124236.0,271480000,284464000.0,8.923,1146035000.0,15107000.0,113078000.0,173741000.0,4.221,278000000.0
51,CHD,MRT,2008-09-30,2008-09-26,2008-09-26,2021-08-02,26605000.0,2842676000.0,2597979500.0,695392000.0,2147284000.0,0.907,4.88,-40645000.0,175689000.0,175689000.0,1417591000.0,182635000.0,1.681,1.129,881696000.0,79742000.0,801954000.0,881696000.0,0.0,65592000.0,0.0,0.005,0.083,336324000.0,401916000.0,0.171,401916000.0,336324000.0,286618000.0,0.685,0.655,0.685,1335071000.0,1187208250.0,1335071000.0,4563542430.0,14.0,11.354,270902000.0,0.99,1.0,939602000.0,0.399,1697803000.0,49706000.0,1437203000.0,1345770750.0,221867000.0,13701000.0,1324000.0,12377000.0,1507605000.0,413677000.0,1093928000.0,4079747430.0,-2797000.0,-383914000.0,16205000.0,115131000.0,-22093000.0,108606000.0,-423773000.0,1263000.0,311547000.0,823000.0,182622000.0,182622000.0,182622000.0,0.0,13000.0,0.077,621683000.0,317919000.0,325313000.0,0.121,3.056,22.34,22.347,349634000.0,0.0,15.307,1.731,1.777,263680000.0,1026002000.0,2357193000.0,2357193000.0,0.0,0.07,0.154,0.25,0.143,4037000.0,621683000.0,1.0,266519512.0,273600000,285084000.0,8.615,1144873000.0,13280000.0,103996000.0,181035000.0,4.184,281715000.0
52,CHD,MRT,2008-06-30,2008-06-27,2008-06-27,2021-08-02,44146000.0,2551469000.0,2507449500.0,776622000.0,1774847000.0,0.92,4.507,-21689000.0,255933000.0,255933000.0,1389044000.0,185362000.0,2.024,1.126,739728000.0,61077000.0,678651000.0,739728000.0,0.0,59289000.0,0.0,0.006,0.08,343824000.0,403113000.0,0.175,403113000.0,343824000.0,291206000.0,0.7,0.67,0.7,1200169000.0,1110746750.0,1200169000.0,4254607880.0,12.0,10.554,282194000.0,1.06,1.0,917915000.0,0.398,1342656000.0,52618000.0,1308889000.0,1323221500.0,219244000.0,13760000.0,1324000.0,12436000.0,1351300000.0,383719000.0,967581000.0,3714812880.0,149046000.0,-280000.0,13343000.0,-134937000.0,-21180000.0,-139347000.0,-21362000.0,1263000.0,303883000.0,5872000.0,185349000.0,185349000.0,185349000.0,0.0,13000.0,0.08,596929000.0,320986000.0,316512000.0,0.114,3.095,20.042,19.957,339971000.0,0.0,13.97,1.61,1.613,272071000.0,983199000.0,2306959000.0,2306959000.0,0.0,0.074,0.167,0.26,0.149,5571000.0,596929000.0,1.0,265913592.0,266296000,284268000.0,8.663,1208813000.0,13267000.0,105857000.0,175721000.0,4.539,392903000.0
53,CHD,MRT,2008-03-31,2008-03-28,2008-03-28,2021-08-02,33923000.0,2465283000.0,2463391000.0,692789000.0,1772494000.0,0.917,4.271,-27032000.0,208062000.0,208062000.0,1367344000.0,180125000.0,1.983,1.175,747857000.0,54875000.0,692982000.0,747857000.0,0.0,57269000.0,0.0,0.006,0.077,338097000.0,395366000.0,0.175,395366000.0,338097000.0,281901000.0,0.683,0.652,0.683,1133328000.0,1053976500.0,1133328000.0,4128474673.0,12.0,10.442,254768000.0,0.96,1.0,892128000.0,0.395,1345592000.0,56196000.0,1310092000.0,1337565500.0,214966000.0,13229000.0,1324000.0,11905000.0,1331955000.0,349394000.0,982561000.0,3522266673.0,100324000.0,-122000.0,12139000.0,-159072000.0,-20469000.0,-161686000.0,-26795000.0,1263000.0,281800000.0,7005000.0,180117000.0,180117000.0,180117000.0,0.0,8000.0,0.08,576475000.0,315653000.0,269958000.0,0.113,3.108,19.555,19.425,339808000.0,0.0,13.268,1.559,1.558,243513000.0,942752000.0,2259472000.0,2259472000.0,0.0,0.073,0.171,0.253,0.15,5305000.0,576475000.0,1.0,265480812.0,265372000,283268000.0,8.514,1119691000.0,13370000.0,101784000.0,185713000.0,4.219,343395000.0
54,CHD,MRT,2007-12-31,2007-12-31,2007-12-31,2021-08-02,39128000.0,2532490000.0,2437238000.0,735353000.0,1797137000.0,0.911,4.102,-41663000.0,249809000.0,249809000.0,1353042000.0,169031000.0,1.606,1.344,856017000.0,148706000.0,707311000.0,856017000.0,0.0,56671000.0,0.0,0.006,0.075,323817000.0,380488000.0,0.171,380488000.0,323817000.0,264925000.0,0.642,0.615,0.642,1080265000.0,1001096250.0,1080265000.0,4255173460.0,13.0,11.183,207014000.0,0.786,1.0,867898000.0,0.391,1354010000.0,58892000.0,1326899000.0,1352944250.0,213651000.0,10324000.0,0.0,10324000.0,1452225000.0,457789000.0,994436000.0,3567155460.0,139333000.0,-218000.0,15823000.0,-77377000.0,-19746000.0,-73619000.0,-42522000.0,0.0,248677000.0,6797000.0,169025000.0,169025000.0,169025000.0,0.0,6000.0,0.076,562864000.0,305034000.0,303071000.0,0.117,3.302,21.104,21.055,350853000.0,0.0,13.518,1.606,1.603,247898000.0,891868000.0,2220940000.0,2220940000.0,0.0,0.069,0.169,0.239,0.146,3735000.0,562864000.0,1.0,263891656.0,263360000,281248000.0,8.433,1178480000.0,13508000.0,95900000.0,168758000.0,4.475,277564000.0
55,CHD,MRT,2007-09-30,2007-09-28,2007-09-28,2021-08-02,26016000.0,2480556000.0,2387654000.0,687784000.0,1792772000.0,0.908,3.904,-43420000.0,178486000.0,178486000.0,1316985000.0,161258000.0,1.488,1.41,866504000.0,150674000.0,715830000.0,866504000.0,0.0,56682000.0,0.0,0.006,0.073,308229000.0,364911000.0,0.168,364911000.0,308229000.0,247724000.0,0.613,0.59,0.613,1029225000.0,946989250.0,1029225000.0,3867862836.0,13.0,10.599,192993000.0,0.732,1.0,850368000.0,0.392,1359355000.0,60505000.0,1347006000.0,1357975000.0,220150000.0,14930000.0,1263000.0,13667000.0,1451331000.0,462213000.0,989118000.0,3100111836.0,82673000.0,-526000.0,12649000.0,-116052000.0,-19035000.0,-114769000.0,-45003000.0,1205000.0,236413000.0,6032000.0,161258000.0,161258000.0,161258000.0,0.0,0.0,0.074,558823000.0,291545000.0,298719000.0,0.119,3.012,19.225,19.184,346850000.0,0.0,11.76,1.43,1.431,271802000.0,865473000.0,2167353000.0,2167353000.0,0.0,0.068,0.17,0.227,0.142,4180000.0,558823000.0,1.0,263614952.0,263652000,281364000.0,8.221,1121201000.0,5353000.0,86466000.0,162776000.0,4.253,225571000.0
56,CHD,MRT,2007-06-30,2007-06-29,2007-06-29,2021-08-02,21281000.0,2375235000.0,2357322500.0,588584000.0,1786651000.0,0.893,3.697,-51804000.0,106887000.0,106887000.0,1281572000.0,148206000.0,1.419,1.441,874638000.0,150392000.0,724246000.0,874638000.0,0.0,55837000.0,0.0,0.006,0.07,285724000.0,341561000.0,0.162,341561000.0,285724000.0,225103000.0,0.568,0.545,0.568,973088000.0,898401250.0,973088000.0,3987338546.0,14.0,11.674,181205000.0,0.688,1.0,823921000.0,0.391,1361830000.0,60621000.0,1366265000.0,1376372000.0,211504000.0,15760000.0,1263000.0,14497000.0,1402147000.0,414891000.0,987256000.0,3188194546.0,-3300000.0,-330280000.0,14549000.0,137568000.0,-18308000.0,140717000.0,-381645000.0,1205000.0,233009000.0,4619000.0,148206000.0,148206000.0,148206000.0,0.0,0.0,0.07,552102000.0,271819000.0,261140000.0,0.123,3.276,21.512,21.329,344009000.0,0.0,12.115,1.514,1.515,245348000.0,819031000.0,2105493000.0,2105493000.0,0.0,0.063,0.165,0.208,0.136,3307000.0,552102000.0,1.0,263160920.0,263216000,281288000.0,7.999,1013405000.0,6542000.0,76897000.0,145406000.0,3.85,173693000.0
57,CHD,MRT,2007-03-31,2007-03-30,2007-03-30,2021-08-02,13132000.0,2360671000.0,2266832750.0,577377000.0,1783294000.0,0.89,3.515,-48336000.0,107738000.0,107738000.0,1225584000.0,144079000.0,1.359,1.561,906882000.0,151055000.0,755827000.0,906882000.0,0.0,53857000.0,0.0,0.005,0.068,275211000.0,329068000.0,0.163,329068000.0,275211000.0,217271000.0,0.552,0.532,0.552,921807000.0,852705250.0,921807000.0,4125926289.0,15.0,12.538,154136000.0,0.588,1.0,792021000.0,0.393,1363450000.0,57940000.0,1371607000.0,1332398000.0,214448000.0,16017000.0,1263000.0,14754000.0,1438864000.0,424758000.0,1014106000.0,3303066289.0,-15303000.0,-337750000.0,16343000.0,156848000.0,-17582000.0,163198000.0,-386102000.0,1205000.0,202472000.0,5129000.0,144079000.0,144079000.0,144079000.0,0.0,0.0,0.071,530096000.0,261925000.0,260620000.0,0.123,3.583,22.925,22.803,337025000.0,0.0,12.588,1.637,1.636,229708000.0,783104000.0,2017605000.0,2017605000.0,0.0,0.064,0.169,0.207,0.136,1765000.0,530096000.0,1.0,262408444.0,262280000,280096000.0,7.693,997221000.0,8665000.0,73192000.0,150910000.0,3.802,152619000.0
58,CHD,MRT,2006-12-31,2006-12-31,2006-12-31,2021-08-02,12153000.0,2334154000.0,2171995000.0,556070000.0,1778084000.0,0.896,3.33,-47598000.0,110476000.0,110476000.0,1184524000.0,138927000.0,1.251,1.702,933336000.0,140411000.0,792925000.0,933336000.0,0.0,51727000.0,0.0,0.006,0.065,267126000.0,318853000.0,0.164,318853000.0,267126000.0,213098000.0,0.535,0.517,0.535,863837000.0,807509750.0,863837000.0,3669215973.0,14.0,11.508,138846000.0,0.535,1.0,761137000.0,0.391,1365588000.0,54028000.0,1347022000.0,1278040000.0,194900000.0,15620000.0,0.0,15620000.0,1470317000.0,444404000.0,1025913000.0,2782220973.0,-16202000.0,-338214000.0,12195000.0,176742000.0,-16868000.0,177653000.0,-385516000.0,2355000.0,186444000.0,5217000.0,138927000.0,138927000.0,138927000.0,0.0,0.0,0.071,509035000.0,252102000.0,290546000.0,0.121,3.221,20.026,19.93,340484000.0,0.0,10.662,1.43,1.422,231403000.0,740130000.0,1945661000.0,1945661000.0,0.0,0.064,0.172,0.209,0.137,3016000.0,509035000.0,1.0,260935144.0,259424000,275784000.0,7.5,968566000.0,9410000.0,74171000.0,147716000.0,3.734,111666000.0
59,CHD,MRT,2006-09-30,2006-09-29,2006-09-29,2021-08-02,11356000.0,2359230000.0,2078985750.0,566148000.0,1793082000.0,0.89,3.213,-27934000.0,95813000.0,95813000.0,1153750000.0,131244000.0,1.267,1.826,982808000.0,142726000.0,840082000.0,982808000.0,0.0,48878000.0,0.0,0.006,0.062,251295000.0,300173000.0,0.162,300173000.0,251295000.0,202070000.0,0.508,0.49,0.508,834873000.0,765770000.0,834873000.0,3165567092.0,13.0,10.546,140255000.0,0.54,1.0,697077000.0,0.377,1378875000.0,49225000.0,1420594000.0,1220441000.0,206720000.0,16600000.0,1205000.0,15395000.0,1524357000.0,446756000.0,1077601000.0,2538321092.0,-63983000.0,-419215000.0,10369000.0,221569000.0,-16158000.0,218644000.0,-453462000.0,1150000.0,168189000.0,2646000.0,131244000.0,131244000.0,131244000.0,0.0,0.0,0.071,457307000.0,239770000.0,288833000.0,0.122,3.04,19.34,19.247,335916000.0,0.0,9.777,1.371,1.373,248606000.0,720791000.0,1850827000.0,1850827000.0,0.0,0.063,0.171,0.206,0.136,2318000.0,457307000.0,1.0,259608396.0,259864000,276260000.0,7.122,980355000.0,4121000.0,70826000.0,160399000.0,3.773,119392000.0
60,CHD,MRT,2006-06-30,2006-06-30,2006-06-30,2021-08-02,9533000.0,2013276000.0,1973537750.0,537953000.0,1475323000.0,0.899,3.054,-27781000.0,110187000.0,110187000.0,1113345000.0,127178000.0,1.414,1.547,737433000.0,127647000.0,609786000.0,737433000.0,0.0,46967000.0,0.0,0.007,0.06,235088000.0,282055000.0,0.159,282055000.0,235088000.0,189575000.0,0.493,0.475,0.493,790304000.0,728592500.0,790304000.0,2982220103.0,13.0,10.573,126858000.0,0.49,1.0,661647000.0,0.373,1069637000.0,45513000.0,1190369000.0,1154724000.0,192131000.0,17353000.0,1205000.0,16148000.0,1222972000.0,380516000.0,842456000.0,2354455103.0,724000.0,-89071000.0,12414000.0,-33308000.0,-15458000.0,-33331000.0,-118205000.0,1150000.0,154639000.0,-2379000.0,127178000.0,127178000.0,127178000.0,0.0,0.0,0.072,436877000.0,224770000.0,231828000.0,0.122,2.979,18.513,18.469,329842000.0,0.0,9.105,1.326,1.328,214759000.0,686673000.0,1774992000.0,1774992000.0,0.0,0.064,0.175,0.204,0.132,1120000.0,436877000.0,1.0,258589248.0,258808000,275072000.0,6.858,943639000.0,7720000.0,62397000.0,155998000.0,3.646,157437000.0
61,CHD,MRT,2006-03-31,2006-03-31,2006-03-31,2021-08-02,1331000.0,1981320000.0,1943355000.0,514635000.0,1466685000.0,0.905,2.873,-25596000.0,123041000.0,123041000.0,1112468000.0,125152000.0,1.311,1.674,750806000.0,133982000.0,616824000.0,750806000.0,0.0,45747000.0,0.0,0.007,0.06,228140000.0,273887000.0,0.156,273887000.0,228140000.0,183363000.0,0.488,0.467,0.488,741025000.0,691976250.0,741025000.0,3010609407.0,13.0,10.992,146922000.0,0.57,1.0,645755000.0,0.367,1062372000.0,44777000.0,1154175000.0,1155224750.0,180696000.0,17032000.0,1205000.0,15827000.0,1240295000.0,392538000.0,847757000.0,2380744407.0,21139000.0,-82182000.0,16625000.0,-40471000.0,-15387000.0,-38134000.0,-110639000.0,1150000.0,172518000.0,-2606000.0,125152000.0,125152000.0,125152000.0,0.0,0.0,0.071,427811000.0,217944000.0,227277000.0,0.123,3.213,19.023,18.914,328392000.0,0.0,9.23,1.354,1.354,189307000.0,654148000.0,1758223000.0,1758223000.0,0.0,0.064,0.181,0.197,0.13,61000.0,427811000.0,1.0,257935472.0,257912000,274196000.0,6.817,918948000.0,8983000.0,58211000.0,163827000.0,3.563,122097000.0
62,CHD,MRT,2005-12-31,2005-12-31,2005-12-31,2021-08-02,-454000.0,1962117000.0,1913259000.0,494438000.0,1467679000.0,0.908,2.728,-22991000.0,126678000.0,126678000.0,1099506000.0,122906000.0,1.207,1.816,756543000.0,121282000.0,635261000.0,756543000.0,0.0,44158000.0,0.0,0.007,0.06,219072000.0,263230000.0,0.152,263230000.0,219072000.0,174974000.0,0.48,0.458,0.48,696878000.0,656972500.0,696878000.0,2725790715.0,12.0,10.355,167116000.0,0.654,1.0,637000000.0,0.367,1065646000.0,44098000.0,1116626000.0,1166235000.0,156149000.0,18139000.0,1150000.0,16989000.0,1265239000.0,409710000.0,855529000.0,2124647715.0,-18862000.0,-81878000.0,17167000.0,-102082000.0,-15315000.0,-101224000.0,-105114000.0,1015000.0,190107000.0,-2631000.0,122906000.0,122906000.0,122906000.0,0.0,0.0,0.071,424224000.0,212776000.0,255438000.0,0.125,3.049,17.287,17.203,326903000.0,0.0,8.258,1.224,1.215,187863000.0,618071000.0,1736506000.0,1736506000.0,0.0,0.064,0.187,0.188,0.126,0.0,424224000.0,1.0,257299148.0,255428000,277156000.0,6.798,896471000.0,11217000.0,52068000.0,157872000.0,3.51,84728000.0
63,CHD,MRT,2005-09-30,2005-09-30,2005-09-30,2021-08-02,2440000.0,1937438000.0,1892229250.0,542170000.0,1395268000.0,0.904,2.676,-39621000.0,159796000.0,159796000.0,1056979000.0,118607000.0,1.392,1.824,760939000.0,114662000.0,646277000.0,760939000.0,0.0,43624000.0,0.0,0.006,0.06,213629000.0,257253000.0,0.15,257253000.0,213629000.0,169256000.0,0.468,0.443,0.468,686163000.0,622760500.0,686163000.0,3027145667.0,14.0,11.767,142227000.0,0.555,1.0,653229000.0,0.382,991307000.0,44373000.0,1157726000.0,1199011750.0,159687000.0,19108000.0,1213000.0,17895000.0,1251275000.0,389548000.0,861727000.0,2365696667.0,14356000.0,997000.0,24213000.0,-142487000.0,-15198000.0,-138857000.0,-30411000.0,-735000.0,181848000.0,1776000.0,118607000.0,118607000.0,118607000.0,0.0,0.0,0.069,433894000.0,219335000.0,244426000.0,0.128,3.448,19.946,19.733,332865000.0,0.0,9.235,1.383,1.385,201142000.0,605705000.0,1710208000.0,1710208000.0,0.0,0.063,0.19,0.178,0.125,0.0,433894000.0,1.0,256166396.0,256408000,278136000.0,6.67,946131000.0,8085000.0,50649000.0,148309000.0,3.69,152622000.0
64,CHD,MRT,2005-06-30,2005-07-01,2005-07-01,2021-08-02,-1170000.0,1892545000.0,1874214500.0,501143000.0,1391402000.0,0.901,2.528,-37922000.0,109463000.0,109463000.0,1041487000.0,111410000.0,1.34,1.939,770912000.0,117293000.0,653619000.0,770912000.0,0.0,42556000.0,0.0,0.007,0.06,214575000.0,257131000.0,0.152,257131000.0,214575000.0,163309000.0,0.443,0.42,0.443,643839000.0,584146750.0,643839000.0,2987356504.0,14.0,11.618,144527000.0,0.567,1.0,646288000.0,0.383,987526000.0,51266000.0,1192372000.0,1235909750.0,158320000.0,20387000.0,1213000.0,19174000.0,1248706000.0,374096000.0,874610000.0,2298800504.0,-10098000.0,-3859000.0,24772000.0,-164556000.0,-15060000.0,-160166000.0,-38419000.0,1015000.0,182449000.0,6038000.0,111410000.0,111410000.0,111410000.0,0.0,0.0,0.066,427441000.0,218847000.0,233747000.0,0.135,3.57,20.634,20.435,333612000.0,0.0,9.053,1.362,1.366,205000000.0,574953000.0,1687775000.0,1687775000.0,0.0,0.059,0.191,0.174,0.127,0.0,427441000.0,1.0,253940956.0,254684000,276888000.0,6.627,905019000.0,4658000.0,51899000.0,144638000.0,3.553,127047000.0
65,CHD,MRT,2005-03-31,2005-04-01,2005-04-01,2021-08-02,-1385000.0,1860936000.0,1864772500.0,478245000.0,1382691000.0,0.851,2.373,-36699000.0,101902000.0,101902000.0,989682000.0,96603000.0,1.307,2.096,790458000.0,111102000.0,679356000.0,790458000.0,0.0,41004000.0,0.0,0.007,0.058,188153000.0,229157000.0,0.144,229157000.0,188153000.0,140667000.0,0.388,0.368,0.388,601010000.0,546982500.0,601010000.0,2968848759.0,16.0,12.956,162381000.0,0.641,1.0,597063000.0,0.376,985380000.0,47486000.0,1198216000.0,1287124500.0,157837000.0,20127000.0,1213000.0,18914000.0,1259926000.0,365896000.0,894030000.0,2255646759.0,35236000.0,-196561000.0,18858000.0,64827000.0,-14535000.0,60498000.0,-228679000.0,1015000.0,199080000.0,4337000.0,96603000.0,96603000.0,96603000.0,0.0,0.0,0.061,396618000.0,200445000.0,231196000.0,0.149,3.753,23.35,22.932,331212000.0,0.0,8.898,1.422,1.42,187944000.0,544382000.0,1586745000.0,1586745000.0,0.0,0.052,0.177,0.146,0.119,172000.0,396618000.0,1.0,253514668.0,253284000,276008000.0,6.265,875556000.0,5308000.0,44064000.0,137936000.0,3.457,112349000.0
66,CHD,MRT,2004-12-31,2004-12-31,2004-12-31,2021-08-02,-3110000.0,1877998000.0,1681372250.0,493796000.0,1384202000.0,0.87,2.263,-34228000.0,145540000.0,145540000.0,928674000.0,88808000.0,1.381,2.353,858742000.0,104036000.0,754706000.0,858742000.0,0.0,39093000.0,0.0,0.007,0.057,168846000.0,207939000.0,0.142,207939000.0,168846000.0,127439000.0,0.36,0.34,0.36,560030000.0,514676000.0,560030000.0,2853601699.0,17.0,13.723,164802000.0,0.666,1.0,533388000.0,0.365,985928000.0,41407000.0,1247733000.0,1191153750.0,148898000.0,22021000.0,1015000.0,21006000.0,1317968000.0,357539000.0,960429000.0,2097207699.0,69906000.0,-197782000.0,18633000.0,100366000.0,-14005000.0,96381000.0,-229807000.0,942000.0,199030000.0,4302000.0,88808000.0,88808000.0,88808000.0,0.0,0.0,0.061,361635000.0,171753000.0,242024000.0,0.158,3.745,23.615,23.347,332204000.0,0.0,8.405,1.434,1.423,166203000.0,510480000.0,1462062000.0,1462062000.0,0.0,0.053,0.173,0.142,0.115,0.0,361635000.0,1.0,249519060.0,247472000,272264000.0,5.908,892070000.0,7600000.0,38631000.0,119695000.0,3.605,136257000.0
67,CHD,MRT,2004-09-30,2004-10-01,2004-10-01,2021-08-02,-7941000.0,1865379000.0,1491777000.0,526778000.0,1338601000.0,0.901,2.144,-31064000.0,145440000.0,145440000.0,882964000.0,92747000.0,1.392,2.508,901834000.0,112158000.0,789676000.0,901834000.0,0.0,36815000.0,0.0,0.008,0.055,168960000.0,205775000.0,0.153,205775000.0,168960000.0,133940000.0,0.378,0.357,0.378,531708000.0,484292000.0,531708000.0,2528482711.0,15.0,12.288,157777000.0,0.636,1.0,460869000.0,0.343,938017000.0,35020000.0,1305318000.0,1086759750.0,152666000.0,21989000.0,1015000.0,20974000.0,1333671000.0,378438000.0,955233000.0,1715196711.0,68744000.0,-312319000.0,16407000.0,223305000.0,-13498000.0,220425000.0,-341040000.0,2692000.0,188841000.0,518000.0,92747000.0,92747000.0,92747000.0,0.0,0.0,0.069,298433000.0,162436000.0,249087000.0,0.146,3.226,18.493,18.353,330827000.0,0.0,6.938,1.276,1.28,198141000.0,502296000.0,1343833000.0,1343833000.0,0.0,0.062,0.192,0.155,0.126,0.0,298433000.0,1.0,247235562.0,248020000,272644000.0,5.418,927362000.0,10285000.0,41193000.0,97653000.0,3.739,148340000.0
68,CHD,MRT,2004-06-30,2004-07-02,2004-07-02,2021-08-02,-9328000.0,1854777000.0,1279524250.0,518514000.0,1336263000.0,0.929,2.01,-29287000.0,119561000.0,119561000.0,808267000.0,84868000.0,1.547,2.746,932847000.0,74613000.0,858234000.0,932847000.0,0.0,33987000.0,0.0,0.007,0.053,147213000.0,181200000.0,0.152,181200000.0,147213000.0,125158000.0,0.348,0.33,0.348,495182000.0,455358750.0,495182000.0,2162427793.0,15.0,11.934,127116000.0,0.516,1.0,380822000.0,0.32,935652000.0,22055000.0,1397231000.0,942265750.0,157981000.0,22429000.0,1015000.0,21414000.0,1359595000.0,335180000.0,1024415000.0,1864695793.0,65550000.0,-306666000.0,12168000.0,253880000.0,-13013000.0,244126000.0,-336088000.0,942000.0,156403000.0,1109000.0,84868000.0,84868000.0,84868000.0,0.0,0.0,0.071,242913000.0,137909000.0,241935000.0,0.152,3.766,21.972,21.758,327293000.0,0.0,7.572,1.568,1.569,206093000.0,478603000.0,1189089000.0,1189089000.0,0.0,0.066,0.186,0.156,0.124,0.0,242913000.0,1.0,246272832.0,246384000,272296000.0,4.826,919125000.0,12779000.0,40290000.0,97820000.0,3.73,183334000.0
69,CHD,MRT,2004-03-31,2004-04-02,2004-04-02,2021-08-02,-12147000.0,1127335000.0,1063996750.0,287117000.0,840218000.0,1.038,1.923,-29947000.0,66666000.0,66666000.0,763848000.0,89921000.0,1.23,1.39,364398000.0,68547000.0,295851000.0,364398000.0,0.0,31700000.0,0.0,0.007,0.052,149269000.0,180969000.0,0.164,180969000.0,149269000.0,129518000.0,0.369,0.353,0.369,471784000.0,430900500.0,471784000.0,2120047141.0,14.0,11.715,91797000.0,0.374,1.0,340719000.0,0.308,377391000.0,19751000.0,814333000.0,774733250.0,98323000.0,172377000.0,1015000.0,171362000.0,655551000.0,233343000.0,422208000.0,1798635141.0,-576000.0,-111769000.0,12953000.0,23299000.0,-12768000.0,17944000.0,-141077000.0,942000.0,121744000.0,813000.0,89921000.0,89921000.0,89921000.0,0.0,0.0,0.081,219189000.0,121530000.0,145021000.0,0.141,3.812,20.002,19.833,257026000.0,0.0,7.318,1.628,1.625,101368000.0,462315000.0,1104567000.0,1104567000.0,0.0,0.085,0.209,0.193,0.135,0.0,219189000.0,1.0,245771142.0,245292000,270840000.0,4.503,749944000.0,13171000.0,39597000.0,86808000.0,3.057,53774000.0
70,CHD,MRT,2003-12-31,2003-12-31,2003-12-31,2021-08-02,-13962000.0,1119617000.0,1028540500.0,289222000.0,830395000.0,1.028,1.817,-30674000.0,75634000.0,75634000.0,738883000.0,80961000.0,1.246,1.553,397046000.0,65897000.0,331149000.0,397046000.0,0.0,30224000.0,0.0,0.008,0.052,137335000.0,167559000.0,0.159,167559000.0,137335000.0,116935000.0,0.335,0.32,0.335,438494000.0,404952000.0,438494000.0,1843668846.0,13.0,11.003,88635000.0,0.367,1.0,317991000.0,0.301,378818000.0,20400000.0,830157000.0,751335000.0,84176000.0,162283000.0,942000.0,161341000.0,681123000.0,232054000.0,449069000.0,1601672846.0,-668000.0,-112671000.0,12640000.0,27283000.0,-12495000.0,21859000.0,-142649000.0,870000.0,119309000.0,813000.0,80961000.0,80961000.0,80961000.0,0.0,0.0,0.077,206140000.0,111851000.0,148958000.0,0.155,3.653,19.783,19.701,258010000.0,0.0,6.6,1.515,1.507,107553000.0,435677000.0,1056874000.0,1056874000.0,0.0,0.079,0.2,0.183,0.13,0.0,206140000.0,1.0,242677704.0,241364000,258032000.0,4.379,740799000.0,14109000.0,35974000.0,78199000.0,3.069,57168000.0
71,CHD,MRT,2003-09-30,2003-09-26,2003-09-26,2021-08-02,-14205000.0,1016368000.0,995696500.0,280174000.0,736194000.0,1.043,1.72,-29085000.0,76696000.0,76696000.0,723443000.0,80634000.0,1.18,1.443,318692000.0,64118000.0,254574000.0,318692000.0,0.0,28871000.0,0.0,0.009,0.051,138943000.0,167814000.0,0.162,167814000.0,138943000.0,118101000.0,0.333,0.322,0.333,415975000.0,382240000.0,415975000.0,1645608989.0,12.0,9.806,90565000.0,0.374,1.0,314782000.0,0.303,293643000.0,20842000.0,727342000.0,744487500.0,78411000.0,160596000.0,942000.0,159654000.0,600393000.0,237379000.0,363014000.0,1379895989.0,548000.0,2238000.0,8028000.0,-84297000.0,-12249000.0,-92436000.0,-27777000.0,870000.0,119650000.0,1111000.0,80634000.0,80634000.0,80634000.0,0.0,0.0,0.078,207233000.0,107549000.0,152252000.0,0.153,3.317,17.113,17.142,247325000.0,0.0,5.708,1.329,1.33,101582000.0,423047000.0,1038225000.0,1038225000.0,0.0,0.081,0.211,0.187,0.134,0.0,207233000.0,1.0,241733604.0,241908000,253488000.0,4.292,722725000.0,16841000.0,37467000.0,86691000.0,2.988,42795000.0
72,CHD,MRT,2003-06-30,2003-06-27,2003-06-27,2021-08-02,-13851000.0,992667000.0,988156500.0,266553000.0,726114000.0,1.049,1.65,-31184000.0,54011000.0,54011000.0,721005000.0,78687000.0,1.125,1.498,319724000.0,66481000.0,253243000.0,319724000.0,0.0,28793000.0,0.0,0.009,0.05,137242000.0,166035000.0,0.16,166035000.0,137242000.0,115558000.0,0.327,0.314,0.327,397349000.0,361412250.0,397349000.0,1580626817.0,12.0,9.52,79607000.0,0.331,1.0,315440000.0,0.304,294373000.0,21684000.0,727101000.0,776537500.0,86535000.0,158187000.0,942000.0,157245000.0,595318000.0,236906000.0,358412000.0,1307847817.0,-21274000.0,-762000.0,6635000.0,-99901000.0,-12011000.0,-105529000.0,-26783000.0,5870000.0,110791000.0,247000.0,78687000.0,78687000.0,78687000.0,0.0,0.0,0.076,208616000.0,106824000.0,152728000.0,0.153,3.291,16.621,16.626,244839000.0,0.0,5.437,1.262,1.263,102383000.0,406748000.0,1036445000.0,1036445000.0,0.0,0.08,0.218,0.177,0.132,0.0,208616000.0,1.0,240560604.0,240792000,252432000.0,4.304,698294000.0,17883000.0,36871000.0,80391000.0,2.9,29647000.0
73,CHD,MRT,2003-03-31,2003-03-28,2003-03-28,2021-08-02,-17592000.0,985510000.0,988915250.0,275189000.0,710321000.0,1.05,1.535,-33457000.0,67242000.0,67242000.0,726840000.0,72713000.0,1.135,1.678,340021000.0,66418000.0,273603000.0,340021000.0,0.0,28916000.0,0.0,0.01,0.05,133872000.0,162788000.0,0.157,162788000.0,133872000.0,110806000.0,0.303,0.291,0.303,367990000.0,342430500.0,367990000.0,1475598226.0,11.0,9.065,89492000.0,0.373,1.0,311805000.0,0.3,295093000.0,23066000.0,720740000.0,813056750.0,85912000.0,146211000.0,942000.0,145269000.0,617520000.0,242456000.0,375064000.0,1183467226.0,13390000.0,-1490000.0,9908000.0,-77246000.0,-11941000.0,-80006000.0,-29800000.0,5870000.0,122949000.0,247000.0,72713000.0,72713000.0,72713000.0,0.0,0.0,0.07,205737000.0,106068000.0,157768000.0,0.165,3.216,16.276,16.271,240755000.0,0.0,4.93,1.139,1.138,96831000.0,385162000.0,1038645000.0,1038645000.0,0.0,0.074,0.212,0.165,0.129,0.0,205737000.0,1.0,240054204.0,239670000,251112000.0,4.334,690417000.0,17958000.0,38093000.0,78347000.0,2.881,32733000.0
74,CHD,MRT,2002-12-31,2002-12-31,2002-12-31,2021-08-02,-16919000.0,988241000.0,984656750.0,285436000.0,702805000.0,1.063,1.462,-37279000.0,76302000.0,76302000.0,735928000.0,66690000.0,1.541,1.843,368433000.0,15945000.0,352488000.0,368433000.0,0.0,27890000.0,0.0,0.01,0.05,125066000.0,152956000.0,0.146,152956000.0,125066000.0,101092000.0,0.28,0.268,0.28,347646000.0,325360250.0,347646000.0,1538151533.0,12.0,10.056,76490000.0,0.322,1.0,311221000.0,0.297,292424000.0,23974000.0,802767000.0,851442000.0,82674000.0,142537000.0,870000.0,141667000.0,640595000.0,185181000.0,455414000.0,1213558533.0,23856000.0,-5817000.0,10868000.0,-50294000.0,-11888000.0,-51790000.0,-38370000.0,5803000.0,113769000.0,247000.0,66690000.0,66690000.0,66690000.0,0.0,0.0,0.064,206707000.0,104514000.0,156921000.0,0.179,3.491,18.197,18.113,240007000.0,0.0,5.072,1.159,1.152,100252000.0,367211000.0,1047149000.0,1047149000.0,0.0,0.068,0.205,0.147,0.119,0.0,206707000.0,1.0,239281998.0,237780000,250856000.0,4.404,695817000.0,18154000.0,34402000.0,69418000.0,2.926,100255000.0
75,CHD,MRT,2002-09-30,2002-09-27,2002-09-27,2021-08-02,-15624000.0,986208000.0,974867750.0,300443000.0,685765000.0,1.071,1.393,-42250000.0,76148000.0,76148000.0,739825000.0,57263000.0,1.618,1.965,400741000.0,20772000.0,379969000.0,400741000.0,0.0,29513000.0,0.0,0.009,0.05,113149000.0,142662000.0,0.137,142662000.0,113149000.0,88892000.0,0.242,0.23,0.242,332664000.0,309024500.0,332664000.0,1648461685.0,15.0,11.555,55859000.0,0.234,1.0,304145000.0,0.291,269624000.0,24257000.0,855542000.0,863393750.0,89133000.0,139986000.0,870000.0,139116000.0,653544000.0,185635000.0,467909000.0,1304115685.0,39398000.0,-5432000.0,10565000.0,-16735000.0,-11830000.0,-18969000.0,-39666000.0,9887000.0,98109000.0,-76000.0,57263000.0,57263000.0,57263000.0,0.0,0.0,0.055,200247000.0,103898000.0,158825000.0,0.207,3.92,22.774,22.576,240975000.0,0.0,5.463,1.249,1.25,102600000.0,354662000.0,1043970000.0,1043970000.0,0.0,0.059,0.185,0.131,0.108,0.0,200907000.0,1.0,238703298.0,238764000,251250000.0,4.372,716584000.0,25260000.0,31629000.0,53602000.0,3.001,114808000.0
76,CHD,MRT,2002-06-30,2002-06-28,2002-06-28,2021-08-02,-11494000.0,995702000.0,961166750.0,315028000.0,680674000.0,1.06,1.353,-38128000.0,75285000.0,75285000.0,723763000.0,54934000.0,1.618,2.098,419631000.0,20430000.0,399201000.0,419631000.0,0.0,29478000.0,0.0,0.01,0.05,107588000.0,137066000.0,0.135,137066000.0,107588000.0,85716000.0,0.233,0.222,0.233,321422000.0,295184250.0,321422000.0,1601115128.0,15.0,11.681,51289000.0,0.216,1.0,294793000.0,0.289,272146000.0,21872000.0,873178000.0,869389250.0,97137000.0,141353000.0,5870000.0,135483000.0,674280000.0,194724000.0,479556000.0,1235737128.0,58030000.0,-239299000.0,11290000.0,266695000.0,-11769000.0,256140000.0,-287451000.0,-6494000.0,89417000.0,-76000.0,54934000.0,54934000.0,54934000.0,0.0,0.0,0.054,193209000.0,101584000.0,169296000.0,0.215,3.845,22.495,22.411,239546000.0,0.0,5.222,1.213,1.218,107257000.0,340072000.0,1018556000.0,1018556000.0,0.0,0.057,0.186,0.124,0.106,0.0,193869000.0,1.0,236655690.0,237504000,251130000.0,4.289,723556000.0,24906000.0,30782000.0,45328000.0,3.047,120304000.0
77,CHD,MRT,2002-03-31,2002-03-29,2002-03-29,2021-08-02,-8913000.0,968476000.0,871282750.0,294892000.0,673584000.0,1.136,1.272,-34345000.0,53852000.0,53852000.0,701334000.0,49760000.0,1.578,2.231,419230000.0,12235000.0,406995000.0,419230000.0,0.0,28084000.0,0.0,0.01,0.049,94417000.0,122501000.0,0.124,122501000.0,94417000.0,77462000.0,0.213,0.202,0.213,299709000.0,281268000.0,299709000.0,1524428501.0,16.0,12.444,18313000.0,0.078,1.0,288395000.0,0.291,272694000.0,16955000.0,874281000.0,720537750.0,101970000.0,132288000.0,5870000.0,126418000.0,668767000.0,186879000.0,481888000.0,1158730501.0,35078000.0,-334442000.0,8866000.0,377062000.0,-11518000.0,364809000.0,-382313000.0,-10497000.0,52658000.0,-76000.0,49760000.0,49760000.0,49760000.0,0.0,0.0,0.05,188599000.0,99796000.0,169810000.0,0.23,3.866,23.286,23.052,239375000.0,0.0,4.91,1.171,1.169,101551000.0,324390000.0,989729000.0,989729000.0,0.0,0.057,0.177,0.131,0.095,0.0,189259000.0,1.0,235993992.0,235602000,248928000.0,4.201,695782000.0,24580000.0,27702000.0,41943000.0,2.953,108013000.0
78,CHD,MRT,2001-12-31,2001-12-31,2001-12-31,2021-08-02,-9728000.0,949085000.0,750497250.0,293207000.0,655878000.0,1.279,1.21,-31556000.0,52446000.0,52446000.0,680211000.0,46984000.0,1.496,2.362,418144000.0,11580000.0,406564000.0,418144000.0,0.0,27843000.0,0.0,0.011,0.048,85392000.0,113235000.0,0.118,113235000.0,85392000.0,73855000.0,0.202,0.192,0.202,282303000.0,269336000.0,282303000.0,1422111534.0,17.0,12.559,10165000.0,0.044,1.0,279496000.0,0.291,268193000.0,11537000.0,850574000.0,566598250.0,101214000.0,132875000.0,5803000.0,127072000.0,666782000.0,196016000.0,470766000.0,1041193534.0,30873000.0,-331712000.0,9168000.0,378094000.0,-11275000.0,366386000.0,-377158000.0,-10303000.0,41721000.0,-76000.0,46984000.0,46984000.0,46984000.0,0.0,0.0,0.049,185975000.0,93521000.0,176176000.0,0.238,3.688,22.161,21.972,231449000.0,0.0,4.438,1.085,1.079,106291000.0,312409000.0,959707000.0,959707000.0,0.0,0.063,0.174,0.151,0.089,0.0,186635000.0,1.0,234591108.0,233274000,244914000.0,4.114,680892000.0,19849000.0,26871000.0,35292000.0,2.919,97191000.0
79,CHD,MRT,2001-09-30,2001-09-28,2001-09-28,2021-08-02,-10748000.0,931404000.0,627134000.0,283643000.0,647761000.0,1.255,1.185,-27731000.0,36750000.0,36750000.0,605028000.0,51559000.0,1.5,2.359,417668000.0,2535000.0,415133000.0,417668000.0,0.0,26639000.0,0.0,0.011,0.048,85623000.0,112262000.0,0.143,112262000.0,85623000.0,79722000.0,0.223,0.212,0.223,277303000.0,257422750.0,277303000.0,1141552608.0,13.0,10.169,18663000.0,0.08,1.0,182146000.0,0.231,243763000.0,5901000.0,879524000.0,412975000.0,106743000.0,138719000.0,9887000.0,128832000.0,654101000.0,189035000.0,465066000.0,1007660608.0,18347000.0,-327522000.0,11085000.0,355200000.0,-11015000.0,346638000.0,-374685000.0,-13392000.0,46394000.0,0.0,51559000.0,51559000.0,51559000.0,0.0,0.0,0.065,97004000.0,85142000.0,174628000.0,0.215,3.634,19.544,19.32,239375000.0,0.0,4.308,1.28,1.281,106934000.0,309229000.0,787174000.0,787174000.0,0.0,0.082,0.2,0.207,0.109,0.0,97004000.0,1.0,233886408.0,234066000,246222000.0,3.363,687641000.0,12844000.0,28163000.0,26388000.0,2.938,94608000.0
80,CHD,MRT,2001-06-30,2001-06-29,2001-06-29,2021-08-02,-8278000.0,636166000.0,510074500.0,203975000.0,432191000.0,1.473,1.14,-25798000.0,17255000.0,17255000.0,550811000.0,35077000.0,0.646,1.394,151147000.0,145710000.0,5437000.0,151147000.0,0.0,24315000.0,0.0,0.011,0.047,57805000.0,82120000.0,0.109,82120000.0,57805000.0,53953000.0,0.153,0.145,0.153,265757000.0,244011500.0,265757000.0,1001965764.0,17.0,12.201,30617000.0,0.131,1.0,200442000.0,0.267,176467000.0,3852000.0,277772000.0,255070750.0,66841000.0,27678000.0,9084000.0,18594000.0,370409000.0,315819000.0,54590000.0,987805764.0,-11320000.0,-92309000.0,7200000.0,61815000.0,-10770000.0,58245000.0,-125980000.0,-2001000.0,56415000.0,0.0,35077000.0,35077000.0,35077000.0,0.0,0.0,0.047,142829000.0,57613000.0,165811000.0,0.307,3.717,28.161,27.723,217146000.0,0.0,4.242,1.315,1.316,88726000.0,296907000.0,751253000.0,751253000.0,0.0,0.069,0.144,0.227,0.077,0.0,120918000.0,1.0,232881516.0,233166000,245100000.0,3.222,459699000.0,11475000.0,18876000.0,18407000.0,1.972,-111844000.0
81,CHD,MRT,2001-03-31,2001-03-30,2001-03-30,2021-08-02,-6355000.0,485334000.0,473767000.0,182767000.0,302567000.0,1.528,1.09,-23707000.0,18774000.0,18774000.0,503288000.0,33974000.0,1.154,0.926,32934000.0,13185000.0,19749000.0,32934000.0,0.0,24098000.0,0.0,0.013,0.047,56100000.0,80198000.0,0.111,80198000.0,56100000.0,51951000.0,0.148,0.142,0.148,251981000.0,235202750.0,251981000.0,850967186.0,15.0,10.611,64097000.0,0.277,1.0,220744000.0,0.305,82635000.0,4149000.0,258523000.0,261228250.0,58296000.0,21775000.0,1994000.0,19781000.0,233353000.0,158336000.0,75017000.0,838541186.0,4059000.0,-11216000.0,3070000.0,-47977000.0,-10725000.0,-55632000.0,-28113000.0,6006000.0,87804000.0,0.0,33974000.0,33974000.0,33974000.0,0.0,0.0,0.047,166295000.0,54449000.0,136356000.0,0.318,3.328,24.682,24.471,169399000.0,0.0,3.622,1.158,1.157,85205000.0,286148000.0,724032000.0,724032000.0,0.0,0.072,0.144,0.215,0.077,0.0,144384000.0,1.0,231534612.0,231228000,241998000.0,3.131,402699000.0,11560000.0,17977000.0,29836000.0,1.742,24431000.0
82,CHD,MRT,2000-12-31,2000-12-31,2000-12-31,2021-08-02,-9389000.0,455632000.0,473684500.0,160501000.0,295131000.0,1.459,1.021,-21825000.0,21573000.0,21573000.0,450321000.0,33559000.0,1.076,0.942,33999000.0,13863000.0,20136000.0,33999000.0,0.0,23454000.0,0.0,0.013,0.047,56730000.0,80184000.0,0.116,80184000.0,56730000.0,51874000.0,0.147,0.14,0.147,234650000.0,228190500.0,234650000.0,887201973.0,16.0,11.065,80934000.0,0.352,1.0,240870000.0,0.348,82839000.0,4856000.0,236081000.0,273381750.0,55165000.0,22406000.0,2990000.0,19416000.0,220982000.0,149138000.0,71844000.0,848610973.0,1808000.0,-6612000.0,-13019000.0,-49997000.0,-10744000.0,-73760000.0,-27191000.0,4009000.0,102759000.0,0.0,33559000.0,33559000.0,33559000.0,0.0,0.0,0.049,188709000.0,52161000.0,129268000.0,0.32,3.616,25.287,25.227,168570000.0,0.0,3.708,1.228,1.234,64958000.0,276700000.0,691191000.0,691191000.0,0.0,0.071,0.147,0.208,0.082,0.0,166798000.0,1.0,228838914.0,229926000,239598000.0,3.006,372793000.0,11679000.0,18315000.0,23859000.0,1.621,11363000.0
83,CHD,MRT,2000-09-30,2000-09-29,2000-09-29,2021-08-02,-7843000.0,463166000.0,478853000.0,168670000.0,294496000.0,1.654,0.975,-23060000.0,18403000.0,18403000.0,447810000.0,34028000.0,0.999,1.071,56994000.0,33794000.0,23200000.0,56994000.0,0.0,21399000.0,0.0,0.015,0.047,57671000.0,79070000.0,0.1,79070000.0,57671000.0,53008000.0,0.147,0.14,0.147,223658000.0,226211250.0,223658000.0,758296373.0,13.0,9.59,73218000.0,0.319,1.0,344154000.0,0.435,84940000.0,4663000.0,247907000.0,293500250.0,62801000.0,26184000.0,3986000.0,22198000.0,239508000.0,168910000.0,70598000.0,703307373.0,-705000.0,-64872000.0,-15550000.0,12815000.0,-10790000.0,-13525000.0,-83458000.0,7554000.0,96278000.0,0.0,34028000.0,34028000.0,34028000.0,0.0,0.0,0.043,290676000.0,53478000.0,131355000.0,0.32,3.145,20.668,20.839,169115000.0,0.0,3.063,0.888,0.887,65864000.0,268685000.0,791964000.0,791964000.0,0.0,0.071,0.15,0.196,0.073,0.0,268338000.0,1.0,229588914.0,229410000,237816000.0,3.452,378226000.0,10709000.0,18980000.0,19986000.0,1.649,-240000.0
84,CHD,MRT,2000-06-30,2000-06-30,2000-06-30,2021-08-02,-7561000.0,490936000.0,469437250.0,184440000.0,306496000.0,1.652,1.007,-29240000.0,28575000.0,28575000.0,436478000.0,46643000.0,1.163,1.13,83564000.0,33015000.0,50549000.0,83564000.0,0.0,21215000.0,0.0,0.014,0.041,77685000.0,98900000.0,0.128,98900000.0,77685000.0,73365000.0,0.2,0.192,0.2,230522000.0,224462500.0,230522000.0,753202072.0,10.0,7.616,62273000.0,0.272,1.0,338984000.0,0.437,84935000.0,4320000.0,302402000.0,303362750.0,69066000.0,26206000.0,3996000.0,22210000.0,260414000.0,158588000.0,101826000.0,686043072.0,10630000.0,-64772000.0,-15378000.0,32055000.0,-10833000.0,5844000.0,-86727000.0,8677000.0,91513000.0,0.0,46643000.0,46643000.0,46643000.0,0.0,0.0,0.06,266249000.0,72735000.0,123270000.0,0.205,2.976,14.708,15.0,182579000.0,0.0,3.0,0.885,0.886,67248000.0,272600000.0,775462000.0,775462000.0,0.0,0.099,0.208,0.256,0.1,0.0,265387000.0,1.0,228681024.0,228912000,237900000.0,3.388,406001000.0,8564000.0,26722000.0,22999000.0,1.774,25852000.0
85,CHD,MRT,2000-03-31,2000-03-31,2000-03-31,2021-08-02,-4309000.0,485004000.0,451859250.0,178628000.0,306376000.0,1.681,0.965,-19293000.0,14715000.0,14715000.0,426358000.0,44724000.0,1.101,1.166,81874000.0,33944000.0,47930000.0,81874000.0,0.0,20324000.0,0.0,0.014,0.039,74502000.0,94826000.0,0.125,94826000.0,74502000.0,70970000.0,0.192,0.183,0.192,223932000.0,219591000.0,223932000.0,723648479.0,10.0,7.631,51734000.0,0.223,1.0,333054000.0,0.439,82766000.0,3532000.0,307137000.0,300686250.0,77855000.0,31388000.0,5000000.0,26388000.0,261072000.0,162260000.0,98812000.0,659047479.0,-5460000.0,-61701000.0,-15951000.0,33222000.0,-10487000.0,6784000.0,-83271000.0,4560000.0,71027000.0,0.0,44724000.0,44724000.0,44724000.0,0.0,0.0,0.059,264684000.0,68370000.0,115719000.0,0.203,2.943,14.736,14.922,183759000.0,0.0,2.865,0.868,0.876,65226000.0,262899000.0,759412000.0,759412000.0,0.0,0.099,0.204,0.248,0.098,0.0,263387000.0,1.0,230034024.0,232074000,242694000.0,3.272,402238000.0,8347000.0,26246000.0,33486000.0,1.733,16368000.0
86,CHD,MRT,1999-12-31,1999-12-31,1999-12-31,2021-08-02,-4599000.0,476306000.0,432712000.0,175783000.0,300523000.0,1.711,0.974,-16350000.0,19765000.0,19765000.0,414486000.0,45357000.0,1.25,1.101,84366000.0,26259000.0,58107000.0,84366000.0,0.0,19256000.0,0.0,0.009,0.038,74938000.0,94194000.0,0.127,94194000.0,74938000.0,72178000.0,0.195,0.185,0.195,226733000.0,215318000.0,226733000.0,1061685301.0,14.0,11.271,47695000.0,0.205,1.0,325695000.0,0.44,83744000.0,2760000.0,316555000.0,291817750.0,72670000.0,27177000.0,4000000.0,23177000.0,249573000.0,140608000.0,108965000.0,1036862301.0,3576000.0,-61016000.0,-2437000.0,28917000.0,-10090000.0,16390000.0,-76859000.0,4911000.0,64045000.0,0.0,45357000.0,45357000.0,45357000.0,0.0,0.0,0.061,258015000.0,67680000.0,106109000.0,0.195,4.573,22.86,22.812,182219000.0,0.0,4.448,1.401,1.399,63956000.0,253885000.0,740181000.0,740181000.0,0.0,0.105,0.211,0.257,0.101,0.0,263170000.0,1.0,233090064.0,232752000,246258000.0,3.18,392562000.0,8221000.0,26821000.0,28656000.0,1.687,35175000.0
87,CHD,MRT,1999-09-30,1999-10-01,1999-10-01,2021-08-02,-5113000.0,425503000.0,411495000.0,185653000.0,239850000.0,1.792,0.93,-15879000.0,19108000.0,19108000.0,410929000.0,42886000.0,1.427,0.964,43931000.0,13920000.0,30011000.0,43931000.0,0.0,18320000.0,0.0,0.009,0.036,68848000.0,87168000.0,0.118,87168000.0,68848000.0,66080000.0,0.183,0.177,0.183,216663000.0,207344250.0,216663000.0,986436878.0,14.0,11.317,47062000.0,0.202,1.0,326422000.0,0.443,32838000.0,2768000.0,287357000.0,281350250.0,68351000.0,24446000.0,5000000.0,19446000.0,208840000.0,130131000.0,78709000.0,952668878.0,6673000.0,-4969000.0,-3018000.0,-21855000.0,-9685000.0,-34558000.0,-21710000.0,3386000.0,62941000.0,0.0,42886000.0,42886000.0,42886000.0,0.0,0.0,0.058,265228000.0,61194000.0,105904000.0,0.197,4.397,22.214,22.313,177054000.0,0.0,4.083,1.292,1.29,75503000.0,245447000.0,737351000.0,737351000.0,0.0,0.104,0.207,0.245,0.093,0.0,268044000.0,1.0,233306664.0,233022000,246582000.0,3.164,392665000.0,10196000.0,23194000.0,29745000.0,1.685,55522000.0
88,CHD,MRT,1999-06-30,1999-07-02,1999-07-02,2021-08-02,-4578000.0,420624000.0,403037000.0,186632000.0,233992000.0,1.807,0.907,-19683000.0,17945000.0,17945000.0,407618000.0,39341000.0,1.441,0.993,51713000.0,19955000.0,31758000.0,51713000.0,0.0,17768000.0,0.0,0.011,0.04,63202000.0,80970000.0,0.111,80970000.0,63202000.0,60427000.0,0.168,0.163,0.168,211036000.0,200234750.0,211036000.0,878156608.0,14.0,10.845,41732000.0,0.179,1.0,320611000.0,0.44,33175000.0,2775000.0,291696000.0,277876750.0,71824000.0,23452000.0,5000000.0,18452000.0,209588000.0,129521000.0,80067000.0,856516608.0,2706000.0,-4791000.0,-4004000.0,-14633000.0,-9287000.0,-27924000.0,-30785000.0,297000.0,61415000.0,0.0,39341000.0,39341000.0,39341000.0,0.0,0.0,0.054,264959000.0,55652000.0,100388000.0,0.238,4.059,21.772,21.92,171975000.0,0.0,3.683,1.176,1.177,75079000.0,236790000.0,728229000.0,728229000.0,0.0,0.098,0.196,0.227,0.087,0.0,268210000.0,1.0,232591068.0,232764000,245088000.0,3.129,387449000.0,10324000.0,21086000.0,29239000.0,1.665,57111000.0
89,CHD,MRT,1999-03-31,1999-04-02,1999-04-02,2021-08-02,-895000.0,408415000.0,395706500.0,179617000.0,228798000.0,1.808,0.891,-31774000.0,20175000.0,20175000.0,400109000.0,36758000.0,1.395,0.975,41815000.0,13856000.0,27959000.0,41815000.0,0.0,16977000.0,0.0,0.012,0.04,59286000.0,76263000.0,0.107,76263000.0,59286000.0,56600000.0,0.158,0.153,0.158,206840000.0,194025250.0,206840000.0,812464280.0,14.0,10.653,23634000.0,0.102,1.0,315289000.0,0.441,29653000.0,2686000.0,271663000.0,271524000.0,65379000.0,44086000.0,3051000.0,41035000.0,201575000.0,128739000.0,72836000.0,779838280.0,3726000.0,5341000.0,-3059000.0,-7685000.0,-9288000.0,-20032000.0,-31650000.0,1768000.0,55408000.0,0.0,36758000.0,36758000.0,36758000.0,0.0,0.0,0.051,263276000.0,52013000.0,101603000.0,0.253,3.77,21.215,21.197,153396000.0,0.0,3.349,1.09,1.087,72994000.0,228662000.0,715398000.0,715398000.0,0.0,0.093,0.189,0.218,0.083,0.0,270462000.0,1.0,232845468.0,232248000,244344000.0,3.08,378762000.0,10535000.0,19842000.0,34255000.0,1.631,50878000.0
90,CHD,MRT,1998-12-31,1998-12-31,1998-12-31,2021-08-02,-782000.0,391438000.0,387395750.0,166808000.0,224630000.0,1.788,0.838,-36137000.0,16189000.0,16189000.0,386912000.0,30289000.0,1.343,1.009,48815000.0,19185000.0,29630000.0,48815000.0,0.0,16503000.0,0.0,0.013,0.04,48839000.0,65342000.0,0.094,65342000.0,48839000.0,46186000.0,0.13,0.127,0.13,194838000.0,187540250.0,194838000.0,739899177.0,15.0,11.323,12022000.0,0.052,1.0,305789000.0,0.441,25142000.0,2653000.0,274685000.0,260907000.0,60285000.0,39662000.0,9527000.0,30135000.0,196600000.0,124237000.0,72363000.0,692834177.0,1240000.0,-2642000.0,-6499000.0,9315000.0,-9293000.0,-6477000.0,-40442000.0,3082000.0,48159000.0,0.0,30289000.0,30289000.0,30289000.0,0.0,0.0,0.044,263296000.0,42493000.0,98069000.0,0.308,3.556,22.874,23.038,161712000.0,0.0,2.995,1.0,1.005,64465000.0,218618000.0,692701000.0,692701000.0,0.0,0.078,0.162,0.187,0.071,0.0,264030000.0,1.0,231330276.0,232404000,240300000.0,2.981,366296000.0,10535000.0,15897000.0,28161000.0,1.576,42571000.0
91,CHD,MRT,1998-09-30,1998-09-25,1998-09-25,2021-08-02,-693000.0,391671000.0,377289750.0,167192000.0,224479000.0,1.748,0.81,-31872000.0,12435000.0,12435000.0,352831000.0,27175000.0,1.221,1.081,59500000.0,34756000.0,24744000.0,59500000.0,0.0,16229000.0,0.0,0.016,0.04,45482000.0,61711000.0,0.094,61711000.0,45482000.0,42926000.0,0.117,0.113,0.117,188225000.0,183666000.0,188225000.0,626819690.0,14.0,10.157,5364000.0,0.023,1.0,306648000.0,0.465,28342000.0,2556000.0,273463000.0,248891000.0,64314000.0,41120000.0,10445000.0,30675000.0,203446000.0,136931000.0,66515000.0,582558690.0,4726000.0,-5207000.0,-6375000.0,20000000.0,-9312000.0,4313000.0,-36823000.0,1085000.0,37236000.0,0.0,27175000.0,27175000.0,27175000.0,0.0,0.0,0.041,268313000.0,38335000.0,95236000.0,0.342,3.095,21.437,21.368,160341000.0,0.0,2.5,0.883,0.881,65335000.0,212246000.0,659479000.0,659479000.0,0.0,0.072,0.148,0.183,0.069,0.0,271813000.0,1.0,233023476.0,232476000,240300000.0,2.837,363329000.0,9836000.0,15751000.0,28351000.0,1.563,30261000.0
92,CHD,MRT,1998-06-30,1998-06-26,1998-06-26,2021-08-02,-692000.0,391302000.0,,179298000.0,212004000.0,,0.8,-20700000.0,15239000.0,15239000.0,338328000.0,25768000.0,1.292,1.102,59500000.0,34527000.0,24973000.0,59500000.0,0.0,15548000.0,0.0,0.015,0.04,42863000.0,58411000.0,0.093,58411000.0,42863000.0,40948000.0,0.111,0.107,0.111,186198000.0,,186198000.0,653790936.0,15.0,11.193,-1348000.0,-0.006,1.0,290652000.0,0.462,30524000.0,1915000.0,266285000.0,,64983000.0,34815000.0,2997000.0,31818000.0,205104000.0,138754000.0,66350000.0,620739936.0,7033000.0,-32253000.0,-2464000.0,52000000.0,-9320000.0,40216000.0,-52535000.0,3041000.0,19352000.0,0.0,25768000.0,25768000.0,25768000.0,0.0,0.0,0.041,255035000.0,35617000.0,100994000.0,0.36,3.334,24.09,24.024,149662000.0,0.0,2.667,0.987,0.987,79384000.0,206736000.0,628980000.0,628980000.0,0.0,,,,0.068,0.0,258535000.0,1.0,232777476.0,232776000,240768000.0,2.702,360778000.0,10183000.0,15180000.0,24505000.0,1.55,40544000.0
93,CHD,MRT,1998-03-31,1998-03-27,1998-03-27,2021-08-02,-424000.0,375172000.0,,164893000.0,210279000.0,,0.777,-16589000.0,16449000.0,16449000.0,324453000.0,25175000.0,1.11,1.074,49500000.0,42856000.0,6644000.0,49500000.0,0.0,14764000.0,0.0,0.016,0.039,41319000.0,56083000.0,0.094,56083000.0,41319000.0,39917000.0,0.107,0.105,0.107,180900000.0,,180900000.0,,,,12771000.0,0.055,1.0,272843000.0,0.457,30537000.0,1402000.0,229195000.0,,68925000.0,35409000.0,2997000.0,32412000.0,194272000.0,148491000.0,45781000.0,575191042.0,-1909000.0,-42551000.0,-4635000.0,42000000.0,-9135000.0,28230000.0,-59499000.0,1683000.0,29360000.0,0.0,25175000.0,25175000.0,25175000.0,0.0,0.0,0.042,240013000.0,32830000.0,100703000.0,0.364,3.18,22.848,23.076,147330000.0,0.0,2.469,0.963,0.962,60117000.0,201192000.0,597296000.0,597296000.0,0.0,,,,0.069,0.0,240013000.0,1.0,232949460.0,232752000,239184000.0,2.566,344635000.0,9573000.0,14742000.0,25001000.0,1.481,16402000.0
94,CHD,MRT,1997-12-31,1997-12-31,1997-12-31,2021-08-02,-591000.0,351014000.0,329492500.0,149443000.0,201571000.0,1.745,0.768,-10918000.0,14949000.0,14949000.0,314821000.0,24506000.0,1.184,0.957,39500000.0,32685000.0,6815000.0,39500000.0,0.0,14158000.0,0.0,0.016,0.038,39599000.0,53757000.0,0.094,53757000.0,39599000.0,38687000.0,0.105,0.102,0.105,179341000.0,172326500.0,179341000.0,,,,5624000.0,0.024,1.0,260085000.0,0.452,22713000.0,912000.0,226621000.0,206783000.0,61275000.0,41864000.0,8124000.0,33740000.0,171673000.0,126231000.0,45442000.0,544713487.0,-7953000.0,-35576000.0,-1339000.0,32000000.0,-8953000.0,21708000.0,-46203000.0,1018000.0,16542000.0,0.0,24506000.0,24506000.0,24506000.0,0.0,0.0,0.043,229529000.0,30556000.0,92090000.0,0.362,3.037,22.228,22.27,142343000.0,0.0,2.338,0.947,0.95,49566000.0,197622000.0,574906000.0,574906000.0,0.0,0.074,0.142,0.192,0.069,0.0,229529000.0,1.0,232949460.0,233532000,239652000.0,2.462,328301000.0,9802000.0,14181000.0,22034000.0,1.406,23212000.0
95,CHD,MRT,1997-09-30,1997-09-26,1997-09-26,2021-08-02,,,,,,,,,,,,,,,,,,,,,,0.015,0.038,,,,,,,,,,,,,,,,,,1.0,,,,,,,,,,,,,,,,,,,,,,,,,,,,,,,,,,,,,,,,2.463,,,,,,,,,,,,,,1.0,,233268000,,,,,,,,
96,CHD,MRT,1997-06-30,1997-06-27,1997-06-27,2021-08-02,,,,,,,,,,,,,,,,,,,,,,0.017,0.037,,,,,,,,,,,,,,,,,,1.0,,,,,,,,,,,,,,,,,,,,,,,,,,,,,,,,,,,,,,,,2.178,,,,,,,,,,,,,,1.0,,233760000,,,,,,,,
97,CHD,MRT,1997-03-31,1997-03-28,1997-03-28,2021-08-02,,,,,,,,,,,,,,,,,,,,,,0.016,0.037,,,,,,,,,,,,,,,,,,1.0,,,,,,,,,,,,,,,,,,,,,,,,,,,,,,,,,,,,,,,,2.303,,,,,,,,,,,,,,1.0,,233712000,,,,,,,,
98,CHD,MRT,1996-12-31,1996-12-31,1996-12-31,2021-08-02,-194000.0,307971000.0,,135519000.0,172452000.0,,0.705,-7114000.0,22902000.0,22902000.0,288295000.0,21228000.0,1.372,0.863,7500000.0,0.0,7500000.0,7500000.0,0.0,13624000.0,0.0,0.019,0.037,33523000.0,47147000.0,0.089,47147000.0,33523000.0,33171000.0,0.091,0.09,0.091,165312000.0,,165312000.0,,,,26630000.0,0.114,1.0,239476000.0,0.454,6870000.0,352000.0,186945000.0,,48887000.0,32222000.0,5011000.0,27211000.0,142659000.0,98754000.0,43905000.0,,11547000.0,187000.0,-2084000.0,-5000000.0,-8597000.0,-15681000.0,-6516000.0,411000.0,33744000.0,0.0,21228000.0,21228000.0,21228000.0,0.0,0.0,0.04,212213000.0,27263000.0,93375000.0,0.407,,,20.952,138371000.0,0.0,1.907,,0.847,41288000.0,182069000.0,527771000.0,527771000.0,0.0,,,,0.064,0.0,212213000.0,1.0,,234408000,236364000.0,2.252,301101000.0,11962000.0,11943000.0,25384000.0,1.285,36765000.0
99,CHD,MRT,1995-12-31,1995-12-31,1995-12-31,2021-08-02,,,,,,,,-19702000.0,,,289734000.0,10152000.0,,,,,,,,13138000.0,,0.024,0.037,17547000.0,30685000.0,0.063,30685000.0,17547000.0,16292000.0,0.043,0.043,0.043,,,,,,,27263000.0,0.116,1.0,196025000.0,0.404,,1255000.0,,,,,,,,,,,6696000.0,10388000.0,267000.0,-20000000.0,-8615000.0,-28348000.0,-11921000.0,-2607000.0,46965000.0,0.0,10152000.0,10152000.0,10152000.0,0.0,0.0,0.021,187656000.0,8369000.0,,0.86,,,35.853,,0.0,1.542,,0.745,,,485759000.0,485759000.0,0.0,,,,0.036,0.0,183669000.0,1.0,,234804000,236736000.0,2.069,,,6140000.0,,,
