None,ticker,dimension,calendardate,datekey,reportperiod,lastupdated,accoci,assets,assetsavg,assetsc,assetsnc,assetturnover,bvps,capex,cashneq,cashnequsd,cor,consolinc,currentratio,de,debt,debtc,debtnc,debtusd,deferredrev,depamor,deposits,divyield,dps,ebit,ebitda,ebitdamargin,ebitdausd,ebitusd,ebt,eps,epsdil,epsusd,equity,equityavg,equityusd,ev,evebit,evebitda,fcf,fcfps,fxusd,gp,grossmargin,intangibles,intexp,invcap,invcapavg,inventory,investments,investmentsc,investmentsnc,liabilities,liabilitiesc,liabilitiesnc,marketcap,ncf,ncfbus,ncfcommon,ncfdebt,ncfdiv,ncff,ncfi,ncfinv,ncfo,ncfx,netinc,netinccmn,netinccmnusd,netincdis,netincnci,netmargin,opex,opinc,payables,payoutratio,pb,pe,pe1,ppnenet,prefdivis,price,ps,ps1,receivables,retearn,revenue,revenueusd,rnd,roa,roe,roic,ros,sbcomp,sgna,sharefactor,sharesbas,shareswa,shareswadil,sps,tangibles,taxassets,taxexp,taxliabilities,tbvps,workingcapital
0,FRT,MRY,2020-12-31,2020-12-31,2020-12-31,2021-09-07,-5644000.0,7607624000.0,7717190250.0,,,0.108,32.631,-524449000.0,798329000.0,798329000.0,290162000.0,135888000.0,,1.997,4435865000.0,,,4435865000.0,0.0,255027000.0,20388000.0,0.05,4.22,267995000.0,523022000.0,0.626,523022000.0,267995000.0,131706000.0,1.62,1.62,1.62,2464157000.0,2432101750.0,2464157000.0,10181627727.0,38.0,19.467,-154520000.0,-2.046,1.0,545332000.0,0.653,0.0,136289000.0,11245160000.0,11345555500.0,0.0,62020000.0,,,4921157000.0,,,6439084727.0,663282000.0,181414000.0,99177000.0,911770000.0,-324596000.0,661736000.0,-368383000.0,-10268000.0,369929000.0,0.0,131706000.0,123664000.0,123664000.0,0.0,4182000.0,0.148,255808000.0,289524000.0,228641000.0,2.605,2.613,52.069,52.543,6368542000.0,8042000.0,85.12,7.707,7.693,159780000.0,-988272000.0,835494000.0,835494000.0,0.0,0.016,0.051,0.024,0.321,0.0,41680000.0,1.0,75647142.0,75515000,75515000.0,11.064,7607624000.0,0.0,0.0,0.0,100.743,
1,FRT,MRY,2019-12-31,2019-12-31,2019-12-31,2021-09-07,-813000.0,6794992000.0,6534416000.0,,,0.143,33.91,-614426000.0,127432000.0,127432000.0,298758000.0,360542000.0,,1.585,3502284000.0,,,3502284000.0,0.0,239758000.0,21701000.0,0.032,4.14,463489000.0,703247000.0,0.752,703247000.0,463489000.0,353866000.0,4.61,4.61,4.61,2535341000.0,2450148250.0,2535341000.0,12982509509.0,28.0,18.461,-152507000.0,-2.04,1.0,637030000.0,0.681,0.0,109623000.0,10169844000.0,9808037250.0,0.0,59033000.0,,,4019102000.0,,,9722044509.0,45282000.0,323710000.0,143027000.0,94872000.0,-313649000.0,-100105000.0,-316532000.0,-357000.0,461919000.0,0.0,353866000.0,345824000.0,345824000.0,0.0,6676000.0,0.37,166119000.0,470911000.0,255503000.0,0.898,3.835,28.113,27.924,6228895000.0,8042000.0,128.73,10.389,10.285,152572000.0,-791124000.0,935788000.0,935788000.0,0.0,0.053,0.141,0.047,0.495,0.0,42754000.0,1.0,75522757.0,74766000,74766000.0,12.516,6794992000.0,0.0,0.0,0.0,90.883,
2,FRT,MRY,2018-12-31,2018-12-31,2018-12-31,2021-09-07,-416000.0,6289644000.0,6292909000.0,,,0.145,32.015,-381761000.0,64087000.0,64087000.0,287870000.0,249026000.0,,1.571,3229204000.0,,,3229204000.0,0.0,244245000.0,17875000.0,0.034,4.04,352061000.0,596306000.0,0.651,596306000.0,352061000.0,241907000.0,3.18,3.18,3.18,2345891000.0,2293558250.0,2345891000.0,11933567282.0,34.0,20.012,134927000.0,1.841,1.0,627566000.0,0.686,0.0,110154000.0,9454761000.0,9521722500.0,0.0,57288000.0,,,3686106000.0,,,8718805282.0,83132000.0,215011000.0,130918000.0,-57620000.0,-301194000.0,-241309000.0,-192247000.0,-67000.0,516688000.0,0.0,241907000.0,233865000.0,233865000.0,0.0,7119000.0,0.255,265930000.0,361636000.0,177922000.0,1.27,3.717,37.281,37.119,5760329000.0,8042000.0,118.04,9.524,9.448,142237000.0,-818877000.0,915436000.0,915436000.0,0.0,0.037,0.102,0.037,0.385,0.0,33600000.0,1.0,73863142.0,73274000,73302000.0,12.493,6289644000.0,0.0,0.0,0.0,85.837,
3,FRT,MRY,2017-12-31,2017-12-31,2017-12-31,2021-09-07,22000.0,6275755000.0,5989148750.0,,,0.143,31.431,-956708000.0,15188000.0,15188000.0,272729000.0,297870000.0,,1.651,3284766000.0,,,3284766000.0,0.0,216050000.0,16667000.0,0.03,3.96,390039000.0,606089000.0,0.707,606089000.0,390039000.0,289914000.0,3.97,3.97,3.97,2266706000.0,2112429750.0,2266706000.0,12875561805.0,33.0,21.244,-497880000.0,-6.904,1.0,584619000.0,0.682,0.0,100125000.0,9545333000.0,9126676000.0,0.0,54370000.0,,,3743084000.0,,,9634949805.0,-9649000.0,137088000.0,118583000.0,394876000.0,-282995000.0,369445000.0,-837922000.0,-1646000.0,458828000.0,0.0,289914000.0,287456000.0,287456000.0,0.0,7956000.0,0.335,252331000.0,332288000.0,196332000.0,0.997,4.251,33.518,33.453,5758517000.0,2458000.0,132.81,11.238,11.171,209877000.0,-749367000.0,857348000.0,857348000.0,0.0,0.048,0.136,0.043,0.455,0.0,36281000.0,1.0,72546870.0,72117000,72233000.0,11.888,6275755000.0,0.0,0.0,0.0,87.022,
4,FRT,MRY,2016-12-31,2016-12-31,2016-12-31,2021-09-07,-2577000.0,5423279000.0,5283635250.0,,,0.152,27.89,-580238000.0,23368000.0,23368000.0,253612000.0,258883000.0,,1.621,2798452000.0,,,2798452000.0,0.0,193585000.0,16285000.0,0.027,3.84,344904000.0,538489000.0,0.672,538489000.0,344904000.0,249910000.0,3.51,3.5,3.51,1976733000.0,1932028250.0,1976733000.0,12909862515.0,37.0,23.974,-152566000.0,-2.153,1.0,547979000.0,0.684,0.0,94994000.0,8198363000.0,7975961250.0,0.0,44768000.0,,,3203750000.0,,,10201579515.0,6289000.0,-3310000.0,329103000.0,135320000.0,-267694000.0,168838000.0,-590221000.0,11626000.0,427672000.0,0.0,249910000.0,249369000.0,249369000.0,0.0,8973000.0,0.311,226984000.0,320995000.0,201756000.0,1.094,5.161,40.91,40.487,5029839000.0,541000.0,142.11,12.727,12.565,116749000.0,-749734000.0,801591000.0,801591000.0,0.0,0.047,0.129,0.043,0.43,0.0,33399000.0,1.0,71786500.0,70877000,71049000.0,11.31,5423279000.0,0.0,0.0,0.0,76.517,
5,FRT,MRY,2015-12-31,2015-12-31,2015-12-31,2021-09-07,-4110000.0,4896559000.0,4798737500.0,,,0.155,24.183,-436846000.0,21046000.0,21046000.0,233417000.0,218424000.0,,1.79,2627216000.0,,,2627216000.0,0.0,174796000.0,15439000.0,0.025,3.62,302772000.0,477568000.0,0.642,477568000.0,302772000.0,210219000.0,3.04,3.03,3.04,1663749000.0,1639148500.0,1663749000.0,12662745600.0,42.0,26.515,-67800000.0,-0.986,1.0,510595000.0,0.686,0.0,92553000.0,7502729000.0,7325926750.0,0.0,83164000.0,,,2977312000.0,,,10142784600.0,-26905000.0,95132000.0,110855000.0,109108000.0,-243314000.0,-42188000.0,-353763000.0,10333000.0,369046000.0,0.0,210219000.0,209678000.0,209678000.0,0.0,8205000.0,0.282,210441000.0,300154000.0,146532000.0,1.191,6.096,48.373,48.059,4490365000.0,541000.0,146.1,13.633,13.51,110402000.0,-724701000.0,744012000.0,744012000.0,0.0,0.044,0.128,0.041,0.407,0.0,35645000.0,1.0,69423577.0,68797000,68981000.0,10.815,4896559000.0,0.0,0.0,0.0,71.174,
6,FRT,MRY,2014-12-31,2014-12-31,2014-12-31,2021-09-07,-3515000.0,4546870000.0,4465850000.0,,,0.154,23.832,-370112000.0,47951000.0,47951000.0,211923000.0,172289000.0,,1.705,2409677000.0,,,2409677000.0,0.0,170814000.0,14115000.0,0.025,3.3,258476000.0,429290000.0,0.626,429290000.0,258476000.0,164535000.0,2.42,2.41,2.42,1604401000.0,1548305500.0,1604401000.0,11433998732.0,44.0,26.635,-23982000.0,-0.356,1.0,474167000.0,0.691,0.0,93941000.0,6908596000.0,6799705500.0,0.0,88445000.0,,,2735261000.0,,,9092979732.0,-40976000.0,4240000.0,216155000.0,15917000.0,-215216000.0,9044000.0,-396150000.0,5008000.0,346130000.0,0.0,164535000.0,163994000.0,163994000.0,0.0,7754000.0,0.239,203130000.0,271037000.0,145685000.0,1.364,5.668,55.447,55.149,4141948000.0,541000.0,133.46,13.253,13.096,93291000.0,-683991000.0,686090000.0,686090000.0,0.0,0.037,0.106,0.038,0.377,0.0,32316000.0,1.0,68132622.0,67322000,67492000.0,10.191,4546870000.0,0.0,0.0,0.0,67.539,
7,FRT,MRY,2013-12-31,2013-12-31,2013-12-31,2021-09-07,-1417000.0,4219294000.0,4092476250.0,,,0.156,22.167,-377418000.0,88927000.0,88927000.0,190454000.0,167608000.0,,1.825,2321862000.0,,,2321862000.0,0.0,161099000.0,12772000.0,0.03,3.02,267658000.0,428757000.0,0.673,428757000.0,267658000.0,162681000.0,2.47,2.46,2.47,1448160000.0,1381730500.0,1448160000.0,8774170348.0,33.0,20.464,-62920000.0,-0.963,1.0,446959000.0,0.701,0.0,104977000.0,6452229000.0,6286860000.0,0.0,87419000.0,,,2643572000.0,,,6595803348.0,51939000.0,43656000.0,186548000.0,96225000.0,-193016000.0,82639000.0,-345198000.0,957000.0,314498000.0,0.0,162681000.0,162140000.0,162140000.0,-24803000.0,4927000.0,0.254,192798000.0,254161000.0,156270000.0,1.223,4.555,40.68,41.057,3798992000.0,541000.0,101.41,10.348,10.394,84838000.0,-623795000.0,637413000.0,637413000.0,0.0,0.04,0.117,0.043,0.42,0.0,31970000.0,1.0,65040956.0,65331000,65483000.0,9.757,4219294000.0,0.0,0.0,0.0,64.583,
8,FRT,MRY,2012-12-31,2012-12-31,2012-12-31,2021-09-07,-12388000.0,3898565000.0,3763170250.0,,,0.161,20.144,-261536000.0,36988000.0,36988000.0,179070000.0,156232000.0,,1.938,2208602000.0,,,2208602000.0,0.0,142039000.0,12957000.0,0.027,2.84,265261000.0,407300000.0,0.672,407300000.0,265261000.0,151925000.0,2.36,2.35,2.36,1286812000.0,1264580250.0,1286812000.0,8753083567.0,33.0,21.491,35097000.0,0.549,1.0,426721000.0,0.704,0.0,113336000.0,6070179000.0,5832167250.0,0.0,88817000.0,,,2493552000.0,,,6722348567.0,-30818000.0,1116000.0,112270000.0,21792000.0,-178020000.0,-53893000.0,-273558000.0,1095000.0,296633000.0,0.0,151925000.0,151384000.0,151384000.0,-1400000.0,4307000.0,0.25,172859000.0,253862000.0,120929000.0,1.203,5.224,44.406,44.076,3555379000.0,541000.0,104.02,11.097,10.969,73861000.0,-586970000.0,605791000.0,605791000.0,0.0,0.04,0.12,0.045,0.438,0.0,31158000.0,1.0,64625539.0,63881000,64056000.0,9.483,3898565000.0,0.0,0.0,0.0,61.029,
9,FRT,MRY,2011-12-31,2011-12-31,2011-12-31,2021-09-07,-3940000.0,3666210000.0,3339796750.0,,,0.165,19.477,-246019000.0,67806000.0,67806000.0,169768000.0,149612000.0,,1.924,2110410000.0,,,2110410000.0,0.0,126568000.0,12221000.0,0.03,2.72,242382000.0,368950000.0,0.669,368950000.0,242382000.0,143917000.0,2.29,2.28,2.29,1216092000.0,1232869750.0,1216092000.0,7471469658.0,31.0,20.251,-1308000.0,-0.021,1.0,381335000.0,0.692,0.0,98465000.0,5708814000.0,5161273500.0,0.0,90319000.0,,,2340281000.0,,,5762664658.0,52009000.0,17818000.0,154921000.0,24082000.0,-167313000.0,3667000.0,-196369000.0,9630000.0,244711000.0,0.0,143917000.0,143376000.0,143376000.0,-19293000.0,5695000.0,0.26,154873000.0,226462000.0,104660000.0,1.188,4.739,40.193,39.629,3298856000.0,541000.0,90.75,10.457,10.282,75921000.0,-555541000.0,551103000.0,551103000.0,0.0,0.043,0.116,0.047,0.44,0.0,28985000.0,1.0,63500437.0,62438000,62603000.0,8.826,3666210000.0,0.0,0.0,0.0,58.718,
10,FRT,MRY,2010-12-31,2010-12-31,2010-12-31,2021-09-07,0.0,3159553000.0,3121675250.0,,,0.174,17.893,-146228000.0,15797000.0,15797000.0,169182000.0,128237000.0,,1.807,1767149000.0,,,1767149000.0,0.0,119817000.0,11751000.0,0.034,2.66,224672000.0,344489000.0,0.636,344489000.0,224672000.0,122790000.0,1.99,1.98,1.99,1094736000.0,1145621500.0,1094736000.0,6506447371.0,29.0,18.887,110507000.0,1.806,1.0,372615000.0,0.688,0.0,101882000.0,4910905000.0,4822935500.0,0.0,96419000.0,,,1978423000.0,,,4794432371.0,-119592000.0,-16693000.0,6610000.0,-27383000.0,-163120000.0,-189239000.0,-187088000.0,-13895000.0,256735000.0,0.0,122790000.0,122249000.0,122249000.0,-1976000.0,5447000.0,0.226,143397000.0,229218000.0,102574000.0,1.337,4.38,39.219,39.161,2860738000.0,541000.0,77.93,8.849,8.8,68997000.0,-527582000.0,541797000.0,541797000.0,0.0,0.039,0.107,0.047,0.415,0.0,24189000.0,1.0,61522294.0,61182000,61324000.0,8.855,3159553000.0,0.0,0.0,0.0,51.642,
11,FRT,MRY,2009-12-31,2009-12-31,2009-12-31,2021-09-07,0.0,3222309000.0,3257128000.0,,,0.162,19.72,-112610000.0,135389000.0,135389000.0,166210000.0,103872000.0,,1.71,1793848000.0,,,1793848000.0,0.0,115093000.0,11710000.0,0.039,2.62,207085000.0,322178000.0,0.61,322178000.0,207085000.0,98304000.0,1.63,1.63,1.63,1177337000.0,1133041750.0,1177337000.0,5777345146.0,28.0,17.932,144155000.0,2.414,1.0,362359000.0,0.686,0.0,108781000.0,4880768000.0,4943773250.0,0.0,83969000.0,,,2013246000.0,,,4143556146.0,120166000.0,-4304000.0,115502000.0,37563000.0,-156100000.0,-9258000.0,-127341000.0,-1503000.0,256765000.0,0.0,98304000.0,97763000.0,97763000.0,-2547000.0,5568000.0,0.185,152830000.0,209529000.0,109061000.0,1.607,3.519,42.384,41.546,2821147000.0,541000.0,67.72,7.839,7.649,72191000.0,-486449000.0,528569000.0,528569000.0,0.0,0.03,0.086,0.042,0.392,0.0,22032000.0,1.0,61186594.0,59704000,59830000.0,8.853,3222309000.0,0.0,0.0,0.0,53.971,
12,FRT,MRY,2008-12-31,2008-12-31,2008-12-31,2021-09-07,0.0,3092776000.0,3052498750.0,,,0.17,18.999,-237611000.0,15223000.0,15223000.0,164880000.0,135153000.0,,1.746,1745785000.0,,,1745785000.0,0.0,111069000.0,11309000.0,0.041,2.52,228950000.0,340019000.0,0.654,340019000.0,228950000.0,129787000.0,2.19,2.19,2.19,1114602000.0,1113750000.0,1114602000.0,5366663918.0,23.0,15.783,-9326000.0,-0.159,1.0,354731000.0,0.683,0.0,99163000.0,4823338000.0,4725135750.0,0.0,75032000.0,,,1945822000.0,,,3661133918.0,-35468000.0,45253000.0,11585000.0,84188000.0,-146418000.0,-56186000.0,-207567000.0,-5288000.0,228285000.0,0.0,129787000.0,129246000.0,129246000.0,-14537000.0,5366000.0,0.249,137480000.0,217251000.0,86950000.0,1.151,3.285,28.327,28.347,2827427000.0,541000.0,62.08,7.046,7.009,73688000.0,-426574000.0,519611000.0,519611000.0,0.0,0.042,0.116,0.048,0.441,0.0,26732000.0,1.0,58974451.0,58665000,58889000.0,8.857,3092776000.0,0.0,0.0,0.0,52.719,
13,FRT,MRY,2007-12-31,2007-12-31,2007-12-31,2021-09-07,0.0,2989297000.0,2937418500.0,,,0.164,19.866,-206842000.0,50691000.0,50691000.0,146146000.0,201127000.0,,1.653,1638460000.0,,,1638460000.0,0.0,105966000.0,10703000.0,0.029,2.37,306902000.0,412868000.0,0.855,412868000.0,306902000.0,195537000.0,3.47,3.45,3.47,1114632000.0,927122000.0,1114632000.0,6476518631.0,21.0,15.687,7367000.0,0.131,1.0,336642000.0,0.697,0.0,111365000.0,4577066000.0,4694149750.0,0.0,70284000.0,,,1842847000.0,,,4651896631.0,39196000.0,64519000.0,170855000.0,-56078000.0,-131443000.0,-23574000.0,-151439000.0,640000.0,214209000.0,0.0,195537000.0,195095000.0,195095000.0,-101748000.0,5590000.0,0.404,128214000.0,208428000.0,99360000.0,0.683,4.173,23.844,23.674,2696144000.0,442000.0,82.15,9.635,9.547,61108000.0,-407376000.0,482788000.0,482788000.0,0.0,0.066,0.21,0.065,0.636,0.0,26581000.0,1.0,56626861.0,56108000,56473000.0,8.605,2989297000.0,0.0,0.0,0.0,53.278,
14,FRT,MRY,2006-12-31,2006-12-31,2006-12-31,2021-09-07,0.0,2688606000.0,2506266500.0,,,0.17,14.664,-386663000.0,11495000.0,11495000.0,125303000.0,118712000.0,,2.401,1696930000.0,,,1696930000.0,0.0,97879000.0,10126000.0,0.027,2.26,213946000.0,311825000.0,0.731,311825000.0,213946000.0,118712000.0,1.94,1.92,1.94,784078000.0,813929250.0,784078000.0,6146595095.0,29.0,19.712,-200009000.0,-3.741,1.0,301513000.0,0.706,0.0,95234000.0,4374041000.0,3981124500.0,0.0,51078000.0,,,1882337000.0,,,4699523095.0,2856000.0,78016000.0,161292000.0,255023000.0,-142947000.0,133631000.0,-317429000.0,-154000.0,186654000.0,0.0,118712000.0,103514000.0,103514000.0,-21319000.0,0.0,0.243,114672000.0,186841000.0,97727000.0,1.165,5.994,45.4,43.814,2463751000.0,15198000.0,85.0,11.011,10.648,47493000.0,-467369000.0,426816000.0,426816000.0,0.0,0.041,0.127,0.054,0.501,0.0,21921000.0,1.0,55288507.0,53469000,53962000.0,7.982,2688606000.0,0.0,0.0,0.0,50.283,
15,FRT,MRY,2005-12-31,2005-12-31,2005-12-31,2021-09-07,2678000.0,2350852000.0,2319567750.0,,,0.168,14.75,-266577000.0,8639000.0,8639000.0,118504000.0,114612000.0,,2.009,1390143000.0,,,1390143000.0,0.0,91503000.0,8807000.0,0.039,2.37,196229000.0,287732000.0,0.736,287732000.0,196229000.0,114612000.0,1.96,1.94,1.96,774847000.0,782793750.0,774847000.0,4515783379.0,23.0,15.694,-91636000.0,-1.744,1.0,272304000.0,0.697,0.0,81617000.0,3732356000.0,3659349000.0,0.0,49906000.0,,,1556812000.0,,,3198869379.0,-21836000.0,113128000.0,14111000.0,79958000.0,-133377000.0,-44047000.0,-152730000.0,9347000.0,174941000.0,0.0,114612000.0,103137000.0,103137000.0,-31365000.0,0.0,0.264,104430000.0,167874000.0,88089000.0,1.209,4.128,31.016,30.944,2165571000.0,11475000.0,60.65,8.185,8.153,38161000.0,-437817000.0,390808000.0,390808000.0,0.0,0.044,0.132,0.054,0.502,0.0,19909000.0,1.0,52743106.0,52533000,53050000.0,7.439,2350852000.0,0.0,0.0,0.0,44.75,
16,FRT,MRY,2004-12-31,2004-12-31,2004-12-31,2021-09-07,2321000.0,2266896000.0,2268046000.0,,,0.169,15.498,-193174000.0,30475000.0,30475000.0,127291000.0,84156000.0,,1.844,1304057000.0,,,1304057000.0,0.0,90438000.0,7745000.0,0.039,1.99,169214000.0,259652000.0,0.677,259652000.0,169214000.0,84156000.0,1.42,1.41,1.42,790534000.0,763478750.0,790534000.0,3968053397.0,23.0,15.282,-19026000.0,-0.373,1.0,256321000.0,0.668,0.0,85058000.0,3540478000.0,3570359000.0,0.0,52540000.0,,,1457408000.0,,,2691589397.0,-4493000.0,46699000.0,109051000.0,-13774000.0,-108756000.0,-21030000.0,-157611000.0,-3172000.0,174148000.0,0.0,84156000.0,72681000.0,72681000.0,-20115000.0,0.0,0.189,104761000.0,151560000.0,80558000.0,1.401,3.405,37.033,36.373,2070938000.0,11475000.0,51.65,7.016,6.868,34849000.0,-416026000.0,383612000.0,383612000.0,0.0,0.032,0.095,0.047,0.441,0.0,18164000.0,1.0,52112089.0,51008000,51547000.0,7.521,2266896000.0,0.0,0.0,0.0,44.442,
17,FRT,MRY,2003-12-31,2003-12-31,2003-12-31,2021-09-07,-87000.0,2141185000.0,2076774500.0,,,0.166,14.592,-224610000.0,34968000.0,34968000.0,114440000.0,94497000.0,,2.054,1308430000.0,,,1308430000.0,0.0,74616000.0,7208000.0,0.051,1.95,169729000.0,244345000.0,0.707,244345000.0,169729000.0,94497000.0,1.6,1.59,1.6,691374000.0,680443750.0,691374000.0,3078971428.0,18.0,12.601,-89149000.0,-1.882,1.0,231322000.0,0.669,0.0,75232000.0,3414647000.0,3304898500.0,0.0,41500000.0,,,1420229000.0,,,1888104428.0,11845000.0,43909000.0,151126000.0,33942000.0,-104802000.0,-26382000.0,-97234000.0,-4991000.0,135461000.0,0.0,94497000.0,75990000.0,75990000.0,-6239000.0,0.0,0.22,84489000.0,146833000.0,61018000.0,1.219,2.731,24.847,23.994,1955972000.0,18507000.0,38.39,5.461,5.26,31207000.0,-386738000.0,345762000.0,345762000.0,0.0,0.037,0.112,0.051,0.491,0.0,11820000.0,1.0,49182194.0,47379000,48619000.0,7.298,2141185000.0,0.0,0.0,0.0,45.193,
18,FRT,MRY,2002-12-31,2002-12-31,2002-12-31,2021-09-07,-4613000.0,1999378000.0,1956254000.0,,,0.159,15.479,-264936000.0,23123000.0,23123000.0,102001000.0,55287000.0,,2.058,1201523000.0,,,1201523000.0,0.0,64529000.0,6685000.0,0.069,1.93,120291000.0,184820000.0,0.596,184820000.0,120291000.0,55287000.0,0.86,0.85,0.86,644287000.0,631768250.0,644287000.0,2390785687.0,20.0,12.936,-146698000.0,-3.524,1.0,208091000.0,0.671,0.0,65004000.0,3177778000.0,3111848000.0,0.0,35577000.0,,,1325725000.0,,,1218373687.0,5560000.0,62544000.0,76701000.0,85401000.0,-96461000.0,62235000.0,-174913000.0,6479000.0,118238000.0,0.0,55287000.0,35862000.0,35862000.0,-14163000.0,0.0,0.116,99231000.0,108860000.0,79517000.0,2.244,1.891,33.974,32.698,1856129000.0,19425000.0,28.12,3.929,3.775,18722000.0,-368839000.0,310092000.0,310092000.0,0.0,0.018,0.057,0.039,0.388,0.0,13790000.0,1.0,43327656.0,41624000,42882000.0,7.45,1999378000.0,0.0,0.0,0.0,48.034,
19,FRT,MRY,2001-12-31,2001-12-31,2001-12-31,2021-09-07,-4293000.0,1834881000.0,1760154000.0,,,0.165,15.047,-260476000.0,17563000.0,17563000.0,89265000.0,68756000.0,,2.114,1110468000.0,,,1110468000.0,0.0,59914000.0,6026000.0,0.083,1.9,138069000.0,197983000.0,0.684,197983000.0,138069000.0,68756000.0,1.52,1.52,1.52,589291000.0,497991250.0,589291000.0,2098187551.0,15.0,10.598,-151028000.0,-3.856,1.0,200320000.0,0.692,0.0,69313000.0,2927786000.0,2874766250.0,0.0,35607000.0,,,1245590000.0,,,920987551.0,6206000.0,25063000.0,398000.0,79877000.0,-80593000.0,128896000.0,-232138000.0,3275000.0,109448000.0,0.0,68756000.0,59722000.0,59722000.0,-15431000.0,0.0,0.206,72512000.0,127808000.0,64014000.0,1.25,1.563,15.421,15.132,1708537000.0,9034000.0,23.0,3.18,3.111,15483000.0,-322428000.0,289585000.0,289585000.0,0.0,0.034,0.12,0.048,0.477,0.0,14281000.0,1.0,40042937.0,39164000,40266000.0,7.394,1834881000.0,6006000.0,0.0,0.0,46.851,
20,FRT,MRY,2000-12-31,2000-12-31,2000-12-31,2021-09-07,0.0,1621079000.0,1576675750.0,,,0.174,12.054,-169392000.0,11357000.0,11357000.0,81842000.0,60523000.0,,2.466,1034446000.0,,,1034446000.0,0.0,53259000.0,5537000.0,0.097,1.84,126941000.0,180200000.0,0.657,180200000.0,126941000.0,60523000.0,1.36,1.35,1.36,467654000.0,474385750.0,467654000.0,1723859622.0,14.0,9.566,-62336000.0,-1.607,1.0,192347000.0,0.702,0.0,66418000.0,2644168000.0,2550268750.0,0.0,47360000.0,,,1153425000.0,,,750027622.0,-381000.0,47157000.0,-20114000.0,111614000.0,-77499000.0,14304000.0,-121741000.0,494000.0,107056000.0,0.0,60523000.0,52573000.0,52573000.0,-3334000.0,0.0,0.192,62196000.0,130151000.0,36810000.0,1.353,1.604,14.266,13.971,1503655000.0,7950000.0,19.0,2.735,2.688,13092000.0,-306287000.0,274189000.0,274189000.0,0.0,0.033,0.111,0.05,0.463,0.0,13318000.0,1.0,39475138.0,38796000,39910000.0,7.067,1621079000.0,0.0,0.0,0.0,41.785,
21,FRT,MRY,1999-12-31,1999-12-31,1999-12-31,2021-09-07,0.0,1534048000.0,1523480750.0,,,0.174,12.681,-116133000.0,11738000.0,11738000.0,78698000.0,48443000.0,,2.057,920630000.0,,,920630000.0,0.0,50011000.0,5068000.0,0.095,1.78,109935000.0,159946000.0,0.604,159946000.0,109935000.0,48443000.0,1.02,1.02,1.02,501827000.0,512854500.0,501827000.0,1668762319.0,15.0,10.433,-13950000.0,-0.353,1.0,186015000.0,0.703,0.0,61492000.0,2442940000.0,2413955000.0,0.0,53495000.0,,,1032221000.0,,,758950319.0,-5492000.0,0.0,-322000.0,70895000.0,-76617000.0,-8362000.0,-99313000.0,-2341000.0,102183000.0,0.0,48443000.0,40493000.0,40493000.0,7050000.0,0.0,0.153,65131000.0,120884000.0,34974000.0,1.745,1.512,18.743,18.441,1403538000.0,7950000.0,18.81,2.867,2.812,23130000.0,-286348000.0,264713000.0,264713000.0,0.0,0.027,0.079,0.046,0.415,0.0,15120000.0,1.0,40348236.0,39574000,40638000.0,6.689,1534048000.0,0.0,0.0,0.0,38.764,
22,FRT,MRY,1998-12-31,1998-12-31,1998-12-31,2021-09-07,0.0,1484317000.0,1408112500.0,,,0.169,13.528,-165976000.0,17230000.0,17230000.0,72761000.0,44960000.0,,1.801,846928000.0,,,846928000.0,0.0,46047000.0,5214000.0,0.074,1.74,100085000.0,146132000.0,0.613,146132000.0,100085000.0,44960000.0,0.94,0.94,0.94,529947000.0,539899250.0,529947000.0,1754972026.0,18.0,12.009,-75549000.0,-1.929,1.0,165717000.0,0.695,0.0,55125000.0,2314015000.0,2164074000.0,0.0,51154000.0,,,954370000.0,,,946096026.0,187000.0,0.0,5310000.0,168649000.0,-74284000.0,97406000.0,-187646000.0,-21375000.0,90427000.0,0.0,44960000.0,37010000.0,37010000.0,0.0,0.0,0.155,62508000.0,103209000.0,34073000.0,1.851,1.785,25.563,25.138,1356083000.0,7950000.0,23.63,3.967,3.882,17873000.0,-255211000.0,238478000.0,238478000.0,0.0,0.026,0.069,0.046,0.42,0.0,16461000.0,1.0,40037919.0,39174000,40080000.0,6.088,1484317000.0,0.0,0.0,0.0,37.89,
23,FRT,MRY,1997-12-31,1997-12-31,1997-12-31,2021-09-07,0.0,1316573000.0,1183153250.0,,,0.173,14.394,-301700000.0,17043000.0,17043000.0,62369000.0,46504000.0,,1.377,670890000.0,,,670890000.0,0.0,41399000.0,4423000.0,0.066,1.7,93792000.0,135191000.0,0.662,135191000.0,93792000.0,46504000.0,1.16,1.14,1.16,553810000.0,489226250.0,553810000.0,1624994711.0,17.0,12.02,-229530000.0,-5.966,1.0,141902000.0,0.695,0.0,47288000.0,1970420000.0,1792583750.0,0.0,38360000.0,,,762763000.0,,,1007677711.0,6002000.0,9364000.0,86893000.0,91429000.0,-62621000.0,213175000.0,-279343000.0,-10447000.0,72170000.0,0.0,46504000.0,44627000.0,44627000.0,0.0,0.0,0.218,53143000.0,88759000.0,30512000.0,1.466,1.82,22.58,22.198,1206142000.0,1877000.0,25.75,4.933,4.85,18794000.0,-222709000.0,204271000.0,204271000.0,0.0,0.038,0.091,0.052,0.459,0.0,11744000.0,1.0,39133115.0,38475000,38988000.0,5.309,1316573000.0,0.0,0.0,0.0,34.219,
24,FRT,MRY,1996-12-31,1996-12-31,1996-12-31,2021-09-07,0.0,1035306000.0,960730000.0,,,0.186,11.722,-128148000.0,11041000.0,11041000.0,57098000.0,28742000.0,,1.662,585584000.0,,,585584000.0,0.0,38154000.0,3515000.0,0.061,1.66,74297000.0,112451000.0,0.628,112451000.0,74297000.0,28742000.0,0.87,0.86,0.87,388885000.0,358176500.0,388885000.0,,,,-62500000.0,-1.884,1.0,121957000.0,0.681,0.0,45555000.0,1609849000.0,1499034000.0,0.0,27913000.0,,,646421000.0,,,1055898786.0,520000.0,4680000.0,86054000.0,63304000.0,-52084000.0,96691000.0,-161819000.0,-14352000.0,65648000.0,0.0,28742000.0,28742000.0,28742000.0,12000.0,0.0,0.161,47254000.0,74703000.0,6783000.0,1.908,2.715,36.737,31.172,924312000.0,0.0,27.12,5.897,5.025,17294000.0,-200700000.0,179055000.0,179055000.0,0.0,0.03,0.08,0.05,0.415,0.0,9100000.0,1.0,38934321.0,33175000,33573000.0,5.397,1035306000.0,0.0,0.0,0.0,31.207,
25,FRT,MRY,1995-12-31,1995-12-31,1995-12-31,2021-09-07,0.0,886154000.0,,,,,10.402,-138925000.0,10521000.0,10521000.0,49564000.0,23110000.0,,1.706,512586000.0,,,512586000.0,0.0,34900000.0,3083000.0,0.071,1.61,62378000.0,97278000.0,0.63,97278000.0,62378000.0,23110000.0,0.73,0.72,0.73,327468000.0,,327468000.0,,,,-73808000.0,-2.345,1.0,104825000.0,0.679,0.0,39268000.0,1388219000.0,,0.0,13561000.0,,,558686000.0,,,,6526000.0,1782000.0,1682000.0,122859000.0,-47918000.0,75769000.0,-134360000.0,2783000.0,65117000.0,0.0,23110000.0,23110000.0,23110000.0,545000.0,0.0,0.15,42206000.0,62619000.0,8571000.0,2.205,,,31.164,818887000.0,0.0,22.75,,4.639,16102000.0,-172835000.0,154389000.0,154389000.0,0.0,,,,0.404,531000.0,7305000.0,1.0,,31481000,31860000.0,4.904,886154000.0,0.0,0.0,0.0,28.149,
26,FRT,MRY,1994-12-31,1994-12-31,1994-12-31,2021-09-07,,,,,,,,-90623000.0,,,47927000.0,20466000.0,,,,,,,,29801000.0,,0.075,1.57,51928000.0,81729000.0,0.593,81729000.0,51928000.0,20466000.0,0.67,,0.67,,,,,,,-45424000.0,-1.481,1.0,89837000.0,0.652,,31462000.0,,,,,,,,,,,-5640000.0,0.0,84247000.0,-438000.0,-43973000.0,39626000.0,-90465000.0,158000.0,45199000.0,0.0,20466000.0,20466000.0,20466000.0,0.0,0.0,0.149,37517000.0,52320000.0,,2.343,,,31.164,,0.0,20.88,,4.65,,,137764000.0,137764000.0,0.0,,,,0.377,621000.0,6661000.0,1.0,,30679000,,4.49,,,0.0,,,
0,FRT,MRQ,2021-06-30,2021-06-30,2021-06-30,2021-09-07,-3238000.0,7678876000.0,,,,,32.141,-460791000.0,304268000.0,304268000.0,72241000.0,48059000.0,,1.964,4319103000.0,,,4319103000.0,0.0,67675000.0,23381000.0,0.036,1.06,77381000.0,145056000.0,0.626,145056000.0,77381000.0,46204000.0,0.57,0.57,0.57,2490089000.0,,2490089000.0,12740684248.0,43.0,22.771,-328688000.0,-4.243,1.0,159384000.0,0.688,0.0,31177000.0,11693711000.0,,0.0,21094000.0,,,4890414000.0,,,9110607248.0,-491506000.0,846000.0,-43000.0,-102465000.0,-83934000.0,-188476000.0,-435133000.0,31122000.0,132103000.0,0.0,46204000.0,44193000.0,44193000.0,0.0,1855000.0,0.191,80521000.0,78863000.0,253092000.0,1.86,3.659,59.611,59.177,6969227000.0,2011000.0,117.17,10.383,10.345,153293000.0,-1062641000.0,231625000.0,231625000.0,0.0,,,,,0.0,12846000.0,1.0,77755460.0,77474000,77505000.0,2.99,7678876000.0,0.0,0.0,0.0,99.116,
1,FRT,MRQ,2021-03-31,2021-03-31,2021-03-31,2021-09-07,-2300000.0,7669601000.0,,,,,32.807,-89410000.0,779901000.0,779901000.0,78658000.0,49739000.0,,1.954,4409978000.0,,,4409978000.0,0.0,63874000.0,20867000.0,0.042,1.06,80321000.0,144195000.0,0.661,144195000.0,80321000.0,48236000.0,0.6,0.6,0.6,2520978000.0,,2520978000.0,11423614817.0,43.0,21.892,25696000.0,0.334,1.0,139503000.0,0.639,0.0,32085000.0,11299678000.0,,0.0,52027000.0,,,4926459000.0,,,7786078817.0,-8454000.0,17524000.0,87329000.0,-48845000.0,-82913000.0,-48719000.0,-74841000.0,0.0,115106000.0,0.0,48236000.0,46226000.0,46226000.0,0.0,1503000.0,0.212,56704000.0,82799000.0,254515000.0,1.767,3.089,66.47,66.743,6448993000.0,2010000.0,101.45,9.471,9.483,161249000.0,-1024417000.0,218161000.0,218161000.0,0.0,,,,,0.0,10258000.0,1.0,76747943.0,76842000,76842000.0,2.839,7669601000.0,0.0,0.0,0.0,99.81,
2,FRT,MRQ,2020-12-31,2020-12-31,2020-12-31,2021-09-07,-5644000.0,7607624000.0,,,,,32.465,-152740000.0,798329000.0,798329000.0,77418000.0,102211000.0,,1.997,4435865000.0,,,4435865000.0,0.0,64424000.0,20388000.0,0.05,1.06,132268000.0,196692000.0,0.896,196692000.0,132268000.0,94725000.0,1.22,1.22,1.22,2464157000.0,,2464157000.0,10181627727.0,38.0,19.467,-51233000.0,-0.675,1.0,142095000.0,0.647,0.0,37543000.0,11245160000.0,,0.0,62020000.0,,,4921157000.0,,,6439084727.0,-71543000.0,164076000.0,99007000.0,-181557000.0,-81743000.0,-178239000.0,5189000.0,265000.0,101507000.0,0.0,94725000.0,92714000.0,92714000.0,0.0,7486000.0,0.422,-9704000.0,151799000.0,228641000.0,0.869,2.613,52.069,52.543,6368542000.0,2011000.0,85.12,7.707,7.693,159780000.0,-988272000.0,219513000.0,219513000.0,0.0,,,,,0.0,12307000.0,1.0,75647142.0,75902000,75902000.0,2.892,7607624000.0,0.0,0.0,0.0,100.23,
3,FRT,MRQ,2020-09-30,2020-09-30,2020-09-30,2021-09-07,-7300000.0,7711293000.0,,,,,30.872,-105807000.0,863279000.0,863279000.0,72352000.0,-33623000.0,,2.205,4605822000.0,,,4605822000.0,0.0,65631000.0,19693000.0,0.057,1.06,7939000.0,73570000.0,0.353,73570000.0,7939000.0,-28289000.0,-0.41,-0.41,-0.41,2327859000.0,,2327859000.0,9182426461.0,30.0,16.334,-18767000.0,-0.249,1.0,135845000.0,0.652,0.0,36228000.0,11453836000.0,,0.0,61998000.0,,,5133488000.0,,,5554910461.0,-112798000.0,391000.0,73000.0,-1588000.0,-80979000.0,-83464000.0,-116374000.0,-10213000.0,87040000.0,0.0,-28289000.0,-30299000.0,-30299000.0,0.0,-5334000.0,-0.146,132157000.0,3688000.0,276396000.0,-2.585,2.386,31.509,31.519,6392097000.0,2010000.0,73.44,6.496,6.476,164882000.0,-999664000.0,208197000.0,208197000.0,0.0,,,,,0.0,9308000.0,1.0,75638759.0,75404000,75404000.0,2.761,7711293000.0,0.0,0.0,0.0,102.266,
4,FRT,MRQ,2020-06-30,2020-06-30,2020-06-30,2021-09-07,-7758000.0,7789930000.0,,,,,32.288,-119017000.0,980039000.0,980039000.0,67016000.0,10859000.0,,2.095,4607555000.0,,,4607555000.0,0.0,62784000.0,18922000.0,0.049,1.05,44580000.0,107364000.0,0.609,107364000.0,44580000.0,10507000.0,0.11,0.11,0.11,2434284000.0,,2434284000.0,9950557509.0,25.0,15.529,-56384000.0,-0.748,1.0,109211000.0,0.62,0.0,34073000.0,11417446000.0,,0.0,53211000.0,,,5099246000.0,,,6444691509.0,-18189000.0,16234000.0,78000.0,106439000.0,-80976000.0,24544000.0,-105366000.0,339000.0,62633000.0,0.0,10507000.0,8496000.0,8496000.0,0.0,352000.0,0.048,60916000.0,48295000.0,244482000.0,9.545,2.647,23.865,23.802,6382746000.0,2011000.0,85.21,7.316,7.293,167641000.0,-889195000.0,176227000.0,176227000.0,0.0,,,,,0.0,9814000.0,1.0,75633042.0,75394000,75394000.0,2.337,7789930000.0,0.0,0.0,0.0,103.323,
5,FRT,MRQ,2020-03-31,2020-03-31,2020-03-31,2021-09-07,-7265000.0,7759914000.0,,,,,33.202,-146885000.0,994688000.0,994688000.0,73376000.0,56441000.0,,1.999,4500554000.0,,,4500554000.0,0.0,62188000.0,21941000.0,0.056,1.05,83208000.0,145396000.0,0.628,145396000.0,83208000.0,54763000.0,0.7,0.7,0.7,2502107000.0,,2502107000.0,9019235932.0,20.0,12.869,-28136000.0,-0.373,1.0,158181000.0,0.683,0.0,28445000.0,11265780000.0,,0.0,56292000.0,,,5000772000.0,,,5644383932.0,865812000.0,713000.0,19000.0,988476000.0,-80898000.0,898895000.0,-151832000.0,-659000.0,118749000.0,0.0,54763000.0,52753000.0,52753000.0,0.0,1678000.0,0.228,72439000.0,85742000.0,245968000.0,1.5,2.256,16.58,16.507,6338999000.0,2010000.0,74.61,6.036,6.013,153243000.0,-818284000.0,231557000.0,231557000.0,0.0,,,,,0.0,10251000.0,1.0,75651842.0,75360000,75360000.0,3.073,7759914000.0,0.0,0.0,0.0,102.971,
6,FRT,MRQ,2019-12-31,2019-12-31,2019-12-31,2021-09-07,-813000.0,6794992000.0,,,,,33.665,-289182000.0,127432000.0,127432000.0,76693000.0,148966000.0,,1.585,3502284000.0,,,3502284000.0,0.0,61431000.0,21701000.0,0.032,1.05,174411000.0,235842000.0,0.986,235842000.0,174411000.0,147355000.0,1.93,1.93,1.93,2535341000.0,,2535341000.0,12982509509.0,28.0,18.461,-171569000.0,-2.278,1.0,162456000.0,0.679,0.0,27056000.0,10169844000.0,,0.0,59033000.0,,,4019102000.0,,,9722044509.0,-53302000.0,207111000.0,3298000.0,-1737000.0,-80664000.0,-81649000.0,-89266000.0,-487000.0,117613000.0,0.0,147355000.0,145344000.0,145344000.0,0.0,1611000.0,0.608,-13765000.0,176221000.0,255503000.0,0.544,3.835,28.113,27.924,6228895000.0,2011000.0,128.73,10.389,10.285,152572000.0,-791124000.0,239149000.0,239149000.0,0.0,,,,,0.0,10707000.0,1.0,75522757.0,75312000,75312000.0,3.175,6794992000.0,0.0,0.0,0.0,90.225,
7,FRT,MRQ,2019-09-30,2019-09-30,2019-09-30,2021-09-07,-1135000.0,6607565000.0,,,,,33.006,-129829000.0,162543000.0,162543000.0,83514000.0,67106000.0,,1.584,3423008000.0,,,3423008000.0,0.0,59648000.0,20354000.0,0.03,1.05,92517000.0,152165000.0,0.65,152165000.0,92517000.0,65465000.0,0.84,0.84,0.84,2469928000.0,,2469928000.0,13402784457.0,36.0,21.725,-27810000.0,-0.372,1.0,150433000.0,0.643,0.0,27052000.0,9868030000.0,,0.0,60446000.0,,,3912162000.0,,,10204300457.0,66647000.0,23180000.0,71268000.0,97633000.0,-78020000.0,78526000.0,-113898000.0,29000.0,102019000.0,0.0,65465000.0,63455000.0,63455000.0,0.0,1641000.0,0.271,56415000.0,94018000.0,221781000.0,1.25,4.131,40.337,40.278,6001244000.0,2010000.0,136.14,10.949,10.931,143855000.0,-857152000.0,233947000.0,233947000.0,0.0,,,,,0.0,11060000.0,1.0,74954462.0,74832000,74832000.0,3.126,6607565000.0,0.0,0.0,0.0,88.299,
8,FRT,MRQ,2019-06-30,2019-06-30,2019-06-30,2021-09-07,-1024000.0,6383741000.0,,,,,32.219,-92798000.0,105903000.0,105903000.0,66604000.0,82667000.0,,1.553,3304387000.0,,,3304387000.0,0.0,59057000.0,20588000.0,0.032,1.02,108384000.0,167441000.0,0.727,167441000.0,108384000.0,80902000.0,1.05,1.05,1.05,2407166000.0,,2407166000.0,12905580174.0,35.0,20.942,44570000.0,0.597,1.0,163861000.0,0.711,0.0,27482000.0,9582225000.0,,0.0,61229000.0,,,3738385000.0,,,9644896174.0,58057000.0,86630000.0,9034000.0,694000.0,-77669000.0,-69980000.0,-9331000.0,51000.0,137368000.0,0.0,80902000.0,78891000.0,78891000.0,0.0,1765000.0,0.342,54282000.0,109579000.0,177078000.0,0.971,4.007,38.569,38.321,5874241000.0,2011000.0,128.76,10.395,10.368,138870000.0,-841505000.0,230465000.0,230465000.0,0.0,,,,,0.0,11422000.0,1.0,74905997.0,74713000,74713000.0,3.085,6383741000.0,0.0,0.0,0.0,85.444,
9,FRT,MRQ,2019-03-31,2019-03-31,2019-03-31,2021-09-07,-625000.0,6351366000.0,,,,,32.185,-102617000.0,43003000.0,43003000.0,71947000.0,61803000.0,,1.556,3303687000.0,,,3303687000.0,0.0,59622000.0,19381000.0,0.029,1.02,88177000.0,147799000.0,0.636,147799000.0,88177000.0,60144000.0,0.78,0.78,0.78,2388158000.0,,2388158000.0,13416442668.0,38.0,22.414,2302000.0,0.031,1.0,160280000.0,0.69,0.0,28033000.0,9612050000.0,,0.0,60959000.0,,,3715095000.0,,,10251325668.0,-26120000.0,6789000.0,59427000.0,-1718000.0,-77296000.0,-27002000.0,-104037000.0,50000.0,104919000.0,0.0,60144000.0,58134000.0,58134000.0,0.0,1659000.0,0.25,69187000.0,91093000.0,156029000.0,1.308,4.293,44.042,43.762,5887776000.0,2010000.0,137.85,11.115,11.091,137779000.0,-843947000.0,232227000.0,232227000.0,0.0,,,,,0.0,9565000.0,1.0,74365801.0,74200000,74200000.0,3.13,6351366000.0,0.0,0.0,0.0,85.598,
10,FRT,MRQ,2018-12-31,2018-12-31,2018-12-31,2021-09-07,-416000.0,6289644000.0,,,,,31.789,-109956000.0,64087000.0,64087000.0,75442000.0,56382000.0,,1.571,3229204000.0,,,3229204000.0,0.0,66976000.0,17875000.0,0.034,1.02,82545000.0,149521000.0,0.635,149521000.0,82545000.0,54507000.0,0.71,0.71,0.71,2345891000.0,,2345891000.0,11933567282.0,34.0,20.012,42016000.0,0.569,1.0,159934000.0,0.679,0.0,28038000.0,9454761000.0,,0.0,57288000.0,,,3686106000.0,,,8718805282.0,13531000.0,34681000.0,49290000.0,-27983000.0,-76883000.0,-57967000.0,-80474000.0,293000.0,151972000.0,0.0,54507000.0,52496000.0,52496000.0,0.0,1875000.0,0.223,75094000.0,84840000.0,177922000.0,1.437,3.717,37.281,37.119,5760329000.0,2011000.0,118.04,9.524,9.448,142237000.0,-818877000.0,235376000.0,235376000.0,0.0,,,,,0.0,9620000.0,1.0,73863142.0,73796000,73800000.0,3.19,6289644000.0,0.0,0.0,0.0,85.23,
11,FRT,MRQ,2018-09-30,2018-09-30,2018-09-30,2021-09-07,127000.0,6285664000.0,,,,,31.496,-84296000.0,41872000.0,41872000.0,70995000.0,64180000.0,,1.605,3256634000.0,,,3256634000.0,0.0,60778000.0,17698000.0,0.032,1.02,90724000.0,151502000.0,0.659,151502000.0,90724000.0,62558000.0,0.82,0.82,0.82,2311771000.0,,2311771000.0,12558813090.0,36.0,21.653,17309000.0,0.236,1.0,158758000.0,0.691,0.0,28166000.0,9500426000.0,,0.0,58076000.0,,,3710777000.0,,,9294445090.0,-14161000.0,58854000.0,59136000.0,-64229000.0,-74708000.0,-82688000.0,-33078000.0,-37000.0,101605000.0,0.0,62558000.0,60548000.0,60548000.0,0.0,1622000.0,0.264,65291000.0,93467000.0,184683000.0,1.244,4.02,40.408,40.406,5742233000.0,2010000.0,126.47,10.281,10.268,151403000.0,-795649000.0,229753000.0,229753000.0,0.0,,,,,0.0,7638000.0,1.0,73491303.0,73400000,73408000.0,3.13,6285664000.0,0.0,0.0,0.0,85.636,
12,FRT,MRQ,2018-06-30,2018-06-30,2018-06-30,2021-09-07,412000.0,6302703000.0,,,,,31.031,-98196000.0,56116000.0,56116000.0,68212000.0,65533000.0,,1.666,3320484000.0,,,3320484000.0,0.0,58381000.0,17187000.0,0.032,1.0,91361000.0,149742000.0,0.666,149742000.0,91361000.0,63595000.0,0.84,0.84,0.84,2264944000.0,,2264944000.0,12537173145.0,32.0,20.314,40735000.0,0.558,1.0,156690000.0,0.697,0.0,27766000.0,9567071000.0,,0.0,53042000.0,,,3773694000.0,,,9266166145.0,35262000.0,70104000.0,21156000.0,-15430000.0,-74678000.0,-71152000.0,-32517000.0,-143000.0,138931000.0,0.0,63595000.0,61584000.0,61584000.0,0.0,1938000.0,0.274,62822000.0,93868000.0,178665000.0,1.19,4.091,33.565,33.479,5774937000.0,2011000.0,126.55,10.386,10.353,149861000.0,-780973000.0,224902000.0,224902000.0,0.0,,,,,0.0,8413000.0,1.0,73221384.0,72990000,73025000.0,3.081,6302703000.0,0.0,0.0,0.0,86.35,
13,FRT,MRQ,2018-03-31,2018-03-31,2018-03-31,2021-09-07,489000.0,6293625000.0,,,,,30.884,-89313000.0,64407000.0,64407000.0,73221000.0,62931000.0,,1.678,3335414000.0,,,3335414000.0,0.0,58110000.0,17072000.0,0.034,1.0,87431000.0,145541000.0,0.646,145541000.0,87431000.0,61247000.0,0.81,0.81,0.81,2251627000.0,,2251627000.0,11767985416.0,30.0,18.971,34867000.0,0.478,1.0,152184000.0,0.675,0.0,26184000.0,9564632000.0,,0.0,53942000.0,,,3778974000.0,,,8498407416.0,48500000.0,51372000.0,1336000.0,50022000.0,-74925000.0,-29502000.0,-46178000.0,-180000.0,124180000.0,0.0,61247000.0,59237000.0,59237000.0,0.0,1684000.0,0.263,62723000.0,89461000.0,181361000.0,1.235,3.774,29.24,29.1,5799847000.0,2010000.0,116.11,9.708,9.67,143148000.0,-769311000.0,225405000.0,225405000.0,0.0,,,,,0.0,7929000.0,1.0,73192726.0,72905000,72968000.0,3.092,6293625000.0,0.0,0.0,0.0,86.326,
14,FRT,MRQ,2017-12-31,2017-12-31,2017-12-31,2021-09-07,22000.0,6275755000.0,,,,,31.257,-130395000.0,15188000.0,15188000.0,74138000.0,52785000.0,,1.651,3284766000.0,,,3284766000.0,0.0,56394000.0,16667000.0,0.03,1.0,76829000.0,133223000.0,0.595,133223000.0,76829000.0,50656000.0,0.66,0.67,0.66,2266706000.0,,2266706000.0,12875561805.0,33.0,21.244,-11038000.0,-0.152,1.0,149819000.0,0.669,0.0,26173000.0,9545333000.0,,0.0,54370000.0,,,3743084000.0,,,9634949805.0,-7844000.0,8380000.0,67394000.0,8766000.0,-72150000.0,1321000.0,-128522000.0,-1146000.0,119357000.0,0.0,50656000.0,48646000.0,48646000.0,0.0,2129000.0,0.217,66366000.0,83453000.0,196332000.0,1.515,4.251,33.518,33.453,5758517000.0,2010000.0,132.81,11.238,11.171,209877000.0,-749367000.0,223957000.0,223957000.0,0.0,,,,,0.0,10268000.0,1.0,72546870.0,72519000,72602000.0,3.088,6275755000.0,0.0,0.0,0.0,86.539,
15,FRT,MRQ,2017-09-30,2017-09-30,2017-09-30,2021-09-07,-742000.0,6221137000.0,,,,,30.641,-398428000.0,22850000.0,22850000.0,68742000.0,108882000.0,,1.691,3263462000.0,,,3263462000.0,0.0,55611000.0,16698000.0,0.032,1.0,133064000.0,188675000.0,0.866,188675000.0,133064000.0,106777000.0,1.47,1.47,1.47,2208954000.0,,2208954000.0,12021480019.0,30.0,19.929,-297617000.0,-4.128,1.0,149211000.0,0.685,0.0,26287000.0,9461749000.0,,0.0,54354000.0,,,3735531000.0,,,8974818019.0,-74874000.0,80735000.0,33799000.0,40624000.0,-70398000.0,147016000.0,-322701000.0,14000.0,100811000.0,0.0,106777000.0,106600000.0,106600000.0,0.0,2105000.0,0.489,64896000.0,84315000.0,206441000.0,0.68,4.063,30.247,30.221,5699765000.0,177000.0,124.21,10.716,10.692,200878000.0,-724919000.0,217953000.0,217953000.0,0.0,,,,,0.0,9103000.0,1.0,72255197.0,72091000,72206000.0,3.023,6221137000.0,0.0,0.0,0.0,86.296,
16,FRT,MRQ,2017-06-30,2017-06-30,2017-06-30,2021-09-07,-1100000.0,5803503000.0,,,,,27.671,-151213000.0,96326000.0,96326000.0,63650000.0,78133000.0,,1.789,3142988000.0,,,3142988000.0,0.0,52666000.0,16618000.0,0.031,0.98,100198000.0,152864000.0,0.735,152864000.0,100198000.0,76291000.0,1.05,1.05,1.05,1992367000.0,,1992367000.0,12123513118.0,35.0,22.175,-36486000.0,-0.507,1.0,144399000.0,0.694,0.0,23907000.0,8850165000.0,,0.0,44402000.0,,,3564781000.0,,,9130256118.0,74458000.0,47469000.0,31000.0,130053000.0,-70330000.0,67154000.0,-107423000.0,-519000.0,114727000.0,0.0,76291000.0,76156000.0,76156000.0,0.0,1842000.0,0.366,61423000.0,82976000.0,190459000.0,0.933,4.583,36.674,36.529,5283101000.0,135000.0,126.39,11.125,11.088,168996000.0,-759058000.0,208049000.0,208049000.0,0.0,,,,,0.0,8643000.0,1.0,72238754.0,72001000,72124000.0,2.89,5803503000.0,0.0,0.0,0.0,80.603,
17,FRT,MRQ,2017-03-31,2017-03-31,2017-03-31,2021-09-07,-1493000.0,5656200000.0,,,,,27.576,-276672000.0,20112000.0,20112000.0,66199000.0,58070000.0,,1.735,3013369000.0,,,3013369000.0,0.0,51379000.0,16499000.0,0.029,0.98,79948000.0,131327000.0,0.633,131327000.0,79948000.0,56190000.0,0.78,0.78,0.78,1981692000.0,,1981692000.0,12401189476.0,38.0,23.787,-152739000.0,-2.125,1.0,141190000.0,0.681,0.0,23758000.0,8649457000.0,,0.0,44444000.0,,,3438395000.0,,,9626105476.0,-1389000.0,504000.0,17359000.0,215433000.0,-70117000.0,153954000.0,-279276000.0,5000.0,123933000.0,0.0,56190000.0,56055000.0,56055000.0,0.0,1880000.0,0.27,59646000.0,81544000.0,191901000.0,1.256,4.858,42.108,41.719,5249115000.0,135000.0,133.5,11.875,11.835,115775000.0,-764458000.0,207389000.0,207389000.0,0.0,,,,,0.0,8267000.0,1.0,72105659.0,71862000,72005000.0,2.886,5656200000.0,0.0,0.0,0.0,78.709,
18,FRT,MRQ,2016-12-31,2016-12-31,2016-12-31,2021-09-07,-2577000.0,5423279000.0,,,,,27.596,-141155000.0,23368000.0,23368000.0,64063000.0,59724000.0,,1.621,2798452000.0,,,2798452000.0,0.0,48448000.0,16285000.0,0.027,0.98,81888000.0,130336000.0,0.639,130336000.0,81888000.0,58037000.0,0.81,0.8,0.81,1976733000.0,,1976733000.0,12909862515.0,37.0,23.974,-6891000.0,-0.096,1.0,140046000.0,0.686,0.0,23851000.0,8198363000.0,,0.0,44768000.0,,,3203750000.0,,,10201579515.0,-73946000.0,-3726000.0,29063000.0,-14118000.0,-69944000.0,-56406000.0,-151804000.0,-95000.0,134264000.0,0.0,58037000.0,57902000.0,57902000.0,0.0,1687000.0,0.284,56569000.0,83477000.0,201756000.0,1.21,5.161,40.91,40.487,5029839000.0,135000.0,142.11,12.727,12.565,116749000.0,-749734000.0,204109000.0,204109000.0,0.0,,,,,0.0,8121000.0,1.0,71786500.0,71630000,71784000.0,2.849,5423279000.0,0.0,0.0,0.0,75.712,
19,FRT,MRQ,2016-09-30,2016-09-30,2016-09-30,2021-09-07,-5394000.0,5397337000.0,,,,,27.66,-143628000.0,101281000.0,101281000.0,63561000.0,61198000.0,,1.622,2809564000.0,,,2809564000.0,0.0,48903000.0,16228000.0,0.025,0.98,83290000.0,132193000.0,0.657,132193000.0,83290000.0,58977000.0,0.82,0.82,0.82,1972690000.0,,1972690000.0,13640983360.0,39.0,24.996,-53827000.0,-0.755,1.0,137596000.0,0.684,0.0,24313000.0,8105620000.0,,0.0,41033000.0,,,3200261000.0,,,10994652360.0,82659000.0,-1320000.0,54819000.0,145171000.0,-66674000.0,130373000.0,-137515000.0,11716000.0,89801000.0,0.0,58977000.0,58841000.0,58841000.0,0.0,2221000.0,0.293,57135000.0,80461000.0,184007000.0,1.195,5.573,42.404,41.715,4915822000.0,136000.0,153.93,13.917,13.897,120135000.0,-737124000.0,201157000.0,201157000.0,0.0,,,,,0.0,8232000.0,1.0,71426313.0,71319000,71489000.0,2.821,5397337000.0,0.0,0.0,0.0,75.679,
20,FRT,MRQ,2016-06-30,2016-06-30,2016-06-30,2021-09-07,-7293000.0,5188468000.0,,,,,27.173,-97748000.0,18622000.0,18622000.0,60375000.0,58898000.0,,1.58,2664953000.0,,,2664953000.0,0.0,48435000.0,15868000.0,0.023,0.94,79042000.0,127477000.0,0.644,127477000.0,79042000.0,55941000.0,0.79,0.78,0.79,1923739000.0,,1923739000.0,14377777272.0,42.0,27.054,980000.0,0.014,1.0,137606000.0,0.695,0.0,23101000.0,7834799000.0,,0.0,51425000.0,,,3039380000.0,,,11738171272.0,-1094000.0,2433000.0,63464000.0,6190000.0,-66192000.0,-607000.0,-99215000.0,3000.0,98728000.0,0.0,55941000.0,55806000.0,55806000.0,0.0,2957000.0,0.282,57471000.0,80135000.0,171982000.0,1.19,6.102,46.441,45.732,4806840000.0,135000.0,165.55,15.164,15.141,114431000.0,-725665000.0,197981000.0,197981000.0,0.0,,,,,0.0,9036000.0,1.0,70904085.0,70797000,70974000.0,2.796,5188468000.0,0.0,0.0,0.0,73.287,
21,FRT,MRQ,2016-03-31,2016-03-31,2016-03-31,2021-09-07,-6885000.0,5125457000.0,,,,,26.586,-197707000.0,19716000.0,19716000.0,65613000.0,79063000.0,,1.634,2659322000.0,,,2659322000.0,0.0,47799000.0,15845000.0,0.024,0.94,100684000.0,148483000.0,0.749,148483000.0,100684000.0,76955000.0,1.1,1.1,1.1,1854951000.0,,1854951000.0,13493302277.0,41.0,26.266,-92828000.0,-1.33,1.0,132731000.0,0.669,0.0,23729000.0,7765063000.0,,0.0,52073000.0,,,3030284000.0,,,10871982277.0,-1330000.0,-697000.0,181757000.0,-1923000.0,-64884000.0,95478000.0,-201687000.0,2000.0,104879000.0,0.0,76955000.0,76820000.0,76820000.0,0.0,2108000.0,0.387,55809000.0,76922000.0,165407000.0,0.855,5.861,45.216,45.101,4741767000.0,135000.0,156.05,14.351,14.372,113749000.0,-714452000.0,198344000.0,198344000.0,0.0,,,,,0.0,8010000.0,1.0,69669864.0,69771000,69957000.0,2.843,5125457000.0,0.0,0.0,0.0,73.461,
22,FRT,MRQ,2015-12-31,2015-12-31,2015-12-31,2021-09-07,-4110000.0,4896559000.0,,,,,24.016,-110735000.0,21046000.0,21046000.0,62051000.0,69998000.0,,1.79,2627216000.0,,,2627216000.0,0.0,46423000.0,15439000.0,0.025,0.94,91161000.0,137584000.0,0.715,137584000.0,91161000.0,67954000.0,0.98,0.98,0.98,1663749000.0,,1663749000.0,12662745600.0,42.0,26.515,-2839000.0,-0.041,1.0,130456000.0,0.678,0.0,23207000.0,7502729000.0,,0.0,83164000.0,,,2977312000.0,,,10142784600.0,8182000.0,50866000.0,9715000.0,34045000.0,-64901000.0,-32430000.0,-67284000.0,-360000.0,107896000.0,0.0,67954000.0,67819000.0,67819000.0,0.0,2044000.0,0.352,54542000.0,75914000.0,146532000.0,0.959,6.096,48.373,48.059,4490365000.0,135000.0,146.1,13.633,13.51,110402000.0,-724701000.0,192507000.0,192507000.0,0.0,,,,,0.0,8119000.0,1.0,69423577.0,69277000,69461000.0,2.779,4896559000.0,0.0,0.0,0.0,70.681,
23,FRT,MRQ,2015-09-30,2015-09-30,2015-09-30,2021-09-07,-7130000.0,4783803000.0,,,,,24.139,-71531000.0,12864000.0,12864000.0,56243000.0,54550000.0,,1.732,2532825000.0,,,2532825000.0,0.0,43718000.0,15872000.0,0.026,0.94,74180000.0,117898000.0,0.636,117898000.0,74180000.0,52447000.0,0.75,0.75,0.75,1665704000.0,,1665704000.0,11949548548.0,44.0,26.991,15971000.0,0.231,1.0,129009000.0,0.696,0.0,21733000.0,7303764000.0,,0.0,82579000.0,,,2885056000.0,,,9432218548.0,-9311000.0,-1406000.0,43133000.0,-7516000.0,-59692000.0,-26685000.0,-70128000.0,10091000.0,87502000.0,0.0,52447000.0,52311000.0,52311000.0,0.0,2103000.0,0.282,53092000.0,75917000.0,154763000.0,1.253,5.663,53.324,53.301,4370670000.0,136000.0,136.45,12.958,12.936,112267000.0,-727203000.0,185252000.0,185252000.0,0.0,,,,,0.0,9374000.0,1.0,69125823.0,69006000,69181000.0,2.685,4783803000.0,0.0,0.0,0.0,69.324,
24,FRT,MRQ,2015-06-30,2015-06-30,2015-06-30,2021-09-07,-4909000.0,4733838000.0,,,,,23.866,-162802000.0,22175000.0,22175000.0,53290000.0,45673000.0,,1.756,2539505000.0,,,2539505000.0,0.0,42671000.0,14901000.0,0.027,0.87,67077000.0,109748000.0,0.605,109748000.0,67077000.0,43632000.0,0.63,0.63,0.63,1635572000.0,,1635572000.0,11262830124.0,42.0,25.715,-71140000.0,-1.038,1.0,128171000.0,0.706,0.0,23445000.0,7251168000.0,,0.0,88425000.0,,,2871912000.0,,,8797534124.0,-149262000.0,45719000.0,57418000.0,-115040000.0,-59391000.0,-119518000.0,-121406000.0,389000.0,91662000.0,0.0,43632000.0,43497000.0,43497000.0,0.0,2041000.0,0.24,51970000.0,76201000.0,137944000.0,1.381,5.379,51.293,51.236,4335782000.0,135000.0,128.09,12.329,12.302,106218000.0,-714239000.0,181461000.0,181461000.0,0.0,,,,,0.0,9299000.0,1.0,68682443.0,68531000,68713000.0,2.648,4733838000.0,0.0,0.0,0.0,69.076,
25,FRT,MRQ,2015-03-31,2015-03-31,2015-03-31,2021-09-07,-5976000.0,4780750000.0,,,,,23.279,-91778000.0,171437000.0,171437000.0,61833000.0,48203000.0,,1.866,2636733000.0,,,2636733000.0,0.0,41984000.0,14371000.0,0.023,0.87,70354000.0,112338000.0,0.608,112338000.0,70354000.0,46186000.0,0.67,0.67,0.67,1591569000.0,,1591569000.0,12469759770.0,47.0,28.608,-9792000.0,-0.143,1.0,122959000.0,0.665,0.0,24168000.0,7246046000.0,,0.0,88449000.0,,,2969679000.0,,,10108033770.0,123486000.0,-47000.0,589000.0,197619000.0,-59330000.0,136445000.0,-94945000.0,213000.0,81986000.0,0.0,46186000.0,46051000.0,46051000.0,0.0,2017000.0,0.249,50837000.0,72122000.0,149379000.0,1.299,6.351,58.964,58.649,4236384000.0,135000.0,147.21,14.439,14.377,100981000.0,-697692000.0,184792000.0,184792000.0,0.0,,,,,0.0,8853000.0,1.0,68664043.0,68368000,68563000.0,2.703,4780750000.0,0.0,0.0,0.0,69.927,
26,FRT,MRQ,2014-12-31,2014-12-31,2014-12-31,2021-09-07,-3515000.0,4546870000.0,,,,,23.593,-95599000.0,47951000.0,47951000.0,53242000.0,37279000.0,,1.705,2409677000.0,,,2409677000.0,0.0,43411000.0,14115000.0,0.025,0.87,59331000.0,102742000.0,0.583,102742000.0,59331000.0,35162000.0,0.51,0.5,0.51,1604401000.0,,1604401000.0,11433998732.0,44.0,26.635,8685000.0,0.128,1.0,123135000.0,0.698,0.0,24169000.0,6908596000.0,,0.0,88445000.0,,,2735261000.0,,,9092979732.0,24034000.0,344000.0,61905000.0,34221000.0,-58904000.0,34976000.0,-115226000.0,433000.0,104284000.0,0.0,35162000.0,35027000.0,35027000.0,0.0,2117000.0,0.199,51525000.0,71610000.0,145685000.0,1.706,5.668,55.447,55.149,4141948000.0,135000.0,133.46,13.253,13.096,93291000.0,-683991000.0,176377000.0,176377000.0,0.0,,,,,0.0,8114000.0,1.0,68132622.0,68003000,68185000.0,2.594,4546870000.0,0.0,0.0,0.0,66.863,
27,FRT,MRQ,2014-09-30,2014-09-30,2014-09-30,2021-09-07,-1760000.0,4479398000.0,,,,,23.288,-95149000.0,23917000.0,23917000.0,52282000.0,49049000.0,,1.721,2364936000.0,,,2364936000.0,0.0,42660000.0,13729000.0,0.027,0.87,70497000.0,113157000.0,0.662,113157000.0,70497000.0,47075000.0,0.69,0.69,0.69,1573322000.0,,1573322000.0,10338341710.0,41.0,24.564,-25372000.0,-0.376,1.0,118656000.0,0.694,0.0,23422000.0,6820417000.0,,0.0,83908000.0,,,2706934000.0,,,8021902710.0,-17395000.0,7176000.0,50319000.0,7793000.0,-52456000.0,3630000.0,-90802000.0,3935000.0,69777000.0,0.0,47075000.0,46939000.0,46939000.0,0.0,1974000.0,0.275,51034000.0,67622000.0,160205000.0,1.261,5.099,51.001,50.624,4105326000.0,136000.0,118.46,11.91,11.882,104746000.0,-659334000.0,170938000.0,170938000.0,0.0,,,,,0.0,8374000.0,1.0,67718240.0,67559000,67732000.0,2.53,4479398000.0,0.0,0.0,0.0,66.303,
28,FRT,MRQ,2014-06-30,2014-06-30,2014-06-30,2021-09-07,-4060000.0,4431485000.0,,,,,22.795,-95125000.0,41312000.0,41312000.0,50569000.0,45416000.0,,1.767,2357751000.0,,,2357751000.0,0.0,40893000.0,13502000.0,0.026,0.78,66758000.0,107651000.0,0.641,107651000.0,66758000.0,43545000.0,0.64,0.64,0.64,1529761000.0,,1529761000.0,10450718542.0,39.0,24.025,-2218000.0,-0.033,1.0,117378000.0,0.699,0.0,23213000.0,6747924000.0,,0.0,90443000.0,,,2702741000.0,,,8134480542.0,-34387000.0,-3372000.0,52316000.0,-23255000.0,-52142000.0,-25212000.0,-102082000.0,589000.0,92907000.0,0.0,43545000.0,43410000.0,43410000.0,0.0,1871000.0,0.258,49017000.0,68361000.0,168615000.0,1.219,5.317,47.208,46.687,4060187000.0,135000.0,120.92,12.294,12.265,97741000.0,-647006000.0,167947000.0,167947000.0,0.0,,,,,0.0,8124000.0,1.0,67271589.0,67110000,67277000.0,2.503,4431485000.0,0.0,0.0,0.0,66.033,
29,FRT,MRQ,2014-03-31,2014-03-31,2014-03-31,2021-09-07,-1960000.0,4405647000.0,,,,,22.303,-84239000.0,75699000.0,75699000.0,55830000.0,40545000.0,,1.831,2391937000.0,,,2391937000.0,0.0,43850000.0,13122000.0,0.027,0.78,61890000.0,105740000.0,0.619,105740000.0,61890000.0,38753000.0,0.58,0.57,0.58,1485738000.0,,1485738000.0,9898778702.0,37.0,22.92,-5077000.0,-0.076,1.0,114998000.0,0.673,0.0,23137000.0,6721885000.0,,0.0,87427000.0,,,2721011000.0,,,7665843702.0,-13228000.0,92000.0,51615000.0,-2842000.0,-51714000.0,-4350000.0,-88040000.0,51000.0,79162000.0,0.0,38753000.0,38618000.0,38618000.0,0.0,1792000.0,0.226,51554000.0,63444000.0,157357000.0,1.345,5.16,46.095,45.524,4005133000.0,135000.0,114.72,11.774,11.737,92769000.0,-637638000.0,170828000.0,170828000.0,0.0,,,,,0.0,7704000.0,1.0,66822208.0,66615000,66773000.0,2.564,4405647000.0,0.0,0.0,0.0,66.136,
30,FRT,MRQ,2013-12-31,2013-12-31,2013-12-31,2021-09-07,-1417000.0,4219294000.0,,,,,21.952,-141365000.0,88927000.0,88927000.0,50095000.0,29603000.0,,1.825,2321862000.0,,,2321862000.0,0.0,41214000.0,12772000.0,0.03,0.78,53119000.0,94333000.0,0.576,94333000.0,53119000.0,28456000.0,0.43,0.42,0.43,1448160000.0,,1448160000.0,8774170348.0,33.0,20.464,-53595000.0,-0.812,1.0,113751000.0,0.694,0.0,24663000.0,6452229000.0,,0.0,87419000.0,,,2643572000.0,,,6595803348.0,-38904000.0,697000.0,68461000.0,1182000.0,-51167000.0,17037000.0,-143711000.0,262000.0,87770000.0,0.0,28456000.0,28321000.0,28321000.0,0.0,1147000.0,0.173,50281000.0,63470000.0,156270000.0,1.814,4.555,40.68,41.057,3798992000.0,135000.0,101.41,10.348,10.394,84838000.0,-623795000.0,163846000.0,163846000.0,0.0,,,,,0.0,9068000.0,1.0,65040956.0,65970000,66119000.0,2.484,4219294000.0,0.0,0.0,0.0,63.958,
31,FRT,MRQ,2013-09-30,2013-09-30,2013-09-30,2021-09-07,-3539000.0,4159476000.0,,,,,21.495,-75547000.0,127831000.0,127831000.0,47445000.0,63366000.0,,1.871,2306198000.0,,,2306198000.0,0.0,39408000.0,12596000.0,0.029,0.78,87860000.0,127268000.0,0.8,127268000.0,87860000.0,62098000.0,0.94,0.94,0.94,1407992000.0,,1407992000.0,8866390141.0,32.0,20.38,4485000.0,0.068,1.0,111585000.0,0.702,0.0,25762000.0,6337843000.0,,0.0,88169000.0,,,2634546000.0,,,6664778141.0,19465000.0,34283000.0,34867000.0,-4795000.0,-47653000.0,-17258000.0,-43309000.0,434000.0,80032000.0,0.0,62098000.0,61962000.0,61962000.0,-23976000.0,1268000.0,0.39,46884000.0,64701000.0,160634000.0,0.83,4.734,38.89,38.721,3710724000.0,136000.0,101.45,10.59,10.559,87284000.0,-600091000.0,159030000.0,159030000.0,0.0,,,,,0.0,7543000.0,1.0,65695201.0,65504000,65647000.0,2.428,4159476000.0,0.0,0.0,0.0,63.5,
32,FRT,MRQ,2013-06-30,2013-06-30,2013-06-30,2021-09-07,-2368000.0,4085203000.0,,,,,20.886,-117679000.0,108366000.0,108366000.0,45841000.0,38797000.0,,1.916,2309978000.0,,,2309978000.0,0.0,39853000.0,12758000.0,0.028,0.73,64686000.0,104539000.0,0.664,104539000.0,64686000.0,37539000.0,0.57,0.57,0.57,1360717000.0,,1360717000.0,8929102228.0,34.0,21.801,-38676000.0,-0.594,1.0,111547000.0,0.709,0.0,27147000.0,6286815000.0,,0.0,88523000.0,,,2607266000.0,,,6764481228.0,77092000.0,8676000.0,50678000.0,111933000.0,-47312000.0,110592000.0,-112503000.0,386000.0,79003000.0,0.0,37539000.0,37404000.0,37404000.0,-424000.0,1258000.0,0.238,48059000.0,63488000.0,138932000.0,1.281,4.971,45.73,45.474,3664996000.0,135000.0,103.68,10.779,10.763,84103000.0,-610569000.0,157388000.0,157388000.0,0.0,,,,,0.0,8302000.0,1.0,65243839.0,65149000,65311000.0,2.416,4085203000.0,0.0,0.0,0.0,62.706,
33,FRT,MRQ,2013-03-31,2013-03-31,2013-03-31,2021-09-07,-10773000.0,3905932000.0,,,,,20.251,-42827000.0,31274000.0,31274000.0,47073000.0,35842000.0,,1.892,2195895000.0,,,2195895000.0,0.0,40624000.0,13065000.0,0.027,0.73,61993000.0,102617000.0,0.653,102617000.0,61993000.0,34588000.0,0.53,0.53,0.53,1310053000.0,,1310053000.0,9186093389.0,36.0,22.876,24866000.0,0.384,1.0,110076000.0,0.7,0.0,27405000.0,6070553000.0,,0.0,88824000.0,,,2478153000.0,,,7014479389.0,-5714000.0,0.0,32542000.0,-12095000.0,-46884000.0,-27732000.0,-45675000.0,-125000.0,67693000.0,0.0,34588000.0,34453000.0,34453000.0,-403000.0,1254000.0,0.219,47574000.0,62502000.0,126715000.0,1.377,5.354,49.057,48.667,3567385000.0,135000.0,108.04,11.355,11.315,77154000.0,-600024000.0,157149000.0,157149000.0,0.0,,,,,0.0,7057000.0,1.0,64924837.0,64692000,64847000.0,2.429,3905932000.0,0.0,0.0,0.0,60.377,
34,FRT,MRQ,2012-12-31,2012-12-31,2012-12-31,2021-09-07,-12388000.0,3898565000.0,,,,,19.984,-126593000.0,36988000.0,36988000.0,46781000.0,38858000.0,,1.938,2208602000.0,,,2208602000.0,0.0,35337000.0,12957000.0,0.027,0.73,65284000.0,100621000.0,0.646,100621000.0,65284000.0,37692000.0,0.58,0.58,0.58,1286812000.0,,1286812000.0,8753083567.0,33.0,21.491,-39115000.0,-0.607,1.0,109004000.0,0.7,0.0,27592000.0,6070179000.0,,0.0,88817000.0,,,2493552000.0,,,6722348567.0,-110692000.0,696000.0,18602000.0,-37102000.0,-46848000.0,-68047000.0,-130123000.0,1004000.0,87478000.0,0.0,37692000.0,37557000.0,37557000.0,-323000.0,1166000.0,0.241,43514000.0,65490000.0,120929000.0,1.259,5.224,44.406,44.076,3555379000.0,135000.0,104.02,11.097,10.969,73861000.0,-586970000.0,155785000.0,155785000.0,0.0,,,,,0.0,8264000.0,1.0,64625539.0,64391000,64551000.0,2.419,3898565000.0,0.0,0.0,0.0,60.545,
35,FRT,MRQ,2012-09-30,2012-09-30,2012-09-30,2021-09-07,-13227000.0,3804339000.0,,,,,20.116,-66877000.0,147680000.0,147680000.0,46882000.0,39656000.0,,1.872,2178415000.0,,,2178415000.0,0.0,34932000.0,13009000.0,0.027,0.73,66862000.0,101794000.0,0.647,101794000.0,66862000.0,38644000.0,0.6,0.6,0.6,1287697000.0,,1287697000.0,8778537968.0,34.0,22.214,-7617000.0,-0.119,1.0,110350000.0,0.702,0.0,28218000.0,5835074000.0,,0.0,89532000.0,,,2410566000.0,,,6750990968.0,64906000.0,172000.0,54039000.0,66765000.0,-43913000.0,75733000.0,-70087000.0,40000.0,59260000.0,0.0,38644000.0,38508000.0,38508000.0,-371000.0,1012000.0,0.245,43598000.0,66752000.0,121233000.0,1.217,5.243,46.683,46.388,3345792000.0,136000.0,105.3,11.431,11.413,82152000.0,-577214000.0,157232000.0,157232000.0,0.0,,,,,0.0,8751000.0,1.0,64111975.0,64014000,64202000.0,2.456,3804339000.0,0.0,0.0,0.0,59.43,
36,FRT,MRQ,2012-06-30,2012-06-30,2012-06-30,2021-09-07,-10375000.0,3680929000.0,,,,,19.499,-31027000.0,82774000.0,82774000.0,43443000.0,33596000.0,,1.878,2110321000.0,,,2110321000.0,0.0,35199000.0,12745000.0,0.027,0.69,61336000.0,96535000.0,0.654,96535000.0,61336000.0,32603000.0,0.51,0.51,0.51,1242081000.0,,1242081000.0,8698949703.0,33.0,21.95,49411000.0,0.776,1.0,104117000.0,0.706,0.0,28733000.0,5708476000.0,,0.0,89942000.0,,,2332613000.0,,,6652857703.0,13592000.0,105000.0,17227000.0,-4579000.0,-43762000.0,-32780000.0,-34066000.0,194000.0,80438000.0,0.0,32603000.0,32468000.0,32468000.0,0.0,993000.0,0.22,42338000.0,61779000.0,110786000.0,1.353,5.356,43.476,43.191,3306974000.0,135000.0,104.09,11.651,11.612,76601000.0,-568541000.0,147560000.0,147560000.0,0.0,,,,,0.0,7139000.0,1.0,63914475.0,63700000,63880000.0,2.316,3680929000.0,0.0,0.0,0.0,57.785,
37,FRT,MRQ,2012-03-31,2012-03-31,2012-03-31,2021-09-07,-2582000.0,3668848000.0,,,,,19.582,-37039000.0,69182000.0,69182000.0,42167000.0,44122000.0,,1.869,2115274000.0,,,2115274000.0,0.0,36571000.0,12441000.0,0.028,0.69,71779000.0,108350000.0,0.741,108350000.0,71779000.0,42986000.0,0.67,0.67,0.67,1241731000.0,,1241731000.0,8205441271.0,32.0,21.013,32418000.0,0.511,1.0,104122000.0,0.712,0.0,28793000.0,5714940000.0,,0.0,90239000.0,,,2320310000.0,,,6162837271.0,1376000.0,143000.0,22402000.0,-3292000.0,-43497000.0,-28799000.0,-39282000.0,-143000.0,69457000.0,0.0,42986000.0,42851000.0,42851000.0,0.0,1136000.0,0.293,43575000.0,60547000.0,92352000.0,1.03,4.963,39.715,39.506,3301613000.0,135000.0,96.79,11.01,10.965,75871000.0,-556783000.0,146289000.0,146289000.0,0.0,,,,,0.0,7004000.0,1.0,63672252.0,63411000,63585000.0,2.307,3668848000.0,0.0,0.0,0.0,57.858,
38,FRT,MRQ,2011-12-31,2011-12-31,2011-12-31,2021-09-07,-3940000.0,3666210000.0,,,,,19.231,-130373000.0,67806000.0,67806000.0,42637000.0,32455000.0,,1.924,2110410000.0,,,2110410000.0,0.0,31853000.0,12221000.0,0.03,0.69,56642000.0,88495000.0,0.634,88495000.0,56642000.0,30921000.0,0.49,0.48,0.49,1216092000.0,,1216092000.0,7471469658.0,31.0,20.251,-58613000.0,-0.927,1.0,96873000.0,0.694,0.0,25721000.0,5708814000.0,,0.0,90319000.0,,,2340281000.0,,,5762664658.0,45736000.0,3654000.0,1128000.0,111196000.0,-42007000.0,69032000.0,-95056000.0,331000.0,71760000.0,0.0,30921000.0,30786000.0,30786000.0,-1524000.0,1534000.0,0.221,40875000.0,55998000.0,104660000.0,1.408,4.739,40.193,39.629,3298856000.0,135000.0,90.75,10.457,10.282,75921000.0,-555541000.0,139510000.0,139510000.0,0.0,,,,,0.0,9342000.0,1.0,63500437.0,63236000,63389000.0,2.206,3666210000.0,0.0,0.0,0.0,57.977,
39,FRT,MRQ,2011-09-30,2011-09-30,2011-09-30,2021-09-07,0.0,3254848000.0,,,,,20.574,-41448000.0,22070000.0,22070000.0,41642000.0,48302000.0,,1.495,1730875000.0,,,1730875000.0,0.0,32083000.0,12038000.0,0.033,0.69,70848000.0,102931000.0,0.748,102931000.0,70848000.0,47053000.0,0.74,0.74,0.74,1292406000.0,,1292406000.0,6916274263.0,28.0,18.764,12805000.0,0.204,1.0,96022000.0,0.698,0.0,23795000.0,4963653000.0,,0.0,113904000.0,,,1931721000.0,,,5175830263.0,2222000.0,19103000.0,57006000.0,-38093000.0,-42208000.0,-27478000.0,-24553000.0,587000.0,54253000.0,0.0,47053000.0,46917000.0,46917000.0,-14770000.0,1249000.0,0.341,39265000.0,56757000.0,89623000.0,0.932,4.005,35.629,35.522,2921626000.0,136000.0,82.41,9.429,9.431,78503000.0,-542480000.0,137664000.0,137664000.0,0.0,,,,,0.0,7197000.0,1.0,62805852.0,62818000,62990000.0,2.191,3254848000.0,0.0,0.0,0.0,51.814,
40,FRT,MRQ,2011-06-30,2011-06-30,2011-06-30,2021-09-07,0.0,3220668000.0,,,,,19.812,-24827000.0,19848000.0,19848000.0,40680000.0,36471000.0,,1.588,1760292000.0,,,1760292000.0,0.0,32063000.0,11865000.0,0.031,0.67,58662000.0,90725000.0,0.666,90725000.0,58662000.0,34757000.0,0.55,0.55,0.55,1232565000.0,,1232565000.0,7095634457.0,31.0,20.262,47872000.0,0.769,1.0,95600000.0,0.701,0.0,23905000.0,4961112000.0,,0.0,114483000.0,,,1956772000.0,,,5301580457.0,9847000.0,-5195000.0,47775000.0,-43722000.0,-41740000.0,-39000000.0,-23852000.0,8705000.0,72699000.0,0.0,34757000.0,34622000.0,34622000.0,-2578000.0,1714000.0,0.254,38266000.0,57334000.0,86552000.0,1.218,4.301,41.465,41.35,2908191000.0,135000.0,85.18,9.733,9.729,73917000.0,-545589000.0,136280000.0,136280000.0,0.0,,,,,0.0,6395000.0,1.0,62239733.0,62214000,62391000.0,2.191,3220668000.0,0.0,0.0,0.0,51.768,
41,FRT,MRQ,2011-03-31,2011-03-31,2011-03-31,2021-09-07,0.0,3217461000.0,,,,,19.365,-49371000.0,10001000.0,10001000.0,44809000.0,32384000.0,,1.677,1804055000.0,,,1804055000.0,0.0,30569000.0,11735000.0,0.033,0.67,56230000.0,86799000.0,0.631,86799000.0,56230000.0,31186000.0,0.5,0.5,0.5,1190416000.0,,1190416000.0,6770376355.0,30.0,19.501,-3372000.0,-0.055,1.0,92840000.0,0.674,0.0,25044000.0,5011515000.0,,0.0,96195000.0,,,1995792000.0,,,5019024355.0,-5796000.0,256000.0,49012000.0,-5299000.0,-41358000.0,1113000.0,-52908000.0,7000.0,45999000.0,0.0,31186000.0,31051000.0,31051000.0,-421000.0,1198000.0,0.226,36467000.0,56373000.0,80537000.0,1.34,4.216,40.406,40.577,2927851000.0,135000.0,81.56,9.266,9.256,71408000.0,-538200000.0,137649000.0,137649000.0,0.0,,,,,0.0,6051000.0,1.0,61537817.0,61471000,61629000.0,2.239,3217461000.0,0.0,0.0,0.0,52.341,
42,FRT,MRQ,2010-12-31,2010-12-31,2010-12-31,2021-09-07,0.0,3159553000.0,,,,,17.893,-71998000.0,15797000.0,15797000.0,41808000.0,34305000.0,,1.807,1767149000.0,,,1767149000.0,0.0,30116000.0,11751000.0,0.034,0.67,58019000.0,88135000.0,0.642,88135000.0,58019000.0,32816000.0,0.53,0.53,0.53,1094736000.0,,1094736000.0,6506447371.0,29.0,18.887,5052000.0,0.083,1.0,95526000.0,0.696,0.0,25203000.0,4910905000.0,,0.0,96419000.0,,,1978423000.0,,,4794432371.0,6623000.0,70000.0,613000.0,47002000.0,-41297000.0,5356000.0,-75783000.0,-677000.0,77050000.0,0.0,32816000.0,32681000.0,32681000.0,-169000.0,1489000.0,0.238,36764000.0,58762000.0,102574000.0,1.264,4.38,39.219,39.161,2860738000.0,135000.0,77.93,8.849,8.8,68997000.0,-527582000.0,137334000.0,137334000.0,0.0,,,,,0.0,6780000.0,1.0,61522294.0,61182000,,2.245,3159553000.0,0.0,0.0,0.0,51.642,
43,FRT,MRQ,2010-09-30,2010-09-30,2010-09-30,2021-09-07,0.0,3127159000.0,,,,,18.813,-45317000.0,9174000.0,9174000.0,42215000.0,31010000.0,,1.679,1721189000.0,,,1721189000.0,0.0,29591000.0,11778000.0,0.032,0.67,54939000.0,84530000.0,0.633,84530000.0,54939000.0,29640000.0,0.48,0.48,0.48,1155496000.0,,1155496000.0,6689023059.0,29.0,19.336,5023000.0,0.082,1.0,91231000.0,0.684,0.0,25299000.0,4839174000.0,,0.0,95597000.0,,,1940283000.0,,,5015442059.0,-14383000.0,-301000.0,2508000.0,24061000.0,-40658000.0,-15363000.0,-49360000.0,-1360000.0,50340000.0,0.0,29640000.0,29504000.0,29504000.0,-270000.0,1370000.0,0.221,35335000.0,55896000.0,112490000.0,1.396,4.341,41.312,41.452,2834890000.0,136000.0,81.66,9.268,9.268,74443000.0,-519050000.0,133446000.0,133446000.0,0.0,,,,,0.0,5904000.0,1.0,61418590.0,61418590,,2.173,3127159000.0,0.0,0.0,0.0,50.916,
44,FRT,MRQ,2010-06-30,2010-06-30,2010-06-30,2021-09-07,0.0,3103645000.0,,,,,18.958,-17439000.0,23557000.0,23557000.0,40339000.0,32368000.0,,1.641,1697138000.0,,,1697138000.0,0.0,31178000.0,12093000.0,0.038,0.66,56532000.0,87710000.0,0.658,87710000.0,56532000.0,31114000.0,0.5,0.5,0.5,1163118000.0,,1163118000.0,5979352780.0,26.0,17.209,53945000.0,0.879,1.0,92877000.0,0.697,0.0,25418000.0,4777226000.0,,0.0,94219000.0,,,1909240000.0,,,4311259780.0,963000.0,-16642000.0,2122000.0,6254000.0,-40612000.0,-33711000.0,-36710000.0,-615000.0,71384000.0,0.0,31114000.0,30979000.0,30979000.0,-1314000.0,1254000.0,0.233,37036000.0,55841000.0,106771000.0,1.32,3.707,36.17,36.222,2818210000.0,135000.0,70.27,8.003,8.003,72814000.0,-507389000.0,133216000.0,133216000.0,0.0,,,,,0.0,6016000.0,1.0,61352779.0,61352779,,2.171,3103645000.0,0.0,0.0,0.0,50.587,
45,FRT,MRQ,2010-03-31,2010-03-31,2010-03-31,2021-09-07,0.0,3096344000.0,,,,,19.085,-11474000.0,22594000.0,22594000.0,44992000.0,30554000.0,,1.622,1690687000.0,,,1690687000.0,0.0,28932000.0,12095000.0,0.036,0.66,55182000.0,84114000.0,0.608,84114000.0,55182000.0,29220000.0,0.47,0.47,0.47,1169136000.0,,1169136000.0,6118689074.0,27.0,17.806,46487000.0,0.759,1.0,93332000.0,0.675,0.0,25962000.0,4764437000.0,,0.0,77215000.0,,,1895783000.0,,,4460230074.0,-112795000.0,180000.0,1367000.0,-104700000.0,-40553000.0,-145521000.0,-25235000.0,-11243000.0,57961000.0,0.0,29220000.0,29085000.0,29085000.0,40000.0,1334000.0,0.21,34350000.0,58982000.0,97052000.0,1.404,3.815,38.286,37.922,2825708000.0,135000.0,72.81,8.324,8.324,70953000.0,-497843000.0,138324000.0,138324000.0,0.0,,,,,0.0,5489000.0,1.0,61258482.0,61258482,,2.258,3096344000.0,0.0,0.0,0.0,50.546,
46,FRT,MRQ,2009-12-31,2009-12-31,2009-12-31,2021-09-07,0.0,3222309000.0,,,,,19.72,-38244000.0,135389000.0,135389000.0,44928000.0,33366000.0,,1.71,1793848000.0,,,1793848000.0,0.0,28458000.0,11710000.0,0.039,0.66,61129000.0,89587000.0,0.658,89587000.0,61129000.0,31970000.0,0.52,0.53,0.52,1177337000.0,,1177337000.0,5777345146.0,28.0,17.932,24317000.0,0.407,1.0,91235000.0,0.67,0.0,29159000.0,4880768000.0,,0.0,83969000.0,,,2013246000.0,,,4143556146.0,-273039000.0,-6808000.0,1808000.0,-248386000.0,-40507000.0,-288601000.0,-46999000.0,230000.0,62561000.0,0.0,31970000.0,31835000.0,31835000.0,-1031000.0,1396000.0,0.234,28938000.0,62297000.0,109061000.0,1.269,3.519,42.384,41.546,2821147000.0,135000.0,67.72,7.839,7.649,72191000.0,-486449000.0,136163000.0,136163000.0,0.0,,,,,0.0,5862000.0,1.0,61186594.0,59704000,,2.281,3222309000.0,0.0,0.0,0.0,53.971,
47,FRT,MRQ,2009-09-30,2009-09-30,2009-09-30,2021-09-07,0.0,3480285000.0,,,,,19.981,-23093000.0,408428000.0,408428000.0,38852000.0,28839000.0,,1.916,2042217000.0,,,2042217000.0,0.0,28410000.0,11383000.0,0.043,0.66,57642000.0,86052000.0,0.657,86052000.0,57642000.0,27433000.0,0.45,0.45,0.45,1182420000.0,,1182420000.0,5357838076.0,26.0,16.715,24902000.0,0.421,1.0,92140000.0,0.703,0.0,30209000.0,5114074000.0,,0.0,77227000.0,,,2266020000.0,,,3631664076.0,238369000.0,-52000.0,110899000.0,144784000.0,-38585000.0,215728000.0,-25354000.0,245000.0,47995000.0,0.0,27433000.0,27297000.0,27297000.0,0.0,1406000.0,0.208,34489000.0,57651000.0,110397000.0,1.467,3.071,36.493,36.97,2813825000.0,136000.0,61.37,6.914,6.914,72188000.0,-477868000.0,130992000.0,130992000.0,0.0,,,,,0.0,5749000.0,1.0,59176537.0,59176537,,2.214,3480285000.0,0.0,0.0,0.0,58.812,
48,FRT,MRQ,2009-06-30,2009-06-30,2009-06-30,2021-09-07,0.0,3234956000.0,,,,,18.322,-21662000.0,170059000.0,170059000.0,39901000.0,29794000.0,,1.958,1896233000.0,,,1896233000.0,0.0,29633000.0,11344000.0,0.05,0.65,54247000.0,83880000.0,0.644,83880000.0,54247000.0,28417000.0,0.48,0.48,0.48,1082916000.0,,1082916000.0,4773278945.0,23.0,14.661,51961000.0,0.879,1.0,90437000.0,0.694,0.0,25830000.0,4961130000.0,,0.0,77265000.0,,,2120227000.0,,,3045119945.0,147599000.0,2047000.0,1996000.0,136320000.0,-38528000.0,98059000.0,-24083000.0,-1548000.0,73623000.0,0.0,28417000.0,28282000.0,28282000.0,-544000.0,1377000.0,0.217,35034000.0,55403000.0,109820000.0,1.354,2.812,27.889,28.0,2818662000.0,135000.0,51.52,5.79,5.79,68726000.0,-464792000.0,130338000.0,130338000.0,0.0,,,,,0.0,5276000.0,1.0,59105589.0,59105589,,2.205,3234956000.0,0.0,0.0,0.0,54.732,
49,FRT,MRQ,2009-03-31,2009-03-31,2009-03-31,2021-09-07,0.0,3090962000.0,,,,,18.442,-29611000.0,22460000.0,22460000.0,42529000.0,11873000.0,,1.808,1750619000.0,,,1750619000.0,0.0,28592000.0,11332000.0,0.056,0.65,34067000.0,62659000.0,0.478,62659000.0,34067000.0,10484000.0,0.17,0.17,0.17,1089494000.0,,1089494000.0,4448040842.0,21.0,13.774,42975000.0,0.727,1.0,88547000.0,0.676,0.0,23583000.0,4819121000.0,,0.0,75221000.0,,,1969335000.0,,,2717478842.0,7237000.0,509000.0,799000.0,4845000.0,-38480000.0,-34444000.0,-30905000.0,-430000.0,72586000.0,0.0,10484000.0,10349000.0,10349000.0,-972000.0,1389000.0,0.079,54369000.0,34178000.0,107132000.0,3.824,2.494,24.762,24.865,2827557000.0,135000.0,46.0,5.183,5.183,71781000.0,-454629000.0,131076000.0,131076000.0,0.0,,,,,0.0,5145000.0,1.0,59075627.0,59075627,,2.219,3090962000.0,0.0,0.0,0.0,52.322,
50,FRT,MRQ,2008-12-31,2008-12-31,2008-12-31,2021-09-07,0.0,3092776000.0,,,,,18.999,-39801000.0,15223000.0,15223000.0,42695000.0,35035000.0,,1.746,1745785000.0,,,1745785000.0,0.0,29231000.0,11309000.0,0.041,0.65,58722000.0,87953000.0,0.662,87953000.0,58722000.0,33725000.0,0.56,0.56,0.56,1114602000.0,,1114602000.0,5366663918.0,23.0,15.783,13980000.0,0.238,1.0,90128000.0,0.679,0.0,24997000.0,4823338000.0,,0.0,75032000.0,,,1945822000.0,,,3661133918.0,-33768000.0,6991000.0,1164000.0,-8718000.0,-38455000.0,-47189000.0,-40360000.0,-5153000.0,53781000.0,0.0,33725000.0,33590000.0,33590000.0,-5443000.0,1310000.0,0.253,36225000.0,53903000.0,86950000.0,1.161,3.285,28.327,28.347,2827427000.0,135000.0,62.08,7.046,7.009,73688000.0,-426574000.0,132823000.0,132823000.0,0.0,,,,,0.0,7281000.0,1.0,58974451.0,58665000,,2.264,3092776000.0,0.0,0.0,0.0,52.719,
51,FRT,MRQ,2008-09-30,2008-09-30,2008-09-30,2021-09-07,86000.0,3111542000.0,,,,,18.954,-93783000.0,48991000.0,48991000.0,42239000.0,38417000.0,,1.758,1754521000.0,,,1754521000.0,0.0,28643000.0,11364000.0,0.029,0.65,62439000.0,91082000.0,0.692,91082000.0,62439000.0,37102000.0,0.63,0.63,0.63,1116665000.0,,1116665000.0,6688638670.0,21.0,15.83,-42262000.0,-0.717,1.0,89468000.0,0.679,0.0,25337000.0,4817072000.0,,0.0,69859000.0,,,1962792000.0,,,5042985670.0,28710000.0,38059000.0,4787000.0,67664000.0,-36067000.0,34739000.0,-57550000.0,214000.0,51521000.0,0.0,37102000.0,36966000.0,36966000.0,-7786000.0,1315000.0,0.281,34022000.0,55446000.0,92589000.0,1.032,4.516,23.166,22.586,2816587000.0,136000.0,85.6,10.17,10.17,69439000.0,-421824000.0,131707000.0,131707000.0,0.0,,,,,0.0,5391000.0,1.0,58913384.0,58913384,,2.236,3111542000.0,0.0,0.0,0.0,52.816,
52,FRT,MRQ,2008-06-30,2008-06-30,2008-06-30,2021-09-07,-46000.0,3026547000.0,,,,,18.902,-67797000.0,20281000.0,20281000.0,40295000.0,30383000.0,,1.695,1665934000.0,,,1665934000.0,0.0,27795000.0,11074000.0,0.035,0.61,53450000.0,81245000.0,0.631,81245000.0,53450000.0,28974000.0,0.49,0.49,0.49,1111244000.0,,1111244000.0,5665205843.0,19.0,13.825,2766000.0,0.047,1.0,88417000.0,0.687,0.0,24476000.0,4672200000.0,,0.0,69888000.0,,,1883266000.0,,,4056402843.0,-7373000.0,108000.0,3406000.0,27281000.0,-35987000.0,-7094000.0,-70842000.0,335000.0,70563000.0,0.0,28974000.0,28839000.0,28839000.0,-694000.0,1409000.0,0.224,34902000.0,53515000.0,99861000.0,1.245,3.65,19.874,19.274,2767637000.0,135000.0,69.0,8.317,8.317,66431000.0,-420469000.0,128712000.0,128712000.0,0.0,,,,,0.0,7118000.0,1.0,58788447.0,58788447,,2.189,3026547000.0,0.0,0.0,0.0,51.482,
53,FRT,MRQ,2008-03-31,2008-03-31,2008-03-31,2021-09-07,-540000.0,2979130000.0,,,,,18.935,-36230000.0,27654000.0,27654000.0,39651000.0,31318000.0,,1.649,1636457000.0,,,1636457000.0,0.0,25400000.0,10731000.0,0.031,0.61,54339000.0,79739000.0,0.631,79739000.0,54339000.0,29986000.0,0.51,0.51,0.51,1112489000.0,,1112489000.0,6167652420.0,20.0,15.031,16190000.0,0.276,1.0,86718000.0,0.686,0.0,24353000.0,4587933000.0,,0.0,70249000.0,,,1834361000.0,,,4579883420.0,-23037000.0,95000.0,2228000.0,-2039000.0,-35909000.0,-36642000.0,-38815000.0,-684000.0,52420000.0,0.0,29986000.0,29851000.0,29851000.0,-614000.0,1332000.0,0.236,32331000.0,54387000.0,95757000.0,1.196,4.117,22.69,21.896,2715998000.0,135000.0,77.95,9.582,9.582,64588000.0,-413376000.0,126369000.0,126369000.0,0.0,,,,,0.0,6942000.0,1.0,58754117.0,58754117,,2.151,2979130000.0,0.0,0.0,0.0,50.705,
54,FRT,MRQ,2007-12-31,2007-12-31,2007-12-31,2021-09-07,0.0,2989297000.0,,,,,19.866,-51372000.0,50691000.0,50691000.0,33824000.0,127758000.0,,1.653,1638460000.0,,,1638460000.0,0.0,26509000.0,10703000.0,0.029,0.61,143956000.0,170465000.0,1.562,170465000.0,143956000.0,122168000.0,2.16,2.15,2.16,1114632000.0,,1114632000.0,6476518631.0,21.0,15.687,4103000.0,0.073,1.0,75278000.0,0.69,0.0,21788000.0,4577066000.0,,0.0,70284000.0,,,1842847000.0,,,4651896631.0,40410000.0,32675000.0,163804000.0,-120439000.0,-34658000.0,6311000.0,-21376000.0,102000.0,55475000.0,0.0,122168000.0,122033000.0,122033000.0,-101157000.0,5590000.0,1.119,31400000.0,43878000.0,99360000.0,0.282,4.173,23.844,23.674,2696144000.0,135000.0,82.15,9.635,9.547,61108000.0,-407376000.0,109102000.0,109102000.0,0.0,,,,,0.0,8310000.0,1.0,56626861.0,56108000,,1.944,2989297000.0,0.0,0.0,0.0,53.278,
55,FRT,MRQ,2007-09-30,2007-09-30,2007-09-30,2021-09-07,0.0,2929859000.0,,,,,15.284,-35857000.0,10281000.0,10281000.0,37255000.0,23515000.0,,2.359,1834903000.0,,,1834903000.0,0.0,26072000.0,11259000.0,0.026,0.61,52247000.0,78319000.0,0.634,78319000.0,52247000.0,23515000.0,0.42,0.41,0.42,861923000.0,,861923000.0,6798266640.0,34.0,22.13,12646000.0,0.224,1.0,86309000.0,0.698,0.0,28732000.0,4754481000.0,,0.0,70828000.0,,,2033582000.0,,,4996509640.0,-1437000.0,-7000.0,2319000.0,19017000.0,-32556000.0,-12624000.0,-37316000.0,285000.0,48503000.0,0.0,23515000.0,23379000.0,23379000.0,881000.0,0.0,0.189,32217000.0,54092000.0,99461000.0,1.452,5.797,54.96,54.356,2674784000.0,136000.0,88.6,10.972,10.972,59964000.0,-493635000.0,123564000.0,123564000.0,0.0,,,,,0.0,7172000.0,1.0,56394014.0,56394014,,2.191,2929859000.0,0.0,0.0,0.0,51.953,
56,FRT,MRQ,2007-06-30,2007-06-30,2007-06-30,2021-09-07,0.0,2901155000.0,,,,,15.348,-64434000.0,11718000.0,11718000.0,34716000.0,26718000.0,,2.31,1813475000.0,,,1813475000.0,0.0,26901000.0,11060000.0,0.03,0.575,54896000.0,81797000.0,0.688,81797000.0,54896000.0,26718000.0,0.47,0.47,0.47,864954000.0,,864954000.0,6166713695.0,31.0,20.291,-9888000.0,-0.175,1.0,84238000.0,0.708,0.0,28178000.0,4702912000.0,,0.0,70966000.0,,,1998168000.0,,,4353936695.0,-4269000.0,53323000.0,2263000.0,-12437000.0,-32419000.0,-44662000.0,-14153000.0,78000.0,54546000.0,0.0,26718000.0,26583000.0,26583000.0,-3079000.0,0.0,0.223,31607000.0,52631000.0,91646000.0,1.223,5.034,48.567,47.399,2656424000.0,135000.0,77.26,9.804,9.804,52753000.0,-482492000.0,118954000.0,118954000.0,0.0,,,,,0.0,6114000.0,1.0,56354345.0,56354345,,2.111,2901155000.0,0.0,0.0,0.0,51.481,
57,FRT,MRQ,2007-03-31,2007-03-31,2007-03-31,2021-09-07,0.0,2929363000.0,,,,,15.641,-55179000.0,15987000.0,15987000.0,34866000.0,23136000.0,,2.334,1828764000.0,,,1828764000.0,0.0,26484000.0,11065000.0,0.025,0.575,50473000.0,76957000.0,0.668,76957000.0,50473000.0,23136000.0,0.42,0.41,0.42,866979000.0,,866979000.0,6708401556.0,32.0,21.68,506000.0,0.009,1.0,80397000.0,0.698,0.0,27337000.0,4742140000.0,,0.0,72377000.0,,,2023761000.0,,,5022966556.0,4492000.0,-21472000.0,2469000.0,57781000.0,-31810000.0,27401000.0,-78594000.0,175000.0,55685000.0,0.0,23136000.0,23100000.0,23100000.0,-1383000.0,0.0,0.2,30520000.0,49877000.0,96407000.0,1.369,5.794,51.019,49.519,2679746000.0,36000.0,90.62,11.582,11.582,50996000.0,-476652000.0,115263000.0,115263000.0,0.0,,,,,0.0,5608000.0,1.0,55428896.0,55428896,,2.079,2929363000.0,0.0,0.0,0.0,52.849,
58,FRT,MRQ,2006-12-31,2006-12-31,2006-12-31,2021-09-07,0.0,2688606000.0,,,,,14.664,-82531000.0,11495000.0,11495000.0,29410000.0,24441000.0,,2.401,1696930000.0,,,1696930000.0,0.0,25561000.0,10126000.0,0.027,0.575,44565000.0,70126000.0,0.718,70126000.0,44565000.0,24441000.0,0.32,0.32,0.32,784078000.0,,784078000.0,6146595095.0,29.0,19.712,-36332000.0,-0.679,1.0,68208000.0,0.699,0.0,20124000.0,4374041000.0,,0.0,51078000.0,,,1882337000.0,,,4699523095.0,-54929000.0,629000.0,1966000.0,152871000.0,-35497000.0,-16981000.0,-84147000.0,228000.0,46199000.0,0.0,24441000.0,17850000.0,17850000.0,-4267000.0,0.0,0.183,27117000.0,41091000.0,97727000.0,1.797,5.994,45.4,43.814,2463751000.0,6591000.0,85.0,11.011,10.648,47493000.0,-467369000.0,97618000.0,97618000.0,0.0,,,,,0.0,6174000.0,1.0,55288507.0,53469000,,1.826,2688606000.0,0.0,0.0,0.0,50.283,
59,FRT,MRQ,2006-09-30,2006-09-30,2006-09-30,2021-09-07,0.0,2640122000.0,,,,,17.42,-219792000.0,66424000.0,66424000.0,32371000.0,24984000.0,,1.835,1513496000.0,,,1513496000.0,0.0,23979000.0,9753000.0,0.033,0.575,51060000.0,75039000.0,0.668,75039000.0,51060000.0,24984000.0,0.42,0.41,0.42,924597000.0,,924597000.0,5323241006.0,24.0,16.841,-173135000.0,-3.262,1.0,79894000.0,0.712,0.0,26076000.0,4087194000.0,,0.0,51376000.0,,,1696881000.0,,,3943517006.0,52382000.0,6569000.0,155793000.0,98812000.0,-32319000.0,221132000.0,-215407000.0,137000.0,46657000.0,0.0,24984000.0,22115000.0,22115000.0,-547000.0,0.0,0.197,29985000.0,49909000.0,96164000.0,1.369,4.265,33.441,33.318,2370355000.0,2869000.0,74.3,9.406,9.406,45274000.0,-453409000.0,112265000.0,112265000.0,0.0,,,,,0.0,6264000.0,1.0,53075599.0,53075599,,2.115,2640122000.0,0.0,0.0,0.0,49.743,
60,FRT,MRQ,2006-06-30,2006-06-30,2006-06-30,2021-09-07,1276000.0,2348469000.0,,,,,14.654,-40316000.0,14042000.0,14042000.0,30906000.0,38256000.0,,1.996,1393766000.0,,,1393766000.0,0.0,24302000.0,8851000.0,0.035,0.555,63010000.0,87312000.0,0.804,87312000.0,63010000.0,38256000.0,0.67,0.66,0.67,777329000.0,,777329000.0,5100509060.0,23.0,16.135,6081000.0,0.115,1.0,77647000.0,0.715,0.0,24754000.0,3728193000.0,,0.0,51437000.0,,,1551925000.0,,,3713308060.0,9250000.0,36893000.0,975000.0,1631000.0,-32301000.0,-31171000.0,-5976000.0,-428000.0,46397000.0,0.0,38256000.0,35387000.0,35387000.0,-7889000.0,0.0,0.326,29163000.0,48484000.0,79827000.0,0.828,4.777,30.038,29.915,2156005000.0,2869000.0,70.0,9.113,9.113,38659000.0,-443756000.0,108553000.0,108553000.0,0.0,,,,,0.0,4982000.0,1.0,53047258.0,53047258,,2.046,2348469000.0,0.0,0.0,0.0,44.271,
61,FRT,MRQ,2006-03-31,2006-03-31,2006-03-31,2021-09-07,2121000.0,2347869000.0,,,,,14.52,-44024000.0,4792000.0,4792000.0,32616000.0,31031000.0,,2.025,1391993000.0,,,1391993000.0,0.0,24037000.0,8952000.0,0.032,0.555,55311000.0,79348000.0,0.732,79348000.0,55311000.0,31031000.0,0.53,0.53,0.53,769713000.0,,769713000.0,5368032720.0,26.0,17.988,3377000.0,0.064,1.0,75764000.0,0.699,0.0,24280000.0,3735070000.0,,0.0,49744000.0,,,1558676000.0,,,3986528720.0,-3847000.0,33925000.0,2558000.0,1709000.0,-42830000.0,-39349000.0,-11899000.0,-91000.0,47401000.0,0.0,31031000.0,28162000.0,28162000.0,-8616000.0,0.0,0.26,28407000.0,47357000.0,86910000.0,1.047,5.179,36.185,35.981,2163387000.0,2869000.0,75.2,10.025,10.025,39413000.0,-449692000.0,108380000.0,108380000.0,0.0,,,,,0.0,4501000.0,1.0,53012350.0,53012350,,2.044,2347869000.0,0.0,0.0,0.0,44.289,
62,FRT,MRQ,2005-12-31,2005-12-31,2005-12-31,2021-09-07,2678000.0,2350852000.0,,,,,14.674,-96086000.0,8639000.0,8639000.0,28073000.0,35128000.0,,2.009,1390143000.0,,,1390143000.0,0.0,23192000.0,8807000.0,0.039,0.755,51191000.0,74383000.0,0.826,74383000.0,51191000.0,35128000.0,0.61,0.6,0.61,774847000.0,,774847000.0,4515783379.0,23.0,15.694,-56010000.0,-1.061,1.0,61972000.0,0.688,0.0,16063000.0,3732356000.0,,0.0,49906000.0,,,1556812000.0,,,3198869379.0,-7934000.0,51749000.0,6581000.0,42324000.0,-44578000.0,3007000.0,-51017000.0,-3319000.0,40076000.0,0.0,35128000.0,32260000.0,32260000.0,-14380000.0,0.0,0.358,23859000.0,38113000.0,88089000.0,1.238,4.128,31.016,30.944,2165571000.0,2868000.0,60.65,8.185,8.153,38161000.0,-437817000.0,90045000.0,90045000.0,0.0,,,,,0.0,5468000.0,1.0,52743106.0,52803000,53254000.0,1.705,2350852000.0,0.0,0.0,0.0,44.521,
63,FRT,MRQ,2005-09-30,2005-09-30,2005-09-30,2021-09-07,3041000.0,2303072000.0,,,,,14.772,-41697000.0,16573000.0,16573000.0,29712000.0,30680000.0,,1.936,1333487000.0,,,1333487000.0,0.0,22724000.0,8281000.0,0.035,0.555,52344000.0,75068000.0,0.747,75068000.0,52344000.0,30680000.0,0.53,0.53,0.53,777913000.0,,777913000.0,4539087982.0,24.0,16.246,4023000.0,0.076,1.0,70806000.0,0.704,0.0,21664000.0,3619986000.0,,0.0,46598000.0,,,1505877000.0,,,3210220982.0,2948000.0,36673000.0,1628000.0,-9147000.0,-31843000.0,-40498000.0,-2274000.0,4709000.0,45720000.0,0.0,30680000.0,27811000.0,27811000.0,-9417000.0,0.0,0.277,27049000.0,43757000.0,94940000.0,1.047,4.127,35.698,35.632,2123801000.0,2869000.0,60.93,8.143,8.139,34383000.0,-430150000.0,100518000.0,100518000.0,0.0,,,,,0.0,4957000.0,1.0,52687034.0,52663000,53194000.0,1.909,2303072000.0,0.0,0.0,0.0,43.732,
64,FRT,MRQ,2005-06-30,2005-06-30,2005-06-30,2021-09-07,2772000.0,2297022000.0,,,,,14.818,-36826000.0,13625000.0,13625000.0,27925000.0,24807000.0,,1.929,1342492000.0,,,1342492000.0,0.0,22992000.0,7861000.0,0.035,0.555,46634000.0,69626000.0,0.705,69626000.0,46634000.0,24807000.0,0.42,0.41,0.42,777584000.0,,777584000.0,4429672288.0,25.0,16.542,13580000.0,0.259,1.0,70802000.0,0.717,0.0,21827000.0,3625889000.0,,0.0,51401000.0,,,1500304000.0,,,3097832288.0,-14020000.0,11207000.0,-7675000.0,-8505000.0,-28343000.0,-45847000.0,-18579000.0,8402000.0,50406000.0,0.0,24807000.0,21938000.0,21938000.0,-2747000.0,0.0,0.222,27091000.0,43711000.0,80519000.0,1.321,3.984,39.763,39.597,2123969000.0,2869000.0,59.0,7.916,7.912,34823000.0,-428695000.0,98727000.0,98727000.0,0.0,,,,,0.0,4982000.0,1.0,52505632.0,52476000,52573000.0,1.881,2297022000.0,0.0,0.0,0.0,43.773,
65,FRT,MRQ,2005-03-31,2005-03-31,2005-03-31,2021-09-07,3437000.0,2327325000.0,,,,,15.345,-91968000.0,27645000.0,27645000.0,32794000.0,23997000.0,,1.882,1359485000.0,,,1359485000.0,0.0,22595000.0,7940000.0,0.041,0.505,46060000.0,68655000.0,0.676,68655000.0,46060000.0,23997000.0,0.4,0.4,0.4,800831000.0,,800831000.0,3809358768.0,22.0,14.157,-53229000.0,-1.02,1.0,68724000.0,0.677,0.0,22063000.0,3659165000.0,,0.0,52330000.0,,,1506983000.0,,,2535776768.0,-2830000.0,13499000.0,13577000.0,55286000.0,-28613000.0,39291000.0,-80860000.0,-445000.0,38739000.0,0.0,23997000.0,21128000.0,21128000.0,-4821000.0,0.0,0.208,26431000.0,42293000.0,71901000.0,1.262,3.166,31.924,31.601,2128003000.0,2869000.0,48.35,6.487,6.455,41039000.0,-421404000.0,101518000.0,101518000.0,0.0,,,,,0.0,4502000.0,1.0,52446262.0,52190000,53179000.0,1.945,2327325000.0,0.0,0.0,0.0,44.593,
66,FRT,MRQ,2004-12-31,2004-12-31,2004-12-31,2021-09-07,2321000.0,2266896000.0,,,,,15.242,-36979000.0,30475000.0,30475000.0,33154000.0,21918000.0,,1.844,1304057000.0,,,1304057000.0,0.0,22913000.0,7745000.0,0.039,0.505,43141000.0,66054000.0,0.707,66054000.0,43141000.0,21918000.0,0.36,0.37,0.36,790534000.0,,790534000.0,3968053397.0,23.0,15.282,7957000.0,0.153,1.0,60329000.0,0.645,0.0,21223000.0,3540478000.0,,0.0,52540000.0,,,1457408000.0,,,2691589397.0,7038000.0,38916000.0,1248000.0,-5590000.0,-28426000.0,-36166000.0,-1732000.0,-1194000.0,44936000.0,0.0,21918000.0,19050000.0,19050000.0,-8386000.0,0.0,0.204,25289000.0,35040000.0,80558000.0,1.403,3.405,37.033,36.373,2070938000.0,2868000.0,51.65,7.016,6.868,34849000.0,-416026000.0,93483000.0,93483000.0,0.0,,,,,0.0,4721000.0,1.0,52112089.0,51866000,52369000.0,1.802,2266896000.0,0.0,0.0,0.0,43.707,
67,FRT,MRQ,2004-09-30,2004-09-30,2004-09-30,2021-09-07,1488000.0,2281020000.0,,,,,15.261,-7647000.0,23437000.0,23437000.0,31766000.0,18660000.0,,1.844,1299901000.0,,,1299901000.0,0.0,23667000.0,7591000.0,0.045,0.505,39785000.0,63452000.0,0.65,63452000.0,39785000.0,18660000.0,0.31,0.29,0.31,789763000.0,,789763000.0,3554990628.0,20.0,13.168,38588000.0,0.746,1.0,65840000.0,0.675,0.0,21125000.0,3557484000.0,,0.0,59157000.0,,,1456007000.0,,,2278409628.0,-21666000.0,-11496000.0,2353000.0,-19188000.0,-27592000.0,-46701000.0,-21200000.0,299000.0,46235000.0,0.0,18660000.0,15791000.0,15791000.0,-2001000.0,0.0,0.162,27599000.0,38241000.0,84622000.0,1.629,2.885,26.443,25.434,2086657000.0,2869000.0,44.0,5.969,5.966,34748000.0,-408747000.0,97606000.0,97606000.0,0.0,,,,,0.0,4673000.0,1.0,51782037.0,51752000,50633000.0,1.886,2281020000.0,0.0,0.0,0.0,44.076,
68,FRT,MRQ,2004-06-30,2004-06-30,2004-06-30,2021-09-07,2762000.0,2275213000.0,,,,,15.414,-28579000.0,45103000.0,45103000.0,31356000.0,26332000.0,,1.842,1321684000.0,,,1321684000.0,0.0,23196000.0,7365000.0,0.047,0.49,47723000.0,70919000.0,0.722,70919000.0,47723000.0,26332000.0,0.46,0.47,0.46,789979000.0,,789979000.0,3527278896.0,19.0,13.133,15740000.0,0.307,1.0,66935000.0,0.681,0.0,21391000.0,3551794000.0,,0.0,44907000.0,,,1455370000.0,,,2144653896.0,17163000.0,19279000.0,103479000.0,-88881000.0,-26396000.0,-13047000.0,-14109000.0,-1676000.0,44319000.0,0.0,26332000.0,23463000.0,23463000.0,-9104000.0,0.0,0.239,27425000.0,39510000.0,60704000.0,1.065,2.715,23.287,22.241,2072270000.0,2869000.0,41.59,5.796,5.761,34494000.0,-398386000.0,98291000.0,98291000.0,0.0,,,,,0.0,4588000.0,1.0,51566576.0,51251000,52573000.0,1.918,2275213000.0,0.0,0.0,0.0,44.394,
69,FRT,MRQ,2004-03-31,2004-03-31,2004-03-31,2021-09-07,-1029000.0,2249055000.0,,,,,13.906,-119969000.0,27940000.0,27940000.0,31015000.0,17246000.0,,2.247,1410565000.0,,,1410565000.0,0.0,20662000.0,7709000.0,0.042,0.49,38565000.0,59227000.0,0.629,59227000.0,38565000.0,17246000.0,0.29,0.28,0.29,683639000.0,,683639000.0,3549763503.0,20.0,14.077,-81311000.0,-1.654,1.0,63217000.0,0.671,0.0,21319000.0,3631680000.0,,0.0,42419000.0,,,1536464000.0,,,2274051503.0,-7028000.0,0.0,1971000.0,99885000.0,-26342000.0,74884000.0,-120570000.0,-601000.0,38658000.0,0.0,17246000.0,14377000.0,14377000.0,-624000.0,0.0,0.153,24448000.0,38769000.0,69624000.0,1.69,3.326,28.841,28.344,2064668000.0,2869000.0,46.2,6.398,6.39,34916000.0,-396528000.0,94232000.0,94232000.0,0.0,,,,,0.0,4182000.0,1.0,49221894.0,49163000,50613000.0,1.917,2249055000.0,0.0,0.0,0.0,45.747,
70,FRT,MRQ,2003-12-31,2003-12-31,2003-12-31,2021-09-07,-87000.0,2141185000.0,,,,,14.085,-65886000.0,34968000.0,34968000.0,29762000.0,35400000.0,,2.054,1308430000.0,,,1308430000.0,0.0,20299000.0,7208000.0,0.051,0.49,56082000.0,76381000.0,0.834,76381000.0,56082000.0,35400000.0,0.67,0.67,0.67,691374000.0,,691374000.0,3078971428.0,18.0,12.601,-20434000.0,-0.416,1.0,61805000.0,0.675,0.0,20682000.0,3414647000.0,,0.0,41500000.0,,,1420229000.0,,,1888104428.0,1312000.0,22703000.0,1101000.0,24192000.0,-26322000.0,-5753000.0,-38387000.0,-2555000.0,45452000.0,0.0,35400000.0,32531000.0,32531000.0,3282000.0,0.0,0.355,21027000.0,40778000.0,61018000.0,0.731,2.731,24.847,23.994,1955972000.0,2869000.0,38.39,5.461,5.26,31207000.0,-386738000.0,91567000.0,91567000.0,0.0,,,,,0.0,2178000.0,1.0,49182194.0,49086000,50464000.0,1.865,2141185000.0,0.0,0.0,0.0,43.621,
71,FRT,MRQ,2003-09-30,2003-09-30,2003-09-30,2021-09-07,-1067000.0,2044044000.0,,,,,13.882,-31883000.0,33656000.0,33656000.0,27848000.0,24595000.0,,1.963,1224523000.0,,,1224523000.0,0.0,18742000.0,7489000.0,0.053,0.49,43314000.0,62056000.0,0.722,62056000.0,43314000.0,24595000.0,0.45,0.45,0.45,679891000.0,,679891000.0,3023235556.0,22.0,14.615,-357000.0,-0.007,1.0,58069000.0,0.676,0.0,18719000.0,3234911000.0,,0.0,38013000.0,,,1334572000.0,,,1808044556.0,15047000.0,19765000.0,1708000.0,-9277000.0,-26028000.0,-34098000.0,17619000.0,-19000.0,31526000.0,0.0,24595000.0,21726000.0,21726000.0,-7427000.0,0.0,0.253,21466000.0,36603000.0,62378000.0,1.089,2.659,43.693,42.368,1876531000.0,2869000.0,36.86,5.399,5.391,23487000.0,-395160000.0,85917000.0,85917000.0,0.0,,,,,0.0,3221000.0,1.0,49051670.0,48978000,50260000.0,1.754,2044044000.0,0.0,0.0,0.0,41.734,
72,FRT,MRQ,2003-06-30,2003-06-30,2003-06-30,2021-09-07,-2359000.0,2050468000.0,,,,,14.379,-53614000.0,18609000.0,18609000.0,27567000.0,18126000.0,,2.022,1233800000.0,,,1233800000.0,0.0,18126000.0,7590000.0,0.061,0.485,36378000.0,54504000.0,0.651,54504000.0,36378000.0,18126000.0,0.22,0.21,0.22,678407000.0,,678407000.0,2690146176.0,22.0,13.944,-19808000.0,-0.42,1.0,56166000.0,0.671,0.0,18252000.0,3265659000.0,,0.0,37994000.0,,,1372061000.0,,,1457170176.0,496000.0,1441000.0,112630000.0,-17289000.0,-27099000.0,-32036000.0,-1274000.0,-452000.0,33806000.0,0.0,18126000.0,10213000.0,10213000.0,-1744000.0,0.0,0.122,21389000.0,34777000.0,59681000.0,2.205,2.148,43.755,43.243,1885989000.0,7913000.0,32.0,4.455,4.616,39258000.0,-389373000.0,83733000.0,83733000.0,0.0,,,,,0.0,3147000.0,1.0,45536568.0,47181000,48398000.0,1.775,2050468000.0,0.0,0.0,0.0,43.46,
73,FRT,MRQ,2003-03-31,2003-03-31,2003-03-31,2021-09-07,-3582000.0,2071401000.0,,,,,15.182,-73227000.0,18113000.0,18113000.0,29263000.0,16376000.0,,2.082,1251089000.0,,,1251089000.0,0.0,17449000.0,6957000.0,0.064,0.485,33955000.0,51404000.0,0.608,51404000.0,33955000.0,16376000.0,0.26,0.26,0.26,672103000.0,,672103000.0,2548571402.0,18.0,12.438,-48550000.0,-1.097,1.0,55282000.0,0.654,0.0,17579000.0,3304377000.0,,0.0,37542000.0,,,1399298000.0,,,1370171402.0,-5010000.0,0.0,35687000.0,36316000.0,-25353000.0,45505000.0,-75192000.0,-1965000.0,24677000.0,0.0,16376000.0,11520000.0,11520000.0,-350000.0,0.0,0.136,20607000.0,34675000.0,71457000.0,1.865,2.039,25.578,23.913,1925377000.0,4856000.0,30.37,4.293,4.213,23383000.0,-379226000.0,84545000.0,84545000.0,0.0,,,,,0.0,3274000.0,1.0,45115950.0,44271000,45354000.0,1.91,2071401000.0,0.0,0.0,0.0,46.789,
74,FRT,MRQ,2002-12-31,2002-12-31,2002-12-31,2021-09-07,-4613000.0,1999378000.0,,,,,14.973,-82769000.0,23123000.0,23123000.0,29635000.0,2779000.0,,2.058,1201523000.0,,,1201523000.0,0.0,16425000.0,6685000.0,0.069,0.485,22470000.0,38895000.0,0.482,38895000.0,22470000.0,2779000.0,-0.06,-0.06,-0.06,644287000.0,,644287000.0,2390785687.0,20.0,12.936,-61395000.0,-1.427,1.0,51060000.0,0.633,0.0,19691000.0,3177778000.0,,0.0,35577000.0,,,1325725000.0,,,1218373687.0,-1529000.0,55150000.0,6540000.0,3205000.0,-25232000.0,-16108000.0,-6795000.0,824000.0,21374000.0,0.0,2779000.0,-2078000.0,-2078000.0,-12946000.0,0.0,-0.026,42161000.0,8899000.0,79517000.0,-8.083,1.891,33.974,32.698,1856129000.0,4857000.0,28.12,3.929,3.775,18722000.0,-368839000.0,80695000.0,80695000.0,0.0,,,,,0.0,3581000.0,1.0,43327656.0,43031000,44265000.0,1.875,1999378000.0,0.0,0.0,0.0,46.464,
75,FRT,MRQ,2002-09-30,2002-09-30,2002-09-30,2021-09-07,-6873000.0,2003534000.0,,,,,15.102,-56957000.0,24652000.0,24652000.0,25263000.0,18504000.0,,2.1,1197064000.0,,,1197064000.0,0.0,16074000.0,6429000.0,0.089,0.485,32044000.0,48118000.0,0.616,48118000.0,32044000.0,18504000.0,0.32,0.31,0.32,646389000.0,,646389000.0,2304211256.0,17.0,11.765,-26085000.0,-0.609,1.0,52834000.0,0.677,0.0,13540000.0,3175946000.0,,0.0,35570000.0,,,1357145000.0,,,1167413256.0,5929000.0,0.0,2271000.0,41543000.0,-24928000.0,17825000.0,-42768000.0,13189000.0,30872000.0,0.0,18504000.0,13648000.0,13648000.0,-41000.0,0.0,0.175,19750000.0,33084000.0,87491000.0,1.516,1.806,22.432,21.26,1818618000.0,4856000.0,27.0,3.864,3.826,10874000.0,-345645000.0,78097000.0,78097000.0,0.0,,,,,0.0,3713000.0,1.0,43237528.0,42802000,44036000.0,1.825,2003534000.0,55204000.0,0.0,0.0,46.809,
76,FRT,MRQ,2002-06-30,2002-06-30,2002-06-30,2021-09-07,-4522000.0,1946905000.0,,,,,16.007,-73828000.0,18723000.0,18723000.0,23888000.0,35335000.0,,1.981,1155521000.0,,,1155521000.0,0.0,16009000.0,6352000.0,0.069,0.48,50468000.0,66477000.0,0.877,66477000.0,50468000.0,35335000.0,0.75,0.74,0.75,653059000.0,,653059000.0,2264370135.0,17.0,11.567,-40110000.0,-0.983,1.0,51924000.0,0.685,0.0,15133000.0,3083703000.0,,0.0,48629000.0,,,1293846000.0,,,1129604135.0,1398000.0,7394000.0,59794000.0,-1477000.0,-23693000.0,34082000.0,-66402000.0,32000.0,33718000.0,0.0,35335000.0,30479000.0,30479000.0,-439000.0,0.0,0.402,19417000.0,32507000.0,68814000.0,0.64,1.73,21.896,21.481,1759410000.0,4856000.0,27.71,3.822,3.825,14611000.0,-338292000.0,75812000.0,75812000.0,0.0,,,,,0.0,3497000.0,1.0,40765216.0,40798000,42136000.0,1.858,1946905000.0,55128000.0,0.0,0.0,47.721,
77,FRT,MRQ,2002-03-31,2002-03-31,2002-03-31,2021-09-07,-2973000.0,1875199000.0,,,,,14.693,-51382000.0,17325000.0,17325000.0,23111000.0,-1331000.0,,2.215,1152091000.0,,,1152091000.0,0.0,16021000.0,6234000.0,0.074,0.48,15309000.0,31330000.0,0.416,31330000.0,15309000.0,-1331000.0,-0.15,-0.15,-0.15,583338000.0,,583338000.0,2126196712.0,17.0,11.569,-19108000.0,-0.481,1.0,52125000.0,0.693,0.0,16640000.0,3009965000.0,,0.0,48661000.0,,,1291861000.0,,,1033291712.0,-238000.0,0.0,8096000.0,42130000.0,-22608000.0,26436000.0,-58948000.0,-7566000.0,32274000.0,0.0,-1331000.0,-6187000.0,-6187000.0,-841000.0,0.0,-0.082,36960000.0,15165000.0,68093000.0,-3.2,1.771,25.025,24.448,1734751000.0,4856000.0,25.67,3.541,3.492,17095000.0,-348080000.0,75236000.0,75236000.0,0.0,,,,,0.0,2999000.0,1.0,40252891.0,39702000,40942000.0,1.895,1875199000.0,0.0,0.0,0.0,47.232,
78,FRT,MRQ,2001-12-31,2001-12-31,2001-12-31,2021-09-07,-4293000.0,1834881000.0,,,,,14.929,-55677000.0,17563000.0,17563000.0,23610000.0,17174000.0,,2.114,1110468000.0,,,1110468000.0,0.0,15804000.0,6026000.0,0.083,0.96,34127000.0,49931000.0,0.685,49931000.0,34127000.0,17174000.0,0.35,0.36,0.35,589291000.0,,589291000.0,2098187551.0,15.0,10.598,-34490000.0,-0.874,1.0,49334000.0,0.676,0.0,16953000.0,2927786000.0,,0.0,35607000.0,,,1245590000.0,,,920987551.0,2927000.0,8808000.0,496000.0,-81517000.0,-20546000.0,28711000.0,-46971000.0,-102000.0,21187000.0,0.0,17174000.0,14103000.0,14103000.0,-12850000.0,0.0,0.193,26878000.0,22456000.0,64014000.0,2.743,1.563,15.421,15.132,1708537000.0,3071000.0,23.0,3.18,3.111,15483000.0,-322428000.0,72944000.0,72944000.0,0.0,,,,,0.0,4310000.0,1.0,40042937.0,39473000,40656000.0,1.848,1834881000.0,6006000.0,0.0,0.0,46.484,
79,FRT,MRQ,2001-09-30,2001-09-30,2001-09-30,2021-09-07,-4754000.0,1794950000.0,,,,,11.807,-60386000.0,14636000.0,14636000.0,21954000.0,15182000.0,,2.862,1191836000.0,,,1191836000.0,0.0,15153000.0,5943000.0,0.064,0.0,32862000.0,48015000.0,0.671,48015000.0,32862000.0,15182000.0,0.34,0.33,0.34,464806000.0,,464806000.0,1989675740.0,15.0,10.327,-30162000.0,-0.766,1.0,49586000.0,0.693,0.0,17680000.0,2972150000.0,,0.0,35505000.0,,,1330144000.0,,,880157740.0,-16839000.0,0.0,408000.0,33485000.0,-20142000.0,13423000.0,-60486000.0,-100000.0,30224000.0,0.0,15182000.0,13194000.0,13194000.0,-2581000.0,0.0,0.184,10222000.0,39364000.0,68985000.0,0.0,1.894,15.302,14.865,1679021000.0,1988000.0,22.0,3.113,3.063,13718000.0,-317275000.0,71540000.0,71540000.0,0.0,,,,,0.0,3516000.0,1.0,40007170.0,39367000,40516000.0,1.817,1794950000.0,0.0,0.0,0.0,45.595,
80,FRT,MRQ,2001-06-30,2001-06-30,2001-06-30,2021-09-07,-809000.0,1735093000.0,,,,,12.148,-56449000.0,31475000.0,31475000.0,21752000.0,22167000.0,,2.664,1140993000.0,,,1140993000.0,0.0,14813000.0,5907000.0,0.091,0.47,39697000.0,54510000.0,0.756,54510000.0,39697000.0,22167000.0,0.51,0.51,0.51,473585000.0,,473585000.0,1900939524.0,14.0,10.084,-28308000.0,-0.726,1.0,50341000.0,0.698,0.0,17530000.0,2844611000.0,,0.0,35405000.0,,,1261508000.0,,,822113524.0,20332000.0,16255000.0,-1443000.0,51024000.0,-19972000.0,29583000.0,-37392000.0,2802000.0,28141000.0,0.0,22167000.0,20180000.0,20180000.0,-837000.0,0.0,0.28,17951000.0,32390000.0,50276000.0,0.922,1.736,14.484,14.205,1608435000.0,1987000.0,20.74,2.939,2.89,12777000.0,-311264000.0,72093000.0,72093000.0,0.0,,,,,0.0,3322000.0,1.0,39639032.0,38984000,40027000.0,1.849,1735093000.0,0.0,0.0,0.0,44.508,
81,FRT,MRQ,2001-03-31,2001-03-31,2001-03-31,2021-09-07,-1079000.0,1675692000.0,,,,,11.959,-87964000.0,11143000.0,11143000.0,21629000.0,14233000.0,,2.609,1089969000.0,,,1089969000.0,0.0,14144000.0,5672000.0,0.095,0.47,31383000.0,45527000.0,0.638,45527000.0,31383000.0,14233000.0,0.32,0.32,0.32,464283000.0,,464283000.0,1797152802.0,14.0,9.851,-58068000.0,-1.496,1.0,49762000.0,0.697,0.0,17150000.0,2754518000.0,,0.0,43457000.0,,,1211409000.0,,,774063802.0,-214000.0,0.0,937000.0,76885000.0,-19933000.0,57179000.0,-87289000.0,675000.0,29896000.0,0.0,14233000.0,12245000.0,12245000.0,0.0,0.0,0.172,17243000.0,32519000.0,52402000.0,1.469,1.667,14.697,14.277,1561354000.0,1988000.0,19.56,2.8,2.747,13214000.0,-312656000.0,71391000.0,71391000.0,0.0,,,,,0.0,3133000.0,1.0,39573814.0,38822000,39856000.0,1.839,1675692000.0,0.0,0.0,0.0,43.163,
82,FRT,MRQ,2000-12-31,2000-12-31,2000-12-31,2021-09-07,0.0,1621079000.0,,,,,12.069,-47836000.0,11357000.0,11357000.0,21065000.0,13889000.0,,2.466,1034446000.0,,,1034446000.0,0.0,13826000.0,5537000.0,0.097,0.47,30786000.0,44612000.0,0.659,44612000.0,30786000.0,13889000.0,0.31,0.31,0.31,467654000.0,,467654000.0,1723859622.0,14.0,9.566,-25531000.0,-0.659,1.0,46633000.0,0.689,0.0,16897000.0,2644168000.0,,0.0,47360000.0,,,1153425000.0,,,750027622.0,-2369000.0,0.0,-720000.0,45030000.0,-19911000.0,24855000.0,-49529000.0,-1693000.0,22305000.0,0.0,13889000.0,11902000.0,11902000.0,-3334000.0,0.0,0.176,13728000.0,32905000.0,36810000.0,1.516,1.604,14.266,13.971,1503655000.0,1987000.0,19.0,2.735,2.688,13092000.0,-306287000.0,67698000.0,67698000.0,0.0,,,,,0.0,4283000.0,1.0,39475138.0,38748000,39793000.0,1.747,1621079000.0,0.0,0.0,0.0,41.836,
83,FRT,MRQ,2000-09-30,2000-09-30,2000-09-30,2021-09-07,0.0,1579039000.0,,,,,12.237,-42314000.0,13726000.0,13726000.0,19756000.0,14421000.0,,2.335,987558000.0,,,987558000.0,0.0,13440000.0,5413000.0,0.119,0.47,30413000.0,43853000.0,0.639,43853000.0,30413000.0,14421000.0,0.32,0.32,0.32,473515000.0,,473515000.0,1691834826.0,13.0,9.496,-16524000.0,-0.427,1.0,48825000.0,0.712,0.0,15992000.0,2552871000.0,,0.0,46089000.0,,,1105524000.0,,,754415826.0,-4960000.0,0.0,609000.0,31109000.0,-19097000.0,11717000.0,-42467000.0,-153000.0,25790000.0,0.0,14421000.0,12433000.0,12433000.0,0.0,0.0,0.181,16685000.0,32140000.0,39956000.0,1.469,1.593,14.35,14.17,1454364000.0,1988000.0,19.13,2.732,2.68,20585000.0,-299621000.0,68581000.0,68581000.0,0.0,,,,,0.0,3245000.0,1.0,39436269.0,38694000,39773000.0,1.772,1579039000.0,0.0,0.0,0.0,40.808,
84,FRT,MRQ,2000-06-30,2000-06-30,2000-06-30,2021-09-07,0.0,1544483000.0,,,,,12.491,-39422000.0,18686000.0,18686000.0,19944000.0,18074000.0,,2.229,956105000.0,,,956105000.0,0.0,13338000.0,5146000.0,0.09,0.45,35110000.0,48448000.0,0.704,48448000.0,35110000.0,18074000.0,0.42,0.41,0.42,478377000.0,,478377000.0,1747653635.0,14.0,9.938,-12903000.0,-0.337,1.0,48862000.0,0.71,0.0,17036000.0,2481902000.0,,0.0,45936000.0,,,1066106000.0,,,787621635.0,4975000.0,47157000.0,1387000.0,-17638000.0,-19066000.0,-35067000.0,13523000.0,5788000.0,26519000.0,0.0,18074000.0,16087000.0,16087000.0,0.0,0.0,0.234,16206000.0,32656000.0,31540000.0,1.071,1.646,15.049,14.94,1423442000.0,1987000.0,20.02,2.866,2.79,18807000.0,-293518000.0,68806000.0,68806000.0,0.0,,,,,0.0,2868000.0,1.0,39341740.0,38298000,39479000.0,1.797,1544483000.0,0.0,0.0,0.0,40.328,
85,FRT,MRQ,2000-03-31,2000-03-31,2000-03-31,2021-09-07,0.0,1562102000.0,,,,,12.118,-39820000.0,13711000.0,13711000.0,21077000.0,14139000.0,,2.268,973743000.0,,,973743000.0,0.0,12655000.0,5282000.0,0.093,0.45,30632000.0,43287000.0,0.626,43287000.0,30632000.0,14139000.0,0.31,0.31,0.31,477997000.0,,477997000.0,1672748348.0,15.0,10.309,-7378000.0,-0.187,1.0,48027000.0,0.695,0.0,16493000.0,2522134000.0,,0.0,56943000.0,,,1084105000.0,,,763856348.0,1973000.0,0.0,-21390000.0,53113000.0,-19425000.0,12799000.0,-43268000.0,-3448000.0,32442000.0,0.0,14139000.0,12151000.0,12151000.0,0.0,0.0,0.176,15577000.0,32450000.0,31470000.0,1.452,1.598,18.595,18.567,1432694000.0,1988000.0,19.31,2.827,2.819,19961000.0,-291892000.0,69104000.0,69104000.0,0.0,,,,,0.0,2922000.0,1.0,39557553.0,39444000,40595000.0,1.752,1562102000.0,0.0,0.0,0.0,39.603,
86,FRT,MRQ,1999-12-31,1999-12-31,1999-12-31,2021-09-07,0.0,1534048000.0,,,,,12.642,-25822000.0,11738000.0,11738000.0,21300000.0,13888000.0,,2.057,920630000.0,,,920630000.0,0.0,12698000.0,5068000.0,0.095,0.9,29873000.0,42571000.0,0.611,42571000.0,29873000.0,13888000.0,0.3,0.3,0.3,501827000.0,,501827000.0,1668762319.0,15.0,10.433,1680000.0,0.042,1.0,48380000.0,0.694,0.0,15985000.0,2442940000.0,,0.0,53495000.0,,,1032221000.0,,,758950319.0,-3352000.0,0.0,-2352000.0,-7079000.0,-19504000.0,-29028000.0,-1826000.0,4835000.0,27502000.0,0.0,13888000.0,11901000.0,11901000.0,0.0,0.0,0.171,16930000.0,31450000.0,34974000.0,3.0,1.512,18.743,18.441,1403538000.0,1987000.0,18.81,2.867,2.812,23130000.0,-286348000.0,69680000.0,69680000.0,0.0,,,,,0.0,4232000.0,1.0,40348236.0,39694000,40635000.0,1.755,1534048000.0,0.0,0.0,0.0,38.647,
87,FRT,MRQ,1999-09-30,1999-09-30,1999-09-30,2021-09-07,0.0,1541882000.0,,,,,12.864,-27336000.0,15090000.0,15090000.0,19427000.0,14186000.0,,2.025,924902000.0,,,924902000.0,0.0,12381000.0,5195000.0,0.063,0.0,29175000.0,41556000.0,0.618,41556000.0,29175000.0,14186000.0,0.31,0.31,0.31,509709000.0,,509709000.0,1724300323.0,16.0,10.899,-8181000.0,-0.206,1.0,47828000.0,0.711,0.0,14989000.0,2451694000.0,,0.0,58330000.0,,,1032173000.0,,,843986323.0,3237000.0,0.0,287000.0,32735000.0,-19082000.0,13297000.0,-29215000.0,-1879000.0,19155000.0,0.0,14186000.0,12198000.0,12198000.0,7050000.0,0.0,0.181,17855000.0,29973000.0,34297000.0,0.0,1.656,21.427,21.152,1409215000.0,1988000.0,20.94,3.247,3.192,18216000.0,-280143000.0,67255000.0,67255000.0,0.0,,,,,0.0,5474000.0,1.0,40304982.0,39624000,40691000.0,1.697,1541882000.0,0.0,0.0,0.0,38.913,
88,FRT,MRQ,1999-06-30,1999-06-30,1999-06-30,2021-09-07,0.0,1514897000.0,,,,,13.013,-31349000.0,11853000.0,11853000.0,18311000.0,6815000.0,,1.944,892167000.0,,,892167000.0,0.0,12651000.0,5116000.0,0.077,0.44,22200000.0,34851000.0,0.543,34851000.0,22200000.0,6815000.0,0.12,0.12,0.12,514590000.0,,514590000.0,1786445465.0,18.0,11.971,1874000.0,0.047,1.0,45884000.0,0.715,0.0,15385000.0,2395211000.0,,0.0,56451000.0,,,1000307000.0,,,923566465.0,-694000.0,0.0,1400000.0,16741000.0,-19036000.0,-1668000.0,-32249000.0,-900000.0,33223000.0,0.0,6815000.0,4828000.0,4828000.0,7050000.0,0.0,0.075,15811000.0,30073000.0,32308000.0,3.667,1.795,28.225,27.976,1393401000.0,1987000.0,22.94,3.67,3.604,14923000.0,-274201000.0,64195000.0,64195000.0,0.0,,,,,0.0,3160000.0,1.0,40260090.0,39543000,40682000.0,1.623,1514897000.0,0.0,0.0,0.0,38.31,
89,FRT,MRQ,1999-03-31,1999-03-31,1999-03-31,2021-09-07,0.0,1503096000.0,,,,,13.32,-31626000.0,12547000.0,12547000.0,19660000.0,13554000.0,,1.861,875426000.0,,,875426000.0,0.0,12281000.0,5182000.0,0.083,0.44,28687000.0,40968000.0,0.644,40968000.0,28687000.0,13554000.0,0.29,0.29,0.29,525292000.0,,525292000.0,1680810115.0,16.0,11.135,-9323000.0,-0.236,1.0,43923000.0,0.691,0.0,15133000.0,2365975000.0,,0.0,55551000.0,,,977804000.0,,,851112115.0,-4683000.0,0.0,343000.0,28498000.0,-18995000.0,9037000.0,-36023000.0,-4397000.0,22303000.0,0.0,13554000.0,11566000.0,11566000.0,0.0,0.0,0.182,14535000.0,29388000.0,26610000.0,1.517,1.62,22.475,22.073,1379049000.0,1988000.0,21.19,3.461,3.398,17492000.0,-261317000.0,63583000.0,63583000.0,0.0,,,,,0.0,2254000.0,1.0,40165744.0,39435000,40545000.0,1.612,1503096000.0,0.0,0.0,0.0,38.116,
90,FRT,MRQ,1998-12-31,1998-12-31,1998-12-31,2021-09-07,0.0,1484317000.0,,,,,13.467,-26721000.0,17230000.0,17230000.0,20212000.0,12783000.0,,1.801,846928000.0,,,846928000.0,0.0,12663000.0,5214000.0,0.074,0.44,28172000.0,40835000.0,0.629,40835000.0,28172000.0,12783000.0,0.27,0.27,0.27,529947000.0,,529947000.0,1754972026.0,18.0,12.009,2065000.0,0.052,1.0,44684000.0,0.689,0.0,15389000.0,2314015000.0,,0.0,51154000.0,,,954370000.0,,,946096026.0,7278000.0,0.0,1081000.0,28100000.0,-18942000.0,9354000.0,-30862000.0,-3846000.0,28786000.0,0.0,12783000.0,10796000.0,10796000.0,0.0,0.0,0.166,15723000.0,28961000.0,34073000.0,1.63,1.785,25.563,25.138,1356083000.0,1987000.0,23.63,3.967,3.882,17873000.0,-255211000.0,64896000.0,64896000.0,0.0,,,,,0.0,3060000.0,1.0,40037919.0,39351000,40461000.0,1.649,1484317000.0,0.0,0.0,0.0,37.72,
91,FRT,MRQ,1998-09-30,1998-09-30,1998-09-30,2021-09-07,0.0,1457307000.0,,,,,13.638,-83329000.0,9952000.0,9952000.0,18063000.0,7520000.0,,1.724,818828000.0,,,818828000.0,0.0,11412000.0,5490000.0,0.076,0.44,21159000.0,32571000.0,0.552,32571000.0,21159000.0,7520000.0,0.14,0.15,0.14,535028000.0,,535028000.0,1606086136.0,17.0,11.649,-66261000.0,-1.689,1.0,40940000.0,0.694,0.0,13639000.0,2266183000.0,,0.0,47059000.0,,,922279000.0,,,903323136.0,-3602000.0,0.0,1487000.0,92611000.0,-18497000.0,75084000.0,-95754000.0,-12425000.0,17068000.0,0.0,7520000.0,5532000.0,5532000.0,0.0,0.0,0.094,18977000.0,21963000.0,5391000.0,3.143,1.688,25.786,25.144,1341217000.0,1988000.0,22.63,3.952,3.884,19428000.0,-248359000.0,59003000.0,59003000.0,0.0,,,,,0.0,7565000.0,1.0,39917063.0,39231000,40067000.0,1.504,1457307000.0,0.0,0.0,0.0,37.147,
92,FRT,MRQ,1998-06-30,1998-06-30,1998-06-30,2021-09-07,0.0,1351678000.0,,,,,13.911,-27083000.0,13554000.0,13554000.0,17092000.0,11963000.0,,1.481,716317000.0,,,716317000.0,0.0,11203000.0,4675000.0,0.071,0.43,25367000.0,36570000.0,0.626,36570000.0,25367000.0,11963000.0,0.26,0.25,0.26,544809000.0,,544809000.0,1640749507.0,17.0,11.969,-3822000.0,-0.098,1.0,41310000.0,0.707,0.0,13404000.0,2054441000.0,,0.0,34883000.0,,,806869000.0,,,958240507.0,-2336000.0,0.0,1649000.0,20889000.0,-18462000.0,4047000.0,-29644000.0,-2561000.0,23261000.0,0.0,11963000.0,9976000.0,9976000.0,0.0,0.0,0.171,15198000.0,26112000.0,5200000.0,1.654,1.759,24.578,24.06,1247505000.0,1987000.0,24.06,4.368,4.295,17711000.0,-236291000.0,58402000.0,58402000.0,0.0,,,,,0.0,3995000.0,1.0,39827120.0,39165000,39922000.0,1.491,1351678000.0,0.0,0.0,0.0,34.512,
93,FRT,MRQ,1998-03-31,1998-03-31,1998-03-31,2021-09-07,0.0,1339148000.0,,,,,14.116,-28843000.0,15890000.0,15890000.0,17394000.0,12694000.0,,1.436,698399000.0,,,698399000.0,0.0,10769000.0,4449000.0,0.07,0.43,25387000.0,36156000.0,0.644,36156000.0,25387000.0,12694000.0,0.27,0.27,0.27,549813000.0,,549813000.0,1630657684.0,17.0,11.654,-7531000.0,-0.193,1.0,38783000.0,0.69,0.0,12693000.0,2021657000.0,,0.0,40733000.0,,,789335000.0,,,976810684.0,-1153000.0,0.0,1093000.0,27049000.0,-18383000.0,8921000.0,-31386000.0,-2543000.0,21312000.0,0.0,12694000.0,10706000.0,10706000.0,0.0,0.0,0.191,12610000.0,26173000.0,10349000.0,1.593,1.777,21.225,20.814,1225683000.0,1988000.0,24.56,4.612,4.516,17564000.0,-229126000.0,56177000.0,56177000.0,0.0,,,,,0.0,1841000.0,1.0,39772422.0,38949000,39870000.0,1.442,1339148000.0,0.0,0.0,0.0,34.382,
94,FRT,MRQ,1997-12-31,1997-12-31,1997-12-31,2021-09-07,0.0,1316573000.0,,,,,14.257,-142145000.0,17043000.0,17043000.0,16771000.0,10694000.0,,1.377,670890000.0,,,670890000.0,0.0,10546000.0,4423000.0,0.066,0.43,22030000.0,32576000.0,0.592,32576000.0,22030000.0,10694000.0,0.23,0.22,0.23,553810000.0,,553810000.0,1624994711.0,17.0,12.02,-118129000.0,-3.041,1.0,38238000.0,0.695,0.0,11336000.0,1970420000.0,,0.0,38360000.0,,,762763000.0,,,1007677711.0,12356000.0,0.0,457000.0,48886000.0,-16712000.0,130589000.0,-142249000.0,-97000.0,24016000.0,0.0,10694000.0,8817000.0,8817000.0,0.0,0.0,0.16,15728000.0,22510000.0,30512000.0,1.87,1.82,22.58,22.198,1206142000.0,1877000.0,25.75,4.933,4.85,18794000.0,-222709000.0,55009000.0,55009000.0,0.0,,,,,-857000.0,5182000.0,1.0,39133115.0,38844000,39489000.0,1.416,1316573000.0,0.0,0.0,0.0,33.894,
95,FRT,MRQ,1997-09-30,1997-09-30,1997-09-30,2021-09-07,0.0,1156304000.0,,,,,11.965,-32715000.0,4687000.0,4687000.0,15127000.0,9489000.0,,1.49,622004000.0,,,622004000.0,0.0,10326000.0,3859000.0,0.067,0.43,21453000.0,31779000.0,0.638,31779000.0,21453000.0,9489000.0,0.24,0.24,0.24,464305000.0,,464305000.0,1576858440.0,17.0,11.916,-17811000.0,-0.459,1.0,34686000.0,0.696,0.0,11964000.0,1773621000.0,,0.0,38256000.0,,,691999000.0,,,984440440.0,-14809000.0,9364000.0,392000.0,9840000.0,-15760000.0,-6262000.0,-23451000.0,-100000.0,14904000.0,0.0,9489000.0,9489000.0,9489000.0,0.0,0.0,0.19,12293000.0,22393000.0,7104000.0,1.792,2.12,22.628,21.53,1060506000.0,0.0,25.19,5.006,4.971,17113000.0,-214483000.0,49813000.0,49813000.0,0.0,,,,,513000.0,1968000.0,1.0,39080605.0,38804000,39231000.0,1.284,1156304000.0,0.0,0.0,0.0,29.799,
96,FRT,MRQ,1997-06-30,1997-06-30,1997-06-30,2021-09-07,0.0,1144647000.0,,,,,12.13,-20921000.0,19496000.0,19496000.0,15681000.0,17010000.0,,1.434,611914000.0,,,611914000.0,0.0,10403000.0,3709000.0,0.062,0.42,29009000.0,39412000.0,0.776,39412000.0,29009000.0,17010000.0,0.44,0.44,0.44,470252000.0,,470252000.0,1628145345.0,18.0,12.582,-4879000.0,-0.126,1.0,35121000.0,0.691,0.0,11999000.0,1737065000.0,,0.0,38126000.0,,,674395000.0,,,1054005345.0,7734000.0,0.0,469000.0,28512000.0,-15746000.0,13318000.0,-21626000.0,-705000.0,16042000.0,0.0,17010000.0,17010000.0,17010000.0,0.0,0.0,0.335,12897000.0,22224000.0,6818000.0,0.955,2.241,25.012,23.276,1033248000.0,0.0,27.0,5.514,5.476,17915000.0,-207161000.0,50802000.0,50802000.0,0.0,,,,,172000.0,2493000.0,1.0,39037235.0,38769000,39199000.0,1.31,1144647000.0,0.0,0.0,0.0,29.525,
97,FRT,MRQ,1997-03-31,1997-03-31,1997-03-31,2021-09-07,0.0,1115089000.0,,,,,12.5,-105919000.0,11762000.0,11762000.0,14790000.0,9311000.0,,1.38,585902000.0,,,585902000.0,0.0,10124000.0,3626000.0,0.065,0.42,21300000.0,31424000.0,0.646,31424000.0,21300000.0,9311000.0,0.25,0.24,0.25,468538000.0,,468538000.0,1577101766.0,20.0,13.437,-88711000.0,-2.367,1.0,33857000.0,0.696,0.0,11989000.0,1689229000.0,,0.0,37406000.0,,,646551000.0,,,1002558766.0,721000.0,0.0,85575000.0,4191000.0,-14403000.0,75530000.0,-92017000.0,-9545000.0,17208000.0,0.0,9311000.0,9311000.0,9311000.0,0.0,0.0,0.191,12225000.0,21632000.0,6621000.0,1.68,2.14,31.304,27.688,1019380000.0,0.0,25.75,5.451,5.248,16132000.0,-207771000.0,48647000.0,48647000.0,0.0,,,,,172000.0,2101000.0,1.0,38934321.0,37483000,38033000.0,1.298,1115089000.0,0.0,0.0,0.0,29.749,
98,FRT,MRQ,1996-12-31,1996-12-31,1996-12-31,2021-09-07,0.0,1035306000.0,,,,,11.741,-79016000.0,11041000.0,11041000.0,14477000.0,7696000.0,,1.662,585584000.0,,,585584000.0,0.0,10029000.0,3515000.0,0.061,0.42,19692000.0,29721000.0,0.627,29721000.0,19692000.0,7696000.0,0.24,,0.24,388885000.0,,388885000.0,,,,-55816000.0,-1.685,1.0,32899000.0,0.694,0.0,11996000.0,1609849000.0,,0.0,27913000.0,,,646421000.0,,,1055898786.0,1970000.0,4680000.0,45503000.0,46568000.0,-13673000.0,77855000.0,-99085000.0,-750000.0,23200000.0,0.0,7696000.0,7696000.0,7696000.0,12000.0,0.0,0.162,13055000.0,19844000.0,6783000.0,1.75,2.715,36.737,31.172,924312000.0,0.0,27.12,5.897,5.025,17294000.0,-200700000.0,47376000.0,47376000.0,0.0,,,,,-477000.0,3026000.0,1.0,38934321.0,33121000,,1.43,1035306000.0,0.0,0.0,0.0,31.258,
99,FRT,MRQ,1996-09-30,1996-09-30,1996-09-30,2021-09-07,,,,,,,,-10455000.0,,,12935000.0,8123000.0,,,,,,,,9449000.0,,0.07,0.42,19394000.0,28843000.0,0.651,28843000.0,19394000.0,8123000.0,0.23,,0.23,,,,,,,3166000.0,0.092,1.0,31402000.0,0.708,,11271000.0,,,,,,,,,,,2206000.0,0.0,371000.0,15489000.0,-13312000.0,2688000.0,-14103000.0,-3648000.0,13621000.0,0.0,8123000.0,8123000.0,8123000.0,0.0,0.0,0.183,11701000.0,19701000.0,,1.826,,,,,0.0,23.5,,,,,44337000.0,44337000.0,0.0,,,,,228000.0,2252000.0,1.0,,34247000,,1.295,,,0.0,,,
100,FRT,MRQ,1996-06-30,1996-06-30,1996-06-30,2021-09-07,,,,,,,,-21541000.0,,,13969000.0,6897000.0,,,,,,,,9344000.0,,0.072,0.41,18036000.0,27380000.0,0.628,27380000.0,18036000.0,6897000.0,0.21,,0.21,,,,,,,-4834000.0,-0.146,1.0,29601000.0,0.679,,11139000.0,,,,,,,,,,,-1387000.0,0.0,39762000.0,-14490000.0,-12553000.0,12697000.0,-30791000.0,-9250000.0,16707000.0,0.0,6897000.0,6897000.0,6897000.0,0.0,0.0,0.158,11480000.0,18121000.0,,1.952,,,,,0.0,22.75,,,,,43570000.0,43570000.0,0.0,,,,,125000.0,2136000.0,1.0,,33067000,,1.318,,,0.0,,,
101,FRT,MRQ,1996-03-31,1996-03-31,1996-03-31,2021-09-07,,,,,,,,-17136000.0,,,15717000.0,6026000.0,,,,,,,,9332000.0,,0.074,0.41,17175000.0,26507000.0,0.606,26507000.0,17175000.0,6026000.0,0.19,,0.19,,,,,,,-5016000.0,-0.155,1.0,28055000.0,0.641,,11149000.0,,,,,,,,,,,-2269000.0,0.0,418000.0,15737000.0,-12546000.0,3451000.0,-17840000.0,-704000.0,12120000.0,0.0,6026000.0,6026000.0,6026000.0,0.0,0.0,0.138,11018000.0,17037000.0,,2.158,,,,,0.0,21.875,,,,,43772000.0,43772000.0,0.0,,,,,124000.0,1686000.0,1.0,,32265000,,1.357,,,0.0,,,
102,FRT,MRQ,1995-12-31,1995-12-31,1995-12-31,2021-09-07,0.0,886154000.0,,,,,10.402,,10521000.0,10521000.0,,,,1.706,512586000.0,,,512586000.0,0.0,,3083000.0,0.071,0.41,,,,,,,,,,327468000.0,,327468000.0,,,,,,1.0,,,0.0,,1388219000.0,,0.0,13561000.0,,,558686000.0,,,,,,,,,,,,,,,,,,,,,,8571000.0,,,,31.164,818887000.0,,22.75,,4.639,16102000.0,-172835000.0,,,,,,,,,,1.0,,31481000,,,886154000.0,0.0,,0.0,28.149,
0,FRT,MRT,2021-06-30,2021-06-30,2021-06-30,2021-09-07,-3238000.0,7678876000.0,7666848500.0,,,0.114,32.141,-808748000.0,304268000.0,304268000.0,300669000.0,166386000.0,,1.964,4319103000.0,,,4319103000.0,0.0,261604000.0,23381000.0,0.036,4.24,297909000.0,559513000.0,0.638,559513000.0,297909000.0,160876000.0,1.98,1.98,1.98,2490089000.0,2450770750.0,2490089000.0,12740684248.0,43.0,22.771,-372992000.0,-4.814,1.0,576827000.0,0.657,0.0,137033000.0,11693711000.0,11423096250.0,0.0,21094000.0,,,4890414000.0,,,9110607248.0,-684301000.0,182837000.0,186366000.0,-334455000.0,-329569000.0,-498898000.0,-621159000.0,21174000.0,435756000.0,0.0,160876000.0,152834000.0,152834000.0,0.0,5510000.0,0.174,259678000.0,317149000.0,253092000.0,2.141,3.659,59.611,59.177,6969227000.0,8042000.0,117.17,10.383,10.345,153293000.0,-1062641000.0,877496000.0,877496000.0,0.0,0.02,0.062,0.026,0.339,0.0,44719000.0,1.0,77755460.0,77474000,77505000.0,11.326,7678876000.0,0.0,0.0,0.0,99.116,
1,FRT,MRT,2021-03-31,2021-03-31,2021-03-31,2021-09-07,-2300000.0,7669601000.0,7694612000.0,,,0.107,32.807,-466974000.0,779901000.0,779901000.0,295444000.0,129186000.0,,1.954,4409978000.0,,,4409978000.0,0.0,256713000.0,20867000.0,0.042,4.23,265108000.0,521821000.0,0.635,521821000.0,265108000.0,125179000.0,1.52,1.52,1.52,2520978000.0,2436819500.0,2520978000.0,11423614817.0,43.0,21.892,-100688000.0,-1.31,1.0,526654000.0,0.641,0.0,139929000.0,11299678000.0,11354030000.0,0.0,52027000.0,,,4926459000.0,,,7786078817.0,-210984000.0,198225000.0,186487000.0,-125551000.0,-326611000.0,-285878000.0,-291392000.0,-9609000.0,366286000.0,0.0,125179000.0,117137000.0,117137000.0,0.0,4007000.0,0.142,240073000.0,286581000.0,254515000.0,2.783,3.089,66.47,66.743,6448993000.0,8042000.0,101.45,9.471,9.483,161249000.0,-1024417000.0,822098000.0,822098000.0,0.0,0.015,0.048,0.023,0.322,0.0,41687000.0,1.0,76747943.0,76842000,76842000.0,10.699,7669601000.0,0.0,0.0,0.0,99.81,
2,FRT,MRT,2020-12-31,2020-12-31,2020-12-31,2021-09-07,-5644000.0,7607624000.0,7717190250.0,,,0.108,32.631,-524449000.0,798329000.0,798329000.0,290162000.0,135888000.0,,1.997,4435865000.0,,,4435865000.0,0.0,255027000.0,20388000.0,0.05,4.22,267995000.0,523022000.0,0.626,523022000.0,267995000.0,131706000.0,1.62,1.62,1.62,2464157000.0,2432101750.0,2464157000.0,10181627727.0,38.0,19.467,-154520000.0,-2.046,1.0,545332000.0,0.653,0.0,136289000.0,11245160000.0,11345555500.0,0.0,62020000.0,,,4921157000.0,,,6439084727.0,663282000.0,181414000.0,99177000.0,911770000.0,-324596000.0,661736000.0,-368383000.0,-10268000.0,369929000.0,0.0,131706000.0,123664000.0,123664000.0,0.0,4182000.0,0.148,255808000.0,289524000.0,228641000.0,2.605,2.613,52.069,52.543,6368542000.0,8042000.0,85.12,7.707,7.693,159780000.0,-988272000.0,835494000.0,835494000.0,0.0,0.016,0.051,0.024,0.321,0.0,41680000.0,1.0,75647142.0,75515000,75515000.0,11.064,7607624000.0,0.0,0.0,0.0,100.743,
3,FRT,MRT,2020-09-30,2020-09-30,2020-09-30,2021-09-07,-7300000.0,7711293000.0,7514032250.0,,,0.114,30.872,-660891000.0,863279000.0,863279000.0,289437000.0,182643000.0,,2.205,4605822000.0,,,4605822000.0,0.0,252034000.0,19693000.0,0.057,4.21,310138000.0,562172000.0,0.657,562172000.0,310138000.0,184336000.0,2.33,2.33,2.33,2327859000.0,2449897750.0,2327859000.0,9182426461.0,30.0,16.334,-274856000.0,-3.645,1.0,565693000.0,0.662,0.0,125802000.0,11453836000.0,11076726500.0,0.0,61998000.0,,,5133488000.0,,,5554910461.0,681523000.0,224449000.0,3468000.0,1091590000.0,-323517000.0,758326000.0,-462838000.0,-11020000.0,386035000.0,0.0,184336000.0,176294000.0,176294000.0,0.0,-1693000.0,0.206,251747000.0,313946000.0,276396000.0,1.807,2.386,31.509,31.519,6392097000.0,8042000.0,73.44,6.496,6.476,164882000.0,-999664000.0,855130000.0,855130000.0,0.0,0.023,0.072,0.028,0.363,0.0,40080000.0,1.0,75638759.0,75404000,75404000.0,11.341,7711293000.0,0.0,0.0,0.0,102.266,
4,FRT,MRT,2020-06-30,2020-06-30,2020-06-30,2021-09-07,-7758000.0,7789930000.0,7238100250.0,,,0.122,32.288,-684913000.0,980039000.0,980039000.0,300599000.0,283372000.0,,2.095,4607555000.0,,,4607555000.0,0.0,246051000.0,18922000.0,0.049,4.2,394716000.0,640767000.0,0.727,640767000.0,394716000.0,278090000.0,3.58,3.58,3.58,2434284000.0,2485415000.0,2434284000.0,9950557509.0,25.0,15.529,-283899000.0,-3.766,1.0,580281000.0,0.659,0.0,116626000.0,11417446000.0,10680275000.0,0.0,53211000.0,,,5099246000.0,,,6444691509.0,860968000.0,247238000.0,74663000.0,1190811000.0,-320558000.0,920316000.0,-460362000.0,-778000.0,401014000.0,0.0,278090000.0,270048000.0,270048000.0,0.0,5282000.0,0.307,176005000.0,404276000.0,244482000.0,1.173,2.647,23.865,23.802,6382746000.0,8042000.0,85.21,7.316,7.293,167641000.0,-889195000.0,880880000.0,880880000.0,0.0,0.037,0.109,0.037,0.448,0.0,41832000.0,1.0,75633042.0,75394000,75394000.0,11.684,7789930000.0,0.0,0.0,0.0,103.323,
5,FRT,MRT,2020-03-31,2020-03-31,2020-03-31,2021-09-07,-7265000.0,7759914000.0,6886553000.0,,,0.136,33.202,-658694000.0,994688000.0,994688000.0,300187000.0,355180000.0,,1.999,4500554000.0,,,4500554000.0,0.0,242324000.0,21941000.0,0.056,4.17,458520000.0,700844000.0,0.749,700844000.0,458520000.0,348485000.0,4.52,4.52,4.52,2502107000.0,2478635500.0,2502107000.0,9019235932.0,20.0,12.869,-182945000.0,-2.428,1.0,634931000.0,0.679,0.0,110035000.0,11265780000.0,10221469750.0,0.0,56292000.0,,,5000772000.0,,,5644383932.0,937214000.0,317634000.0,83619000.0,1085066000.0,-317251000.0,825792000.0,-364327000.0,-1066000.0,475749000.0,0.0,348485000.0,340443000.0,340443000.0,0.0,6695000.0,0.364,169371000.0,465560000.0,245968000.0,0.923,2.256,16.58,16.507,6338999000.0,8042000.0,74.61,6.036,6.013,153243000.0,-818284000.0,935118000.0,935118000.0,0.0,0.049,0.137,0.045,0.49,0.0,43440000.0,1.0,75651842.0,75360000,75360000.0,12.409,7759914000.0,0.0,0.0,0.0,102.971,
6,FRT,MRT,2019-12-31,2019-12-31,2019-12-31,2021-09-07,-813000.0,6794992000.0,6534416000.0,,,0.143,33.91,-614426000.0,127432000.0,127432000.0,298758000.0,360542000.0,,1.585,3502284000.0,,,3502284000.0,0.0,239758000.0,21701000.0,0.032,4.14,463489000.0,703247000.0,0.752,703247000.0,463489000.0,353866000.0,4.61,4.61,4.61,2535341000.0,2450148250.0,2535341000.0,12982509509.0,28.0,18.461,-152507000.0,-2.04,1.0,637030000.0,0.681,0.0,109623000.0,10169844000.0,9808037250.0,0.0,59033000.0,,,4019102000.0,,,9722044509.0,45282000.0,323710000.0,143027000.0,94872000.0,-313649000.0,-100105000.0,-316532000.0,-357000.0,461919000.0,0.0,353866000.0,345824000.0,345824000.0,0.0,6676000.0,0.37,166119000.0,470911000.0,255503000.0,0.898,3.835,28.113,27.924,6228895000.0,8042000.0,128.73,10.389,10.285,152572000.0,-791124000.0,935788000.0,935788000.0,0.0,0.053,0.141,0.047,0.495,0.0,42754000.0,1.0,75522757.0,74766000,74766000.0,12.516,6794992000.0,0.0,0.0,0.0,90.883,
7,FRT,MRT,2019-09-30,2019-09-30,2019-09-30,2021-09-07,-1135000.0,6607565000.0,6408079000.0,,,0.145,33.006,-435200000.0,162543000.0,162543000.0,297507000.0,267958000.0,,1.584,3423008000.0,,,3423008000.0,0.0,245303000.0,20354000.0,0.03,4.11,371623000.0,616926000.0,0.662,616926000.0,371623000.0,261018000.0,3.38,3.38,3.38,2469928000.0,2402785750.0,2469928000.0,13402784457.0,36.0,21.725,61078000.0,0.816,1.0,634508000.0,0.681,0.0,110605000.0,9868030000.0,9629266500.0,0.0,60446000.0,,,3912162000.0,,,10204300457.0,112115000.0,151280000.0,189019000.0,68626000.0,-309868000.0,-76423000.0,-307740000.0,423000.0,496278000.0,0.0,261018000.0,252976000.0,252976000.0,0.0,6940000.0,0.271,254978000.0,379530000.0,221781000.0,1.216,4.131,40.337,40.278,6001244000.0,8042000.0,136.14,10.949,10.931,143855000.0,-857152000.0,932015000.0,932015000.0,0.0,0.039,0.105,0.039,0.399,0.0,41667000.0,1.0,74954462.0,74832000,74832000.0,12.455,6607565000.0,0.0,0.0,0.0,88.299,
8,FRT,MRT,2019-06-30,2019-06-30,2019-06-30,2021-09-07,-1024000.0,6383741000.0,6327603750.0,,,0.147,32.219,-389667000.0,105903000.0,105903000.0,284988000.0,265032000.0,,1.553,3304387000.0,,,3304387000.0,0.0,246433000.0,20588000.0,0.032,4.08,369830000.0,616263000.0,0.664,616263000.0,369830000.0,258111000.0,3.36,3.36,3.36,2407166000.0,2363246500.0,2407166000.0,12905580174.0,35.0,20.942,106197000.0,1.421,1.0,642833000.0,0.693,0.0,111719000.0,9582225000.0,9537365500.0,0.0,61229000.0,,,3738385000.0,,,9644896174.0,31307000.0,186954000.0,176887000.0,-93236000.0,-306556000.0,-237637000.0,-226920000.0,357000.0,495864000.0,0.0,258111000.0,250069000.0,250069000.0,0.0,6921000.0,0.27,263854000.0,378979000.0,177078000.0,1.214,4.007,38.569,38.321,5874241000.0,8042000.0,128.76,10.395,10.368,138870000.0,-841505000.0,927821000.0,927821000.0,0.0,0.04,0.106,0.039,0.399,0.0,38245000.0,1.0,74905997.0,74713000,74713000.0,12.418,6383741000.0,0.0,0.0,0.0,85.444,
9,FRT,MRT,2019-03-31,2019-03-31,2019-03-31,2021-09-07,-625000.0,6351366000.0,6307344250.0,,,0.146,32.185,-395065000.0,43003000.0,43003000.0,286596000.0,247898000.0,,1.556,3303687000.0,,,3303687000.0,0.0,245757000.0,19381000.0,0.029,4.06,352807000.0,598564000.0,0.649,598564000.0,352807000.0,240804000.0,3.15,3.15,3.15,2388158000.0,2327691000.0,2388158000.0,13416442668.0,38.0,22.414,102362000.0,1.38,1.0,635662000.0,0.689,0.0,112003000.0,9612050000.0,9533577000.0,0.0,60959000.0,,,3715095000.0,,,10251325668.0,8512000.0,170428000.0,189009000.0,-109360000.0,-303565000.0,-238809000.0,-250106000.0,163000.0,497427000.0,0.0,240804000.0,232762000.0,232762000.0,0.0,7094000.0,0.252,272394000.0,363268000.0,156029000.0,1.289,4.293,44.042,43.762,5887776000.0,8042000.0,137.85,11.115,11.091,137779000.0,-843947000.0,922258000.0,922258000.0,0.0,0.037,0.1,0.037,0.383,0.0,35236000.0,1.0,74365801.0,74200000,74200000.0,12.429,6351366000.0,0.0,0.0,0.0,85.598,
10,FRT,MRT,2018-12-31,2018-12-31,2018-12-31,2021-09-07,-416000.0,6289644000.0,6292909000.0,,,0.145,32.015,-381761000.0,64087000.0,64087000.0,287870000.0,249026000.0,,1.571,3229204000.0,,,3229204000.0,0.0,244245000.0,17875000.0,0.034,4.04,352061000.0,596306000.0,0.651,596306000.0,352061000.0,241907000.0,3.18,3.18,3.18,2345891000.0,2293558250.0,2345891000.0,11933567282.0,34.0,20.012,134927000.0,1.841,1.0,627566000.0,0.686,0.0,110154000.0,9454761000.0,9521722500.0,0.0,57288000.0,,,3686106000.0,,,8718805282.0,83132000.0,215011000.0,130918000.0,-57620000.0,-301194000.0,-241309000.0,-192247000.0,-67000.0,516688000.0,0.0,241907000.0,233865000.0,233865000.0,0.0,7119000.0,0.255,265930000.0,361636000.0,177922000.0,1.27,3.717,37.281,37.119,5760329000.0,8042000.0,118.04,9.524,9.448,142237000.0,-818877000.0,915436000.0,915436000.0,0.0,0.037,0.102,0.037,0.385,0.0,33600000.0,1.0,73863142.0,73274000,73302000.0,12.493,6289644000.0,0.0,0.0,0.0,85.837,
11,FRT,MRT,2018-09-30,2018-09-30,2018-09-30,2021-09-07,127000.0,6285664000.0,6289436750.0,,,0.144,31.496,-402200000.0,41872000.0,41872000.0,286566000.0,245429000.0,,1.605,3256634000.0,,,3256634000.0,0.0,233663000.0,17698000.0,0.032,4.02,346345000.0,580008000.0,0.642,580008000.0,346345000.0,238056000.0,3.13,3.14,3.13,2311771000.0,2273762000.0,2311771000.0,12558813090.0,36.0,21.653,81873000.0,1.115,1.0,617451000.0,0.683,0.0,108289000.0,9500426000.0,9544365500.0,0.0,58076000.0,,,3710777000.0,,,9294445090.0,61757000.0,188710000.0,149022000.0,-20871000.0,-296461000.0,-182021000.0,-240295000.0,-1506000.0,484073000.0,0.0,238056000.0,230015000.0,230015000.0,0.0,7373000.0,0.254,257202000.0,360249000.0,184683000.0,1.284,4.02,40.408,40.406,5742233000.0,8041000.0,126.47,10.281,10.268,151403000.0,-795649000.0,904017000.0,904017000.0,0.0,0.037,0.101,0.036,0.383,0.0,34248000.0,1.0,73491303.0,73400000,73408000.0,12.316,6285664000.0,0.0,0.0,0.0,85.636,
12,FRT,MRT,2018-06-30,2018-06-30,2018-06-30,2021-09-07,412000.0,6302703000.0,6273305000.0,,,0.142,31.031,-716332000.0,56116000.0,56116000.0,284313000.0,290131000.0,,1.666,3320484000.0,,,3320484000.0,0.0,228496000.0,17187000.0,0.032,4.0,388685000.0,617181000.0,0.692,617181000.0,388685000.0,282275000.0,3.78,3.79,3.78,2264944000.0,2248057750.0,2264944000.0,12537173145.0,32.0,20.314,-233053000.0,-3.193,1.0,607904000.0,0.681,0.0,106410000.0,9567071000.0,9534696250.0,0.0,53042000.0,,,3773694000.0,,,9266166145.0,1044000.0,210591000.0,123685000.0,83982000.0,-292151000.0,47683000.0,-529918000.0,-1455000.0,483279000.0,0.0,282275000.0,276067000.0,276067000.0,0.0,7856000.0,0.309,256807000.0,351097000.0,178665000.0,1.058,4.091,33.565,33.479,5774937000.0,6208000.0,126.55,10.386,10.353,149861000.0,-780973000.0,892217000.0,892217000.0,0.0,0.044,0.123,0.041,0.436,0.0,35713000.0,1.0,73221384.0,72990000,73025000.0,12.224,6302703000.0,0.0,0.0,0.0,86.35,
13,FRT,MRT,2018-03-31,2018-03-31,2018-03-31,2021-09-07,489000.0,6293625000.0,6148505000.0,,,0.142,30.884,-769349000.0,64407000.0,64407000.0,279751000.0,302731000.0,,1.678,3335414000.0,,,3335414000.0,0.0,222781000.0,17072000.0,0.034,3.98,397522000.0,620303000.0,0.709,620303000.0,397522000.0,294971000.0,3.99,4.0,3.99,2251627000.0,2179913500.0,2251627000.0,11767985416.0,30.0,18.971,-310274000.0,-4.256,1.0,595613000.0,0.68,0.0,102551000.0,9564632000.0,9355469750.0,0.0,53942000.0,,,3778974000.0,,,8498407416.0,40240000.0,187956000.0,102560000.0,229465000.0,-287803000.0,185989000.0,-604824000.0,-1831000.0,459075000.0,0.0,294971000.0,290639000.0,290639000.0,0.0,7760000.0,0.332,255408000.0,340205000.0,181361000.0,0.997,3.774,29.24,29.1,5799847000.0,4332000.0,116.11,9.708,9.67,143148000.0,-769311000.0,875364000.0,875364000.0,0.0,0.047,0.133,0.042,0.454,0.0,35943000.0,1.0,73192726.0,72905000,72968000.0,12.007,6293625000.0,0.0,0.0,0.0,86.326,
14,FRT,MRT,2017-12-31,2017-12-31,2017-12-31,2021-09-07,22000.0,6275755000.0,5989148750.0,,,0.143,31.431,-956708000.0,15188000.0,15188000.0,272729000.0,297870000.0,,1.651,3284766000.0,,,3284766000.0,0.0,216050000.0,16667000.0,0.03,3.96,390039000.0,606089000.0,0.707,606089000.0,390039000.0,289914000.0,3.97,3.97,3.97,2266706000.0,2112429750.0,2266706000.0,12875561805.0,33.0,21.244,-497880000.0,-6.904,1.0,584619000.0,0.682,0.0,100125000.0,9545333000.0,9126676000.0,0.0,54370000.0,,,3743084000.0,,,9634949805.0,-9649000.0,137088000.0,118583000.0,394876000.0,-282995000.0,369445000.0,-837922000.0,-1646000.0,458828000.0,0.0,289914000.0,287456000.0,287456000.0,0.0,7956000.0,0.335,252331000.0,332288000.0,196332000.0,0.997,4.251,33.518,33.453,5758517000.0,2458000.0,132.81,11.238,11.171,209877000.0,-749367000.0,857348000.0,857348000.0,0.0,0.048,0.136,0.043,0.455,0.0,36281000.0,1.0,72546870.0,72117000,72233000.0,11.888,6275755000.0,0.0,0.0,0.0,87.022,
15,FRT,MRT,2017-09-30,2017-09-30,2017-09-30,2021-09-07,-742000.0,6221137000.0,5776029750.0,,,0.145,30.641,-967468000.0,22850000.0,22850000.0,262654000.0,304809000.0,,1.691,3263462000.0,,,3263462000.0,0.0,208104000.0,16698000.0,0.032,3.94,395098000.0,603202000.0,0.72,603202000.0,395098000.0,297295000.0,4.11,4.1,4.11,2208954000.0,2039936500.0,2208954000.0,12021480019.0,30.0,19.929,-493733000.0,-6.849,1.0,574846000.0,0.686,0.0,97803000.0,9461749000.0,8789933500.0,0.0,54354000.0,,,3735531000.0,,,8974818019.0,-75751000.0,124982000.0,80252000.0,371992000.0,-280789000.0,311718000.0,-861204000.0,-595000.0,473735000.0,0.0,297295000.0,296713000.0,296713000.0,0.0,7514000.0,0.354,242534000.0,332312000.0,206441000.0,0.959,4.063,30.247,30.221,5699765000.0,582000.0,124.21,10.716,10.692,200878000.0,-724919000.0,837500000.0,837500000.0,0.0,0.051,0.145,0.045,0.472,0.0,34134000.0,1.0,72255197.0,72091000,72206000.0,11.617,6221137000.0,0.0,0.0,0.0,86.296,
16,FRT,MRT,2017-06-30,2017-06-30,2017-06-30,2021-09-07,-1100000.0,5803503000.0,5570079750.0,,,0.147,27.671,-712668000.0,96326000.0,96326000.0,257473000.0,257125000.0,,1.789,3142988000.0,,,3142988000.0,0.0,201396000.0,16618000.0,0.031,3.92,345324000.0,546720000.0,0.666,546720000.0,345324000.0,249495000.0,3.46,3.45,3.46,1992367000.0,1980870500.0,1992367000.0,12123513118.0,35.0,22.175,-249943000.0,-3.471,1.0,563231000.0,0.686,0.0,95829000.0,8850165000.0,8450901250.0,0.0,44402000.0,,,3564781000.0,,,9130256118.0,81782000.0,42927000.0,101272000.0,476539000.0,-277065000.0,295075000.0,-676018000.0,11107000.0,462725000.0,0.0,249495000.0,248954000.0,248954000.0,0.0,7630000.0,0.303,234773000.0,328458000.0,190459000.0,1.133,4.583,36.674,36.529,5283101000.0,541000.0,126.39,11.125,11.088,168996000.0,-759058000.0,820704000.0,820704000.0,0.0,0.045,0.126,0.041,0.421,0.0,33263000.0,1.0,72238754.0,72001000,72124000.0,11.399,5803503000.0,0.0,0.0,0.0,80.603,
17,FRT,MRT,2017-03-31,2017-03-31,2017-03-31,2021-09-07,-1493000.0,5656200000.0,5416321000.0,,,0.15,27.576,-659203000.0,20112000.0,20112000.0,254198000.0,237890000.0,,1.735,3013369000.0,,,3013369000.0,0.0,197165000.0,16499000.0,0.029,3.88,324168000.0,521333000.0,0.643,521333000.0,324168000.0,229145000.0,3.2,3.18,3.2,1981692000.0,1963713500.0,1981692000.0,12401189476.0,38.0,23.787,-212477000.0,-2.957,1.0,556438000.0,0.686,0.0,95023000.0,8649457000.0,8197059750.0,0.0,44444000.0,,,3438395000.0,,,9626105476.0,6230000.0,-2109000.0,164705000.0,352676000.0,-272927000.0,227314000.0,-667810000.0,11629000.0,446726000.0,0.0,229145000.0,228604000.0,228604000.0,0.0,8745000.0,0.282,230821000.0,325617000.0,191901000.0,1.212,4.858,42.108,41.719,5249115000.0,541000.0,133.5,11.875,11.835,115775000.0,-764458000.0,810636000.0,810636000.0,0.0,0.042,0.116,0.04,0.4,0.0,33656000.0,1.0,72105659.0,71862000,72005000.0,11.28,5656200000.0,0.0,0.0,0.0,78.709,
18,FRT,MRT,2016-12-31,2016-12-31,2016-12-31,2021-09-07,-2577000.0,5423279000.0,5283635250.0,,,0.152,27.89,-580238000.0,23368000.0,23368000.0,253612000.0,258883000.0,,1.621,2798452000.0,,,2798452000.0,0.0,193585000.0,16285000.0,0.027,3.84,344904000.0,538489000.0,0.672,538489000.0,344904000.0,249910000.0,3.51,3.5,3.51,1976733000.0,1932028250.0,1976733000.0,12909862515.0,37.0,23.974,-152566000.0,-2.153,1.0,547979000.0,0.684,0.0,94994000.0,8198363000.0,7975961250.0,0.0,44768000.0,,,3203750000.0,,,10201579515.0,6289000.0,-3310000.0,329103000.0,135320000.0,-267694000.0,168838000.0,-590221000.0,11626000.0,427672000.0,0.0,249910000.0,249369000.0,249369000.0,0.0,8973000.0,0.311,226984000.0,320995000.0,201756000.0,1.094,5.161,40.91,40.487,5029839000.0,541000.0,142.11,12.727,12.565,116749000.0,-749734000.0,801591000.0,801591000.0,0.0,0.047,0.129,0.043,0.43,0.0,33399000.0,1.0,71786500.0,70877000,71049000.0,11.31,5423279000.0,0.0,0.0,0.0,76.517,
19,FRT,MRT,2016-09-30,2016-09-30,2016-09-30,2021-09-07,-5394000.0,5397337000.0,5151955250.0,,,0.153,27.66,-549818000.0,101281000.0,101281000.0,251600000.0,269157000.0,,1.622,2809564000.0,,,2809564000.0,0.0,191560000.0,16228000.0,0.025,3.8,354177000.0,545737000.0,0.691,545737000.0,354177000.0,259827000.0,3.69,3.68,3.69,1972690000.0,1853782250.0,1972690000.0,13640983360.0,39.0,24.996,-148514000.0,-2.082,1.0,538389000.0,0.682,0.0,94350000.0,8105620000.0,7802052750.0,0.0,41033000.0,,,3200261000.0,,,10994652360.0,88417000.0,51282000.0,309755000.0,183483000.0,-262651000.0,192814000.0,-505701000.0,11361000.0,401304000.0,0.0,259827000.0,259286000.0,259286000.0,0.0,9330000.0,0.328,224957000.0,313432000.0,184007000.0,1.03,5.573,42.404,41.715,4915822000.0,541000.0,153.93,13.917,13.897,120135000.0,-737124000.0,789989000.0,789989000.0,0.0,0.05,0.14,0.045,0.448,0.0,33397000.0,1.0,71426313.0,71319000,71489000.0,11.077,5397337000.0,0.0,0.0,0.0,75.679,
20,FRT,MRT,2016-06-30,2016-06-30,2016-06-30,2021-09-07,-7293000.0,5188468000.0,4998571750.0,,,0.155,27.173,-477721000.0,18622000.0,18622000.0,244282000.0,262509000.0,,1.58,2664953000.0,,,2664953000.0,0.0,186375000.0,15868000.0,0.023,3.76,345067000.0,531442000.0,0.687,531442000.0,345067000.0,253297000.0,3.62,3.61,3.62,1923739000.0,1777035750.0,1923739000.0,14377777272.0,42.0,27.054,-78716000.0,-1.112,1.0,529802000.0,0.684,0.0,91770000.0,7834799000.0,7601588750.0,0.0,51425000.0,,,3039380000.0,,,11738171272.0,-3553000.0,51196000.0,298069000.0,30796000.0,-255669000.0,35756000.0,-438314000.0,9736000.0,399005000.0,0.0,253297000.0,252756000.0,252756000.0,0.0,9212000.0,0.327,220914000.0,308888000.0,171982000.0,1.039,6.102,46.441,45.732,4806840000.0,541000.0,165.55,15.164,15.141,114431000.0,-725665000.0,774084000.0,774084000.0,0.0,0.051,0.142,0.045,0.446,0.0,34539000.0,1.0,70904085.0,70797000,70974000.0,10.934,5188468000.0,0.0,0.0,0.0,73.287,
21,FRT,MRT,2016-03-31,2016-03-31,2016-03-31,2021-09-07,-6885000.0,5125457000.0,4884914250.0,,,0.155,26.586,-542775000.0,19716000.0,19716000.0,237197000.0,249284000.0,,1.634,2659322000.0,,,2659322000.0,0.0,180611000.0,15845000.0,0.024,3.69,333102000.0,513713000.0,0.678,513713000.0,333102000.0,240988000.0,3.46,3.46,3.46,1854951000.0,1704994000.0,1854951000.0,13493302277.0,41.0,26.266,-150836000.0,-2.162,1.0,520367000.0,0.687,0.0,92114000.0,7765063000.0,7455681000.0,0.0,52073000.0,,,3030284000.0,,,10871982277.0,-151721000.0,94482000.0,292023000.0,-90434000.0,-248868000.0,-83155000.0,-460505000.0,10122000.0,391939000.0,0.0,240988000.0,240447000.0,240447000.0,0.0,8296000.0,0.317,215413000.0,304954000.0,165407000.0,1.066,5.861,45.216,45.101,4741767000.0,541000.0,156.05,14.351,14.372,113749000.0,-714452000.0,757564000.0,757564000.0,0.0,0.049,0.141,0.045,0.44,0.0,34802000.0,1.0,69669864.0,69771000,69957000.0,10.858,5125457000.0,0.0,0.0,0.0,73.461,
22,FRT,MRT,2015-12-31,2015-12-31,2015-12-31,2021-09-07,-4110000.0,4896559000.0,4798737500.0,,,0.155,24.183,-436846000.0,21046000.0,21046000.0,233417000.0,218424000.0,,1.79,2627216000.0,,,2627216000.0,0.0,174796000.0,15439000.0,0.025,3.62,302772000.0,477568000.0,0.642,477568000.0,302772000.0,210219000.0,3.04,3.03,3.04,1663749000.0,1639148500.0,1663749000.0,12662745600.0,42.0,26.515,-67800000.0,-0.986,1.0,510595000.0,0.686,0.0,92553000.0,7502729000.0,7325926750.0,0.0,83164000.0,,,2977312000.0,,,10142784600.0,-26905000.0,95132000.0,110855000.0,109108000.0,-243314000.0,-42188000.0,-353763000.0,10333000.0,369046000.0,0.0,210219000.0,209678000.0,209678000.0,0.0,8205000.0,0.282,210441000.0,300154000.0,146532000.0,1.191,6.096,48.373,48.059,4490365000.0,541000.0,146.1,13.633,13.51,110402000.0,-724701000.0,744012000.0,744012000.0,0.0,0.044,0.128,0.041,0.407,0.0,35645000.0,1.0,69423577.0,68797000,68981000.0,10.815,4896559000.0,0.0,0.0,0.0,71.174,
23,FRT,MRT,2015-09-30,2015-09-30,2015-09-30,2021-09-07,-7130000.0,4783803000.0,4711315250.0,,,0.154,24.139,-421710000.0,12864000.0,12864000.0,224608000.0,185705000.0,,1.732,2532825000.0,,,2532825000.0,0.0,171784000.0,15872000.0,0.026,3.55,270942000.0,442726000.0,0.608,442726000.0,270942000.0,177427000.0,2.56,2.55,2.56,1665704000.0,1624311500.0,1665704000.0,11949548548.0,44.0,26.991,-56276000.0,-0.816,1.0,503274000.0,0.691,0.0,93515000.0,7303764000.0,7177393500.0,0.0,82579000.0,,,2885056000.0,,,9432218548.0,-11053000.0,44610000.0,163045000.0,109284000.0,-237317000.0,25218000.0,-401705000.0,11126000.0,365434000.0,0.0,177427000.0,176886000.0,176886000.0,0.0,8278000.0,0.243,207424000.0,295850000.0,154763000.0,1.387,5.663,53.324,53.301,4370670000.0,541000.0,136.45,12.958,12.936,112267000.0,-727203000.0,727882000.0,727882000.0,0.0,0.038,0.109,0.038,0.372,0.0,35640000.0,1.0,69125823.0,69006000,69181000.0,10.548,4783803000.0,0.0,0.0,0.0,69.324,
24,FRT,MRT,2015-06-30,2015-06-30,2015-06-30,2021-09-07,-4909000.0,4733838000.0,4635214000.0,,,0.154,23.866,-445328000.0,22175000.0,22175000.0,220647000.0,180204000.0,,1.756,2539505000.0,,,2539505000.0,0.0,170726000.0,14901000.0,0.027,3.48,267259000.0,437985000.0,0.614,437985000.0,267259000.0,172055000.0,2.5,2.49,2.5,1635572000.0,1601216000.0,1635572000.0,11262830124.0,42.0,25.715,-97619000.0,-1.424,1.0,492921000.0,0.691,0.0,95204000.0,7251168000.0,7056556750.0,0.0,88425000.0,,,2871912000.0,,,8797534124.0,-19137000.0,53192000.0,170231000.0,124593000.0,-230081000.0,55533000.0,-422379000.0,4970000.0,347709000.0,0.0,172055000.0,171514000.0,171514000.0,0.0,8149000.0,0.24,205366000.0,287555000.0,137944000.0,1.392,5.379,51.293,51.236,4335782000.0,541000.0,128.09,12.329,12.302,106218000.0,-714239000.0,713568000.0,713568000.0,0.0,0.037,0.107,0.038,0.375,0.0,34640000.0,1.0,68682443.0,68531000,68713000.0,10.412,4733838000.0,0.0,0.0,0.0,69.076,
25,FRT,MRT,2015-03-31,2015-03-31,2015-03-31,2021-09-07,-5976000.0,4780750000.0,4559625750.0,,,0.154,23.279,-377651000.0,171437000.0,171437000.0,217926000.0,179947000.0,,1.866,2636733000.0,,,2636733000.0,0.0,168948000.0,14371000.0,0.023,3.39,266940000.0,435888000.0,0.623,435888000.0,266940000.0,171968000.0,2.51,2.5,2.51,1591569000.0,1574763250.0,1591569000.0,12469759770.0,47.0,28.608,-28697000.0,-0.42,1.0,482128000.0,0.689,0.0,94972000.0,7246046000.0,6930745750.0,0.0,88449000.0,,,2969679000.0,,,10108033770.0,95738000.0,4101000.0,165129000.0,216378000.0,-222832000.0,149839000.0,-403055000.0,5170000.0,348954000.0,0.0,171968000.0,171427000.0,171427000.0,0.0,7979000.0,0.245,202413000.0,279715000.0,149379000.0,1.351,6.351,58.964,58.649,4236384000.0,541000.0,147.21,14.439,14.377,100981000.0,-697692000.0,700054000.0,700054000.0,0.0,0.038,0.109,0.039,0.381,0.0,33465000.0,1.0,68664043.0,68368000,68563000.0,10.239,4780750000.0,0.0,0.0,0.0,69.927,
26,FRT,MRT,2014-12-31,2014-12-31,2014-12-31,2021-09-07,-3515000.0,4546870000.0,4465850000.0,,,0.154,23.832,-370112000.0,47951000.0,47951000.0,211923000.0,172289000.0,,1.705,2409677000.0,,,2409677000.0,0.0,170814000.0,14115000.0,0.025,3.3,258476000.0,429290000.0,0.626,429290000.0,258476000.0,164535000.0,2.42,2.41,2.42,1604401000.0,1548305500.0,1604401000.0,11433998732.0,44.0,26.635,-23982000.0,-0.356,1.0,474167000.0,0.691,0.0,93941000.0,6908596000.0,6799705500.0,0.0,88445000.0,,,2735261000.0,,,9092979732.0,-40976000.0,4240000.0,216155000.0,15917000.0,-215216000.0,9044000.0,-396150000.0,5008000.0,346130000.0,0.0,164535000.0,163994000.0,163994000.0,0.0,7754000.0,0.239,203130000.0,271037000.0,145685000.0,1.364,5.668,55.447,55.149,4141948000.0,541000.0,133.46,13.253,13.096,93291000.0,-683991000.0,686090000.0,686090000.0,0.0,0.037,0.106,0.038,0.377,0.0,32316000.0,1.0,68132622.0,67322000,67492000.0,10.191,4546870000.0,0.0,0.0,0.0,67.539,
27,FRT,MRT,2014-09-30,2014-09-30,2014-09-30,2021-09-07,-1760000.0,4479398000.0,4383956000.0,,,0.154,23.288,-415878000.0,23917000.0,23917000.0,208776000.0,164613000.0,,1.721,2364936000.0,,,2364936000.0,0.0,168617000.0,13729000.0,0.027,3.21,252264000.0,420881000.0,0.625,420881000.0,252264000.0,157829000.0,2.34,2.32,2.34,1573322000.0,1509245250.0,1573322000.0,10338341710.0,41.0,24.564,-86262000.0,-1.277,1.0,464783000.0,0.69,0.0,94435000.0,6820417000.0,6685613750.0,0.0,83908000.0,,,2706934000.0,,,8021902710.0,-103914000.0,4593000.0,222711000.0,-17122000.0,-207479000.0,-8895000.0,-424635000.0,4837000.0,329616000.0,0.0,157829000.0,157288000.0,157288000.0,0.0,6784000.0,0.234,201886000.0,262897000.0,160205000.0,1.372,5.099,51.001,50.624,4105326000.0,541000.0,118.46,11.91,11.882,104746000.0,-659334000.0,673559000.0,673559000.0,0.0,0.036,0.104,0.038,0.375,0.0,33270000.0,1.0,67718240.0,67559000,67732000.0,9.97,4479398000.0,0.0,0.0,0.0,66.303,
28,FRT,MRT,2014-06-30,2014-06-30,2014-06-30,2021-09-07,-4060000.0,4431485000.0,4303975500.0,,,0.154,22.795,-396276000.0,41312000.0,41312000.0,203939000.0,178930000.0,,1.767,2357751000.0,,,2357751000.0,0.0,165365000.0,13502000.0,0.026,3.12,269627000.0,434992000.0,0.657,434992000.0,269627000.0,172852000.0,2.59,2.57,2.59,1529761000.0,1467912750.0,1529761000.0,10450718542.0,39.0,24.025,-56405000.0,-0.84,1.0,457712000.0,0.692,0.0,96775000.0,6747924000.0,6564970250.0,0.0,90443000.0,,,2702741000.0,,,8134480542.0,-67054000.0,31700000.0,207259000.0,-29710000.0,-202676000.0,-29783000.0,-377142000.0,1336000.0,339871000.0,0.0,172852000.0,172311000.0,172311000.0,-23976000.0,6078000.0,0.26,197736000.0,259976000.0,168615000.0,1.205,5.317,47.208,46.687,4060187000.0,541000.0,120.92,12.294,12.265,97741000.0,-647006000.0,661651000.0,661651000.0,0.0,0.04,0.117,0.041,0.408,0.0,32439000.0,1.0,67271589.0,67110000,67277000.0,9.859,4431485000.0,0.0,0.0,0.0,66.033,
29,FRT,MRT,2014-03-31,2014-03-31,2014-03-31,2021-09-07,-1960000.0,4405647000.0,4217405000.0,,,0.154,22.303,-418830000.0,75699000.0,75699000.0,199211000.0,172311000.0,,1.831,2391937000.0,,,2391937000.0,0.0,164325000.0,13122000.0,0.027,3.07,267555000.0,431880000.0,0.663,431880000.0,267555000.0,166846000.0,2.52,2.5,2.52,1485738000.0,1425651750.0,1485738000.0,9898778702.0,37.0,22.92,-92863000.0,-1.394,1.0,451881000.0,0.694,0.0,100709000.0,6721885000.0,6449693000.0,0.0,87427000.0,,,2721011000.0,,,7665843702.0,44425000.0,43748000.0,205621000.0,105478000.0,-197846000.0,106021000.0,-387563000.0,1133000.0,325967000.0,0.0,166846000.0,166305000.0,166305000.0,-24400000.0,5465000.0,0.255,196778000.0,255103000.0,157357000.0,1.218,5.16,46.095,45.524,4005133000.0,541000.0,114.72,11.774,11.737,92769000.0,-637638000.0,651092000.0,651092000.0,0.0,0.039,0.117,0.041,0.411,0.0,32617000.0,1.0,66822208.0,66615000,66773000.0,9.774,4405647000.0,0.0,0.0,0.0,66.136,
30,FRT,MRT,2013-12-31,2013-12-31,2013-12-31,2021-09-07,-1417000.0,4219294000.0,4092476250.0,,,0.156,22.167,-377418000.0,88927000.0,88927000.0,190454000.0,167608000.0,,1.825,2321862000.0,,,2321862000.0,0.0,161099000.0,12772000.0,0.03,3.02,267658000.0,428757000.0,0.673,428757000.0,267658000.0,162681000.0,2.47,2.46,2.47,1448160000.0,1381730500.0,1448160000.0,8774170348.0,33.0,20.464,-62920000.0,-0.963,1.0,446959000.0,0.701,0.0,104977000.0,6452229000.0,6286860000.0,0.0,87419000.0,,,2643572000.0,,,6595803348.0,51939000.0,43656000.0,186548000.0,96225000.0,-193016000.0,82639000.0,-345198000.0,957000.0,314498000.0,0.0,162681000.0,162140000.0,162140000.0,-24803000.0,4927000.0,0.254,192798000.0,254161000.0,156270000.0,1.223,4.555,40.68,41.057,3798992000.0,541000.0,101.41,10.348,10.394,84838000.0,-623795000.0,637413000.0,637413000.0,0.0,0.04,0.117,0.043,0.42,0.0,31970000.0,1.0,65040956.0,65331000,65483000.0,9.757,4219294000.0,0.0,0.0,0.0,64.583,
31,FRT,MRT,2013-09-30,2013-09-30,2013-09-30,2021-09-07,-3539000.0,4159476000.0,4012294000.0,,,0.157,21.495,-362646000.0,127831000.0,127831000.0,187140000.0,176863000.0,,1.871,2306198000.0,,,2306198000.0,0.0,155222000.0,12596000.0,0.029,2.97,279823000.0,435045000.0,0.691,435045000.0,279823000.0,171917000.0,2.62,2.62,2.62,1407992000.0,1341393500.0,1407992000.0,8866390141.0,32.0,20.38,-48440000.0,-0.739,1.0,442212000.0,0.703,0.0,107906000.0,6337843000.0,6191347500.0,0.0,88169000.0,,,2634546000.0,,,6664778141.0,-19849000.0,43655000.0,136689000.0,57941000.0,-188697000.0,-2445000.0,-331610000.0,1699000.0,314206000.0,0.0,171917000.0,171376000.0,171376000.0,-25126000.0,4946000.0,0.272,186031000.0,256181000.0,160634000.0,1.134,4.734,38.89,38.721,3710724000.0,541000.0,101.45,10.59,10.559,87284000.0,-600091000.0,629352000.0,629352000.0,0.0,0.043,0.128,0.045,0.445,0.0,31166000.0,1.0,65695201.0,65504000,65647000.0,9.608,4159476000.0,0.0,0.0,0.0,63.5,
32,FRT,MRT,2013-06-30,2013-06-30,2013-06-30,2021-09-07,-2368000.0,4085203000.0,3923509750.0,,,0.16,20.886,-353976000.0,108366000.0,108366000.0,186577000.0,153153000.0,,1.916,2309978000.0,,,2309978000.0,0.0,150746000.0,12758000.0,0.028,2.92,258825000.0,409571000.0,0.653,409571000.0,258825000.0,148463000.0,2.28,2.28,2.28,1360717000.0,1311319750.0,1360717000.0,8929102228.0,34.0,21.801,-60542000.0,-0.929,1.0,440977000.0,0.703,0.0,110362000.0,6286815000.0,6065655250.0,0.0,88523000.0,,,2607266000.0,,,6764481228.0,25592000.0,9544000.0,155861000.0,129501000.0,-184957000.0,90546000.0,-358388000.0,1305000.0,293434000.0,0.0,148463000.0,147922000.0,147922000.0,-1521000.0,4690000.0,0.236,182745000.0,258232000.0,138932000.0,1.281,4.971,45.73,45.474,3664996000.0,541000.0,103.68,10.779,10.763,84103000.0,-610569000.0,627554000.0,627554000.0,0.0,0.038,0.113,0.043,0.412,0.0,32374000.0,1.0,65243839.0,65149000,65311000.0,9.633,4085203000.0,0.0,0.0,0.0,62.706,
33,FRT,MRT,2013-03-31,2013-03-31,2013-03-31,2021-09-07,-10773000.0,3905932000.0,3822441250.0,,,0.162,20.251,-267324000.0,31274000.0,31274000.0,184179000.0,147952000.0,,1.892,2195895000.0,,,2195895000.0,0.0,146092000.0,13065000.0,0.027,2.88,255475000.0,401567000.0,0.65,401567000.0,255475000.0,143527000.0,2.22,2.22,2.22,1310053000.0,1281660750.0,1310053000.0,9186093389.0,36.0,22.876,27545000.0,0.426,1.0,433547000.0,0.702,0.0,111948000.0,6070553000.0,5921070500.0,0.0,88824000.0,,,2478153000.0,,,7014479389.0,-37908000.0,973000.0,122410000.0,12989000.0,-181407000.0,-52826000.0,-279951000.0,1113000.0,294869000.0,0.0,143527000.0,142986000.0,142986000.0,-1097000.0,4425000.0,0.231,177024000.0,256523000.0,126715000.0,1.297,5.354,49.057,48.667,3567385000.0,541000.0,108.04,11.355,11.315,77154000.0,-600024000.0,617726000.0,617726000.0,0.0,0.037,0.112,0.043,0.414,0.0,31211000.0,1.0,64924837.0,64692000,64847000.0,9.549,3905932000.0,0.0,0.0,0.0,60.377,
34,FRT,MRT,2012-12-31,2012-12-31,2012-12-31,2021-09-07,-12388000.0,3898565000.0,3763170250.0,,,0.161,20.144,-261536000.0,36988000.0,36988000.0,179070000.0,156232000.0,,1.938,2208602000.0,,,2208602000.0,0.0,142039000.0,12957000.0,0.027,2.84,265261000.0,407300000.0,0.672,407300000.0,265261000.0,151925000.0,2.36,2.35,2.36,1286812000.0,1264580250.0,1286812000.0,8753083567.0,33.0,21.491,35097000.0,0.549,1.0,426721000.0,0.704,0.0,113336000.0,6070179000.0,5832167250.0,0.0,88817000.0,,,2493552000.0,,,6722348567.0,-30818000.0,1116000.0,112270000.0,21792000.0,-178020000.0,-53893000.0,-273558000.0,1095000.0,296633000.0,0.0,151925000.0,151384000.0,151384000.0,-1400000.0,4307000.0,0.25,172859000.0,253862000.0,120929000.0,1.203,5.224,44.406,44.076,3555379000.0,541000.0,104.02,11.097,10.969,73861000.0,-586970000.0,605791000.0,605791000.0,0.0,0.04,0.12,0.045,0.438,0.0,31158000.0,1.0,64625539.0,63881000,64056000.0,9.483,3898565000.0,0.0,0.0,0.0,61.029,
35,FRT,MRT,2012-09-30,2012-09-30,2012-09-30,2021-09-07,-13227000.0,3804339000.0,3705081500.0,,,0.159,20.116,-265316000.0,147680000.0,147680000.0,175129000.0,149829000.0,,1.872,2178415000.0,,,2178415000.0,0.0,138555000.0,13009000.0,0.027,2.8,256619000.0,395174000.0,0.669,395174000.0,256619000.0,145154000.0,2.27,2.26,2.27,1287697000.0,1246900250.0,1287697000.0,8778537968.0,34.0,22.214,15599000.0,0.244,1.0,415462000.0,0.703,0.0,111465000.0,5835074000.0,5741826000.0,0.0,89532000.0,,,2410566000.0,,,6750990968.0,125610000.0,4074000.0,94796000.0,170090000.0,-173179000.0,83186000.0,-238491000.0,422000.0,280915000.0,0.0,145154000.0,144613000.0,144613000.0,-1895000.0,4675000.0,0.245,170386000.0,245076000.0,121233000.0,1.233,5.243,46.683,46.388,3345792000.0,541000.0,105.3,11.431,11.413,82152000.0,-577214000.0,590591000.0,590591000.0,0.0,0.039,0.116,0.045,0.435,0.0,32236000.0,1.0,64111975.0,64014000,64202000.0,9.226,3804339000.0,0.0,0.0,0.0,59.43,
36,FRT,MRT,2012-06-30,2012-06-30,2012-06-30,2021-09-07,-10375000.0,3680929000.0,3567708750.0,,,0.16,19.499,-239887000.0,82774000.0,82774000.0,169889000.0,158475000.0,,1.878,2110321000.0,,,2110321000.0,0.0,135706000.0,12745000.0,0.027,2.76,260605000.0,396311000.0,0.694,396311000.0,260605000.0,153563000.0,2.41,2.4,2.41,1242081000.0,1248077500.0,1242081000.0,8698949703.0,33.0,21.95,36021000.0,0.565,1.0,401134000.0,0.702,0.0,107042000.0,5708476000.0,5523970750.0,0.0,89942000.0,,,2332613000.0,,,6652857703.0,62926000.0,23005000.0,97763000.0,65232000.0,-171474000.0,-20025000.0,-192957000.0,969000.0,275908000.0,0.0,153563000.0,153022000.0,153022000.0,-16294000.0,4912000.0,0.268,166053000.0,235081000.0,110786000.0,1.145,5.356,43.476,43.191,3306974000.0,541000.0,104.09,11.651,11.612,76601000.0,-568541000.0,571023000.0,571023000.0,0.0,0.043,0.123,0.047,0.456,0.0,30682000.0,1.0,63914475.0,63700000,63880000.0,8.964,3680929000.0,0.0,0.0,0.0,57.785,
37,FRT,MRT,2012-03-31,2012-03-31,2012-03-31,2021-09-07,-2582000.0,3668848000.0,3452643500.0,,,0.162,19.582,-233687000.0,69182000.0,69182000.0,167126000.0,161350000.0,,1.869,2115274000.0,,,2115274000.0,0.0,132570000.0,12441000.0,0.028,2.74,257931000.0,390501000.0,0.698,390501000.0,257931000.0,155717000.0,2.45,2.44,2.45,1241731000.0,1245698500.0,1241731000.0,8205441271.0,32.0,21.013,34482000.0,0.544,1.0,392617000.0,0.701,0.0,102214000.0,5714940000.0,5337129750.0,0.0,90239000.0,,,2320310000.0,,,6162837271.0,59181000.0,17705000.0,128311000.0,26089000.0,-169452000.0,-26245000.0,-182743000.0,9480000.0,268169000.0,0.0,155717000.0,155176000.0,155176000.0,-18872000.0,5633000.0,0.277,161981000.0,230636000.0,92352000.0,1.118,4.963,39.715,39.506,3301613000.0,541000.0,96.79,11.01,10.965,75871000.0,-556783000.0,559743000.0,559743000.0,0.0,0.045,0.125,0.048,0.461,0.0,29938000.0,1.0,63672252.0,63411000,63585000.0,8.827,3668848000.0,0.0,0.0,0.0,57.858,
38,FRT,MRT,2011-12-31,2011-12-31,2011-12-31,2021-09-07,-3940000.0,3666210000.0,3339796750.0,,,0.165,19.477,-246019000.0,67806000.0,67806000.0,169768000.0,149612000.0,,1.924,2110410000.0,,,2110410000.0,0.0,126568000.0,12221000.0,0.03,2.72,242382000.0,368950000.0,0.669,368950000.0,242382000.0,143917000.0,2.29,2.28,2.29,1216092000.0,1232869750.0,1216092000.0,7471469658.0,31.0,20.251,-1308000.0,-0.021,1.0,381335000.0,0.692,0.0,98465000.0,5708814000.0,5161273500.0,0.0,90319000.0,,,2340281000.0,,,5762664658.0,52009000.0,17818000.0,154921000.0,24082000.0,-167313000.0,3667000.0,-196369000.0,9630000.0,244711000.0,0.0,143917000.0,143376000.0,143376000.0,-19293000.0,5695000.0,0.26,154873000.0,226462000.0,104660000.0,1.188,4.739,40.193,39.629,3298856000.0,541000.0,90.75,10.457,10.282,75921000.0,-555541000.0,551103000.0,551103000.0,0.0,0.043,0.116,0.047,0.44,0.0,28985000.0,1.0,63500437.0,62438000,62603000.0,8.826,3666210000.0,0.0,0.0,0.0,58.718,
39,FRT,MRT,2011-09-30,2011-09-30,2011-09-30,2021-09-07,0.0,3254848000.0,3213132500.0,,,0.171,20.574,-187644000.0,22070000.0,22070000.0,168939000.0,151462000.0,,1.495,1730875000.0,,,1730875000.0,0.0,124831000.0,12038000.0,0.033,2.7,243759000.0,368590000.0,0.671,368590000.0,243759000.0,145812000.0,2.32,2.32,2.32,1292406000.0,1202530750.0,1292406000.0,6916274263.0,28.0,18.764,62357000.0,0.993,1.0,379988000.0,0.692,0.0,97947000.0,4963653000.0,4961796250.0,0.0,113904000.0,,,1931721000.0,,,5175830263.0,12896000.0,14234000.0,154406000.0,-40112000.0,-166603000.0,-60009000.0,-177096000.0,8622000.0,250001000.0,0.0,145812000.0,145271000.0,145271000.0,-17938000.0,5650000.0,0.265,150762000.0,229226000.0,89623000.0,1.164,4.005,35.629,35.522,2921626000.0,541000.0,82.41,9.429,9.431,78503000.0,-542480000.0,548927000.0,548927000.0,0.0,0.045,0.121,0.049,0.444,0.0,26423000.0,1.0,62805852.0,62818000,,8.738,3254848000.0,0.0,0.0,0.0,51.814,
40,FRT,MRT,2011-06-30,2011-06-30,2011-06-30,2021-09-07,0.0,3220668000.0,3181210250.0,,,0.171,19.812,-191513000.0,19848000.0,19848000.0,169512000.0,134170000.0,,1.588,1760292000.0,,,1760292000.0,0.0,122339000.0,11865000.0,0.031,2.68,227850000.0,350189000.0,0.643,350189000.0,227850000.0,128399000.0,2.06,2.06,2.06,1232565000.0,1168303250.0,1232565000.0,7095634457.0,31.0,20.262,54575000.0,0.877,1.0,375197000.0,0.689,0.0,99451000.0,4961112000.0,4930676500.0,0.0,114483000.0,,,1956772000.0,,,5301580457.0,-3709000.0,-5170000.0,99908000.0,22042000.0,-165053000.0,-47894000.0,-201903000.0,6675000.0,246088000.0,0.0,128399000.0,127858000.0,127858000.0,-3438000.0,5771000.0,0.235,146832000.0,228365000.0,86552000.0,1.301,4.301,41.465,41.35,2908191000.0,541000.0,85.18,9.733,9.729,73917000.0,-545589000.0,544709000.0,544709000.0,0.0,0.04,0.109,0.046,0.418,0.0,25130000.0,1.0,62239733.0,62214000,,8.755,3220668000.0,0.0,0.0,0.0,51.768,
41,FRT,MRT,2011-03-31,2011-03-31,2011-03-31,2021-09-07,0.0,3217461000.0,3151954500.0,,,0.172,19.365,-184125000.0,10001000.0,10001000.0,169171000.0,130067000.0,,1.677,1804055000.0,,,1804055000.0,0.0,121454000.0,11735000.0,0.033,2.67,225720000.0,347174000.0,0.641,347174000.0,225720000.0,124756000.0,2.01,2.01,2.01,1190416000.0,1150941500.0,1190416000.0,6770376355.0,30.0,19.501,60648000.0,0.987,1.0,372474000.0,0.688,0.0,100964000.0,5011515000.0,4884705000.0,0.0,96195000.0,,,1995792000.0,,,5019024355.0,-12593000.0,-16617000.0,54255000.0,72018000.0,-163925000.0,-42605000.0,-214761000.0,-2645000.0,244773000.0,0.0,124756000.0,124215000.0,124215000.0,-2174000.0,5311000.0,0.229,145602000.0,226872000.0,80537000.0,1.328,4.216,40.406,40.577,2927851000.0,541000.0,81.56,9.266,9.256,71408000.0,-538200000.0,541645000.0,541645000.0,0.0,0.039,0.108,0.046,0.417,0.0,24751000.0,1.0,61537817.0,61471000,,8.811,3217461000.0,0.0,0.0,0.0,52.341,
42,FRT,MRT,2010-12-31,2010-12-31,2010-12-31,2021-09-07,0.0,3159553000.0,3121675250.0,,,0.174,17.893,-146228000.0,15797000.0,15797000.0,169182000.0,128237000.0,,1.807,1767149000.0,,,1767149000.0,0.0,119817000.0,11751000.0,0.034,2.66,224672000.0,344489000.0,0.636,344489000.0,224672000.0,122790000.0,1.99,1.98,1.99,1094736000.0,1145621500.0,1094736000.0,6506447371.0,29.0,18.887,110507000.0,1.806,1.0,372615000.0,0.688,0.0,101882000.0,4910905000.0,4822935500.0,0.0,96419000.0,,,1978423000.0,,,4794432371.0,-119592000.0,-16693000.0,6610000.0,-27383000.0,-163120000.0,-189239000.0,-187088000.0,-13895000.0,256735000.0,0.0,122790000.0,122249000.0,122249000.0,-1976000.0,5447000.0,0.226,143397000.0,229218000.0,102574000.0,1.337,4.38,39.219,39.161,2860738000.0,541000.0,77.93,8.849,8.8,68997000.0,-527582000.0,541797000.0,541797000.0,0.0,0.039,0.107,0.047,0.415,0.0,24189000.0,1.0,61522294.0,61182000,61324000.0,8.855,3159553000.0,0.0,0.0,0.0,51.642,
43,FRT,MRT,2010-09-30,2010-09-30,2010-09-30,2021-09-07,0.0,3127159000.0,3137364250.0,,,0.172,18.813,-112474000.0,9174000.0,9174000.0,172474000.0,127298000.0,,1.679,1721189000.0,,,1721189000.0,0.0,118159000.0,11778000.0,0.032,2.65,227782000.0,345941000.0,0.639,345941000.0,227782000.0,121944000.0,1.97,1.98,1.97,1155496000.0,1166271750.0,1155496000.0,6689023059.0,29.0,19.336,129772000.0,2.113,1.0,368675000.0,0.681,0.0,105838000.0,4839174000.0,4815401250.0,0.0,95597000.0,,,1940283000.0,,,5015442059.0,-399254000.0,-23571000.0,7805000.0,-322771000.0,-162330000.0,-483196000.0,-158304000.0,-12988000.0,242246000.0,0.0,121944000.0,121403000.0,121403000.0,-2575000.0,5354000.0,0.224,135659000.0,233016000.0,112490000.0,1.345,4.341,41.312,41.452,2834890000.0,541000.0,81.66,9.268,9.268,74443000.0,-519050000.0,541149000.0,541149000.0,0.0,0.039,0.104,0.047,0.421,0.0,23271000.0,1.0,61418590.0,61418590,,8.811,3127159000.0,0.0,0.0,0.0,50.916,
44,FRT,MRT,2010-06-30,2010-06-30,2010-06-30,2021-09-07,0.0,3103645000.0,3225645750.0,,,0.167,18.958,-90250000.0,23557000.0,23557000.0,169111000.0,125127000.0,,1.641,1697138000.0,,,1697138000.0,0.0,116978000.0,12093000.0,0.038,2.64,230485000.0,347463000.0,0.645,347463000.0,230485000.0,119737000.0,1.94,1.95,1.94,1163118000.0,1173002750.0,1163118000.0,5979352780.0,26.0,17.209,149651000.0,2.439,1.0,369584000.0,0.686,0.0,110748000.0,4777226000.0,4884126250.0,0.0,94219000.0,,,1909240000.0,,,4311259780.0,-146502000.0,-23322000.0,116196000.0,-202048000.0,-160257000.0,-252105000.0,-134298000.0,-11383000.0,239901000.0,0.0,119737000.0,119196000.0,119196000.0,-2305000.0,5390000.0,0.221,134813000.0,234771000.0,106771000.0,1.361,3.707,36.17,36.222,2818210000.0,541000.0,70.27,8.003,8.003,72814000.0,-507389000.0,538695000.0,538695000.0,0.0,0.037,0.102,0.047,0.428,0.0,23116000.0,1.0,61352779.0,61352779,,8.78,3103645000.0,0.0,0.0,0.0,50.587,
45,FRT,MRT,2010-03-31,2010-03-31,2010-03-31,2021-09-07,0.0,3096344000.0,3258473500.0,,,0.164,19.085,-94473000.0,22594000.0,22594000.0,168673000.0,122553000.0,,1.622,1690687000.0,,,1690687000.0,0.0,115433000.0,12095000.0,0.036,2.63,228200000.0,343633000.0,0.641,343633000.0,228200000.0,117040000.0,1.92,1.93,1.92,1169136000.0,1152952250.0,1169136000.0,6118689074.0,27.0,17.806,147667000.0,2.411,1.0,367144000.0,0.685,0.0,111160000.0,4764437000.0,4930102250.0,0.0,77215000.0,,,1895783000.0,,,4460230074.0,134000.0,-4633000.0,116070000.0,-71982000.0,-158173000.0,-120335000.0,-121671000.0,-12316000.0,242140000.0,0.0,117040000.0,116499000.0,116499000.0,-1535000.0,5513000.0,0.217,132811000.0,234333000.0,97052000.0,1.37,3.815,38.286,37.922,2825708000.0,541000.0,72.81,8.324,8.324,70953000.0,-497843000.0,535817000.0,535817000.0,0.0,0.036,0.101,0.046,0.426,0.0,22376000.0,1.0,61258482.0,61258482,,8.747,3096344000.0,0.0,0.0,0.0,50.546,
46,FRT,MRT,2009-12-31,2009-12-31,2009-12-31,2021-09-07,0.0,3222309000.0,3257128000.0,,,0.162,19.72,-112610000.0,135389000.0,135389000.0,166210000.0,103872000.0,,1.71,1793848000.0,,,1793848000.0,0.0,115093000.0,11710000.0,0.039,2.62,207085000.0,322178000.0,0.61,322178000.0,207085000.0,98304000.0,1.63,1.63,1.63,1177337000.0,1133041750.0,1177337000.0,5777345146.0,28.0,17.932,144155000.0,2.414,1.0,362359000.0,0.686,0.0,108781000.0,4880768000.0,4943773250.0,0.0,83969000.0,,,2013246000.0,,,4143556146.0,120166000.0,-4304000.0,115502000.0,37563000.0,-156100000.0,-9258000.0,-127341000.0,-1503000.0,256765000.0,0.0,98304000.0,97763000.0,97763000.0,-2547000.0,5568000.0,0.185,152830000.0,209529000.0,109061000.0,1.607,3.519,42.384,41.546,2821147000.0,541000.0,67.72,7.839,7.649,72191000.0,-486449000.0,528569000.0,528569000.0,0.0,0.03,0.086,0.042,0.392,0.0,22032000.0,1.0,61186594.0,59704000,59830000.0,8.853,3222309000.0,0.0,0.0,0.0,53.971,
47,FRT,MRT,2009-09-30,2009-09-30,2009-09-30,2021-09-07,0.0,3480285000.0,3224744750.0,,,0.163,19.981,-114167000.0,408428000.0,408428000.0,163977000.0,105541000.0,,1.916,2042217000.0,,,2042217000.0,0.0,115866000.0,11383000.0,0.043,2.61,204678000.0,320544000.0,0.61,320544000.0,204678000.0,100059000.0,1.66,1.66,1.66,1182420000.0,1117358000.0,1182420000.0,5357838076.0,26.0,16.715,133818000.0,2.261,1.0,361252000.0,0.688,0.0,104619000.0,5114074000.0,4929415750.0,0.0,77227000.0,,,2266020000.0,,,3631664076.0,359437000.0,9495000.0,114858000.0,277231000.0,-154048000.0,232154000.0,-120702000.0,-6886000.0,247985000.0,0.0,100059000.0,99518000.0,99518000.0,-6959000.0,5482000.0,0.189,160117000.0,201135000.0,110397000.0,1.572,3.071,36.493,36.97,2813825000.0,541000.0,61.37,6.914,6.914,72188000.0,-477868000.0,525229000.0,525229000.0,0.0,0.031,0.089,0.042,0.39,0.0,23451000.0,1.0,59176537.0,59176537,,8.876,3480285000.0,0.0,0.0,0.0,58.812,
48,FRT,MRT,2009-06-30,2009-06-30,2009-06-30,2021-09-07,0.0,3234956000.0,3132559000.0,,,0.168,18.322,-184857000.0,170059000.0,170059000.0,167364000.0,115119000.0,,1.958,1896233000.0,,,1896233000.0,0.0,116099000.0,11344000.0,0.05,2.6,209475000.0,325574000.0,0.619,325574000.0,209475000.0,109728000.0,1.84,1.84,1.84,1082916000.0,1100919250.0,1082916000.0,4773278945.0,23.0,14.661,66654000.0,1.128,1.0,358580000.0,0.682,0.0,99747000.0,4961130000.0,4855165250.0,0.0,77265000.0,,,2120227000.0,,,3045119945.0,149778000.0,47606000.0,8746000.0,200111000.0,-151530000.0,51165000.0,-152898000.0,-6917000.0,251511000.0,0.0,109728000.0,109187000.0,109187000.0,-14745000.0,5391000.0,0.208,159650000.0,198930000.0,109820000.0,1.413,2.812,27.889,28.0,2818662000.0,541000.0,51.52,5.79,5.79,68726000.0,-464792000.0,525944000.0,525944000.0,0.0,0.035,0.099,0.043,0.398,0.0,23093000.0,1.0,59105589.0,59105589,,8.898,3234956000.0,0.0,0.0,0.0,54.732,
49,FRT,MRT,2009-03-31,2009-03-31,2009-03-31,2021-09-07,0.0,3090962000.0,3080456750.0,,,0.17,18.442,-230992000.0,22460000.0,22460000.0,167758000.0,115708000.0,,1.808,1750619000.0,,,1750619000.0,0.0,114261000.0,11332000.0,0.056,2.56,208678000.0,322939000.0,0.616,322939000.0,208678000.0,110285000.0,1.85,1.85,1.85,1089494000.0,1108001250.0,1089494000.0,4448040842.0,21.0,13.774,17459000.0,0.296,1.0,356560000.0,0.68,0.0,98393000.0,4819121000.0,4782932750.0,0.0,75221000.0,,,1969335000.0,,,2717478842.0,-5194000.0,45667000.0,10156000.0,91072000.0,-148989000.0,-53988000.0,-199657000.0,-5034000.0,248451000.0,0.0,110285000.0,109744000.0,109744000.0,-14895000.0,5423000.0,0.209,159518000.0,197042000.0,107132000.0,1.384,2.494,24.762,24.865,2827557000.0,541000.0,46.0,5.183,5.183,71781000.0,-454629000.0,524318000.0,524318000.0,0.0,0.036,0.099,0.044,0.398,0.0,24935000.0,1.0,59075627.0,59075627,,8.875,3090962000.0,0.0,0.0,0.0,52.322,
50,FRT,MRT,2008-12-31,2008-12-31,2008-12-31,2021-09-07,0.0,3092776000.0,3052498750.0,,,0.17,18.999,-237611000.0,15223000.0,15223000.0,164880000.0,135153000.0,,1.746,1745785000.0,,,1745785000.0,0.0,111069000.0,11309000.0,0.041,2.52,228950000.0,340019000.0,0.654,340019000.0,228950000.0,129787000.0,2.19,2.19,2.19,1114602000.0,1113750000.0,1114602000.0,5366663918.0,23.0,15.783,-9326000.0,-0.159,1.0,354731000.0,0.683,0.0,99163000.0,4823338000.0,4725135750.0,0.0,75032000.0,,,1945822000.0,,,3661133918.0,-35468000.0,45253000.0,11585000.0,84188000.0,-146418000.0,-56186000.0,-207567000.0,-5288000.0,228285000.0,0.0,129787000.0,129246000.0,129246000.0,-14537000.0,5366000.0,0.249,137480000.0,217251000.0,86950000.0,1.151,3.285,28.327,28.347,2827427000.0,541000.0,62.08,7.046,7.009,73688000.0,-426574000.0,519611000.0,519611000.0,0.0,0.042,0.116,0.048,0.441,0.0,26732000.0,1.0,58974451.0,58665000,58889000.0,8.857,3092776000.0,0.0,0.0,0.0,52.719,
51,FRT,MRT,2008-09-30,2008-09-30,2008-09-30,2021-09-07,86000.0,3111542000.0,3026629000.0,,,0.164,18.954,-249182000.0,48991000.0,48991000.0,156009000.0,227876000.0,,1.758,1754521000.0,,,1754521000.0,0.0,108347000.0,11364000.0,0.029,2.48,314184000.0,422531000.0,0.852,422531000.0,314184000.0,218230000.0,3.79,3.78,3.79,1116665000.0,1113757500.0,1116665000.0,6688638670.0,21.0,15.83,-19203000.0,-0.326,1.0,339881000.0,0.685,0.0,95954000.0,4817072000.0,4663567750.0,0.0,69859000.0,,,1962792000.0,,,5042985670.0,38710000.0,70937000.0,174225000.0,-27533000.0,-142621000.0,-2686000.0,-188583000.0,-33000.0,229979000.0,0.0,218230000.0,217689000.0,217689000.0,-110251000.0,9646000.0,0.439,132655000.0,207226000.0,92589000.0,0.654,4.516,23.166,22.586,2816587000.0,541000.0,85.6,10.17,10.17,69439000.0,-421824000.0,495890000.0,495890000.0,0.0,0.072,0.195,0.067,0.634,0.0,27761000.0,1.0,58913384.0,58913384,,8.417,3111542000.0,0.0,0.0,0.0,52.816,
52,FRT,MRT,2008-06-30,2008-06-30,2008-06-30,2021-09-07,-46000.0,3026547000.0,2981208250.0,,,0.164,18.902,-191256000.0,20281000.0,20281000.0,151025000.0,212974000.0,,1.695,1665934000.0,,,1665934000.0,0.0,105776000.0,11074000.0,0.035,2.44,303992000.0,409768000.0,0.84,409768000.0,303992000.0,204643000.0,3.58,3.56,3.58,1111244000.0,1050072000.0,1111244000.0,5665205843.0,19.0,13.825,35705000.0,0.607,1.0,336722000.0,0.69,0.0,99349000.0,4672200000.0,4647920000.0,0.0,69888000.0,,,1883266000.0,,,4056402843.0,8563000.0,32871000.0,171757000.0,-76180000.0,-139110000.0,-50049000.0,-168349000.0,38000.0,226961000.0,0.0,204643000.0,204102000.0,204102000.0,-101584000.0,8331000.0,0.418,130850000.0,205872000.0,99861000.0,0.682,3.65,19.874,19.274,2767637000.0,541000.0,69.0,8.317,8.317,66431000.0,-420469000.0,487747000.0,487747000.0,0.0,0.068,0.194,0.065,0.623,0.0,29542000.0,1.0,58788447.0,58788447,,8.297,3026547000.0,0.0,0.0,0.0,51.482,
53,FRT,MRT,2008-03-31,2008-03-31,2008-03-31,2021-09-07,-540000.0,2979130000.0,2949860250.0,,,0.162,18.935,-187893000.0,27654000.0,27654000.0,145446000.0,209309000.0,,1.649,1636457000.0,,,1636457000.0,0.0,104882000.0,10731000.0,0.031,2.405,305438000.0,410320000.0,0.858,410320000.0,305438000.0,202387000.0,3.56,3.54,3.56,1112489000.0,988499500.0,1112489000.0,6167652420.0,20.0,15.031,23051000.0,0.392,1.0,332543000.0,0.696,0.0,103051000.0,4587933000.0,4655598000.0,0.0,70249000.0,,,1834361000.0,,,4579883420.0,11667000.0,86086000.0,170614000.0,-115898000.0,-135542000.0,-87617000.0,-111660000.0,-219000.0,210944000.0,0.0,202387000.0,201846000.0,201846000.0,-103969000.0,6922000.0,0.422,127555000.0,204988000.0,95757000.0,0.676,4.117,22.69,21.896,2715998000.0,541000.0,77.95,9.582,9.582,64588000.0,-413376000.0,477989000.0,477989000.0,0.0,0.068,0.204,0.066,0.639,0.0,28538000.0,1.0,58754117.0,58754117,,8.135,2979130000.0,0.0,0.0,0.0,50.705,
54,FRT,MRT,2007-12-31,2007-12-31,2007-12-31,2021-09-07,0.0,2989297000.0,2937418500.0,,,0.164,19.866,-206842000.0,50691000.0,50691000.0,146146000.0,201127000.0,,1.653,1638460000.0,,,1638460000.0,0.0,105966000.0,10703000.0,0.029,2.37,306902000.0,412868000.0,0.855,412868000.0,306902000.0,195537000.0,3.47,3.45,3.47,1114632000.0,927122000.0,1114632000.0,6476518631.0,21.0,15.687,7367000.0,0.131,1.0,336642000.0,0.697,0.0,111365000.0,4577066000.0,4694149750.0,0.0,70284000.0,,,1842847000.0,,,4651896631.0,39196000.0,64519000.0,170855000.0,-56078000.0,-131443000.0,-23574000.0,-151439000.0,640000.0,214209000.0,0.0,195537000.0,195095000.0,195095000.0,-101748000.0,5590000.0,0.404,128214000.0,208428000.0,99360000.0,0.683,4.173,23.844,23.674,2696144000.0,442000.0,82.15,9.635,9.547,61108000.0,-407376000.0,482788000.0,482788000.0,0.0,0.066,0.21,0.065,0.636,0.0,26581000.0,1.0,56626861.0,56108000,56473000.0,8.605,2989297000.0,0.0,0.0,0.0,53.278,
55,FRT,MRT,2007-09-30,2007-09-30,2007-09-30,2021-09-07,0.0,2929859000.0,2862245750.0,,,0.159,15.284,-238001000.0,10281000.0,10281000.0,136247000.0,97810000.0,,2.359,1834903000.0,,,1834903000.0,0.0,105018000.0,11259000.0,0.026,2.335,202181000.0,307199000.0,0.675,307199000.0,202181000.0,97810000.0,1.63,1.61,1.63,861923000.0,844483500.0,861923000.0,6798266640.0,34.0,22.13,-33068000.0,-0.586,1.0,319152000.0,0.701,0.0,104371000.0,4754481000.0,4643393500.0,0.0,70828000.0,,,2033582000.0,,,4996509640.0,-56143000.0,32473000.0,9017000.0,217232000.0,-132282000.0,-46866000.0,-214210000.0,766000.0,204933000.0,0.0,97810000.0,90912000.0,90912000.0,-7848000.0,0.0,0.2,121461000.0,197691000.0,99461000.0,1.433,5.797,54.96,54.356,2674784000.0,6898000.0,88.6,10.972,10.972,59964000.0,-493635000.0,455399000.0,455399000.0,0.0,0.032,0.108,0.044,0.444,0.0,25068000.0,1.0,56394014.0,56394014,,8.075,2929859000.0,0.0,0.0,0.0,51.953,
56,FRT,MRT,2007-06-30,2007-06-30,2007-06-30,2021-09-07,0.0,2901155000.0,2789811500.0,,,0.159,15.348,-421936000.0,11718000.0,11718000.0,131363000.0,99279000.0,,2.31,1813475000.0,,,1813475000.0,0.0,102925000.0,11060000.0,0.03,2.3,200994000.0,303919000.0,0.684,303919000.0,200994000.0,99279000.0,1.63,1.61,1.63,864954000.0,860152000.0,864954000.0,6166713695.0,31.0,20.291,-218849000.0,-3.883,1.0,312737000.0,0.704,0.0,101715000.0,4702912000.0,4476571750.0,0.0,70966000.0,,,1998168000.0,,,4353936695.0,-2324000.0,39049000.0,162491000.0,297027000.0,-132045000.0,186890000.0,-392301000.0,618000.0,203087000.0,0.0,99279000.0,89648000.0,89648000.0,-9276000.0,0.0,0.202,119229000.0,193508000.0,91646000.0,1.411,5.034,48.567,47.399,2656424000.0,9631000.0,77.26,9.804,9.804,52753000.0,-482492000.0,444100000.0,444100000.0,0.0,0.032,0.104,0.045,0.453,0.0,24160000.0,1.0,56354345.0,56354345,,7.88,2901155000.0,0.0,0.0,0.0,51.481,
57,FRT,MRT,2007-03-31,2007-03-31,2007-03-31,2021-09-07,0.0,2929363000.0,2651640000.0,,,0.164,15.641,-397818000.0,15987000.0,15987000.0,127553000.0,110817000.0,,2.334,1828764000.0,,,1828764000.0,0.0,100326000.0,11065000.0,0.025,2.28,209108000.0,309434000.0,0.713,309434000.0,209108000.0,110817000.0,1.83,1.8,1.83,866979000.0,838245750.0,866979000.0,6708401556.0,32.0,21.68,-202880000.0,-3.66,1.0,306146000.0,0.706,0.0,98291000.0,4742140000.0,4232892000.0,0.0,72377000.0,,,2023761000.0,,,5022966556.0,11195000.0,22619000.0,161203000.0,311095000.0,-131927000.0,200381000.0,-384124000.0,112000.0,194938000.0,0.0,110817000.0,98452000.0,98452000.0,-14086000.0,0.0,0.227,116785000.0,189361000.0,96407000.0,1.246,5.794,51.019,49.519,2679746000.0,12365000.0,90.62,11.582,11.582,50996000.0,-476652000.0,433699000.0,433699000.0,0.0,0.037,0.117,0.049,0.482,0.0,23028000.0,1.0,55428896.0,55428896,,7.824,2929363000.0,0.0,0.0,0.0,52.849,
58,FRT,MRT,2006-12-31,2006-12-31,2006-12-31,2021-09-07,0.0,2688606000.0,2506266500.0,,,0.17,14.664,-386663000.0,11495000.0,11495000.0,125303000.0,118712000.0,,2.401,1696930000.0,,,1696930000.0,0.0,97879000.0,10126000.0,0.027,2.26,213946000.0,311825000.0,0.731,311825000.0,213946000.0,118712000.0,1.94,1.92,1.94,784078000.0,813929250.0,784078000.0,6146595095.0,29.0,19.712,-200009000.0,-3.741,1.0,301513000.0,0.706,0.0,95234000.0,4374041000.0,3981124500.0,0.0,51078000.0,,,1882337000.0,,,4699523095.0,2856000.0,78016000.0,161292000.0,255023000.0,-142947000.0,133631000.0,-317429000.0,-154000.0,186654000.0,0.0,118712000.0,103514000.0,103514000.0,-21319000.0,0.0,0.243,114672000.0,186841000.0,97727000.0,1.165,5.994,45.4,43.814,2463751000.0,15198000.0,85.0,11.011,10.648,47493000.0,-467369000.0,426816000.0,426816000.0,0.0,0.041,0.127,0.054,0.501,0.0,21921000.0,1.0,55288507.0,53469000,53962000.0,7.982,2688606000.0,0.0,0.0,0.0,50.283,
59,FRT,MRT,2006-09-30,2006-09-30,2006-09-30,2021-09-07,0.0,2640122000.0,2421828000.0,,,0.173,17.42,-400218000.0,66424000.0,66424000.0,123966000.0,129399000.0,,1.835,1513496000.0,,,1513496000.0,0.0,95510000.0,9753000.0,0.033,2.44,220572000.0,316082000.0,0.754,316082000.0,220572000.0,129399000.0,2.23,2.2,2.23,924597000.0,811621500.0,924597000.0,5323241006.0,24.0,16.841,-219687000.0,-4.139,1.0,295277000.0,0.704,0.0,91173000.0,4087194000.0,3820703250.0,0.0,51376000.0,,,1696881000.0,,,3943517006.0,49851000.0,129136000.0,165907000.0,144476000.0,-152028000.0,153619000.0,-284299000.0,-3701000.0,180531000.0,0.0,129399000.0,117924000.0,117924000.0,-31432000.0,0.0,0.281,111414000.0,183863000.0,96164000.0,1.094,4.265,33.441,33.318,2370355000.0,11475000.0,74.3,9.406,9.406,45274000.0,-453409000.0,419243000.0,419243000.0,0.0,0.049,0.145,0.058,0.526,0.0,21215000.0,1.0,53075599.0,53075599,,7.899,2640122000.0,0.0,0.0,0.0,49.743,
60,FRT,MRT,2006-06-30,2006-06-30,2006-06-30,2021-09-07,1276000.0,2348469000.0,2337565500.0,,,0.174,14.654,-222123000.0,14042000.0,14042000.0,121307000.0,135095000.0,,1.996,1393766000.0,,,1393766000.0,0.0,94255000.0,8851000.0,0.035,2.42,221856000.0,316111000.0,0.776,316111000.0,221856000.0,135095000.0,2.34,2.32,2.34,777329000.0,774950500.0,777329000.0,5100509060.0,23.0,16.135,-42529000.0,-0.802,1.0,286189000.0,0.702,0.0,86761000.0,3728193000.0,3703901250.0,0.0,51437000.0,,,1551925000.0,,,3713308060.0,417000.0,159240000.0,11742000.0,36517000.0,-151552000.0,-108011000.0,-71166000.0,871000.0,179594000.0,0.0,135095000.0,123620000.0,123620000.0,-40302000.0,0.0,0.303,108478000.0,177711000.0,79827000.0,1.034,4.777,30.038,29.915,2156005000.0,11475000.0,70.0,9.113,9.113,38659000.0,-443756000.0,407496000.0,407496000.0,0.0,0.053,0.16,0.06,0.544,0.0,19908000.0,1.0,53047258.0,53047258,,7.682,2348469000.0,0.0,0.0,0.0,44.271,
61,FRT,MRT,2006-03-31,2006-03-31,2006-03-31,2021-09-07,2121000.0,2347869000.0,2324703750.0,,,0.171,14.52,-218633000.0,4792000.0,4792000.0,118326000.0,121646000.0,,2.025,1391993000.0,,,1391993000.0,0.0,92945000.0,8952000.0,0.032,2.42,205480000.0,298425000.0,0.75,298425000.0,205480000.0,121646000.0,2.09,2.07,2.09,769713000.0,775014250.0,769713000.0,5368032720.0,26.0,17.988,-35030000.0,-0.661,1.0,279344000.0,0.702,0.0,83834000.0,3735070000.0,3678325250.0,0.0,49744000.0,,,1558676000.0,,,3986528720.0,-22853000.0,133554000.0,3092000.0,26381000.0,-147594000.0,-122687000.0,-83769000.0,9701000.0,183603000.0,0.0,121646000.0,110171000.0,110171000.0,-35160000.0,0.0,0.277,106406000.0,172938000.0,86910000.0,1.158,5.179,36.185,35.981,2163387000.0,11475000.0,75.2,10.025,10.025,39413000.0,-449692000.0,397670000.0,397670000.0,0.0,0.047,0.142,0.056,0.517,0.0,19908000.0,1.0,53012350.0,53012350,,7.501,2347869000.0,0.0,0.0,0.0,44.289,
62,FRT,MRT,2005-12-31,2005-12-31,2005-12-31,2021-09-07,2678000.0,2350852000.0,2319567750.0,,,0.168,14.75,-266577000.0,8639000.0,8639000.0,118504000.0,114612000.0,,2.009,1390143000.0,,,1390143000.0,0.0,91503000.0,8807000.0,0.039,2.37,196229000.0,287732000.0,0.736,287732000.0,196229000.0,114612000.0,1.96,1.94,1.96,774847000.0,782793750.0,774847000.0,4515783379.0,23.0,15.694,-91636000.0,-1.744,1.0,272304000.0,0.697,0.0,81617000.0,3732356000.0,3659349000.0,0.0,49906000.0,,,1556812000.0,,,3198869379.0,-21836000.0,113128000.0,14111000.0,79958000.0,-133377000.0,-44047000.0,-152730000.0,9347000.0,174941000.0,0.0,114612000.0,103137000.0,103137000.0,-31365000.0,0.0,0.264,104430000.0,167874000.0,88089000.0,1.209,4.128,31.016,30.944,2165571000.0,11475000.0,60.65,8.185,8.153,38161000.0,-437817000.0,390808000.0,390808000.0,0.0,0.044,0.132,0.054,0.502,0.0,19909000.0,1.0,52743106.0,52533000,53050000.0,7.439,2350852000.0,0.0,0.0,0.0,44.75,
63,FRT,MRT,2005-09-30,2005-09-30,2005-09-30,2021-09-07,3041000.0,2303072000.0,2298578750.0,,,0.172,14.772,-207470000.0,16573000.0,16573000.0,123585000.0,101402000.0,,1.936,1333487000.0,,,1333487000.0,0.0,91224000.0,8281000.0,0.035,2.12,188179000.0,279403000.0,0.709,279403000.0,188179000.0,101402000.0,1.71,1.71,1.71,777913000.0,786715500.0,777913000.0,4539087982.0,24.0,16.246,-27669000.0,-0.525,1.0,270661000.0,0.687,0.0,86777000.0,3619986000.0,3611379500.0,0.0,46598000.0,,,1505877000.0,,,3210220982.0,-6864000.0,100295000.0,8778000.0,32044000.0,-117225000.0,-83220000.0,-103445000.0,11472000.0,179801000.0,0.0,101402000.0,89927000.0,89927000.0,-25371000.0,0.0,0.228,105860000.0,164801000.0,94940000.0,1.24,4.127,35.698,35.632,2123801000.0,11475000.0,60.93,8.143,8.139,34383000.0,-430150000.0,394246000.0,394246000.0,0.0,0.039,0.114,0.052,0.477,0.0,19162000.0,1.0,52687034.0,52663000,53194000.0,7.486,2303072000.0,0.0,0.0,0.0,43.732,
64,FRT,MRT,2005-06-30,2005-06-30,2005-06-30,2021-09-07,2772000.0,2297022000.0,2293065750.0,,,0.171,14.818,-173420000.0,13625000.0,13625000.0,125639000.0,89382000.0,,1.929,1342492000.0,,,1342492000.0,0.0,92167000.0,7861000.0,0.035,2.07,175620000.0,267787000.0,0.684,267787000.0,175620000.0,89382000.0,1.49,1.47,1.49,777584000.0,789678000.0,777584000.0,4429672288.0,25.0,16.542,6896000.0,0.131,1.0,265695000.0,0.679,0.0,86238000.0,3625889000.0,3595754000.0,0.0,51401000.0,,,1500304000.0,,,3097832288.0,-31478000.0,52126000.0,9503000.0,22003000.0,-112974000.0,-89423000.0,-122371000.0,7062000.0,180316000.0,0.0,89382000.0,77907000.0,77907000.0,-17955000.0,0.0,0.199,106410000.0,159285000.0,80519000.0,1.389,3.984,39.763,39.597,2123969000.0,11475000.0,59.0,7.916,7.912,34823000.0,-428695000.0,391334000.0,391334000.0,0.0,0.034,0.099,0.049,0.449,0.0,18878000.0,1.0,52505632.0,52476000,52573000.0,7.457,2297022000.0,0.0,0.0,0.0,43.773,
65,FRT,MRT,2005-03-31,2005-03-31,2005-03-31,2021-09-07,3437000.0,2327325000.0,2287613500.0,,,0.171,15.345,-165173000.0,27645000.0,27645000.0,129070000.0,90907000.0,,1.882,1359485000.0,,,1359485000.0,0.0,92371000.0,7940000.0,0.041,2.005,176709000.0,269080000.0,0.688,269080000.0,176709000.0,90907000.0,1.53,1.53,1.53,800831000.0,792776750.0,800831000.0,3809358768.0,22.0,14.157,9056000.0,0.174,1.0,261828000.0,0.67,0.0,85802000.0,3659165000.0,3577230250.0,0.0,52330000.0,,,1506983000.0,,,2535776768.0,-295000.0,60198000.0,120657000.0,-58373000.0,-111027000.0,-56623000.0,-117901000.0,-3016000.0,174229000.0,0.0,90907000.0,79432000.0,79432000.0,-24312000.0,0.0,0.203,106744000.0,155084000.0,71901000.0,1.31,3.166,31.924,31.601,2128003000.0,11475000.0,48.35,6.487,6.455,41039000.0,-421404000.0,390898000.0,390898000.0,0.0,0.035,0.1,0.049,0.452,0.0,18484000.0,1.0,52446262.0,52190000,53179000.0,7.49,2327325000.0,0.0,0.0,0.0,44.593,
66,FRT,MRT,2004-12-31,2004-12-31,2004-12-31,2021-09-07,2321000.0,2266896000.0,2268046000.0,,,0.169,15.498,-193174000.0,30475000.0,30475000.0,127291000.0,84156000.0,,1.844,1304057000.0,,,1304057000.0,0.0,90438000.0,7745000.0,0.039,1.99,169214000.0,259652000.0,0.677,259652000.0,169214000.0,84156000.0,1.42,1.41,1.42,790534000.0,763478750.0,790534000.0,3968053397.0,23.0,15.282,-19026000.0,-0.373,1.0,256321000.0,0.668,0.0,85058000.0,3540478000.0,3570359000.0,0.0,52540000.0,,,1457408000.0,,,2691589397.0,-4493000.0,46699000.0,109051000.0,-13774000.0,-108756000.0,-21030000.0,-157611000.0,-3172000.0,174148000.0,0.0,84156000.0,72681000.0,72681000.0,-20115000.0,0.0,0.189,104761000.0,151560000.0,80558000.0,1.401,3.405,37.033,36.373,2070938000.0,11475000.0,51.65,7.016,6.868,34849000.0,-416026000.0,383612000.0,383612000.0,0.0,0.032,0.095,0.047,0.441,0.0,18164000.0,1.0,52112089.0,51008000,51547000.0,7.521,2266896000.0,0.0,0.0,0.0,44.442,
67,FRT,MRT,2004-09-30,2004-09-30,2004-09-30,2021-09-07,1488000.0,2281020000.0,2236618250.0,,,0.171,15.261,-222081000.0,23437000.0,23437000.0,123899000.0,97638000.0,,1.844,1299901000.0,,,1299901000.0,0.0,87824000.0,7591000.0,0.045,1.975,182155000.0,269979000.0,0.707,269979000.0,182155000.0,97638000.0,1.73,1.71,1.73,789763000.0,738688750.0,789763000.0,3554990628.0,20.0,13.168,-47417000.0,-0.916,1.0,257797000.0,0.675,0.0,84517000.0,3557484000.0,3538901250.0,0.0,59157000.0,,,1456007000.0,,,2278409628.0,-10219000.0,30486000.0,108904000.0,16008000.0,-106652000.0,9383000.0,-194266000.0,-4533000.0,174664000.0,0.0,97638000.0,86162000.0,86162000.0,-8447000.0,0.0,0.226,100499000.0,157298000.0,84622000.0,1.142,2.885,26.443,25.434,2086657000.0,11476000.0,44.0,5.969,5.966,34748000.0,-408747000.0,381696000.0,381696000.0,0.0,0.039,0.117,0.051,0.477,0.0,15621000.0,1.0,51782037.0,51752000,50633000.0,7.375,2281020000.0,0.0,0.0,0.0,44.076,
68,FRT,MRT,2004-06-30,2004-06-30,2004-06-30,2021-09-07,2762000.0,2275213000.0,2177374250.0,,,0.17,15.414,-246317000.0,45103000.0,45103000.0,119981000.0,103573000.0,,1.842,1321684000.0,,,1321684000.0,0.0,82899000.0,7365000.0,0.047,1.96,185684000.0,268583000.0,0.726,268583000.0,185684000.0,103573000.0,1.87,1.87,1.87,789979000.0,711220750.0,789979000.0,3527278896.0,19.0,13.133,-86362000.0,-1.685,1.0,250026000.0,0.676,0.0,82111000.0,3551794000.0,3458258000.0,0.0,44907000.0,,,1455370000.0,,,2144653896.0,26494000.0,61747000.0,108259000.0,25919000.0,-105088000.0,21986000.0,-155447000.0,-4851000.0,159955000.0,0.0,103573000.0,92097000.0,92097000.0,-13873000.0,0.0,0.249,94366000.0,155660000.0,60704000.0,1.048,2.715,23.287,22.241,2072270000.0,11476000.0,41.59,5.796,5.761,34494000.0,-398386000.0,370007000.0,370007000.0,0.0,0.042,0.129,0.054,0.502,0.0,14169000.0,1.0,51566576.0,51251000,52573000.0,7.22,2275213000.0,0.0,0.0,0.0,44.394,
69,FRT,MRT,2004-03-31,2004-03-31,2004-03-31,2021-09-07,-1029000.0,2249055000.0,2121188000.0,,,0.168,13.906,-271352000.0,27940000.0,27940000.0,116192000.0,95367000.0,,2.247,1410565000.0,,,1410565000.0,0.0,77829000.0,7709000.0,0.042,1.955,174339000.0,252168000.0,0.709,252168000.0,174339000.0,95367000.0,1.63,1.61,1.63,683639000.0,683327750.0,683639000.0,3549763503.0,20.0,14.077,-121910000.0,-2.48,1.0,239257000.0,0.673,0.0,78972000.0,3631680000.0,3386724250.0,0.0,42419000.0,,,1536464000.0,,,2274051503.0,9827000.0,43909000.0,117410000.0,97511000.0,-105791000.0,2997000.0,-142612000.0,-3627000.0,149442000.0,0.0,95367000.0,78847000.0,78847000.0,-6513000.0,0.0,0.222,88330000.0,150927000.0,69624000.0,1.199,3.326,28.841,28.344,2064668000.0,16520000.0,46.2,6.398,6.39,34916000.0,-396528000.0,355449000.0,355449000.0,0.0,0.037,0.115,0.051,0.49,0.0,12728000.0,1.0,49221894.0,49163000,50613000.0,7.23,2249055000.0,0.0,0.0,0.0,45.747,
70,FRT,MRT,2003-12-31,2003-12-31,2003-12-31,2021-09-07,-87000.0,2141185000.0,2076774500.0,,,0.166,14.592,-224610000.0,34968000.0,34968000.0,114440000.0,94497000.0,,2.054,1308430000.0,,,1308430000.0,0.0,74616000.0,7208000.0,0.051,1.95,169729000.0,244345000.0,0.707,244345000.0,169729000.0,94497000.0,1.6,1.59,1.6,691374000.0,680443750.0,691374000.0,3078971428.0,18.0,12.601,-89149000.0,-1.882,1.0,231322000.0,0.669,0.0,75232000.0,3414647000.0,3304898500.0,0.0,41500000.0,,,1420229000.0,,,1888104428.0,11845000.0,43909000.0,151126000.0,33942000.0,-104802000.0,-26382000.0,-97234000.0,-4991000.0,135461000.0,0.0,94497000.0,75990000.0,75990000.0,-6239000.0,0.0,0.22,84489000.0,146833000.0,61018000.0,1.219,2.731,24.847,23.994,1955972000.0,18507000.0,38.39,5.461,5.26,31207000.0,-386738000.0,345762000.0,345762000.0,0.0,0.037,0.112,0.051,0.491,0.0,11820000.0,1.0,49182194.0,47379000,48619000.0,7.298,2141185000.0,0.0,0.0,0.0,45.193,
71,FRT,MRT,2003-09-30,2003-09-30,2003-09-30,2021-09-07,-1067000.0,2044044000.0,2041322750.0,,,0.164,13.882,-241493000.0,33656000.0,33656000.0,114313000.0,61876000.0,,1.963,1224523000.0,,,1224523000.0,0.0,70742000.0,7489000.0,0.053,1.945,136117000.0,206859000.0,0.618,206859000.0,136117000.0,61876000.0,0.87,0.86,0.87,679891000.0,668672000.0,679891000.0,3023235556.0,22.0,14.615,-130110000.0,-2.656,1.0,220577000.0,0.659,0.0,74241000.0,3234911000.0,3245681250.0,0.0,38013000.0,,,1334572000.0,,,1808044556.0,9004000.0,76356000.0,156565000.0,12955000.0,-103712000.0,-36737000.0,-65642000.0,-1612000.0,111383000.0,0.0,61876000.0,41381000.0,41381000.0,-22467000.0,0.0,0.124,105623000.0,114954000.0,62378000.0,2.236,2.659,43.693,42.368,1876531000.0,20495000.0,36.86,5.399,5.391,23487000.0,-395160000.0,334890000.0,334890000.0,0.0,0.02,0.062,0.042,0.406,0.0,13223000.0,1.0,49051670.0,48978000,50260000.0,6.838,2044044000.0,0.0,0.0,0.0,41.734,
72,FRT,MRT,2003-06-30,2003-06-30,2003-06-30,2021-09-07,-2359000.0,2050468000.0,2031195250.0,,,0.161,14.379,-266567000.0,18609000.0,18609000.0,111728000.0,55785000.0,,2.022,1233800000.0,,,1233800000.0,0.0,68074000.0,7590000.0,0.061,1.94,124847000.0,192921000.0,0.59,192921000.0,124847000.0,55785000.0,0.74,0.72,0.74,678407000.0,660296500.0,678407000.0,2690146176.0,22.0,13.944,-155838000.0,-3.303,1.0,215342000.0,0.658,0.0,69062000.0,3265659000.0,3230940000.0,0.0,37994000.0,,,1372061000.0,,,1457170176.0,-114000.0,56591000.0,157128000.0,63775000.0,-102612000.0,15186000.0,-126029000.0,11596000.0,110729000.0,0.0,55785000.0,33303000.0,33303000.0,-15081000.0,0.0,0.102,103907000.0,111435000.0,59681000.0,2.622,2.148,43.755,43.243,1885989000.0,22482000.0,32.0,4.455,4.616,39258000.0,-389373000.0,327070000.0,327070000.0,0.0,0.016,0.05,0.039,0.382,0.0,13715000.0,1.0,45536568.0,47181000,48398000.0,6.932,2050468000.0,0.0,0.0,0.0,43.46,
73,FRT,MRT,2003-03-31,2003-03-31,2003-03-31,2021-09-07,-3582000.0,2071401000.0,2005304500.0,,,0.159,15.182,-286781000.0,18113000.0,18113000.0,108049000.0,72994000.0,,2.082,1251089000.0,,,1251089000.0,0.0,65957000.0,6957000.0,0.064,1.935,138937000.0,204894000.0,0.642,204894000.0,138937000.0,72994000.0,1.27,1.25,1.27,672103000.0,653959500.0,672103000.0,2548571402.0,18.0,12.438,-176140000.0,-3.979,1.0,211100000.0,0.661,0.0,65943000.0,3304377000.0,3185451000.0,0.0,37542000.0,,,1399298000.0,,,1370171402.0,788000.0,62544000.0,104292000.0,79587000.0,-99206000.0,81304000.0,-191157000.0,12080000.0,110641000.0,0.0,72994000.0,53569000.0,53569000.0,-13776000.0,0.0,0.168,101935000.0,109165000.0,71457000.0,1.524,2.039,25.578,23.913,1925377000.0,19425000.0,30.37,4.293,4.213,23383000.0,-379226000.0,319149000.0,319149000.0,0.0,0.027,0.082,0.044,0.435,0.0,14065000.0,1.0,45115950.0,44271000,45354000.0,7.209,2071401000.0,0.0,0.0,0.0,46.789,
74,FRT,MRT,2002-12-31,2002-12-31,2002-12-31,2021-09-07,-4613000.0,1999378000.0,1956254000.0,,,0.159,15.479,-264936000.0,23123000.0,23123000.0,102001000.0,55287000.0,,2.058,1201523000.0,,,1201523000.0,0.0,64529000.0,6685000.0,0.069,1.93,120291000.0,184820000.0,0.596,184820000.0,120291000.0,55287000.0,0.86,0.85,0.86,644287000.0,631768250.0,644287000.0,2390785687.0,20.0,12.936,-146698000.0,-3.524,1.0,208091000.0,0.671,0.0,65004000.0,3177778000.0,3111848000.0,0.0,35577000.0,,,1325725000.0,,,1218373687.0,5560000.0,62544000.0,76701000.0,85401000.0,-96461000.0,62235000.0,-174913000.0,6479000.0,118238000.0,0.0,55287000.0,35862000.0,35862000.0,-14163000.0,0.0,0.116,99231000.0,108860000.0,79517000.0,2.244,1.891,33.974,32.698,1856129000.0,19425000.0,28.12,3.929,3.775,18722000.0,-368839000.0,310092000.0,310092000.0,0.0,0.018,0.057,0.039,0.388,0.0,13790000.0,1.0,43327656.0,41624000,42882000.0,7.45,1999378000.0,0.0,0.0,0.0,48.034,
75,FRT,MRT,2002-09-30,2002-09-30,2002-09-30,2021-09-07,-6873000.0,2003534000.0,1915129750.0,,,0.158,15.102,-237844000.0,24652000.0,24652000.0,95872000.0,69682000.0,,2.1,1197064000.0,,,1197064000.0,0.0,63908000.0,6429000.0,0.089,2.405,131948000.0,195856000.0,0.648,195856000.0,131948000.0,69682000.0,1.27,1.26,1.27,646389000.0,618019250.0,646389000.0,2304211256.0,17.0,11.765,-119793000.0,-2.799,1.0,206217000.0,0.683,0.0,62266000.0,3175946000.0,3049350000.0,0.0,35570000.0,,,1357145000.0,,,1167413256.0,10016000.0,16202000.0,70657000.0,679000.0,-91775000.0,107054000.0,-215089000.0,5553000.0,118051000.0,0.0,69682000.0,52043000.0,52043000.0,-14171000.0,0.0,0.172,103005000.0,103212000.0,87491000.0,1.894,1.806,22.432,21.26,1818618000.0,17639000.0,27.0,3.864,3.826,10874000.0,-345645000.0,302089000.0,302089000.0,0.0,0.027,0.084,0.043,0.437,0.0,14519000.0,1.0,43237528.0,42802000,44036000.0,7.058,2003534000.0,55204000.0,0.0,0.0,46.809,
76,FRT,MRT,2002-06-30,2002-06-30,2002-06-30,2021-09-07,-4522000.0,1946905000.0,1862983750.0,,,0.159,16.007,-241273000.0,18723000.0,18723000.0,92563000.0,66360000.0,,1.981,1155521000.0,,,1155521000.0,0.0,62987000.0,6352000.0,0.069,1.92,132766000.0,195753000.0,0.662,195753000.0,132766000.0,66360000.0,1.29,1.28,1.29,653059000.0,572623500.0,653059000.0,2264370135.0,17.0,11.567,-123870000.0,-3.036,1.0,202969000.0,0.687,0.0,66406000.0,3083703000.0,2998401000.0,0.0,48629000.0,,,1293846000.0,,,1129604135.0,-12752000.0,16202000.0,68794000.0,-7379000.0,-86989000.0,102652000.0,-232807000.0,-7736000.0,117403000.0,0.0,66360000.0,51589000.0,51589000.0,-16711000.0,0.0,0.175,93477000.0,109492000.0,68814000.0,1.488,1.73,21.896,21.481,1759410000.0,14771000.0,27.71,3.822,3.825,14611000.0,-338292000.0,295532000.0,295532000.0,0.0,0.028,0.09,0.044,0.449,0.0,14322000.0,1.0,40765216.0,40798000,42136000.0,7.244,1946905000.0,55128000.0,0.0,0.0,47.721,
77,FRT,MRT,2002-03-31,2002-03-31,2002-03-31,2021-09-07,-2973000.0,1875199000.0,1810030750.0,,,0.161,14.693,-223894000.0,17325000.0,17325000.0,90427000.0,53192000.0,,2.215,1152091000.0,,,1152091000.0,0.0,61791000.0,6234000.0,0.074,1.91,121995000.0,183786000.0,0.63,183786000.0,121995000.0,53192000.0,1.05,1.05,1.05,583338000.0,527755000.0,583338000.0,2126196712.0,17.0,11.569,-112068000.0,-2.823,1.0,201386000.0,0.69,0.0,68803000.0,3009965000.0,2938628000.0,0.0,48661000.0,,,1291861000.0,,,1033291712.0,6182000.0,25063000.0,7557000.0,45122000.0,-83268000.0,98153000.0,-203797000.0,-4966000.0,111826000.0,0.0,53192000.0,41290000.0,41290000.0,-17109000.0,0.0,0.141,92011000.0,109375000.0,68093000.0,1.819,1.771,25.025,24.448,1734751000.0,11902000.0,25.67,3.541,3.492,17095000.0,-348080000.0,291813000.0,291813000.0,0.0,0.023,0.078,0.042,0.418,0.0,14147000.0,1.0,40252891.0,39702000,40942000.0,7.35,1875199000.0,0.0,0.0,0.0,47.232,
78,FRT,MRT,2001-12-31,2001-12-31,2001-12-31,2021-09-07,-4293000.0,1834881000.0,1760154000.0,,,0.165,15.047,-260476000.0,17563000.0,17563000.0,89265000.0,68756000.0,,2.114,1110468000.0,,,1110468000.0,0.0,59914000.0,6026000.0,0.083,1.9,138069000.0,197983000.0,0.684,197983000.0,138069000.0,68756000.0,1.52,1.52,1.52,589291000.0,497991250.0,589291000.0,2098187551.0,15.0,10.598,-151028000.0,-3.856,1.0,200320000.0,0.692,0.0,69313000.0,2927786000.0,2874766250.0,0.0,35607000.0,,,1245590000.0,,,920987551.0,6206000.0,25063000.0,398000.0,79877000.0,-80593000.0,128896000.0,-232138000.0,3275000.0,109448000.0,0.0,68756000.0,59722000.0,59722000.0,-15431000.0,0.0,0.206,72512000.0,127808000.0,64014000.0,1.25,1.563,15.421,15.132,1708537000.0,9034000.0,23.0,3.18,3.111,15483000.0,-322428000.0,289585000.0,289585000.0,0.0,0.034,0.12,0.048,0.477,0.0,14281000.0,1.0,40042937.0,39164000,40266000.0,7.394,1834881000.0,6006000.0,0.0,0.0,46.851,
79,FRT,MRT,2001-09-30,2001-09-30,2001-09-30,2021-09-07,-4754000.0,1794950000.0,1706703500.0,,,0.166,11.807,-252635000.0,14636000.0,14636000.0,86400000.0,65471000.0,,2.862,1191836000.0,,,1191836000.0,0.0,57936000.0,5943000.0,0.064,1.41,134728000.0,192664000.0,0.681,192664000.0,134728000.0,65471000.0,1.48,1.47,1.48,464806000.0,467582000.0,464806000.0,1989675740.0,15.0,10.327,-142069000.0,-3.609,1.0,196322000.0,0.694,0.0,69257000.0,2972150000.0,2803861750.0,0.0,35505000.0,,,1330144000.0,,,880157740.0,910000.0,16255000.0,-818000.0,206424000.0,-79958000.0,125040000.0,-234696000.0,1684000.0,110566000.0,0.0,65471000.0,57521000.0,57521000.0,-6752000.0,0.0,0.203,59144000.0,137178000.0,68985000.0,0.953,1.894,15.302,14.865,1679021000.0,7950000.0,22.0,3.113,3.063,13718000.0,-317275000.0,282722000.0,282722000.0,0.0,0.034,0.123,0.048,0.477,0.0,14254000.0,1.0,40007170.0,39367000,40516000.0,7.182,1794950000.0,0.0,0.0,0.0,45.595,
80,FRT,MRT,2001-06-30,2001-06-30,2001-06-30,2021-09-07,-809000.0,1735093000.0,1652725750.0,,,0.169,12.148,-234563000.0,31475000.0,31475000.0,84202000.0,64710000.0,,2.664,1140993000.0,,,1140993000.0,0.0,56223000.0,5907000.0,0.091,1.88,132279000.0,188502000.0,0.674,188502000.0,132279000.0,64710000.0,1.46,1.46,1.46,473585000.0,469759250.0,473585000.0,1900939524.0,14.0,10.084,-128431000.0,-3.294,1.0,195561000.0,0.699,0.0,67569000.0,2844611000.0,2699042000.0,0.0,35405000.0,,,1261508000.0,,,822113524.0,12789000.0,16255000.0,-617000.0,204048000.0,-78913000.0,123334000.0,-216677000.0,1631000.0,106132000.0,0.0,64710000.0,56760000.0,56760000.0,-4171000.0,0.0,0.203,65607000.0,129954000.0,50276000.0,1.288,1.736,14.484,14.205,1608435000.0,7950000.0,20.74,2.939,2.89,12777000.0,-311264000.0,279763000.0,279763000.0,0.0,0.034,0.121,0.049,0.473,0.0,13983000.0,1.0,39639032.0,38984000,40027000.0,7.176,1735093000.0,0.0,0.0,0.0,44.508,
81,FRT,MRT,2001-03-31,2001-03-31,2001-03-31,2021-09-07,-1079000.0,1675692000.0,1605073250.0,,,0.172,11.959,-217536000.0,11143000.0,11143000.0,82394000.0,60617000.0,,2.609,1089969000.0,,,1089969000.0,0.0,54748000.0,5672000.0,0.095,1.86,127692000.0,182440000.0,0.66,182440000.0,127692000.0,60617000.0,1.37,1.36,1.37,464283000.0,470957250.0,464283000.0,1797152802.0,14.0,9.851,-113026000.0,-2.911,1.0,194082000.0,0.702,0.0,67075000.0,2754518000.0,2608364750.0,0.0,43457000.0,,,1211409000.0,,,774063802.0,-2568000.0,47157000.0,2213000.0,135386000.0,-78007000.0,58684000.0,-165762000.0,4617000.0,104510000.0,0.0,60617000.0,52667000.0,52667000.0,-3334000.0,0.0,0.19,63862000.0,130220000.0,52402000.0,1.358,1.667,14.697,14.277,1561354000.0,7950000.0,19.56,2.8,2.747,13214000.0,-312656000.0,276476000.0,276476000.0,0.0,0.033,0.112,0.049,0.462,0.0,13529000.0,1.0,39573814.0,38822000,39856000.0,7.122,1675692000.0,0.0,0.0,0.0,43.163,
82,FRT,MRT,2000-12-31,2000-12-31,2000-12-31,2021-09-07,0.0,1621079000.0,1576675750.0,,,0.174,12.054,-169392000.0,11357000.0,11357000.0,81842000.0,60523000.0,,2.466,1034446000.0,,,1034446000.0,0.0,53259000.0,5537000.0,0.097,1.84,126941000.0,180200000.0,0.657,180200000.0,126941000.0,60523000.0,1.36,1.35,1.36,467654000.0,474385750.0,467654000.0,1723859622.0,14.0,9.566,-62336000.0,-1.607,1.0,192347000.0,0.702,0.0,66418000.0,2644168000.0,2550268750.0,0.0,47360000.0,,,1153425000.0,,,750027622.0,-381000.0,47157000.0,-20114000.0,111614000.0,-77499000.0,14304000.0,-121741000.0,494000.0,107056000.0,0.0,60523000.0,52573000.0,52573000.0,-3334000.0,0.0,0.192,62196000.0,130151000.0,36810000.0,1.353,1.604,14.266,13.971,1503655000.0,7950000.0,19.0,2.735,2.688,13092000.0,-306287000.0,274189000.0,274189000.0,0.0,0.033,0.111,0.05,0.463,0.0,13318000.0,1.0,39475138.0,38796000,39910000.0,7.067,1621079000.0,0.0,0.0,0.0,41.785,
83,FRT,MRT,2000-09-30,2000-09-30,2000-09-30,2021-09-07,0.0,1579039000.0,1554918000.0,,,0.178,12.237,-147378000.0,13726000.0,13726000.0,82077000.0,60522000.0,,2.335,987558000.0,,,987558000.0,0.0,52131000.0,5413000.0,0.119,2.27,126028000.0,178159000.0,0.645,178159000.0,126028000.0,60522000.0,1.35,1.34,1.35,473515000.0,482929000.0,473515000.0,1691834826.0,13.0,9.496,-35125000.0,-0.908,1.0,194094000.0,0.703,0.0,65506000.0,2552871000.0,2499961750.0,0.0,46089000.0,,,1105524000.0,,,754415826.0,-1364000.0,47157000.0,-21746000.0,59505000.0,-77092000.0,-39579000.0,-74038000.0,7022000.0,112253000.0,0.0,60522000.0,52572000.0,52572000.0,0.0,0.0,0.19,65398000.0,128696000.0,39956000.0,1.681,1.593,14.35,14.17,1454364000.0,7950000.0,19.13,2.732,2.68,20585000.0,-299621000.0,276171000.0,276171000.0,0.0,0.034,0.109,0.05,0.456,0.0,13267000.0,1.0,39436269.0,38694000,39773000.0,7.137,1579039000.0,0.0,0.0,0.0,40.808,
84,FRT,MRT,2000-06-30,2000-06-30,2000-06-30,2021-09-07,0.0,1544483000.0,1545628750.0,,,0.178,12.491,-132400000.0,18686000.0,18686000.0,81748000.0,60287000.0,,2.229,956105000.0,,,956105000.0,0.0,51072000.0,5146000.0,0.09,1.8,124790000.0,175862000.0,0.64,175862000.0,124790000.0,60287000.0,1.34,1.33,1.34,478377000.0,491977500.0,478377000.0,1747653635.0,14.0,9.938,-26782000.0,-0.699,1.0,193097000.0,0.703,0.0,64503000.0,2481902000.0,2474667500.0,0.0,45936000.0,,,1066106000.0,,,787621635.0,6833000.0,47157000.0,-22068000.0,61131000.0,-77077000.0,-37999000.0,-60786000.0,5296000.0,105618000.0,0.0,60287000.0,52337000.0,52337000.0,7050000.0,0.0,0.19,66568000.0,126529000.0,31540000.0,1.343,1.646,15.049,14.94,1423442000.0,7950000.0,20.02,2.866,2.79,18807000.0,-293518000.0,274845000.0,274845000.0,0.0,0.034,0.106,0.05,0.454,0.0,15496000.0,1.0,39341740.0,38298000,39479000.0,7.176,1544483000.0,0.0,0.0,0.0,40.328,
85,FRT,MRT,2000-03-31,2000-03-31,2000-03-31,2021-09-07,0.0,1562102000.0,1538232250.0,,,0.176,12.118,-124327000.0,13711000.0,13711000.0,80115000.0,49028000.0,,2.268,973743000.0,,,973743000.0,0.0,50385000.0,5282000.0,0.093,1.79,111880000.0,162265000.0,0.6,162265000.0,111880000.0,49028000.0,1.04,1.04,1.04,477997000.0,501030750.0,477997000.0,1672748348.0,15.0,10.309,-12005000.0,-0.304,1.0,190119000.0,0.704,0.0,62852000.0,2522134000.0,2452994750.0,0.0,56943000.0,,,1084105000.0,,,763856348.0,1164000.0,0.0,-22055000.0,95510000.0,-77047000.0,-4600000.0,-106558000.0,-1392000.0,112322000.0,0.0,49028000.0,41078000.0,41078000.0,14100000.0,0.0,0.152,66173000.0,123946000.0,31470000.0,1.721,1.598,18.595,18.567,1432694000.0,7950000.0,19.31,2.827,2.819,19961000.0,-291892000.0,270234000.0,270234000.0,0.0,0.027,0.082,0.046,0.414,0.0,15788000.0,1.0,39557553.0,39444000,40595000.0,6.851,1562102000.0,0.0,0.0,0.0,39.603,
86,FRT,MRT,1999-12-31,1999-12-31,1999-12-31,2021-09-07,0.0,1534048000.0,1523480750.0,,,0.174,12.681,-116133000.0,11738000.0,11738000.0,78698000.0,48443000.0,,2.057,920630000.0,,,920630000.0,0.0,50011000.0,5068000.0,0.095,1.78,109935000.0,159946000.0,0.604,159946000.0,109935000.0,48443000.0,1.02,1.02,1.02,501827000.0,512854500.0,501827000.0,1668762319.0,15.0,10.433,-13950000.0,-0.353,1.0,186015000.0,0.703,0.0,61492000.0,2442940000.0,2413955000.0,0.0,53495000.0,,,1032221000.0,,,758950319.0,-5492000.0,0.0,-322000.0,70895000.0,-76617000.0,-8362000.0,-99313000.0,-2341000.0,102183000.0,0.0,48443000.0,40493000.0,40493000.0,7050000.0,0.0,0.153,65131000.0,120884000.0,34974000.0,1.745,1.512,18.743,18.441,1403538000.0,7950000.0,18.81,2.867,2.812,23130000.0,-286348000.0,264713000.0,264713000.0,0.0,0.027,0.079,0.046,0.415,0.0,15120000.0,1.0,40348236.0,39574000,40638000.0,6.689,1534048000.0,0.0,0.0,0.0,38.764,
87,FRT,MRT,1999-09-30,1999-09-30,1999-09-30,2021-09-07,0.0,1541882000.0,1511048000.0,,,0.172,12.864,-117032000.0,15090000.0,15090000.0,77610000.0,47338000.0,,2.025,924902000.0,,,924902000.0,0.0,49976000.0,5195000.0,0.063,1.32,108234000.0,158210000.0,0.609,158210000.0,108234000.0,47338000.0,0.99,0.99,0.99,509709000.0,519884500.0,509709000.0,1724300323.0,16.0,10.899,-13565000.0,-0.342,1.0,182319000.0,0.701,0.0,60896000.0,2451694000.0,2381723750.0,0.0,58330000.0,,,1032173000.0,,,843986323.0,5138000.0,0.0,3111000.0,106074000.0,-76055000.0,30020000.0,-128349000.0,-11022000.0,103467000.0,0.0,47338000.0,39388000.0,39388000.0,14100000.0,0.0,0.152,63924000.0,118395000.0,34297000.0,1.333,1.656,21.427,21.152,1409215000.0,7950000.0,20.94,3.247,3.192,18216000.0,-280143000.0,259929000.0,259929000.0,0.0,0.026,0.076,0.045,0.416,0.0,13948000.0,1.0,40304982.0,39624000,40691000.0,6.56,1541882000.0,0.0,0.0,0.0,38.913,
88,FRT,MRT,1999-06-30,1999-06-30,1999-06-30,2021-09-07,0.0,1514897000.0,1489904250.0,,,0.169,13.013,-173025000.0,11853000.0,11853000.0,76246000.0,40672000.0,,1.944,892167000.0,,,892167000.0,0.0,49007000.0,5116000.0,0.077,1.76,100218000.0,149225000.0,0.593,149225000.0,100218000.0,40672000.0,0.82,0.83,0.82,514590000.0,526214250.0,514590000.0,1786445465.0,18.0,11.971,-71645000.0,-1.812,1.0,175431000.0,0.697,0.0,59546000.0,2395211000.0,2335346000.0,0.0,56451000.0,,,1000307000.0,,,923566465.0,-1701000.0,0.0,4311000.0,165950000.0,-75470000.0,91807000.0,-194888000.0,-21568000.0,101380000.0,0.0,40672000.0,32722000.0,32722000.0,7050000.0,0.0,0.13,65046000.0,110385000.0,32308000.0,2.146,1.795,28.225,27.976,1393401000.0,7950000.0,22.94,3.67,3.604,14923000.0,-274201000.0,251677000.0,251677000.0,0.0,0.022,0.062,0.043,0.398,0.0,16039000.0,1.0,40260090.0,39543000,40682000.0,6.365,1514897000.0,0.0,0.0,0.0,38.31,
89,FRT,MRT,1999-03-31,1999-03-31,1999-03-31,2021-09-07,0.0,1503096000.0,1449099500.0,,,0.17,13.32,-168759000.0,12547000.0,12547000.0,75027000.0,45820000.0,,1.861,875426000.0,,,875426000.0,0.0,47559000.0,5182000.0,0.083,1.75,103385000.0,150944000.0,0.614,150944000.0,103385000.0,45820000.0,0.96,0.96,0.96,525292000.0,533769000.0,525292000.0,1680810115.0,16.0,11.135,-77341000.0,-1.961,1.0,170857000.0,0.695,0.0,57565000.0,2365975000.0,2250153500.0,0.0,55551000.0,,,977804000.0,,,851112115.0,-3343000.0,0.0,4560000.0,170098000.0,-74896000.0,97522000.0,-192283000.0,-23229000.0,91418000.0,0.0,45820000.0,37870000.0,37870000.0,0.0,0.0,0.154,64433000.0,106424000.0,26610000.0,1.823,1.62,22.475,22.073,1379049000.0,7950000.0,21.19,3.461,3.398,17492000.0,-261317000.0,245884000.0,245884000.0,0.0,0.026,0.071,0.046,0.42,0.0,16874000.0,1.0,40165744.0,39435000,40545000.0,6.235,1503096000.0,0.0,0.0,0.0,38.116,
90,FRT,MRT,1998-12-31,1998-12-31,1998-12-31,2021-09-07,0.0,1484317000.0,1408112500.0,,,0.169,13.528,-165976000.0,17230000.0,17230000.0,72761000.0,44960000.0,,1.801,846928000.0,,,846928000.0,0.0,46047000.0,5214000.0,0.074,1.74,100085000.0,146132000.0,0.613,146132000.0,100085000.0,44960000.0,0.94,0.94,0.94,529947000.0,539899250.0,529947000.0,1754972026.0,18.0,12.009,-75549000.0,-1.929,1.0,165717000.0,0.695,0.0,55125000.0,2314015000.0,2164074000.0,0.0,51154000.0,,,954370000.0,,,946096026.0,187000.0,0.0,5310000.0,168649000.0,-74284000.0,97406000.0,-187646000.0,-21375000.0,90427000.0,0.0,44960000.0,37010000.0,37010000.0,0.0,0.0,0.155,62508000.0,103209000.0,34073000.0,1.851,1.785,25.563,25.138,1356083000.0,7950000.0,23.63,3.967,3.882,17873000.0,-255211000.0,238478000.0,238478000.0,0.0,0.026,0.069,0.046,0.42,0.0,16461000.0,1.0,40037919.0,39174000,40080000.0,6.088,1484317000.0,0.0,0.0,0.0,37.89,
91,FRT,MRT,1998-09-30,1998-09-30,1998-09-30,2021-09-07,0.0,1457307000.0,1366176500.0,,,0.167,13.638,-281400000.0,9952000.0,9952000.0,69320000.0,42871000.0,,1.724,818828000.0,,,818828000.0,0.0,43930000.0,5490000.0,0.076,1.73,93943000.0,137873000.0,0.603,137873000.0,93943000.0,42871000.0,0.9,0.89,0.9,535028000.0,545865000.0,535028000.0,1606086136.0,17.0,11.649,-195743000.0,-4.989,1.0,159271000.0,0.697,0.0,51072000.0,2266183000.0,2078175250.0,0.0,47059000.0,,,922279000.0,,,903323136.0,5265000.0,0.0,4686000.0,189435000.0,-72054000.0,218641000.0,-299033000.0,-17626000.0,85657000.0,0.0,42871000.0,35031000.0,35031000.0,0.0,0.0,0.153,62513000.0,96758000.0,5391000.0,1.922,1.688,25.786,25.144,1341217000.0,7840000.0,22.63,3.952,3.884,19428000.0,-248359000.0,228591000.0,228591000.0,0.0,0.026,0.064,0.045,0.411,-857000.0,18583000.0,1.0,39917063.0,39231000,40067000.0,5.827,1457307000.0,0.0,0.0,0.0,37.147,
92,FRT,MRT,1998-06-30,1998-06-30,1998-06-30,2021-09-07,0.0,1351678000.0,1290925750.0,,,0.17,13.911,-230786000.0,13554000.0,13554000.0,66384000.0,44840000.0,,1.481,716317000.0,,,716317000.0,0.0,42844000.0,4675000.0,0.071,1.72,94237000.0,137081000.0,0.625,137081000.0,94237000.0,44840000.0,1.0,0.98,1.0,544809000.0,528184250.0,544809000.0,1640749507.0,17.0,11.969,-147293000.0,-3.761,1.0,153017000.0,0.697,0.0,49397000.0,2054441000.0,1955034750.0,0.0,34883000.0,,,806869000.0,,,958240507.0,-5942000.0,9364000.0,3591000.0,106664000.0,-69317000.0,137295000.0,-226730000.0,-5301000.0,83493000.0,0.0,44840000.0,38988000.0,38988000.0,0.0,0.0,0.178,55829000.0,97188000.0,5200000.0,1.72,1.759,24.578,24.06,1247505000.0,5852000.0,24.06,4.368,4.295,17711000.0,-236291000.0,219401000.0,219401000.0,0.0,0.03,0.074,0.048,0.43,-344000.0,12986000.0,1.0,39827120.0,39165000,39922000.0,5.602,1351678000.0,0.0,0.0,0.0,34.512,
93,FRT,MRT,1998-03-31,1998-03-31,1998-03-31,2021-09-07,0.0,1339148000.0,1239168000.0,,,0.171,14.116,-224624000.0,15890000.0,15890000.0,64973000.0,49887000.0,,1.436,698399000.0,,,698399000.0,0.0,42044000.0,4449000.0,0.07,1.71,97879000.0,139923000.0,0.661,139923000.0,97879000.0,49887000.0,1.18,1.17,1.18,549813000.0,509545000.0,549813000.0,1630657684.0,17.0,11.654,-148350000.0,-3.809,1.0,146828000.0,0.693,0.0,47992000.0,2021657000.0,1875690750.0,0.0,40733000.0,,,789335000.0,,,976810684.0,4128000.0,9364000.0,2411000.0,114287000.0,-66601000.0,146566000.0,-218712000.0,-3445000.0,76274000.0,0.0,49887000.0,46022000.0,46022000.0,0.0,0.0,0.217,53528000.0,93300000.0,10349000.0,1.449,1.777,21.225,20.814,1225683000.0,3865000.0,24.56,4.612,4.516,17564000.0,-229126000.0,211801000.0,211801000.0,0.0,0.037,0.09,0.052,0.462,-172000.0,11484000.0,1.0,39772422.0,38949000,39870000.0,5.438,1339148000.0,0.0,0.0,0.0,34.382,
94,FRT,MRT,1997-12-31,1997-12-31,1997-12-31,2021-09-07,0.0,1316573000.0,1183153250.0,,,0.173,14.394,-301700000.0,17043000.0,17043000.0,62369000.0,46504000.0,,1.377,670890000.0,,,670890000.0,0.0,41399000.0,4423000.0,0.066,1.7,93792000.0,135191000.0,0.662,135191000.0,93792000.0,46504000.0,1.16,1.14,1.16,553810000.0,489226250.0,553810000.0,1624994711.0,17.0,12.02,-229530000.0,-5.966,1.0,141902000.0,0.695,0.0,47288000.0,1970420000.0,1792583750.0,0.0,38360000.0,,,762763000.0,,,1007677711.0,6002000.0,9364000.0,86893000.0,91429000.0,-62621000.0,213175000.0,-279343000.0,-10447000.0,72170000.0,0.0,46504000.0,44627000.0,44627000.0,0.0,0.0,0.218,53143000.0,88759000.0,30512000.0,1.466,1.82,22.58,22.198,1206142000.0,1877000.0,25.75,4.933,4.85,18794000.0,-222709000.0,204271000.0,204271000.0,0.0,0.038,0.091,0.052,0.459,0.0,11744000.0,1.0,39133115.0,38475000,38988000.0,5.309,1316573000.0,0.0,0.0,0.0,34.219,
95,FRT,MRT,1997-09-30,1997-09-30,1997-09-30,2021-09-07,0.0,1156304000.0,1112836500.0,,,0.177,11.965,-238571000.0,4687000.0,4687000.0,60075000.0,43506000.0,,1.49,622004000.0,,,622004000.0,0.0,40882000.0,3859000.0,0.067,1.69,91454000.0,132336000.0,0.673,132336000.0,91454000.0,43506000.0,1.17,,1.17,464305000.0,447995000.0,464305000.0,1576858440.0,17.0,11.916,-167217000.0,-4.309,1.0,136563000.0,0.694,0.0,47948000.0,1773621000.0,1702441000.0,0.0,38256000.0,,,691999000.0,,,984440440.0,-4384000.0,14044000.0,131939000.0,89111000.0,-59582000.0,160441000.0,-236179000.0,-11100000.0,71354000.0,0.0,43506000.0,43506000.0,43506000.0,12000.0,0.0,0.221,50470000.0,86093000.0,7104000.0,1.444,2.12,22.628,21.53,1060506000.0,0.0,25.19,5.006,4.971,17113000.0,-214483000.0,196638000.0,196638000.0,0.0,0.039,0.097,0.054,0.465,380000.0,9588000.0,1.0,39080605.0,38804000,,5.067,1156304000.0,0.0,0.0,0.0,29.799,
96,FRT,MRT,1997-06-30,1997-06-30,1997-06-30,2021-09-07,0.0,1144647000.0,,,,,12.13,-216311000.0,19496000.0,19496000.0,57883000.0,42140000.0,,1.434,611914000.0,,,611914000.0,0.0,40005000.0,3709000.0,0.062,1.68,89395000.0,129400000.0,0.677,129400000.0,89395000.0,42140000.0,1.16,,1.16,470252000.0,,470252000.0,1628145345.0,18.0,12.582,-146240000.0,-3.772,1.0,133279000.0,0.697,0.0,47255000.0,1737065000.0,,0.0,38126000.0,,,674395000.0,,,1054005345.0,12631000.0,4680000.0,131918000.0,94760000.0,-57134000.0,169391000.0,-226831000.0,-14648000.0,70071000.0,0.0,42140000.0,42140000.0,42140000.0,12000.0,0.0,0.22,49878000.0,83401000.0,6818000.0,1.448,2.241,25.012,23.276,1033248000.0,0.0,27.0,5.514,5.476,17915000.0,-207161000.0,191162000.0,191162000.0,0.0,,,,0.468,95000.0,9872000.0,1.0,39037235.0,38769000,,4.931,1144647000.0,0.0,0.0,0.0,29.525,
97,FRT,MRT,1997-03-31,1997-03-31,1997-03-31,2021-09-07,0.0,1115089000.0,,,,,12.5,-216931000.0,11762000.0,11762000.0,56171000.0,32027000.0,,1.38,585902000.0,,,585902000.0,0.0,38946000.0,3626000.0,0.065,1.67,78422000.0,117368000.0,0.638,117368000.0,78422000.0,32027000.0,0.93,,0.93,468538000.0,,468538000.0,1577101766.0,20.0,13.437,-146195000.0,-3.9,1.0,127759000.0,0.695,0.0,46395000.0,1689229000.0,,0.0,37406000.0,,,646551000.0,,,1002558766.0,3510000.0,4680000.0,171211000.0,51758000.0,-53941000.0,168770000.0,-235996000.0,-23193000.0,70736000.0,0.0,32027000.0,32027000.0,32027000.0,12000.0,0.0,0.174,48461000.0,79298000.0,6621000.0,1.796,2.14,31.304,27.688,1019380000.0,0.0,25.75,5.451,5.248,16132000.0,-207771000.0,183930000.0,183930000.0,0.0,,,,0.426,48000.0,9515000.0,1.0,38934321.0,37483000,,4.907,1115089000.0,0.0,0.0,0.0,29.749,
98,FRT,MRT,1996-12-31,1996-12-31,1996-12-31,2021-09-07,0.0,1035306000.0,960730000.0,,,0.186,11.722,-128148000.0,11041000.0,11041000.0,57098000.0,28742000.0,,1.662,585584000.0,,,585584000.0,0.0,38154000.0,3515000.0,0.061,1.66,74297000.0,112451000.0,0.628,112451000.0,74297000.0,28742000.0,0.87,0.86,0.87,388885000.0,358176500.0,388885000.0,,,,-62500000.0,-1.884,1.0,121957000.0,0.681,0.0,45555000.0,1609849000.0,1499034000.0,0.0,27913000.0,,,646421000.0,,,1055898786.0,520000.0,4680000.0,86054000.0,63304000.0,-52084000.0,96691000.0,-161819000.0,-14352000.0,65648000.0,0.0,28742000.0,28742000.0,28742000.0,12000.0,0.0,0.161,47254000.0,74703000.0,6783000.0,1.908,2.715,36.737,31.172,924312000.0,0.0,27.12,5.897,5.025,17294000.0,-200700000.0,179055000.0,179055000.0,0.0,0.03,0.08,0.05,0.415,0.0,9100000.0,1.0,38934321.0,33175000,33573000.0,5.397,1035306000.0,0.0,0.0,0.0,31.207,
99,FRT,MRT,1996-09-30,1996-09-30,1996-09-30,2021-09-07,,,,,,,,,,,,,,,,,,,,,,0.07,1.65,,,,,,,,,,,,,,,,,,1.0,,,,,,,,,,,,,,,,,,,,,,,,,,,,,,,,,,,,,,,,23.5,,,,,,,,,,,,,,1.0,,34247000,,,,,,,,
100,FRT,MRT,1996-06-30,1996-06-30,1996-06-30,2021-09-07,,,,,,,,,,,,,,,,,,,,,,0.072,1.64,,,,,,,,,,,,,,,,,,1.0,,,,,,,,,,,,,,,,,,,,,,,,,,,,,,,,,,,,,,,,22.75,,,,,,,,,,,,,,1.0,,33067000,,,,,,,,
101,FRT,MRT,1996-03-31,1996-03-31,1996-03-31,2021-09-07,,,,,,,,,,,,,,,,,,,,,,0.074,1.625,,,,,,,,,,,,,,,,,,1.0,,,,,,,,,,,,,,,,,,,,,,,,,,,,,,,,,,,,,,,,21.875,,,,,,,,,,,,,,1.0,,32265000,,,,,,,,
102,FRT,MRT,1995-12-31,1995-12-31,1995-12-31,2021-09-07,0.0,886154000.0,,,,,10.402,-138925000.0,10521000.0,10521000.0,49564000.0,23110000.0,,1.706,512586000.0,,,512586000.0,0.0,34900000.0,3083000.0,0.071,1.61,62378000.0,97278000.0,0.63,97278000.0,62378000.0,23110000.0,0.73,0.72,0.73,327468000.0,,327468000.0,,,,-73808000.0,-2.345,1.0,104825000.0,0.679,0.0,39268000.0,1388219000.0,,0.0,13561000.0,,,558686000.0,,,,6526000.0,1782000.0,1682000.0,122859000.0,-47918000.0,75769000.0,-134360000.0,2783000.0,65117000.0,0.0,23110000.0,23110000.0,23110000.0,545000.0,0.0,0.15,42206000.0,62619000.0,8571000.0,2.205,,,31.164,818887000.0,0.0,22.75,,4.639,16102000.0,-172835000.0,154389000.0,154389000.0,0.0,,,,0.404,531000.0,7305000.0,1.0,,31481000,31860000.0,4.904,886154000.0,0.0,0.0,0.0,28.149,
103,FRT,MRT,1994-12-31,1994-12-31,1994-12-31,2021-09-07,,,,,,,,-90623000.0,,,47927000.0,20466000.0,,,,,,,,29801000.0,,0.075,1.57,51928000.0,81729000.0,0.593,81729000.0,51928000.0,20466000.0,0.67,,0.67,,,,,,,-45424000.0,-1.481,1.0,89837000.0,0.652,,31462000.0,,,,,,,,,,,-5640000.0,0.0,84247000.0,-438000.0,-43973000.0,39626000.0,-90465000.0,158000.0,45199000.0,0.0,20466000.0,20466000.0,20466000.0,0.0,0.0,0.149,37517000.0,52320000.0,,2.343,,,31.164,,0.0,20.88,,4.65,,,137764000.0,137764000.0,0.0,,,,0.377,621000.0,6661000.0,1.0,,30679000,,4.49,,,0.0,,,
