None,ticker,dimension,calendardate,datekey,reportperiod,lastupdated,accoci,assets,assetsavg,assetsc,assetsnc,assetturnover,bvps,capex,cashneq,cashnequsd,cor,consolinc,currentratio,de,debt,debtc,debtnc,debtusd,deferredrev,depamor,deposits,divyield,dps,ebit,ebitda,ebitdamargin,ebitdausd,ebitusd,ebt,eps,epsdil,epsusd,equity,equityavg,equityusd,ev,evebit,evebitda,fcf,fcfps,fxusd,gp,grossmargin,intangibles,intexp,invcap,invcapavg,inventory,investments,investmentsc,investmentsnc,liabilities,liabilitiesc,liabilitiesnc,marketcap,ncf,ncfbus,ncfcommon,ncfdebt,ncfdiv,ncff,ncfi,ncfinv,ncfo,ncfx,netinc,netinccmn,netinccmnusd,netincdis,netincnci,netmargin,opex,opinc,payables,payoutratio,pb,pe,pe1,ppnenet,prefdivis,price,ps,ps1,receivables,retearn,revenue,revenueusd,rnd,roa,roe,roic,ros,sbcomp,sgna,sharefactor,sharesbas,shareswa,shareswadil,sps,tangibles,taxassets,taxexp,taxliabilities,tbvps,workingcapital
0,MDRIQ,MRY,2019-12-31,2019-12-31,2019-12-31,2021-08-25,-103000000.0,8737000000.0,9379500000.0,3555000000.0,5182000000.0,0.899,-11.775,-92000000.0,1183000000.0,1183000000.0,8244000000.0,-2884000000.0,0.376,-5.077,5541000000.0,5247000000.0,294000000.0,5541000000.0,1191000000.0,267000000.0,0.0,0.0,0.0,-2116000000.0,-1849000000.0,-0.219,-1849000000.0,-2116000000.0,-2851000000.0,-16.31,-16.31,-16.31,-2143000000.0,-585750000.0,-2143000000.0,3826022179.0,-2.0,-2.069,-1068000000.0,-5.868,1.0,187000000.0,0.022,359000000.0,735000000.0,3292000000.0,3725250000.0,0.0,73000000.0,0.0,73000000.0,10880000000.0,9444000000.0,1436000000.0,123022179.0,348000000.0,-186000000.0,-4000000.0,1434000000.0,0.0,1624000000.0,-278000000.0,0.0,-976000000.0,-22000000.0,-2909000000.0,-2969000000.0,-2969000000.0,0.0,25000000.0,-0.352,2292000000.0,-2105000000.0,1083000000.0,0.0,-0.057,-0.041,-0.041,2415000000.0,60000000.0,0.677,0.015,0.015,1144000000.0,-5693000000.0,8431000000.0,8431000000.0,36000000.0,-0.317,5.069,-0.568,-0.251,20000000.0,284000000.0,1.0,181824089.0,182000000.0,182000000.0,46.324,8378000000.0,0.0,58000000.0,59000000.0,46.033,-5889000000.0
1,MDRIQ,MRY,2018-12-31,2018-12-31,2018-12-31,2021-08-25,-107000000.0,9440000000.0,9031162000.0,3033000000.0,6407000000.0,0.742,5.333,-86000000.0,845000000.0,845000000.0,6187000000.0,-2678000000.0,0.719,10.484,3497000000.0,38000000.0,3459000000.0,3497000000.0,1954000000.0,279000000.0,0.0,0.0,0.0,-2324000000.0,-2045000000.0,-0.305,-2045000000.0,-2324000000.0,-2583000000.0,-17.94,-17.94,-17.94,800000000.0,2426227250.0,800000000.0,3783020106.0,-2.0,-1.85,-157000000.0,-1.047,1.0,518000000.0,0.077,3800000000.0,259000000.0,4075000000.0,4026692000.0,101000000.0,452000000.0,0.0,452000000.0,8387000000.0,4217000000.0,4170000000.0,1181020106.0,437000000.0,-2562000000.0,-14000000.0,2788000000.0,0.0,3201000000.0,-2648000000.0,0.0,-71000000.0,-45000000.0,-2687000000.0,-2691000000.0,-2691000000.0,0.0,9000000.0,-0.401,2775000000.0,-2257000000.0,595000000.0,0.0,1.476,-0.439,-0.365,2067000000.0,4000000.0,6.54,0.176,0.146,1169000000.0,-2719000000.0,6705000000.0,6705000000.0,20000000.0,-0.298,-1.109,-0.577,-0.347,44000000.0,282000000.0,1.0,180584114.0,150000000.0,150000000.0,44.7,5640000000.0,0.0,104000000.0,47000000.0,37.6,-1184000000.0
2,MDRIQ,MRY,2017-12-31,2017-12-31,2017-12-31,2021-08-25,-51000000.0,3223000000.0,3306511500.0,1435000000.0,1788000000.0,0.903,19.352,-119000000.0,408000000.0,408000000.0,2449000000.0,178000000.0,2.03,0.814,537000000.0,24000000.0,513000000.0,537000000.0,32000000.0,101000000.0,0.0,0.0,0.0,311000000.0,412000000.0,0.138,412000000.0,311000000.0,248000000.0,1.97,1.88,1.97,1761000000.0,1673806000.0,1761000000.0,1974881641.0,6.0,4.793,17000000.0,0.187,1.0,536000000.0,0.18,0.0,63000000.0,2645000000.0,2616663000.0,0.0,8000000.0,0.0,8000000.0,1434000000.0,707000000.0,727000000.0,1868777641.0,-204000000.0,54000000.0,-7000000.0,-256000000.0,0.0,-275000000.0,-65000000.0,0.0,136000000.0,0.0,179000000.0,179000000.0,179000000.0,0.0,-1000000.0,0.06,217000000.0,319000000.0,279000000.0,0.0,1.061,10.44,10.02,1666000000.0,0.0,19.74,0.626,0.602,409000000.0,-48000000.0,2985000000.0,2985000000.0,5000000.0,0.054,0.107,0.119,0.104,23000000.0,204000000.0,1.0,94669492.0,91000000.0,95000000.0,32.802,3223000000.0,18000000.0,69000000.0,28000000.0,35.418,728000000.0
3,MDRIQ,MRY,2016-12-31,2016-12-31,2016-12-31,2021-08-25,-66895000.0,3222230000.0,3226522000.0,1332383000.0,1889847000.0,0.817,19.452,-228000000.0,612333000.0,612333000.0,2249000000.0,36000000.0,1.878,1.045,752520000.0,48125000.0,704395000.0,752520000.0,192486000.0,103000000.0,0.0,0.0,0.0,135000000.0,238000000.0,0.09,238000000.0,135000000.0,76000000.0,0.43,0.36,0.43,1556190000.0,1538814000.0,1556190000.0,1937803452.0,14.0,8.142,-50000000.0,-0.625,1.0,387000000.0,0.147,0.0,59000000.0,2653074000.0,2659224500.0,0.0,17023000.0,0.0,17023000.0,1626762000.0,709343000.0,917419000.0,1783499452.0,-170000000.0,-5000000.0,-4000000.0,-112000000.0,0.0,-116000000.0,-231000000.0,0.0,178000000.0,-1000000.0,34000000.0,34000000.0,34000000.0,0.0,2000000.0,0.013,249000000.0,138000000.0,173203000.0,0.0,1.146,52.456,51.558,1687301000.0,0.0,22.17,0.677,0.673,817644000.0,-226767000.0,2636000000.0,2636000000.0,0.0,0.011,0.022,0.051,0.051,23000000.0,183000000.0,1.0,80446444.0,80000000.0,95000000.0,32.95,3222230000.0,21116000.0,42000000.0,78815000.0,40.278,623040000.0
4,MDRIQ,MRY,2015-12-31,2015-12-31,2015-12-31,2021-08-25,-93955000.0,3387076000.0,3428963750.0,1527278000.0,1859798000.0,0.895,18.722,-102851000.0,781645000.0,781645000.0,2690560000.0,-8839000.0,1.853,1.238,843883000.0,24882000.0,819001000.0,843883000.0,164773000.0,118281000.0,0.0,0.0,0.0,84038000.0,202319000.0,0.066,202319000.0,84038000.0,33980000.0,-0.24,-0.24,-0.24,1486799000.0,1483972000.0,1486799000.0,884591934.0,11.0,4.372,-47579000.0,-0.599,1.0,379715000.0,0.124,0.0,50058000.0,2625108000.0,2615246000.0,0.0,26551000.0,0.0,26551000.0,1840355000.0,824206000.0,1016149000.0,800558934.0,-71249000.0,-7038000.0,-1038000.0,-27108000.0,0.0,-28170000.0,-95572000.0,0.0,55272000.0,-2779000.0,-17983000.0,-17983000.0,-17983000.0,0.0,9144000.0,-0.006,267033000.0,112682000.0,279821000.0,0.0,0.538,-44.518,-41.875,1610859000.0,0.0,10.05,0.261,0.26,866053000.0,-260884000.0,3070275000.0,3070275000.0,724000.0,-0.005,-0.012,0.032,0.027,16593000.0,217239000.0,1.0,79657526.0,79413508.0,79413508.0,38.662,3387076000.0,18822000.0,51963000.0,76346000.0,42.651,703072000.0
5,MDRIQ,MRY,2014-12-31,2014-12-31,2014-12-31,2021-08-25,-97808000.0,3416879000.0,3402830750.0,1487381000.0,1929498000.0,0.676,18.82,-321187000.0,852894000.0,852894000.0,2113013000.0,-65394000.0,1.734,1.262,864469000.0,23678000.0,840791000.0,864469000.0,199865000.0,93185000.0,0.0,0.0,0.0,4956000.0,98141000.0,0.043,98141000.0,4956000.0,-55921000.0,-0.96,-0.96,-0.96,1488204000.0,1465923750.0,1488204000.0,708576382.0,143.0,7.22,-314227000.0,-3.974,1.0,187876000.0,0.082,0.0,60877000.0,2570860000.0,2381624250.0,0.0,38186000.0,0.0,38186000.0,1877765000.0,857594000.0,1020171000.0,691551382.0,710540000.0,-2420000.0,-1380000.0,991229000.0,0.0,950554000.0,-245069000.0,9283000.0,6960000.0,-1905000.0,-75994000.0,-75994000.0,-75994000.0,0.0,10600000.0,-0.033,171474000.0,16402000.0,219384000.0,0.0,0.465,-9.1,-9.094,1657348000.0,0.0,8.73,0.301,0.3,718370000.0,-239572000.0,2300889000.0,2300889000.0,0.0,-0.022,-0.052,0.002,0.002,18565000.0,208564000.0,1.0,79215428.0,79076283.0,79076283.0,29.097,3416879000.0,24827000.0,20073000.0,94147000.0,43.21,629787000.0
6,MDRIQ,MRY,2013-12-31,2013-12-31,2013-12-31,2021-08-25,-47710000.0,2807371000.0,3085404250.0,1080200000.0,1727171000.0,0.862,17.118,-283962000.0,142354000.0,142354000.0,2801426000.0,-489910000.0,0.964,1.013,88562000.0,39543000.0,49019000.0,88562000.0,278929000.0,84580000.0,0.0,0.0,0.0,-461170000.0,-376590000.0,-0.142,-376590000.0,-461170000.0,-459817000.0,-6.45,-6.45,-6.45,1349514000.0,1658385000.0,1349514000.0,1960396644.0,-4.0,-5.206,-540573000.0,-6.857,1.0,-142494000.0,-0.054,0.0,-1353000.0,1632595000.0,1700349750.0,0.0,64047000.0,0.0,64047000.0,1367027000.0,1120984000.0,246043000.0,2167113644.0,-521445000.0,-9354000.0,-1038000.0,-19051000.0,0.0,-33832000.0,-231155000.0,27888000.0,-256611000.0,153000.0,-508868000.0,-508868000.0,-508868000.0,0.0,18958000.0,-0.191,298135000.0,-440629000.0,398739000.0,0.0,1.606,-4.259,-4.26,1478677000.0,0.0,27.48,0.815,0.815,962482000.0,-163578000.0,2658932000.0,2658932000.0,0.0,-0.165,-0.307,-0.271,-0.173,21100000.0,193126000.0,1.0,78861407.0,78838116.0,78838116.0,33.726,2807371000.0,23857000.0,49051000.0,94591000.0,35.609,-40784000.0
7,MDRIQ,MRY,2012-12-31,2012-12-31,2012-12-31,2021-08-25,-94413000.0,3333627000.0,3238526500.0,1789789000.0,1543838000.0,1.124,24.028,-286310000.0,658263000.0,658263000.0,3100009000.0,205235000.0,1.608,0.732,102708000.0,14146000.0,88562000.0,102708000.0,241696000.0,86440000.0,0.0,0.0,0.0,319013000.0,405453000.0,0.111,405453000.0,319013000.0,323669000.0,2.49,2.46,2.49,1887331000.0,1810615500.0,1887331000.0,2045422087.0,6.0,5.045,-76526000.0,-0.974,1.0,541615000.0,0.149,41202000.0,-4656000.0,1623859000.0,1497901750.0,0.0,83427000.0,19242000.0,64185000.0,1381522000.0,1113011000.0,268511000.0,2599004087.0,69293000.0,-5084000.0,-2683000.0,9025000.0,0.0,-13793000.0,-128252000.0,99180000.0,209784000.0,1554000.0,194465000.0,194465000.0,194465000.0,-3497000.0,10770000.0,0.053,217757000.0,323858000.0,400007000.0,0.0,1.377,13.365,13.277,1281791000.0,0.0,33.06,0.714,0.713,1064415000.0,445756000.0,3641624000.0,3641624000.0,0.0,0.06,0.107,0.213,0.088,15369000.0,218162000.0,1.0,78614685.0,78546062.0,79206483.0,46.363,3292425000.0,9765000.0,129204000.0,143601000.0,41.917,676778000.0
8,MDRIQ,MRY,2011-12-31,2011-12-31,2011-12-31,2021-08-25,-102030000.0,2992814000.0,2757565750.0,1537185000.0,1455629000.0,1.249,21.223,-282621000.0,592816000.0,592816000.0,2980390000.0,151355000.0,1.504,0.759,93735000.0,8941000.0,84794000.0,93735000.0,320438000.0,82391000.0,0.0,0.0,0.0,225854000.0,308245000.0,0.089,308245000.0,225854000.0,225854000.0,1.77,1.77,1.77,1659638000.0,1611914000.0,1659638000.0,2376512980.0,11.0,7.71,-186601000.0,-2.386,1.0,464720000.0,0.135,41202000.0,0.0,1430755000.0,1505211750.0,0.0,181665000.0,109522000.0,72143000.0,1259102000.0,1021776000.0,237326000.0,2705305980.0,167391000.0,8885000.0,-10092000.0,38381000.0,0.0,22715000.0,48765000.0,322501000.0,96020000.0,-109000.0,138730000.0,138730000.0,138730000.0,12812000.0,12625000.0,0.04,209012000.0,255708000.0,315514000.0,0.0,1.63,19.501,19.508,1101865000.0,0.0,34.53,0.785,0.784,786584000.0,239103000.0,3445110000.0,3445110000.0,0.0,0.05,0.086,0.15,0.066,17825000.0,212002000.0,1.0,78346460.0,78199555.0,79013423.0,44.055,2951612000.0,11931000.0,87124000.0,67368000.0,37.745,515409000.0
9,MDRIQ,MRY,2010-12-31,2010-12-31,2010-12-31,2021-08-25,-163717000.0,2598688000.0,3584116000.0,1285638000.0,1313050000.0,0.671,18.723,-186862000.0,601324000.0,601324000.0,1842261000.0,227712000.0,1.486,0.75,55295000.0,8547000.0,46748000.0,55295000.0,250053000.0,76452000.0,0.0,0.0,0.0,245432000.0,321884000.0,0.134,321884000.0,245432000.0,242848000.0,2.61,2.55,2.61,1449028000.0,1688133500.0,1449028000.0,4459289051.0,18.0,13.854,153312000.0,1.981,1.0,561482000.0,0.234,41202000.0,2584000.0,1146450000.0,1490492500.0,0.0,330221000.0,209463000.0,120758000.0,1086421000.0,865007000.0,221414000.0,4830055051.0,-495807000.0,-29680000.0,-15715000.0,-5117000.0,0.0,-33508000.0,-552005000.0,-270379000.0,340174000.0,-80000.0,201666000.0,201666000.0,201666000.0,34900000.0,26046000.0,0.084,238983000.0,322499000.0,252974000.0,0.0,3.333,23.951,23.782,915569000.0,0.0,62.07,2.009,1.998,417797000.0,100373000.0,2403743000.0,2403743000.0,0.0,0.056,0.119,0.165,0.102,16458000.0,216763000.0,1.0,77816179.0,77391043.0,78540598.0,31.06,2557486000.0,10323000.0,41182000.0,45700000.0,33.046,420631000.0
10,MDRIQ,MRY,2009-12-31,2009-12-31,2009-12-31,2021-08-25,-612997000.0,4849110000.0,4664054250.0,2357921000.0,2491189000.0,0.704,23.626,-186518000.0,969190000.0,969190000.0,2781735000.0,390450000.0,1.174,1.669,72984000.0,16270000.0,56714000.0,72984000.0,689334000.0,79867000.0,0.0,0.0,0.0,447617000.0,527484000.0,0.161,527484000.0,447617000.0,447617000.0,5.07,4.98,5.07,1807197000.0,1622888750.0,1807197000.0,4689020259.0,10.0,8.889,-885000.0,-0.012,1.0,500055000.0,0.152,306497000.0,0.0,1637375000.0,1589762250.0,101494000.0,315650000.0,12000.0,315638000.0,3016010000.0,2009032000.0,1006978000.0,5526417259.0,123272000.0,-13484000.0,-6531000.0,-4211000.0,0.0,-4208000.0,-59249000.0,166419000.0,185633000.0,1096000.0,387056000.0,387056000.0,387056000.0,-180898000.0,3394000.0,0.118,217149000.0,282906000.0,471858000.0,0.0,3.058,14.278,14.207,1337605000.0,0.0,72.03,1.684,1.679,1117667000.0,951647000.0,3281790000.0,3281790000.0,0.0,0.083,0.238,0.282,0.136,12987000.0,218063000.0,1.0,76723750.0,76490264.0,77875547.0,42.905,4542613000.0,376395000.0,60561000.0,64029000.0,59.388,348889000.0
11,MDRIQ,MRY,2008-12-31,2008-12-31,2008-12-31,2021-08-25,-672415000.0,4601693000.0,4436263000.0,2216985000.0,2384708000.0,0.698,17.401,-205447000.0,637185000.0,637185000.0,2787803000.0,429501000.0,1.004,2.496,15130000.0,9021000.0,6109000.0,15130000.0,951895000.0,72555000.0,0.0,0.0,0.0,497154000.0,569709000.0,0.184,569709000.0,497154000.0,492869000.0,5.67,5.58,5.67,1316172000.0,1433793000.0,1316172000.0,1584568810.0,3.0,2.781,-310343000.0,-4.103,1.0,310301000.0,0.1,298265000.0,4285000.0,1473028000.0,1131482250.0,128383000.0,520989000.0,131515000.0,389474000.0,3285180000.0,2208345000.0,1076835000.0,2252095810.0,-221013000.0,2956000.0,9624000.0,-6004000.0,0.0,65459000.0,-420372000.0,76964000.0,-104896000.0,-998000.0,429302000.0,429302000.0,429302000.0,-368653000.0,199000.0,0.139,202252000.0,108049000.0,551435000.0,0.0,1.711,5.246,5.228,1078859000.0,0.0,29.64,0.727,0.724,1164334000.0,564591000.0,3098104000.0,3098104000.0,0.0,0.097,0.299,0.439,0.16,-9786000.0,202252000.0,1.0,75981564.0,75639516.0,76797851.0,40.959,4303428000.0,432946000.0,63567000.0,55709000.0,56.894,8640000.0
12,MDRIQ,MRY,2007-12-31,2007-12-31,2007-12-31,2021-08-25,-281933000.0,4411486000.0,4124375000.0,2757500000.0,1653986000.0,1.365,15.664,-233289000.0,1066180000.0,1066180000.0,4500897000.0,607921000.0,1.023,2.78,17208000.0,6599000.0,10609000.0,17208000.0,1463223000.0,95989000.0,0.0,0.0,0.0,767985000.0,863974000.0,0.153,863974000.0,767985000.0,745465000.0,8.16,7.98,8.16,1167005000.0,892427000.0,1167005000.0,12474822781.0,16.0,14.439,1083659000.0,14.545,1.0,1130713000.0,0.201,158533000.0,22520000.0,507449000.0,514965000.0,95208000.0,524402000.0,300092000.0,224310000.0,3244481000.0,2696532000.0,547949000.0,13291508781.0,400551000.0,-327834000.0,15219000.0,-259374000.0,0.0,-243274000.0,-678681000.0,-117462000.0,1316948000.0,5558000.0,607828000.0,607828000.0,607828000.0,0.0,93000.0,0.108,456240000.0,674473000.0,455659000.0,0.0,11.389,21.867,21.702,913738000.0,0.0,177.09,2.36,2.343,1083363000.0,135289000.0,5631610000.0,5631610000.0,0.0,0.147,0.681,1.491,0.136,-877000.0,464611000.0,1.0,75055031.0,74503885.0,76247431.0,75.588,4252953000.0,295075000.0,137637000.0,57071000.0,57.084,60968000.0
13,MDRIQ,MRY,2006-12-31,2006-12-31,2006-12-31,2021-08-25,-365611000.0,3633762000.0,3371689500.0,2153474000.0,1480288000.0,1.222,6.105,-132704000.0,707517000.0,707517000.0,3362758000.0,330515000.0,0.875,7.201,272734000.0,257492000.0,15242000.0,272734000.0,1116118000.0,61000000.0,0.0,0.0,0.0,396058000.0,457058000.0,0.111,457058000.0,396058000.0,365710000.0,4.56,4.35,4.56,443101000.0,215227500.0,443101000.0,4991602994.0,13.0,10.921,95438000.0,1.315,1.0,757383000.0,0.184,89226000.0,30348000.0,648479000.0,991350750.0,77769000.0,346886000.0,172171000.0,174715000.0,3190661000.0,2461274000.0,729387000.0,5619866994.0,581580000.0,185912000.0,19647000.0,1215000.0,0.0,43693000.0,310395000.0,260380000.0,228142000.0,-650000.0,330515000.0,330515000.0,330515000.0,-12894000.0,0.0,0.08,403566000.0,353817000.0,407094000.0,0.0,12.683,17.003,16.73,513494000.0,0.0,76.29,1.364,1.344,976322000.0,-458886000.0,4120141000.0,4120141000.0,0.0,0.098,1.536,0.4,0.096,-20113000.0,388524000.0,1.0,73664456.0,72584079.0,75906185.0,56.764,3544536000.0,740361000.0,35195000.0,58557000.0,48.834,-307800000.0
14,MDRIQ,MRY,2005-12-31,2005-12-31,2005-12-31,2021-08-25,-420852000.0,1668286000.0,1558463000.0,1002629000.0,665657000.0,1.18,-1.218,-67595000.0,174235000.0,174235000.0,1436107000.0,205687000.0,1.304,-21.028,212111000.0,4250000.0,207861000.0,212111000.0,314467000.0,44266000.0,0.0,0.0,0.0,246334000.0,290600000.0,0.158,290600000.0,246334000.0,214514000.0,3.0,2.82,3.0,-83298000.0,-127191750.0,-83298000.0,2901990680.0,12.0,9.986,187352000.0,2.74,1.0,403633000.0,0.219,12926000.0,31820000.0,924548000.0,637744250.0,319000.0,500506000.0,384202000.0,116304000.0,1751584000.0,768688000.0,982896000.0,3156373680.0,-240056000.0,17223000.0,60951000.0,-67933000.0,0.0,-4203000.0,-490756000.0,-434289000.0,254947000.0,-44000.0,205687000.0,205687000.0,205687000.0,-104000.0,0.0,0.112,212436000.0,191197000.0,122399000.0,0.0,-37.893,15.346,22.305,317733000.0,0.0,66.915,1.716,2.487,395595000.0,-862931000.0,1839740000.0,1839740000.0,0.0,0.132,-1.617,0.386,0.134,0.0,220380000.0,1.0,47169850.0,68379153.0,72779104.0,26.905,1655360000.0,138700000.0,8827000.0,49696000.0,24.209,233941000.0
15,MDRIQ,MRY,2004-12-31,2004-12-31,2004-12-31,2021-08-25,-327526000.0,1386932000.0,1270732500.0,799923000.0,587009000.0,1.505,-5.86,-35644000.0,437272000.0,437272000.0,1663706000.0,61639000.0,1.079,-6.305,280020000.0,12009000.0,268011000.0,280020000.0,217053000.0,40293000.0,0.0,0.0,0.0,137702000.0,177995000.0,0.093,177995000.0,137702000.0,101636000.0,0.945,0.9,0.945,-261443000.0,-334154500.0,-261443000.0,1137247762.0,8.0,6.389,29662000.0,0.665,1.0,249204000.0,0.13,12926000.0,36066000.0,475063000.0,492476500.0,0.0,41884000.0,0.0,41884000.0,1648375000.0,741691000.0,906684000.0,1228624762.0,84529000.0,89184000.0,2800000.0,-40518000.0,0.0,-38347000.0,57544000.0,4005000.0,65306000.0,26000.0,61639000.0,61639000.0,61639000.0,3204000.0,0.0,0.032,136656000.0,112548000.0,169415000.0,0.0,-4.699,19.933,29.143,307089000.0,0.0,27.54,0.642,0.642,406059000.0,-1060908000.0,1912910000.0,1912910000.0,0.0,0.049,-0.184,0.28,0.072,0.0,201169000.0,1.0,44612329.0,44612329.0,,42.879,1374006000.0,41657000.0,39997000.0,18612000.0,30.799,58232000.0
16,MDRIQ,MRY,2003-12-31,2003-12-31,2003-12-31,2021-08-25,-351795000.0,1248874000.0,1183609500.0,698527000.0,550347000.0,1.973,-8.254,-36057000.0,355270000.0,355270000.0,2252842000.0,-95229000.0,0.966,-4.439,316899000.0,37217000.0,279682000.0,316899000.0,176105000.0,44504000.0,0.0,0.0,0.0,-54946000.0,-10442000.0,-0.004,-10442000.0,-54946000.0,-73939000.0,-2.235,-2.235,-2.235,-363177000.0,-398255500.0,-363177000.0,703528331.0,-13.0,-67.375,-133603000.0,-3.036,1.0,82522000.0,0.035,12926000.0,18993000.0,474746000.0,353702750.0,0.0,42800000.0,0.0,42800000.0,1612051000.0,722831000.0,889220000.0,788718331.0,45273000.0,24097000.0,0.0,157202000.0,0.0,159578000.0,-16761000.0,-4396000.0,-97546000.0,2000.0,-95229000.0,-95229000.0,-95229000.0,-3219000.0,0.0,-0.041,163593000.0,-81071000.0,188802000.0,0.0,-2.172,-8.282,-8.02,363762000.0,0.0,17.925,0.338,0.338,323070000.0,-1122547000.0,2335364000.0,2335364000.0,0.0,-0.08,0.239,-0.155,-0.024,0.0,169764000.0,1.0,44000979.0,44000979.0,,53.075,1235948000.0,4168000.0,21290000.0,14727000.0,28.089,-24304000.0
17,MDRIQ,MRY,2002-12-31,2002-12-31,2002-12-31,2021-08-25,-486426000.0,1278171000.0,1597206750.0,749284000.0,528887000.0,1.086,-9.804,-64852000.0,174341000.0,174341000.0,1734580000.0,-776394000.0,0.817,-4.067,141681000.0,55577000.0,86104000.0,141681000.0,329031000.0,40620000.0,0.0,0.0,0.0,-746865000.0,-706245000.0,-0.407,-706245000.0,-746865000.0,-761988000.0,-18.825,-18.825,-18.825,-416757000.0,286197750.0,-416757000.0,271107945.0,0.0,-0.384,-74658000.0,-1.756,1.0,-759000.0,0.0,12926000.0,15123000.0,315536000.0,571377250.0,0.0,173227000.0,108269000.0,64958000.0,1694928000.0,917049000.0,777879000.0,279287945.0,-30558000.0,41095000.0,1394000.0,-148360000.0,0.0,-147300000.0,126429000.0,150137000.0,-9806000.0,119000.0,-776394000.0,-776394000.0,-776394000.0,-11572000.0,0.0,-0.448,478708000.0,-479467000.0,196190000.0,0.0,-0.67,-0.36,-0.349,353396000.0,0.0,6.57,0.161,0.161,417921000.0,-1027318000.0,1733821000.0,1733821000.0,0.0,-0.486,-2.713,-1.307,-0.431,0.0,157845000.0,1.0,42509538.0,42509538.0,,40.787,1265245000.0,3350000.0,14406000.0,31176000.0,29.764,-167765000.0
18,MDRIQ,MRY,2001-12-31,2001-12-31,2001-12-31,2021-08-25,-57111000.0,2103840000.0,2052811000.0,813403000.0,1290437000.0,0.92,18.727,-45008000.0,196912000.0,196912000.0,1653042000.0,-20022000.0,0.831,1.732,309899000.0,209506000.0,100393000.0,309899000.0,170329000.0,62264000.0,0.0,0.0,0.0,130285000.0,192549000.0,0.102,192549000.0,130285000.0,90629000.0,-0.495,-0.495,-0.495,770110000.0,788901500.0,770110000.0,1017700422.0,8.0,5.285,131603000.0,3.2,1.0,235036000.0,0.124,330705000.0,39656000.0,907735000.0,1109976250.0,1825000.0,517969000.0,158000000.0,359969000.0,1333730000.0,978387000.0,355343000.0,756850422.0,82597000.0,52412000.0,1000000.0,-111172000.0,0.0,-105672000.0,11693000.0,-583000.0,176611000.0,-35000.0,-20022000.0,-20022000.0,-20022000.0,-5260000.0,0.0,-0.011,195873000.0,39163000.0,152909000.0,0.0,0.983,-37.801,-37.182,353899000.0,0.0,18.405,0.401,0.401,362295000.0,-250924000.0,1888078000.0,1888078000.0,0.0,-0.01,-0.025,0.117,0.069,0.0,192134000.0,1.0,41121960.0,41121960.0,,45.914,1773135000.0,59370000.0,110651000.0,123985000.0,43.119,-164984000.0
19,MDRIQ,MRY,2000-12-31,2000-12-31,2000-12-31,2021-08-25,-54852000.0,2055627000.0,2017907750.0,586836000.0,1468791000.0,0.899,19.269,-49300000.0,84620000.0,84620000.0,1613742000.0,-22082000.0,0.85,1.647,419503000.0,96346000.0,323157000.0,419503000.0,71612000.0,63890000.0,0.0,0.006,0.099,32158000.0,96048000.0,0.053,96048000.0,32158000.0,-11447000.0,-0.555,-0.555,-0.555,776603000.0,790533000.0,776603000.0,987618262.0,31.0,10.283,-98366000.0,-2.441,1.0,199928000.0,0.11,350939000.0,43605000.0,1349344000.0,1343503500.0,11733000.0,548161000.0,34440000.0,513721000.0,1279024000.0,690227000.0,588797000.0,649884262.0,-78114000.0,2071000.0,42000.0,9674000.0,-8972000.0,-255000.0,-27991000.0,19238000.0,-49066000.0,-802000.0,-22082000.0,-22082000.0,-22082000.0,-2782000.0,0.0,-0.012,185260000.0,14668000.0,167257000.0,-0.178,0.837,-29.43,-29.054,365356000.0,0.0,16.125,0.358,0.358,389409000.0,-230902000.0,1813670000.0,1813670000.0,0.0,-0.011,-0.028,0.024,0.018,0.0,182457000.0,1.0,40302860.0,40302860.0,,45.001,1704688000.0,56805000.0,10635000.0,29391000.0,42.297,-103391000.0
20,MDRIQ,MRY,1999-12-31,1999-12-31,1999-12-31,2021-08-25,-46980000.0,3874891000.0,4131011500.0,1468808000.0,2406083000.0,0.639,19.949,-86294000.0,162734000.0,162734000.0,2139670000.0,-61663000.0,1.128,3.893,409513000.0,86499000.0,323014000.0,409513000.0,231421000.0,96117000.0,0.0,0.015,0.198,1537000.0,97654000.0,0.037,97654000.0,1537000.0,-48331000.0,-1.575,-1.575,-1.575,791858000.0,803559500.0,791858000.0,888092245.0,578.0,9.094,-82505000.0,-2.078,1.0,500786000.0,0.19,444220000.0,49868000.0,2375044000.0,2756795500.0,57488000.0,375813000.0,111104000.0,264709000.0,3083033000.0,1302406000.0,1780627000.0,539635245.0,-102575000.0,18607000.0,1889000.0,-225467000.0,-11838000.0,-235478000.0,127282000.0,195632000.0,3789000.0,1832000.0,-61663000.0,-61663000.0,-61663000.0,0.0,0.0,-0.023,401381000.0,99405000.0,185465000.0,-0.126,0.681,-8.751,-8.631,437797000.0,0.0,13.595,0.204,0.204,777639000.0,-208904000.0,2640456000.0,2640456000.0,0.0,-0.015,-0.077,0.001,0.001,0.0,305264000.0,1.0,39695076.0,39695076.0,,66.518,3430671000.0,93629000.0,13332000.0,38308000.0,86.426,166402000.0
21,MDRIQ,MRY,1998-12-31,1998-03-31,1998-03-31,2021-08-25,-46557000.0,4501130000.0,4550306000.0,1596556000.0,2904574000.0,0.808,8.912,-45090000.0,277876000.0,277876000.0,3117279000.0,215690000.0,1.093,11.426,754482000.0,156300000.0,598182000.0,754482000.0,268764000.0,142301000.0,0.0,0.003,0.198,364995000.0,507296000.0,0.138,507296000.0,364995000.0,283541000.0,5.61,5.22,5.61,334449000.0,219804000.0,334449000.0,2456153275.0,7.0,4.842,532647000.0,14.194,1.0,557356000.0,0.152,127077000.0,81454000.0,3389533000.0,3409206000.0,63342000.0,1073491000.0,135000.0,1073356000.0,3821357000.0,1461126000.0,2360231000.0,2325301275.0,20093000.0,459461000.0,27769000.0,-360875000.0,-19367000.0,-380919000.0,-177351000.0,-591722000.0,577737000.0,626000.0,207424000.0,207424000.0,207424000.0,0.0,8266000.0,0.056,366346000.0,191010000.0,301988000.0,0.035,6.953,11.21,11.045,533694000.0,0.0,61.965,0.633,0.633,982315000.0,-341916000.0,3674635000.0,3674635000.0,0.0,0.046,0.944,0.107,0.099,0.0,224045000.0,1.0,37526006.0,37526006.0,,97.922,4374053000.0,84036000.0,76117000.0,30846000.0,116.561,135430000.0
22,MDRIQ,MRY,1997-12-31,1997-03-31,1997-03-31,2021-08-25,-45093000.0,4599482000.0,,1834327000.0,2765155000.0,,,-91371000.0,257783000.0,257783000.0,2878972000.0,-206105000.0,1.14,39.583,1119031000.0,451857000.0,667174000.0,1119031000.0,200163000.0,151581000.0,0.0,0.019,0.6,-133863000.0,17718000.0,0.006,17718000.0,-133863000.0,-228963000.0,-5.925,-5.925,-5.925,105159000.0,,105159000.0,,,,15276000.0,,1.0,271878000.0,0.086,423095000.0,95100000.0,3428879000.0,,66322000.0,485541000.0,75946000.0,409595000.0,4162481000.0,1608756000.0,2553725000.0,,19120000.0,130804000.0,565000.0,200317000.0,-51947000.0,146411000.0,-234754000.0,-272366000.0,106647000.0,816000.0,-214371000.0,-214371000.0,-214371000.0,0.0,8266000.0,-0.068,414499000.0,-142621000.0,268274000.0,-0.101,,,-5.413,599745000.0,0.0,32.07,,,1124806000.0,-538163000.0,3150850000.0,3150850000.0,0.0,,,,-0.042,0.0,262918000.0,1.0,,,,,4176387000.0,60866000.0,-14592000.0,26379000.0,,225571000.0
23,MDRIQ,MRY,1996-12-31,1996-03-31,1996-03-31,2021-08-25,,,,,,,,-55838000.0,,,2834373000.0,20625000.0,,,,,,,,139875000.0,,0.034,1.002,97750000.0,237625000.0,0.073,237625000.0,97750000.0,13438000.0,0.345,0.345,0.345,,,,,,,-221674000.0,,1.0,409945000.0,0.126,,84312000.0,,,,,,,,,,,152754000.0,188297000.0,1802000.0,-171313000.0,-62411000.0,-239736000.0,557818000.0,454979000.0,-165836000.0,508000.0,12359000.0,12359000.0,12359000.0,0.0,8266000.0,0.004,414647000.0,-4702000.0,,2.904,,,84.239,,0.0,29.063,,,,,3244318000.0,3244318000.0,0.0,,,,0.03,0.0,274772000.0,1.0,,,,,,,1079000.0,,,
0,MDRIQ,MRQ,2020-03-31,2020-03-31,2020-03-31,2021-08-25,-177000000.0,8300000000.0,,6241000000.0,2059000000.0,,-18.663,-25000000.0,1574000000.0,1574000000.0,1856000000.0,-1372000000.0,1.06,-3.302,7033000000.0,2176000000.0,4857000000.0,7033000000.0,1177000000.0,60000000.0,0.0,0.0,0.0,-1314000000.0,-1254000000.0,-0.658,-1254000000.0,-1314000000.0,-1370000000.0,-0.07,-7.09,-0.07,-3602000000.0,,-3602000000.0,4374198711.0,-1.0,-1.37,-720000000.0,-3.731,1.0,50000000.0,0.026,251000000.0,56000000.0,7623000000.0,,0.0,74000000.0,0.0,74000000.0,11895000000.0,5885000000.0,6010000000.0,11198711.0,394000000.0,-60000000.0,0.0,1110000000.0,0.0,1177000000.0,-85000000.0,0.0,-695000000.0,-3000000.0,-1378000000.0,-1382000000.0,-1382000000.0,14000000.0,6000000.0,-0.725,1099000000.0,-1049000000.0,796000000.0,0.0,-0.003,-0.003,-0.004,1554000000.0,4000000.0,0.058,0.001,0.001,1050000000.0,-7082000000.0,1906000000.0,1906000000.0,2000000.0,,,,,4000000.0,62000000.0,1.0,193081224.0,193000000.0,193000000.0,9.876,8049000000.0,0.0,8000000.0,55000000.0,41.705,356000000.0
1,MDRIQ,MRQ,2019-12-31,2019-12-31,2019-12-31,2021-08-25,-103000000.0,8737000000.0,,3555000000.0,5182000000.0,,-11.584,-27000000.0,1183000000.0,1183000000.0,2077000000.0,-849000000.0,0.376,-5.077,5541000000.0,5247000000.0,294000000.0,5541000000.0,1191000000.0,67000000.0,0.0,0.0,0.0,-357000000.0,-290000000.0,-0.148,-290000000.0,-357000000.0,-792000000.0,-4.69,-4.69,-4.69,-2143000000.0,,-2143000000.0,3826022179.0,-2.0,-2.069,-440000000.0,-2.378,1.0,-115000000.0,-0.059,359000000.0,435000000.0,3292000000.0,,0.0,73000000.0,0.0,73000000.0,10880000000.0,9444000000.0,1436000000.0,123022179.0,183000000.0,18000000.0,0.0,630000000.0,0.0,594000000.0,-9000000.0,0.0,-413000000.0,11000000.0,-848000000.0,-866000000.0,-866000000.0,0.0,-1000000.0,-0.441,247000000.0,-362000000.0,1083000000.0,0.0,-0.057,-0.041,-0.041,2415000000.0,18000000.0,0.677,0.015,0.015,1144000000.0,-5693000000.0,1962000000.0,1962000000.0,11000000.0,,,,,4000000.0,95000000.0,1.0,181824089.0,185000000.0,185000000.0,10.605,8378000000.0,0.0,56000000.0,59000000.0,45.286,-5889000000.0
2,MDRIQ,MRQ,2019-09-30,2019-09-30,2019-09-30,2021-08-25,-222000000.0,8754000000.0,,3486000000.0,5268000000.0,,-7.698,-32000000.0,1010000000.0,1010000000.0,2180000000.0,-1864000000.0,0.399,-7.04,4713000000.0,4412000000.0,301000000.0,4713000000.0,1359000000.0,63000000.0,0.0,0.0,0.0,-1693000000.0,-1630000000.0,-0.769,-1630000000.0,-1693000000.0,-1801000000.0,-10.37,-10.37,-10.37,-1401000000.0,,-1401000000.0,3889093226.0,-1.0,-0.966,-146000000.0,-0.802,1.0,-59000000.0,-0.028,2193000000.0,108000000.0,1531000000.0,,52000000.0,450000000.0,0.0,450000000.0,9863000000.0,8733000000.0,1130000000.0,367093226.0,228000000.0,-52000000.0,0.0,412000000.0,0.0,457000000.0,-84000000.0,0.0,-114000000.0,-31000000.0,-1873000000.0,-1887000000.0,-1887000000.0,0.0,9000000.0,-0.89,1629000000.0,-1688000000.0,1421000000.0,0.0,-0.262,-0.075,-0.068,2479000000.0,14000000.0,2.02,0.044,0.044,1193000000.0,-4822000000.0,2121000000.0,2121000000.0,9000000.0,,,,,5000000.0,40000000.0,1.0,181729320.0,182000000.0,182000000.0,11.654,6561000000.0,0.0,72000000.0,51000000.0,36.049,-5247000000.0
3,MDRIQ,MRQ,2019-06-30,2019-06-30,2019-06-30,2021-08-25,-181000000.0,9998000000.0,,3239000000.0,6759000000.0,,2.868,-15000000.0,782000000.0,782000000.0,1959000000.0,-114000000.0,0.691,17.632,4304000000.0,537000000.0,3767000000.0,4304000000.0,1438000000.0,61000000.0,0.0,0.0,0.0,-81000000.0,-20000000.0,-0.009,-20000000.0,-81000000.0,-181000000.0,-0.8,-0.8,-0.8,522000000.0,,522000000.0,5107824085.0,-2.0,-2.369,-220000000.0,-1.209,1.0,178000000.0,0.083,3746000000.0,100000000.0,5088000000.0,,42000000.0,446000000.0,0.0,446000000.0,9204000000.0,4686000000.0,4518000000.0,1754824085.0,43000000.0,-37000000.0,0.0,222000000.0,0.0,296000000.0,-52000000.0,0.0,-205000000.0,4000000.0,-132000000.0,-146000000.0,-146000000.0,0.0,18000000.0,-0.068,240000000.0,-62000000.0,1206000000.0,0.0,3.362,-0.587,-0.505,2437000000.0,14000000.0,9.66,0.205,0.205,1305000000.0,-2935000000.0,2137000000.0,2137000000.0,8000000.0,,,,,5000000.0,77000000.0,1.0,181658808.0,182000000.0,182000000.0,11.742,6252000000.0,0.0,-49000000.0,46000000.0,34.352,-1447000000.0
4,MDRIQ,MRQ,2019-03-31,2019-03-31,2019-03-31,2021-08-25,-165000000.0,10029000000.0,,3239000000.0,6790000000.0,,3.751,-18000000.0,739000000.0,739000000.0,1933000000.0,-57000000.0,0.701,13.418,4092000000.0,305000000.0,3787000000.0,4092000000.0,1618000000.0,76000000.0,0.0,0.0,0.0,15000000.0,91000000.0,0.044,91000000.0,15000000.0,-77000000.0,0.21,-0.6,0.21,679000000.0,,679000000.0,3997126555.0,-2.0,-1.956,-262000000.0,-1.448,1.0,130000000.0,0.063,3774000000.0,92000000.0,4990000000.0,,106000000.0,453000000.0,0.0,453000000.0,9111000000.0,4618000000.0,4493000000.0,1345126555.0,-106000000.0,-115000000.0,-4000000.0,170000000.0,0.0,277000000.0,-133000000.0,0.0,-244000000.0,-6000000.0,-56000000.0,-70000000.0,-70000000.0,-38000000.0,-1000000.0,-0.034,154000000.0,-24000000.0,949000000.0,0.0,1.981,-0.481,-0.414,2452000000.0,14000000.0,7.44,0.165,0.165,1195000000.0,-2789000000.0,2063000000.0,2063000000.0,2000000.0,,,,,6000000.0,68000000.0,1.0,180796580.0,181000000.0,181000000.0,11.398,6255000000.0,0.0,-21000000.0,47000000.0,34.558,-1379000000.0
5,MDRIQ,MRQ,2018-12-31,2018-12-31,2018-12-31,2021-08-25,-107000000.0,9440000000.0,,3033000000.0,6407000000.0,,4.444,-24000000.0,845000000.0,845000000.0,2197000000.0,-2757000000.0,0.719,10.484,3497000000.0,38000000.0,3459000000.0,3497000000.0,1954000000.0,92000000.0,0.0,0.0,0.0,-2558000000.0,-2466000000.0,-1.19,-2466000000.0,-2558000000.0,-2648000000.0,-18.54,-18.54,-18.54,800000000.0,,800000000.0,3783020106.0,-2.0,-1.85,-309000000.0,-1.717,1.0,-124000000.0,-0.06,3800000000.0,90000000.0,4075000000.0,,101000000.0,452000000.0,0.0,452000000.0,8387000000.0,4217000000.0,4170000000.0,1181020106.0,-60000000.0,-74000000.0,0.0,-22000000.0,0.0,338000000.0,-98000000.0,0.0,-285000000.0,-15000000.0,-2771000000.0,-2775000000.0,-2775000000.0,0.0,14000000.0,-1.339,2386000000.0,-2510000000.0,595000000.0,0.0,1.476,-0.439,-0.365,2067000000.0,4000000.0,6.54,0.176,0.146,1169000000.0,-2719000000.0,2073000000.0,2073000000.0,7000000.0,,,,,8000000.0,94000000.0,1.0,180584114.0,180000000.0,177000000.0,11.517,5640000000.0,0.0,123000000.0,47000000.0,31.333,-1184000000.0
6,MDRIQ,MRQ,2018-09-30,2018-09-30,2018-09-30,2021-08-25,-84000000.0,12056000000.0,,3352000000.0,8704000000.0,,19.706,-19000000.0,905000000.0,905000000.0,2016000000.0,0.0,0.779,2.385,3507000000.0,42000000.0,3465000000.0,3507000000.0,1733000000.0,107000000.0,0.0,0.0,0.0,132000000.0,239000000.0,0.104,239000000.0,132000000.0,46000000.0,0.01,0.01,0.01,3547000000.0,,3547000000.0,5649292634.0,20.0,11.321,-240000000.0,-1.333,1.0,273000000.0,0.119,5890000000.0,86000000.0,4464000000.0,,58000000.0,444000000.0,0.0,444000000.0,8460000000.0,4304000000.0,4156000000.0,3327292634.0,-233000000.0,-68000000.0,0.0,-17000000.0,0.0,92000000.0,-89000000.0,0.0,-221000000.0,-15000000.0,2000000.0,2000000.0,2000000.0,0.0,-2000000.0,0.001,134000000.0,139000000.0,874000000.0,0.0,0.938,30.248,18.806,2106000000.0,0.0,18.43,0.622,0.62,1416000000.0,56000000.0,2289000000.0,2289000000.0,8000000.0,,,,,8000000.0,64000000.0,1.0,180536768.0,180000000.0,181000000.0,12.717,6166000000.0,181000000.0,44000000.0,77000000.0,34.256,-952000000.0
7,MDRIQ,MRQ,2018-06-30,2018-06-30,2018-06-30,2021-08-25,-75000000.0,11428000000.0,,3521000000.0,7907000000.0,,24.625,-25000000.0,1138000000.0,1138000000.0,1498000000.0,45000000.0,0.934,2.217,3460000000.0,42000000.0,3418000000.0,3460000000.0,1227000000.0,57000000.0,0.0,0.0,0.0,35000000.0,92000000.0,0.053,92000000.0,35000000.0,-37000000.0,0.33,0.33,0.33,3546000000.0,,3546000000.0,1991100247.0,7.0,4.809,372000000.0,2.583,1.0,237000000.0,0.137,5094000000.0,72000000.0,4887000000.0,,48000000.0,423000000.0,0.0,423000000.0,7862000000.0,3769000000.0,4093000000.0,1872641247.0,719000000.0,-2418000000.0,-7000000.0,2827000000.0,0.0,2778000000.0,-2441000000.0,0.0,397000000.0,-15000000.0,47000000.0,47000000.0,47000000.0,0.0,-2000000.0,0.027,191000000.0,46000000.0,906000000.0,0.0,0.528,9.225,9.975,2090000000.0,0.0,19.65,0.466,0.704,1159000000.0,54000000.0,1735000000.0,1735000000.0,5000000.0,,,,,25000000.0,75000000.0,1.0,95299809.0,144000000.0,144000000.0,12.049,6334000000.0,178000000.0,-84000000.0,219000000.0,43.986,-248000000.0
8,MDRIQ,MRQ,2018-03-31,2018-03-31,2018-03-31,2021-08-25,-50807000.0,3200648000.0,,1416629000.0,1784019000.0,,19.073,-18000000.0,418799000.0,418799000.0,476000000.0,34000000.0,2.219,0.752,537258000.0,24264000.0,512994000.0,537258000.0,40207000.0,23000000.0,0.0,0.0,0.0,68000000.0,91000000.0,0.15,91000000.0,68000000.0,56000000.0,0.37,0.37,0.37,1811909000.0,,1811909000.0,1858540416.0,6.0,4.306,20000000.0,0.211,1.0,132000000.0,0.217,0.0,12000000.0,2680768000.0,,0.0,5318000.0,0.0,5318000.0,1361695000.0,638339000.0,723356000.0,1729755416.0,11000000.0,-2000000.0,-7000000.0,0.0,0.0,-7000000.0,-20000000.0,0.0,38000000.0,0.0,35000000.0,35000000.0,35000000.0,0.0,-1000000.0,0.058,63000000.0,69000000.0,191561000.0,0.0,0.955,9.009,9.045,1665177000.0,0.0,18.27,0.563,0.565,994465000.0,6912000.0,608000000.0,608000000.0,0.0,,,,,3000000.0,48000000.0,1.0,94677268.0,95000000.0,95000000.0,6.4,3200648000.0,17400000.0,21000000.0,104468000.0,33.691,778290000.0
9,MDRIQ,MRQ,2017-12-31,2017-12-31,2017-12-31,2021-08-25,-51000000.0,3223000000.0,,1435000000.0,1788000000.0,,18.734,-22000000.0,408000000.0,408000000.0,596000000.0,24000000.0,2.03,0.814,537000000.0,24000000.0,513000000.0,537000000.0,32000000.0,23000000.0,0.0,0.0,0.0,54000000.0,77000000.0,0.107,77000000.0,54000000.0,42000000.0,0.27,0.27,0.27,1761000000.0,,1761000000.0,1974881641.0,6.0,4.793,-22000000.0,-0.234,1.0,122000000.0,0.17,0.0,12000000.0,2645000000.0,,0.0,8000000.0,0.0,8000000.0,1434000000.0,707000000.0,727000000.0,1868777641.0,-26000000.0,57000000.0,0.0,-5000000.0,0.0,-6000000.0,-20000000.0,0.0,0.0,0.0,26000000.0,26000000.0,26000000.0,0.0,-2000000.0,0.036,74000000.0,48000000.0,279000000.0,0.0,1.061,10.44,10.02,1666000000.0,0.0,19.74,0.626,0.602,409000000.0,-48000000.0,718000000.0,718000000.0,2000000.0,,,,,3000000.0,62000000.0,1.0,94669492.0,94000000.0,95000000.0,7.638,3223000000.0,18000000.0,16000000.0,28000000.0,34.287,728000000.0
10,MDRIQ,MRQ,2017-09-30,2017-09-30,2017-09-30,2021-08-25,-53604000.0,3461435000.0,,1638509000.0,1822926000.0,,18.2,-16000000.0,434573000.0,434573000.0,774000000.0,94000000.0,1.702,0.984,540677000.0,19035000.0,521642000.0,540677000.0,42793000.0,28000000.0,0.0,0.0,0.0,126000000.0,154000000.0,0.161,154000000.0,126000000.0,114000000.0,1.0,1.0,1.0,1729031000.0,,1729031000.0,2196120143.0,8.0,6.007,29000000.0,0.305,1.0,185000000.0,0.193,0.0,12000000.0,2604687000.0,,0.0,10226000.0,0.0,10226000.0,1701510000.0,962852000.0,738658000.0,2064501143.0,25000000.0,-2000000.0,0.0,-2000000.0,0.0,-2000000.0,-18000000.0,0.0,45000000.0,0.0,95000000.0,95000000.0,95000000.0,0.0,-1000000.0,0.099,57000000.0,128000000.0,511092000.0,0.0,1.194,13.553,13.139,1664409000.0,0.0,21.81,0.71,0.712,1241502000.0,-73737000.0,959000000.0,959000000.0,2000000.0,,,,,8000000.0,55000000.0,1.0,94658371.0,95000000.0,95000000.0,10.095,3461435000.0,14439000.0,19000000.0,91972000.0,36.436,675657000.0
11,MDRIQ,MRQ,2017-06-30,2017-06-30,2017-06-30,2021-08-25,-56191000.0,3291448000.0,,1437657000.0,1853791000.0,,17.317,-18151000.0,408880000.0,408880000.0,650000000.0,36000000.0,1.629,1.002,540499000.0,13807000.0,526692000.0,540499000.0,66148000.0,28619000.0,0.0,0.0,0.0,81000000.0,109619000.0,0.139,109619000.0,81000000.0,59000000.0,0.38,0.38,0.38,1627827000.0,,1627827000.0,2158963931.0,12.0,7.472,24397000.0,0.26,1.0,139000000.0,0.176,0.0,22000000.0,2540759000.0,,0.0,12138000.0,0.0,12138000.0,1630952000.0,882308000.0,748644000.0,2035291931.0,-232426000.0,-1000000.0,-386000.0,-243833000.0,0.0,-255219000.0,-19542000.0,0.0,42548000.0,-213000.0,36000000.0,36000000.0,36000000.0,0.0,0.0,0.046,51000000.0,88000000.0,434954000.0,0.0,1.25,27.717,24.724,1677731000.0,0.0,21.51,0.811,0.806,1083527000.0,-168438000.0,789000000.0,789000000.0,1000000.0,,,,,7363000.0,50000000.0,1.0,94620637.0,94000000.0,94000000.0,8.394,3291448000.0,18748000.0,23000000.0,87127000.0,35.015,555349000.0
12,MDRIQ,MRQ,2017-03-31,2017-03-31,2017-03-31,2021-08-25,-64484000.0,3250163000.0,,1398967000.0,1851196000.0,,19.568,-62849000.0,641759000.0,641759000.0,428590000.0,24195000.0,2.005,1.034,765431000.0,45206000.0,720225000.0,765431000.0,89703000.0,21381000.0,0.0,0.0,0.0,50393000.0,71774000.0,0.138,71774000.0,50393000.0,32687000.0,0.27,0.24,0.27,1577366000.0,,1577366000.0,1769557870.0,11.0,6.89,-14397000.0,-0.179,1.0,90841000.0,0.175,0.0,17706000.0,2676206000.0,,0.0,13259000.0,0.0,13259000.0,1631258000.0,697629000.0,933629000.0,1629370870.0,29426000.0,0.0,-6614000.0,-5167000.0,0.0,-11781000.0,-7458000.0,0.0,48452000.0,213000.0,21916000.0,21916000.0,21916000.0,0.0,2279000.0,0.042,34802000.0,56039000.0,270284000.0,0.0,1.033,28.05,26.645,1685415000.0,0.0,20.25,0.672,0.673,819657000.0,-204851000.0,519431000.0,519431000.0,480000.0,,,,,4637000.0,36533000.0,1.0,80462679.0,80609915.0,94095104.0,6.444,3250163000.0,20083000.0,10771000.0,78309000.0,40.32,701338000.0
13,MDRIQ,MRQ,2016-12-31,2016-12-31,2016-12-31,2021-08-25,-66895000.0,3222230000.0,,1332383000.0,1889847000.0,,19.475,-30607000.0,612333000.0,612333000.0,582225000.0,247000.0,1.878,1.045,752520000.0,48125000.0,704395000.0,752520000.0,192486000.0,26245000.0,0.0,0.0,0.0,3973000.0,30218000.0,0.047,30218000.0,3973000.0,-13703000.0,0.01,0.0,0.01,1556190000.0,,1556190000.0,1937803452.0,14.0,8.142,21794000.0,0.273,1.0,59573000.0,0.093,0.0,17676000.0,2653074000.0,,0.0,17023000.0,0.0,17023000.0,1626762000.0,709343000.0,917419000.0,1783499452.0,11557000.0,-895000.0,-91000.0,-9989000.0,0.0,-10080000.0,-30625000.0,0.0,52401000.0,-139000.0,-593000.0,-593000.0,-593000.0,0.0,840000.0,-0.001,57609000.0,1964000.0,173203000.0,0.0,1.146,52.456,51.558,1687301000.0,0.0,22.17,0.677,0.673,817644000.0,-226767000.0,641798000.0,641798000.0,-199000.0,,,,,8989000.0,45614000.0,1.0,80446444.0,79907071.0,96867363.0,8.032,3222230000.0,21116000.0,-13110000.0,78815000.0,40.325,623040000.0
14,MDRIQ,MRQ,2016-09-30,2016-09-30,2016-09-30,2021-08-25,-67332000.0,3138372000.0,,1256917000.0,1881455000.0,,19.34,-26719000.0,600088000.0,600088000.0,455430000.0,16392000.0,2.003,0.993,754392000.0,50046000.0,704346000.0,754392000.0,84280000.0,27826000.0,0.0,0.0,0.0,49515000.0,77341000.0,0.138,77341000.0,49515000.0,32084000.0,0.21,0.18,0.21,1553032000.0,,1553032000.0,1379359017.0,9.0,5.21,23090000.0,0.288,1.0,103113000.0,0.185,0.0,17431000.0,2665138000.0,,0.0,17123000.0,0.0,17123000.0,1542069000.0,627538000.0,914531000.0,1205264017.0,17273000.0,0.0,-1337000.0,-4955000.0,0.0,-6292000.0,-25984000.0,0.0,49809000.0,-260000.0,16108000.0,16108000.0,16108000.0,0.0,284000.0,0.029,60058000.0,43055000.0,169108000.0,0.0,0.776,75.684,71.572,1690524000.0,0.0,15.03,0.453,0.453,745517000.0,-226291000.0,558543000.0,558543000.0,69000.0,,,,,4769000.0,46983000.0,1.0,80190473.0,80299882.0,94635690.0,6.956,3138372000.0,6932000.0,15976000.0,86799000.0,39.083,629379000.0
15,MDRIQ,MRQ,2016-06-30,2016-06-30,2016-06-30,2021-08-25,-65875000.0,3173928000.0,,1260777000.0,1913151000.0,,19.169,-138774000.0,582815000.0,582815000.0,595343000.0,21805000.0,1.906,1.027,756910000.0,52802000.0,704108000.0,756910000.0,101421000.0,24387000.0,0.0,0.0,0.0,53116000.0,77503000.0,0.11,77503000.0,53116000.0,40461000.0,0.27,0.21,0.27,1535683000.0,,1535683000.0,1230477068.0,10.0,5.175,-122264000.0,-1.526,1.0,111284000.0,0.157,0.0,12655000.0,2686703000.0,,0.0,27866000.0,0.0,27866000.0,1577468000.0,661320000.0,916148000.0,1187367068.0,-215014000.0,0.0,-372000.0,-92304000.0,0.0,-92676000.0,-138386000.0,0.0,16510000.0,-462000.0,20657000.0,20657000.0,20657000.0,0.0,1148000.0,0.029,54296000.0,56988000.0,215987000.0,0.0,0.773,340.904,247.0,1705645000.0,0.0,14.82,0.408,0.408,761603000.0,-242399000.0,706627000.0,706627000.0,99000.0,,,,,7758000.0,52075000.0,1.0,80119155.0,80112767.0,94969710.0,8.82,3173928000.0,13154000.0,19804000.0,80212000.0,39.618,599457000.0
16,MDRIQ,MRQ,2016-03-31,2016-03-31,2016-03-31,2021-08-25,-66489000.0,3371558000.0,,1530109000.0,1841449000.0,,18.947,-31900000.0,797829000.0,797829000.0,616002000.0,-2444000.0,1.955,1.193,840939000.0,25298000.0,815641000.0,840939000.0,138272000.0,24542000.0,0.0,0.0,0.0,28396000.0,52938000.0,0.073,52938000.0,28396000.0,17158000.0,-0.03,-0.03,-0.03,1510351000.0,,1510351000.0,1039845497.0,9.0,4.573,27380000.0,0.343,1.0,113030000.0,0.155,0.0,11238000.0,2631983000.0,,0.0,26844000.0,0.0,26844000.0,1801570000.0,782685000.0,1018885000.0,977607497.0,16184000.0,-4105000.0,-2200000.0,-4752000.0,0.0,-6952000.0,-36005000.0,0.0,59280000.0,-139000.0,-2172000.0,-2172000.0,-2172000.0,0.0,-272000.0,-0.003,77037000.0,35993000.0,298297000.0,0.0,0.647,-173.089,-204.5,1594119000.0,0.0,12.27,0.301,0.301,846079000.0,-263056000.0,729032000.0,729032000.0,31000.0,,,,,1484000.0,38328000.0,1.0,79674533.0,79712558.0,79712558.0,9.146,3371558000.0,13657000.0,19330000.0,76662000.0,42.296,747424000.0
17,MDRIQ,MRQ,2015-12-31,2015-12-31,2015-12-31,2021-08-25,-93955000.0,3387076000.0,,1527278000.0,1859798000.0,,18.696,-36733000.0,781645000.0,781645000.0,568618000.0,-18015000.0,1.853,1.238,843883000.0,24882000.0,819001000.0,843883000.0,164773000.0,42299000.0,0.0,0.0,0.0,14670000.0,56969000.0,0.085,56969000.0,14670000.0,2791000.0,-0.24,-0.24,-0.24,1486799000.0,,1486799000.0,884591934.0,11.0,4.372,23885000.0,0.3,1.0,98800000.0,0.148,0.0,11879000.0,2625108000.0,,0.0,26551000.0,0.0,26551000.0,1840355000.0,824206000.0,1016149000.0,800558934.0,-37325000.0,-78000.0,-1038000.0,-9104000.0,0.0,-9214000.0,-88524000.0,-54944000.0,60618000.0,-205000.0,-18668000.0,-18668000.0,-18668000.0,0.0,653000.0,-0.028,82523000.0,16277000.0,279821000.0,0.0,0.538,-44.518,-41.875,1610859000.0,0.0,10.05,0.261,0.26,866053000.0,-260884000.0,667418000.0,667418000.0,724000.0,,,,,3602000.0,73106000.0,1.0,79657526.0,79525309.0,79413508.0,8.393,3387076000.0,18822000.0,21459000.0,76346000.0,42.591,703072000.0
18,MDRIQ,MRQ,2015-09-30,2015-09-30,2015-09-30,2021-08-25,-104085000.0,3384209000.0,,1516940000.0,1867269000.0,,18.78,-18133000.0,767201000.0,767201000.0,720961000.0,7534000.0,1.809,1.226,851234000.0,27749000.0,823485000.0,851234000.0,97371000.0,24611000.0,0.0,0.0,0.0,25775000.0,50386000.0,0.063,50386000.0,25775000.0,12760000.0,0.06,0.03,0.06,1493574000.0,,1493574000.0,1110355223.0,11.0,5.587,2587000.0,0.033,1.0,84896000.0,0.105,0.0,13015000.0,2629630000.0,,0.0,29751000.0,0.0,29751000.0,1831366000.0,838612000.0,992754000.0,1027195223.0,54810000.0,-2177000.0,1448000.0,-4602000.0,0.0,-4093000.0,39409000.0,58911000.0,20720000.0,-1226000.0,3666000.0,3666000.0,3666000.0,0.0,3868000.0,0.005,50910000.0,33986000.0,303790000.0,0.0,0.688,115.936,107.5,1604308000.0,0.0,12.9,0.32,0.32,846020000.0,-242216000.0,805857000.0,805857000.0,0.0,,,,,3100000.0,44664000.0,1.0,79627457.0,79531313.0,93598958.0,10.133,3384209000.0,20251000.0,9094000.0,81708000.0,42.552,678328000.0
19,MDRIQ,MRQ,2015-06-30,2015-06-30,2015-06-30,2021-08-25,-94024000.0,3484539000.0,,1580948000.0,1903591000.0,,18.849,-24013000.0,771002000.0,771002000.0,925522000.0,13690000.0,1.685,1.29,854162000.0,27690000.0,826472000.0,854162000.0,113086000.0,26044000.0,0.0,0.0,0.0,41052000.0,67096000.0,0.064,67096000.0,41052000.0,28067000.0,0.15,0.12,0.15,1497425000.0,,1497425000.0,1335086133.0,24.0,8.68,-31540000.0,-0.397,1.0,121015000.0,0.116,0.0,12985000.0,2629266000.0,,0.0,29905000.0,0.0,29905000.0,1931733000.0,938433000.0,993300000.0,1274147133.0,-24061000.0,-87000.0,-445000.0,-8696000.0,0.0,-8834000.0,-7461000.0,6437000.0,-7527000.0,-239000.0,11526000.0,11526000.0,11526000.0,0.0,2164000.0,0.011,71902000.0,49113000.0,326765000.0,0.0,0.851,-50.848,-48.546,1617865000.0,0.0,16.02,0.452,0.452,896578000.0,-242553000.0,1046537000.0,1046537000.0,0.0,,,,,5613000.0,47793000.0,1.0,79534698.0,79443925.0,96563230.0,13.173,3484539000.0,24111000.0,16541000.0,91345000.0,43.862,642515000.0
20,MDRIQ,MRQ,2015-03-31,2015-03-31,2015-03-31,2021-08-25,-116690000.0,3460031000.0,,1545007000.0,1915024000.0,,18.418,-23972000.0,800400000.0,800400000.0,475459000.0,-12048000.0,1.637,1.336,861339000.0,27092000.0,834247000.0,861339000.0,162004000.0,25327000.0,0.0,0.0,0.0,2541000.0,27868000.0,0.051,27868000.0,2541000.0,-9638000.0,-0.18,-0.18,-0.18,1458090000.0,,1458090000.0,951844648.0,19.0,6.587,-42511000.0,-0.537,1.0,75004000.0,0.136,0.0,12179000.0,2576980000.0,,0.0,38357000.0,0.0,38357000.0,1948605000.0,943990000.0,1004615000.0,913191648.0,-64673000.0,-4696000.0,-1003000.0,-4706000.0,0.0,-6029000.0,-38996000.0,-10404000.0,-18539000.0,-1109000.0,-14507000.0,-14507000.0,-14507000.0,0.0,2459000.0,-0.026,61698000.0,13306000.0,374927000.0,0.0,0.626,-20.763,-20.211,1629419000.0,0.0,11.52,0.406,0.406,804645000.0,-254079000.0,550463000.0,550463000.0,0.0,,,,,4278000.0,51676000.0,1.0,79270029.0,79168160.0,79168160.0,6.953,3460031000.0,29680000.0,4869000.0,97520000.0,43.705,601017000.0
21,MDRIQ,MRQ,2014-12-31,2014-12-31,2014-12-31,2021-08-25,-97808000.0,3416879000.0,,1487381000.0,1929498000.0,,18.828,-104661000.0,852894000.0,852894000.0,718951000.0,12234000.0,1.734,1.262,864469000.0,23678000.0,840791000.0,864469000.0,199865000.0,24530000.0,0.0,0.0,0.0,28853000.0,53383000.0,0.066,53383000.0,28853000.0,18507000.0,0.09,0.09,0.09,1488204000.0,,1488204000.0,708576382.0,143.0,7.22,14597000.0,0.185,1.0,87449000.0,0.108,0.0,10346000.0,2570860000.0,,0.0,38186000.0,0.0,38186000.0,1877765000.0,857594000.0,1020171000.0,691551382.0,185291000.0,-2420000.0,-1380000.0,-9815000.0,0.0,-43951000.0,111038000.0,-1623000.0,119258000.0,-1054000.0,8175000.0,8175000.0,8175000.0,0.0,4059000.0,0.01,59299000.0,28150000.0,219384000.0,0.0,0.465,-9.1,-9.094,1657348000.0,0.0,8.73,0.301,0.3,718370000.0,-239572000.0,806400000.0,806400000.0,0.0,,,,,4178000.0,51475000.0,1.0,79215428.0,79043325.0,79043325.0,10.202,3416879000.0,24827000.0,10332000.0,94147000.0,43.228,629787000.0
22,MDRIQ,MRQ,2014-09-30,2014-09-30,2014-09-30,2021-08-25,-150164000.0,3527316000.0,,1646806000.0,1880510000.0,,18.907,-61569000.0,883266000.0,883266000.0,370271000.0,-25946000.0,1.868,1.296,900291000.0,27002000.0,873289000.0,900291000.0,200258000.0,22408000.0,0.0,0.0,0.0,-16941000.0,5467000.0,0.013,5467000.0,-16941000.0,-28788000.0,-0.39,-0.39,-0.39,1496374000.0,,1496374000.0,1309736051.0,-4.0,-5.382,-80956000.0,-1.023,1.0,44324000.0,0.107,0.0,11847000.0,2662583000.0,,0.0,46326000.0,0.0,46326000.0,1938623000.0,881758000.0,1056865000.0,1359266051.0,-120083000.0,2370000.0,0.0,-5230000.0,0.0,-6771000.0,-92865000.0,167819000.0,-19387000.0,-1060000.0,-30252000.0,-30252000.0,-30252000.0,0.0,4306000.0,-0.073,51587000.0,-7263000.0,292129000.0,0.0,0.908,-3.397,-3.385,1582395000.0,0.0,17.16,0.676,0.675,815928000.0,-165624000.0,414595000.0,414595000.0,0.0,,,,,4035000.0,51681000.0,1.0,79211229.0,79143052.0,79143052.0,5.239,3527316000.0,25012000.0,1464000.0,86551000.0,44.569,765048000.0
23,MDRIQ,MRQ,2014-06-30,2014-06-30,2014-06-30,2021-08-25,-119221000.0,3643199000.0,,1745883000.0,1897316000.0,,19.692,-117064000.0,953905000.0,953905000.0,432298000.0,-5698000.0,1.856,1.281,904375000.0,26285000.0,878090000.0,904375000.0,204536000.0,21645000.0,0.0,0.0,0.0,36136000.0,57781000.0,0.121,57781000.0,36136000.0,-2609000.0,-0.09,-0.09,-0.09,1558263000.0,,1558263000.0,1918498518.0,-5.0,-6.847,-187647000.0,-2.371,1.0,43785000.0,0.092,0.0,38745000.0,2653141000.0,,0.0,50330000.0,0.0,50330000.0,1995656000.0,940528000.0,1055128000.0,1921736518.0,495904000.0,-2370000.0,0.0,787647000.0,0.0,786507000.0,-220193000.0,-145337000.0,-70583000.0,173000.0,-7397000.0,-7397000.0,-7397000.0,0.0,1699000.0,-0.016,8938000.0,34847000.0,347910000.0,0.0,1.233,-4.429,-4.421,1553005000.0,0.0,24.27,0.841,0.841,884034000.0,-131940000.0,476083000.0,476083000.0,0.0,,,,,5965000.0,53444000.0,1.0,79181483.0,79131781.0,79131781.0,6.016,3643199000.0,27312000.0,4788000.0,92308000.0,46.04,805355000.0
24,MDRIQ,MRQ,2014-03-31,2014-03-31,2014-03-31,2021-08-25,-122742000.0,3023929000.0,,1257790000.0,1766139000.0,,16.722,-37893000.0,311416000.0,311416000.0,591493000.0,-45984000.0,0.911,1.221,308178000.0,258417000.0,49761000.0,308178000.0,278881000.0,24602000.0,0.0,0.0,0.0,-43092000.0,-18490000.0,-0.031,-18490000.0,-43092000.0,-43031000.0,-0.6,-0.6,-0.6,1320854000.0,,1320854000.0,1800694561.0,-3.0,-3.891,-60221000.0,-0.762,1.0,12318000.0,0.02,0.0,-61000.0,1639913000.0,,0.0,54334000.0,3248000.0,51086000.0,1612244000.0,1380778000.0,231466000.0,1854486561.0,149428000.0,0.0,0.0,218627000.0,0.0,214769000.0,-43049000.0,-11576000.0,-22328000.0,36000.0,-46520000.0,-46520000.0,-46520000.0,0.0,536000.0,-0.077,51650000.0,-39332000.0,423166000.0,0.0,1.404,-3.22,-3.218,1483604000.0,0.0,23.46,0.755,0.755,873285000.0,-121110000.0,603811000.0,603811000.0,0.0,,,,,4387000.0,51964000.0,1.0,79048794.0,78986974.0,78986974.0,7.644,3023929000.0,7092000.0,3489000.0,92368000.0,38.284,-122988000.0
25,MDRIQ,MRQ,2013-12-31,2013-12-31,2013-12-31,2021-08-25,-47710000.0,2807371000.0,,1080200000.0,1727171000.0,,17.035,-58565000.0,142354000.0,142354000.0,678938000.0,-309044000.0,0.964,1.013,88562000.0,39543000.0,49019000.0,88562000.0,278929000.0,24466000.0,0.0,0.0,0.0,-312590000.0,-288124000.0,-0.557,-288124000.0,-312590000.0,-312370000.0,-3.99,-3.99,-3.99,1349514000.0,,1349514000.0,1960396644.0,-4.0,-5.206,-147066000.0,-1.856,1.0,-161600000.0,-0.312,0.0,-220000.0,1632595000.0,,0.0,64047000.0,0.0,64047000.0,1367027000.0,1120984000.0,246043000.0,2167113644.0,-163668000.0,-46543000.0,-1038000.0,-10484000.0,0.0,-11739000.0,-63396000.0,-1064000.0,-88501000.0,-32000.0,-315928000.0,-315928000.0,-315928000.0,0.0,6884000.0,-0.611,142839000.0,-304439000.0,398739000.0,0.0,1.606,-4.259,-4.26,1478677000.0,0.0,27.48,0.815,0.815,962482000.0,-163578000.0,517338000.0,517338000.0,0.0,,,,,5608000.0,41840000.0,1.0,78861407.0,79219852.0,79219852.0,6.53,2807371000.0,23857000.0,3558000.0,94591000.0,35.438,-40784000.0
26,MDRIQ,MRQ,2013-09-30,2013-09-30,2013-09-30,2021-08-25,-129235000.0,3157281000.0,,1392227000.0,1765054000.0,,21.258,-80922000.0,300858000.0,300858000.0,686415000.0,-59047000.0,1.194,0.848,94141000.0,41037000.0,53104000.0,94141000.0,312268000.0,20796000.0,0.0,0.0,0.0,-52155000.0,-31359000.0,-0.046,-31359000.0,-52155000.0,-51792000.0,-0.81,-0.81,-0.81,1674121000.0,,1674121000.0,1401161659.0,-17.0,-805.265,-152550000.0,-1.937,1.0,441000.0,0.001,41202000.0,-363000.0,1743710000.0,,0.0,44035000.0,0.0,44035000.0,1418829000.0,1165652000.0,253177000.0,1757723659.0,-145341000.0,1517000.0,-45000.0,-1494000.0,0.0,-2739000.0,-71041000.0,9928000.0,-71628000.0,67000.0,-64070000.0,-64070000.0,-64070000.0,0.0,5023000.0,-0.093,49720000.0,-49279000.0,371674000.0,0.0,1.05,-10.68,-10.926,1471809000.0,0.0,22.29,0.56,0.559,1037830000.0,252816000.0,686856000.0,686856000.0,0.0,,,,,5382000.0,46443000.0,1.0,78856972.0,78752561.0,78752561.0,8.722,3116079000.0,11184000.0,12278000.0,47649000.0,39.568,226575000.0
27,MDRIQ,MRQ,2013-06-30,2013-06-30,2013-06-30,2021-08-25,-156673000.0,3195947000.0,,1509313000.0,1686634000.0,,21.66,-106826000.0,452197000.0,452197000.0,723259000.0,-146137000.0,1.302,0.839,95635000.0,42531000.0,53104000.0,95635000.0,301426000.0,19096000.0,0.0,0.0,0.0,-143949000.0,-124853000.0,-0.193,-124853000.0,-143949000.0,-143521000.0,-1.89,-1.89,-1.89,1705344000.0,,1705344000.0,1551955086.0,31.0,11.917,-16193000.0,-0.206,1.0,-76009000.0,-0.117,41202000.0,-428000.0,1638637000.0,,0.0,49719000.0,0.0,49719000.0,1430048000.0,1159546000.0,270502000.0,1934219086.0,-33824000.0,51000.0,45000.0,-5579000.0,0.0,-10645000.0,-113717000.0,-4599000.0,90633000.0,-95000.0,-149423000.0,-149423000.0,-149423000.0,0.0,3286000.0,-0.231,68066000.0,-144075000.0,434783000.0,0.0,1.134,-38.76,-40.9,1385957000.0,0.0,24.54,0.556,0.555,1008282000.0,316886000.0,647250000.0,647250000.0,0.0,,,,,6187000.0,52617000.0,1.0,78818955.0,78733067.0,78733067.0,8.221,3154745000.0,7722000.0,5902000.0,52638000.0,40.069,349767000.0
28,MDRIQ,MRQ,2013-03-31,2013-03-31,2013-03-31,2021-08-25,-100697000.0,3181018000.0,,1587344000.0,1593674000.0,,24.217,-37649000.0,483477000.0,483477000.0,712814000.0,24318000.0,1.635,0.637,101213000.0,44025000.0,57188000.0,101213000.0,206010000.0,20222000.0,0.0,0.0,0.0,47866000.0,68088000.0,0.084,68088000.0,47866000.0,47866000.0,0.27,0.27,0.27,1904561000.0,,1904561000.0,2036671356.0,7.0,5.677,-224764000.0,-2.858,1.0,94674000.0,0.117,41202000.0,0.0,1786457000.0,,0.0,54169000.0,0.0,54169000.0,1214130000.0,971095000.0,243035000.0,2592226356.0,-178612000.0,35621000.0,0.0,-1494000.0,0.0,-8709000.0,16999000.0,23623000.0,-187115000.0,213000.0,20553000.0,20553000.0,20553000.0,0.0,3765000.0,0.025,37510000.0,57164000.0,302250000.0,0.0,1.361,17.025,16.908,1327020000.0,0.0,32.97,0.697,0.697,1053147000.0,466309000.0,807488000.0,807488000.0,0.0,,,,,3923000.0,52226000.0,1.0,78623711.0,78646983.0,79733214.0,10.267,3139816000.0,6888000.0,27313000.0,86452000.0,39.923,616249000.0
29,MDRIQ,MRQ,2012-12-31,2012-12-31,2012-12-31,2021-08-25,-94413000.0,3333627000.0,,1789789000.0,1543838000.0,,24.007,-107026000.0,658263000.0,658263000.0,853048000.0,31591000.0,1.608,0.732,102708000.0,14146000.0,88562000.0,102708000.0,241696000.0,20484000.0,0.0,0.0,0.0,65900000.0,86384000.0,0.087,86384000.0,65900000.0,70556000.0,0.39,0.39,0.39,1887331000.0,,1887331000.0,2045422087.0,6.0,5.045,-6891000.0,-0.088,1.0,142905000.0,0.143,41202000.0,-4656000.0,1623859000.0,,0.0,83427000.0,19242000.0,64185000.0,1381522000.0,1113011000.0,268511000.0,2599004087.0,1353000.0,-5489000.0,-2683000.0,-5526000.0,0.0,-9974000.0,-88699000.0,18220000.0,100135000.0,-109000.0,28356000.0,28356000.0,28356000.0,0.0,3235000.0,0.028,72112000.0,70793000.0,400007000.0,0.0,1.377,13.365,13.277,1281791000.0,0.0,33.06,0.714,0.713,1064415000.0,445756000.0,995953000.0,995953000.0,0.0,,,,,15369000.0,72235000.0,1.0,78614685.0,78615595.0,79272708.0,12.669,3292425000.0,9765000.0,42200000.0,143601000.0,41.88,676778000.0
30,MDRIQ,MRQ,2012-09-30,2012-09-30,2012-09-30,2021-08-25,-80508000.0,3364043000.0,,1854521000.0,1509522000.0,,23.621,-47623000.0,661868000.0,661868000.0,889823000.0,54291000.0,1.578,0.776,108286000.0,14146000.0,94140000.0,108286000.0,307144000.0,20082000.0,0.0,0.0,0.0,80528000.0,100610000.0,0.098,100610000.0,80528000.0,80528000.0,0.63,0.63,0.63,1856709000.0,,1856709000.0,2323302021.0,9.0,6.491,-29161000.0,-0.371,1.0,138922000.0,0.135,41202000.0,0.0,1594185000.0,,0.0,94264000.0,28737000.0,65527000.0,1441352000.0,1175074000.0,266278000.0,2881606021.0,-5266000.0,184000.0,0.0,-1494000.0,0.0,-1500000.0,-24059000.0,23393000.0,18462000.0,1831000.0,50612000.0,50612000.0,50612000.0,0.0,3679000.0,0.049,51749000.0,87173000.0,375954000.0,0.0,1.552,18.455,18.515,1198836000.0,0.0,36.66,0.832,0.832,1111181000.0,405212000.0,1028745000.0,1028745000.0,0.0,,,,,0.0,51834000.0,1.0,78603468.0,78605656.0,79288921.0,13.087,3322841000.0,11580000.0,29916000.0,82596000.0,42.272,679447000.0
31,MDRIQ,MRQ,2012-06-30,2012-06-30,2012-06-30,2021-08-25,-110540000.0,3191042000.0,,1703710000.0,1487332000.0,,22.559,-86910000.0,668084000.0,668084000.0,759704000.0,53929000.0,1.56,0.765,109780000.0,14573000.0,95207000.0,109780000.0,353457000.0,22598000.0,0.0,0.0,0.0,81084000.0,103682000.0,0.117,103682000.0,81084000.0,81084000.0,0.66,0.66,0.66,1772255000.0,,1772255000.0,1902758936.0,9.0,6.162,-168584000.0,-2.146,1.0,129544000.0,0.146,41202000.0,0.0,1499295000.0,,0.0,118504000.0,48970000.0,69534000.0,1356482000.0,1092241000.0,264241000.0,2624314936.0,-144905000.0,-5000.0,0.0,17539000.0,0.0,16692000.0,-80455000.0,6376000.0,-81674000.0,532000.0,52739000.0,52739000.0,52739000.0,0.0,1190000.0,0.059,47511000.0,82033000.0,318743000.0,0.0,1.481,22.53,22.28,1188787000.0,0.0,33.42,0.792,0.792,935991000.0,354600000.0,889248000.0,889248000.0,0.0,,,,,0.0,47482000.0,1.0,78525204.0,78560326.0,79153509.0,11.319,3149840000.0,12316000.0,28345000.0,68392000.0,40.095,611469000.0
32,MDRIQ,MRQ,2012-03-31,2012-03-31,2012-03-31,2021-08-25,-99921000.0,3065394000.0,,1633459000.0,1431935000.0,,22.017,-44751000.0,813797000.0,813797000.0,597434000.0,65424000.0,1.588,0.74,92241000.0,10061000.0,82180000.0,92241000.0,358052000.0,23276000.0,0.0,0.0,0.0,91501000.0,114777000.0,0.158,114777000.0,91501000.0,91501000.0,0.81,0.78,0.81,1726167000.0,,1726167000.0,2511992009.0,11.0,8.116,128110000.0,1.634,1.0,130244000.0,0.179,41202000.0,0.0,1274268000.0,,0.0,125611000.0,54708000.0,70903000.0,1278067000.0,1028368000.0,249699000.0,3011073009.0,218111000.0,226000.0,0.0,-1494000.0,0.0,-19011000.0,64961000.0,51191000.0,172861000.0,-700000.0,62758000.0,62758000.0,62758000.0,-3497000.0,2666000.0,0.086,46385000.0,83859000.0,272746000.0,0.0,1.744,22.973,22.474,1141241000.0,0.0,38.43,0.92,0.92,709177000.0,301861000.0,727678000.0,727678000.0,0.0,,,,,0.0,46611000.0,1.0,78352069.0,78402672.0,79110797.0,9.281,3024192000.0,15097000.0,28743000.0,79712000.0,38.573,605091000.0
33,MDRIQ,MRQ,2011-12-31,2011-12-31,2011-12-31,2021-08-25,-102030000.0,2992814000.0,,1537185000.0,1455629000.0,,21.183,-50749000.0,592816000.0,592816000.0,726409000.0,-10749000.0,1.504,0.759,93735000.0,8941000.0,84794000.0,93735000.0,320438000.0,22491000.0,0.0,0.0,0.0,16389000.0,38880000.0,0.048,38880000.0,16389000.0,16804000.0,-0.12,-0.12,-0.12,1659638000.0,,1659638000.0,2376512980.0,11.0,7.71,116347000.0,1.485,1.0,89766000.0,0.11,41202000.0,-415000.0,1430755000.0,,0.0,181665000.0,109522000.0,72143000.0,1259102000.0,1021776000.0,237326000.0,2705305980.0,167265000.0,402000.0,-10092000.0,9466000.0,0.0,-4141000.0,4106000.0,54437000.0,167096000.0,204000.0,-9969000.0,-9969000.0,-9969000.0,19271000.0,-780000.0,-0.012,53292000.0,36474000.0,315514000.0,0.0,1.63,19.501,19.508,1101865000.0,0.0,34.53,0.785,0.784,786584000.0,239103000.0,816175000.0,816175000.0,0.0,,,,,9485000.0,48175000.0,1.0,78346460.0,78347026.0,78974625.0,10.417,2951612000.0,11931000.0,26773000.0,67368000.0,37.674,515409000.0
34,MDRIQ,MRQ,2011-09-30,2011-09-30,2011-09-30,2021-08-25,-142980000.0,2759801000.0,,1287763000.0,1472038000.0,,20.763,-90190000.0,417886000.0,417886000.0,802951000.0,16241000.0,1.621,0.651,89093000.0,6615000.0,82478000.0,89093000.0,103896000.0,19801000.0,0.0,0.0,0.0,31638000.0,51439000.0,0.058,51439000.0,31638000.0,31486000.0,0.15,0.15,0.15,1626051000.0,,1626051000.0,2147586635.0,8.0,6.332,-89552000.0,-1.144,1.0,76943000.0,0.087,41202000.0,152000.0,1595448000.0,,0.0,246451000.0,159086000.0,87365000.0,1058706000.0,794358000.0,264348000.0,2525530635.0,101694000.0,8483000.0,0.0,2458000.0,0.0,2760000.0,98654000.0,180680000.0,638000.0,-358000.0,10951000.0,10951000.0,10951000.0,-1187000.0,5290000.0,0.012,40235000.0,36708000.0,299535000.0,0.0,1.553,13.046,12.81,1083368000.0,0.0,32.28,0.797,0.798,632988000.0,249072000.0,879894000.0,879894000.0,0.0,,,,,8340000.0,48046000.0,1.0,78238169.0,78313316.0,78982475.0,11.236,2718599000.0,13102000.0,20535000.0,50003000.0,34.714,493405000.0
35,MDRIQ,MRQ,2011-06-30,2011-06-30,2011-06-30,2021-08-25,-129369000.0,2707297000.0,,1285345000.0,1421952000.0,,20.804,-77696000.0,459806000.0,459806000.0,703805000.0,71436000.0,1.711,0.621,81862000.0,7357000.0,74505000.0,81862000.0,92422000.0,19574000.0,0.0,0.0,0.0,84828000.0,104402000.0,0.123,104402000.0,84828000.0,84565000.0,0.87,0.84,0.87,1626704000.0,,1626704000.0,4295956298.0,17.0,12.688,-57487000.0,-0.735,1.0,145996000.0,0.172,41202000.0,263000.0,1536957000.0,,0.0,285144000.0,173469000.0,111675000.0,1010229000.0,751194000.0,259035000.0,4646425298.0,92688000.0,0.0,0.0,16778000.0,0.0,14360000.0,58074000.0,135685000.0,20209000.0,45000.0,67328000.0,67328000.0,67328000.0,-3610000.0,4108000.0,0.079,60341000.0,85655000.0,280450000.0,0.0,2.856,22.839,22.511,1020935000.0,0.0,59.43,1.538,1.538,575136000.0,238121000.0,849801000.0,849801000.0,0.0,,,,,0.0,60412000.0,1.0,78183083.0,78190932.0,79181479.0,10.868,2666095000.0,20170000.0,17237000.0,60070000.0,34.097,534151000.0
36,MDRIQ,MRQ,2011-03-31,2011-03-31,2011-03-31,2021-08-25,-148559000.0,2570351000.0,,1204837000.0,1365514000.0,,19.696,-63986000.0,415561000.0,415561000.0,747225000.0,74427000.0,1.671,0.63,65092000.0,8001000.0,57091000.0,65092000.0,62336000.0,20525000.0,0.0,0.0,0.0,92999000.0,113524000.0,0.126,113524000.0,92999000.0,92999000.0,0.9,0.9,0.9,1535263000.0,,1535263000.0,5393111570.0,20.0,15.665,-155909000.0,-2.0,1.0,152015000.0,0.169,41202000.0,0.0,1457687000.0,,0.0,374254000.0,257584000.0,116670000.0,966723000.0,720993000.0,245730000.0,5939140570.0,-194256000.0,0.0,0.0,9679000.0,0.0,9736000.0,-112069000.0,-48301000.0,-91923000.0,0.0,70420000.0,70420000.0,70420000.0,-1662000.0,4007000.0,0.078,55144000.0,96871000.0,281331000.0,0.0,3.868,27.996,27.598,964986000.0,0.0,76.17,2.123,2.122,457074000.0,170793000.0,899240000.0,899240000.0,0.0,,,,,0.0,55369000.0,1.0,77972097.0,77946947.0,78915114.0,11.537,2529149000.0,12426000.0,22579000.0,65341000.0,32.447,483844000.0
37,MDRIQ,MRQ,2010-12-31,2010-12-31,2010-12-31,2021-08-25,-163717000.0,2598688000.0,,1285638000.0,1313050000.0,,18.629,-50307000.0,601324000.0,601324000.0,421220000.0,47337000.0,1.486,0.75,55295000.0,8547000.0,46748000.0,55295000.0,250053000.0,19028000.0,0.0,0.0,0.0,50754000.0,69782000.0,0.129,69782000.0,50754000.0,50841000.0,0.6,0.54,0.6,1449028000.0,,1449028000.0,4459289051.0,18.0,13.854,152069000.0,1.955,1.0,118402000.0,0.219,41202000.0,-87000.0,1146450000.0,,0.0,330221000.0,209463000.0,120758000.0,1086421000.0,865007000.0,221414000.0,4830055051.0,-346948000.0,-34243000.0,-15715000.0,14528000.0,0.0,227511000.0,-182999000.0,-49012000.0,202376000.0,103000.0,44888000.0,44888000.0,44888000.0,592000.0,2449000.0,0.083,57042000.0,61360000.0,252974000.0,0.0,3.333,23.951,23.782,915569000.0,0.0,62.07,2.009,1.998,417797000.0,100373000.0,539622000.0,539622000.0,0.0,,,,,16458000.0,56852000.0,1.0,77816179.0,77783730.0,79013295.0,6.937,2557486000.0,10323000.0,5953000.0,45700000.0,32.879,420631000.0
38,MDRIQ,MRQ,2010-09-30,2010-09-30,2010-09-30,2021-08-25,-148166000.0,2348167000.0,,1109712000.0,1238455000.0,,18.206,-38939000.0,424799000.0,424799000.0,565996000.0,30650000.0,1.632,0.62,54033000.0,8567000.0,45466000.0,54033000.0,147182000.0,19601000.0,0.0,0.0,0.0,31280000.0,50881000.0,0.07,50881000.0,31280000.0,30888000.0,0.27,0.27,0.27,1412027000.0,,1412027000.0,2568789737.0,8.0,7.656,-40749000.0,-0.525,1.0,166099000.0,0.227,40633000.0,392000.0,1256628000.0,,1675000.0,322264000.0,216451000.0,105813000.0,875125000.0,680140000.0,194985000.0,3432766737.0,-261145000.0,4563000.0,0.0,-2477000.0,0.0,-242047000.0,-258542000.0,-205534000.0,-1810000.0,-203000.0,20803000.0,20803000.0,20803000.0,40030000.0,9847000.0,0.028,80435000.0,85664000.0,201388000.0,0.0,2.431,13.437,13.315,870660000.0,0.0,44.34,1.31,1.312,395347000.0,55485000.0,732095000.0,732095000.0,0.0,,,,,0.0,56099000.0,1.0,77419109.0,77556782.0,78757058.0,9.439,2307534000.0,12121000.0,10085000.0,57011000.0,29.753,429572000.0
39,MDRIQ,MRQ,2010-06-30,2010-06-30,2010-06-30,2021-08-25,-598441000.0,4714649000.0,,2218414000.0,2496235000.0,,25.736,-49204000.0,928262000.0,928262000.0,475839000.0,81520000.0,1.276,1.349,64285000.0,15067000.0,49218000.0,64285000.0,595410000.0,19036000.0,0.0,0.0,0.0,91056000.0,110092000.0,0.176,110092000.0,91056000.0,88939000.0,0.99,0.96,0.99,1988948000.0,,1988948000.0,4202745451.0,10.0,8.984,129123000.0,1.671,1.0,151305000.0,0.241,334649000.0,2117000.0,1777834000.0,,100636000.0,269423000.0,0.0,269423000.0,2683368000.0,1738189000.0,945179000.0,5006115451.0,172543000.0,0.0,0.0,-14992000.0,0.0,-19140000.0,-63338000.0,-40743000.0,178327000.0,-415000.0,76034000.0,76034000.0,76034000.0,2657000.0,5486000.0,0.121,52674000.0,98631000.0,425170000.0,0.0,2.517,14.19,14.157,1378075000.0,0.0,64.98,1.725,1.731,998924000.0,1087622000.0,627144000.0,627144000.0,0.0,,,,,0.0,52674000.0,1.0,77040789.0,77282304.0,78141104.0,8.115,4380000000.0,333528000.0,12905000.0,59617000.0,56.675,480225000.0
40,MDRIQ,MRQ,2010-03-31,2010-03-31,2010-03-31,2021-08-25,-596845000.0,4674960000.0,,2183853000.0,2491107000.0,,24.727,-48412000.0,872020000.0,872020000.0,379206000.0,68205000.0,1.237,1.438,68650000.0,13558000.0,55092000.0,68650000.0,578538000.0,18787000.0,0.0,0.0,0.0,72342000.0,91129000.0,0.18,91129000.0,72342000.0,72180000.0,0.78,0.78,0.78,1902531000.0,,1902531000.0,5308865118.0,11.0,10.097,-87131000.0,-1.132,1.0,125676000.0,0.249,325760000.0,162000.0,1781058000.0,,97874000.0,271717000.0,12000.0,271705000.0,2736771000.0,1764772000.0,971999000.0,6205071118.0,-60257000.0,0.0,0.0,-2176000.0,0.0,168000.0,-47126000.0,24910000.0,-38719000.0,435000.0,59941000.0,59941000.0,59941000.0,-8379000.0,8264000.0,0.119,51138000.0,74538000.0,366355000.0,0.0,3.261,16.802,16.825,1359568000.0,0.0,80.76,1.616,1.619,1034579000.0,1011588000.0,504882000.0,504882000.0,0.0,,,,,0.0,51138000.0,1.0,76833394.0,76941357.0,78250933.0,6.562,4349200000.0,373207000.0,12239000.0,71128000.0,56.526,419081000.0
41,MDRIQ,MRQ,2009-12-31,2009-12-31,2009-12-31,2021-08-25,-612997000.0,4849110000.0,,2357921000.0,2491189000.0,,23.541,3689000.0,969190000.0,969190000.0,614209000.0,94232000.0,1.174,1.669,72984000.0,16270000.0,56714000.0,72984000.0,689334000.0,-39004000.0,0.0,0.0,0.0,122441000.0,83437000.0,0.11,83437000.0,122441000.0,115157000.0,1.29,1.26,1.29,1807197000.0,,1807197000.0,4689020259.0,10.0,8.889,-8086000.0,-0.105,1.0,142589000.0,0.188,306497000.0,7284000.0,1637375000.0,,101494000.0,315650000.0,12000.0,315638000.0,3016010000.0,2009032000.0,1006978000.0,5526417259.0,-74542000.0,-7711000.0,-7244000.0,-109000.0,0.0,1748000.0,-55514000.0,-28502000.0,-11775000.0,-9001000.0,98702000.0,98702000.0,98702000.0,-25343000.0,-4470000.0,0.13,50974000.0,91615000.0,471858000.0,0.0,3.058,14.278,14.207,1337605000.0,0.0,72.03,1.684,1.679,1117667000.0,951647000.0,756798000.0,756798000.0,0.0,,,,,10529000.0,50709000.0,1.0,76723750.0,76768752.0,78166818.0,9.858,4542613000.0,376395000.0,16455000.0,64029000.0,59.173,348889000.0
42,MDRIQ,MRQ,2009-09-30,2009-09-30,2009-09-30,2021-08-25,-590565000.0,4735644000.0,,2362952000.0,2372692000.0,,22.421,-60821000.0,848513000.0,848513000.0,855235000.0,120016000.0,1.183,1.751,11116000.0,5288000.0,5828000.0,11116000.0,708086000.0,46958000.0,0.0,0.0,0.0,136177000.0,183135000.0,0.181,183135000.0,136177000.0,137407000.0,1.53,1.5,1.53,1718867000.0,,1718867000.0,5066865140.0,13.0,10.559,33567000.0,0.438,1.0,157239000.0,0.155,292369000.0,-1230000.0,1608769000.0,,116195000.0,327955000.0,16000.0,327939000.0,3010546000.0,1997109000.0,1013437000.0,5809717140.0,113164000.0,-8084000.0,371000.0,1362000.0,0.0,-1005000.0,7425000.0,76889000.0,94388000.0,12356000.0,118107000.0,118107000.0,118107000.0,-42051000.0,1909000.0,0.117,59054000.0,98185000.0,531398000.0,0.0,3.38,17.533,17.549,1189123000.0,0.0,75.81,2.57,2.571,1244472000.0,852945000.0,1012474000.0,1012474000.0,0.0,,,,,2693000.0,59175000.0,1.0,76635158.0,76663046.0,78104795.0,13.207,4443275000.0,369387000.0,19300000.0,69855000.0,57.958,365843000.0
43,MDRIQ,MRQ,2009-06-30,2009-06-30,2009-06-30,2021-08-25,-624660000.0,4610194000.0,,2265453000.0,2344741000.0,,20.317,-67998000.0,752528000.0,752528000.0,1275058000.0,97881000.0,1.1,1.965,9676000.0,3780000.0,5896000.0,9676000.0,816948000.0,35891000.0,0.0,0.0,0.0,132213000.0,168104000.0,0.107,168104000.0,132213000.0,137200000.0,1.2,1.2,1.2,1552751000.0,,1552751000.0,4063680645.0,12.0,9.496,61935000.0,0.81,1.0,289941000.0,0.185,299168000.0,-4987000.0,1508735000.0,,120130000.0,378217000.0,20187000.0,358030000.0,3051073000.0,2059439000.0,991634000.0,4641254645.0,142675000.0,2032000.0,182000.0,-620000.0,0.0,-1344000.0,10487000.0,77515000.0,129933000.0,3599000.0,92555000.0,92555000.0,92555000.0,0.0,5326000.0,0.059,151298000.0,138643000.0,487396000.0,0.0,2.989,15.532,15.504,1152719000.0,0.0,60.93,1.593,1.598,1201812000.0,734838000.0,1564999000.0,1564999000.0,0.0,,,,,-101000.0,153195000.0,1.0,76173478.0,76424404.0,77701905.0,20.478,4311026000.0,367586000.0,44645000.0,50608000.0,56.409,206014000.0
44,MDRIQ,MRQ,2009-03-31,2009-03-31,2009-03-31,2021-08-25,-665477000.0,4461269000.0,,2106301000.0,2354968000.0,,18.563,-61388000.0,587650000.0,587650000.0,1228622000.0,78415000.0,1.063,2.158,10076000.0,4161000.0,5915000.0,10076000.0,828610000.0,36022000.0,0.0,0.0,0.0,122526000.0,158548000.0,0.106,158548000.0,122526000.0,121570000.0,1.02,0.99,1.02,1412740000.0,,1412740000.0,2434476229.0,5.0,4.635,-88301000.0,-1.16,1.0,264641000.0,0.177,297525000.0,956000.0,1604170000.0,,113273000.0,472205000.0,81912000.0,390293000.0,3048529000.0,1982000000.0,1066529000.0,3056531229.0,-58025000.0,279000.0,160000.0,-4844000.0,0.0,-3607000.0,-21647000.0,40517000.0,-26913000.0,-5858000.0,77692000.0,77692000.0,77692000.0,0.0,723000.0,0.052,142635000.0,122006000.0,464875000.0,0.0,2.164,7.964,7.923,1103930000.0,0.0,40.17,0.973,0.973,1159432000.0,642283000.0,1493263000.0,1493263000.0,0.0,,,,,-134000.0,141394000.0,1.0,76089823.0,76104852.0,77528671.0,19.621,4163744000.0,389168000.0,43878000.0,40603000.0,54.711,124301000.0
45,MDRIQ,MRQ,2008-12-31,2008-12-31,2008-12-31,2021-08-25,-672415000.0,4601693000.0,,2216985000.0,2384708000.0,,17.338,-16063000.0,637185000.0,637185000.0,-1279378000.0,42905000.0,1.004,2.496,15130000.0,9021000.0,6109000.0,15130000.0,951895000.0,-22504000.0,0.0,0.0,0.0,-7399000.0,-29903000.0,0.017,-29903000.0,-7399000.0,-11684000.0,0.57,0.54,0.57,1316172000.0,,1316172000.0,1584568810.0,3.0,2.781,-13874000.0,-0.183,1.0,-530441000.0,0.293,298265000.0,4285000.0,1473028000.0,,128383000.0,520989000.0,131515000.0,389474000.0,3285180000.0,2208345000.0,1076835000.0,2252095810.0,166033000.0,24664000.0,1555000.0,-2653000.0,0.0,54337000.0,-132528000.0,151687000.0,2189000.0,2241000.0,43002000.0,43002000.0,43002000.0,-368653000.0,-97000.0,-0.024,-190724000.0,-339717000.0,551435000.0,0.0,1.711,5.246,5.228,1078859000.0,0.0,29.64,0.727,0.724,1164334000.0,564591000.0,-1809819000.0,-1809819000.0,0.0,,,,,-3382000.0,-202046000.0,1.0,75981564.0,75913117.0,76863209.0,-23.841,4303428000.0,432946000.0,-54686000.0,55709000.0,56.689,8640000.0
46,MDRIQ,MRQ,2008-09-30,2008-09-30,2008-09-30,2021-08-25,-299950000.0,4258885000.0,,2332889000.0,1925996000.0,,20.892,-68991000.0,682865000.0,682865000.0,1445749000.0,85798000.0,1.03,1.689,15338000.0,9331000.0,6007000.0,15338000.0,1044409000.0,31342000.0,0.0,0.0,0.0,99842000.0,131184000.0,0.079,131184000.0,99842000.0,99842000.0,1.14,1.11,1.14,1583926000.0,,1583926000.0,5072638376.0,7.0,6.175,-89636000.0,-1.182,1.0,219102000.0,0.132,175144000.0,0.0,1150712000.0,,120127000.0,607012000.0,226792000.0,380220000.0,2674959000.0,2265502000.0,409457000.0,5808316376.0,-64293000.0,-33721000.0,602000.0,2738000.0,0.0,6356000.0,-47448000.0,55245000.0,-20645000.0,-2556000.0,85571000.0,85571000.0,85571000.0,0.0,227000.0,0.051,139650000.0,79452000.0,472602000.0,0.0,3.667,10.632,10.558,1004235000.0,0.0,76.65,0.903,0.903,1159248000.0,521589000.0,1664851000.0,1664851000.0,0.0,,,,,-3016000.0,139512000.0,1.0,75777046.0,75813544.0,76821140.0,21.96,4083741000.0,197641000.0,14271000.0,57380000.0,53.866,67387000.0
47,MDRIQ,MRQ,2008-06-30,2008-06-30,2008-06-30,2021-08-25,-269997000.0,4432409000.0,,2594467000.0,1837942000.0,,19.996,-61107000.0,748666000.0,748666000.0,1432736000.0,177551000.0,1.061,1.931,12988000.0,6692000.0,6296000.0,12988000.0,1219977000.0,32406000.0,0.0,0.0,0.0,232955000.0,265361000.0,0.148,265361000.0,232955000.0,241141000.0,2.34,2.31,2.34,1512098000.0,,1512098000.0,13149132016.0,17.0,14.69,-94620000.0,-1.251,1.0,359910000.0,0.201,165288000.0,-8186000.0,1086816000.0,,116622000.0,654717000.0,299786000.0,354931000.0,2920311000.0,2444627000.0,475684000.0,14015940016.0,-121959000.0,92000.0,4622000.0,-1540000.0,0.0,1124000.0,-89017000.0,-26774000.0,-33513000.0,-553000.0,177539000.0,177539000.0,177539000.0,0.0,12000.0,0.099,138038000.0,221872000.0,481014000.0,0.0,9.269,23.316,23.18,972351000.0,0.0,185.67,2.3,2.304,1241295000.0,436018000.0,1792646000.0,1792646000.0,0.0,,,,,1958000.0,138055000.0,1.0,75488372.0,75620758.0,76802843.0,23.706,4267121000.0,220459000.0,63602000.0,61479000.0,56.428,149840000.0
48,MDRIQ,MRQ,2008-03-31,2008-03-31,2008-03-31,2021-08-25,-271634000.0,4452065000.0,,2722333000.0,1729732000.0,,17.59,-59286000.0,879947000.0,879947000.0,1188696000.0,123190000.0,1.045,2.365,13139000.0,6771000.0,6368000.0,13139000.0,1379739000.0,31311000.0,0.0,0.0,0.0,166510000.0,197821000.0,0.136,197821000.0,166510000.0,163570000.0,1.65,1.62,1.65,1322976000.0,,1322976000.0,11326313477.0,15.0,13.415,-112213000.0,-1.492,1.0,261730000.0,0.18,165212000.0,2940000.0,815373000.0,,108098000.0,618231000.0,348186000.0,270045000.0,3129089000.0,2604672000.0,524417000.0,12375285477.0,-200794000.0,11921000.0,2845000.0,-4549000.0,0.0,3642000.0,-151379000.0,-103194000.0,-52927000.0,-130000.0,123190000.0,123190000.0,123190000.0,0.0,0.0,0.085,115288000.0,146442000.0,453757000.0,0.0,9.354,21.599,21.414,930876000.0,0.0,164.46,2.164,2.163,1133900000.0,258479000.0,1450426000.0,1450426000.0,0.0,,,,,-5346000.0,126731000.0,1.0,75247921.0,75210648.0,76704209.0,19.285,4286853000.0,275137000.0,40380000.0,53267000.0,56.998,117661000.0
49,MDRIQ,MRQ,2007-12-31,2007-12-31,2007-12-31,2021-08-25,-281933000.0,4411486000.0,,2757500000.0,1653986000.0,,15.545,-51486000.0,1066180000.0,1066180000.0,1222842000.0,160078000.0,1.023,2.78,17208000.0,6599000.0,10609000.0,17208000.0,1463223000.0,28881000.0,0.0,0.0,0.0,198204000.0,227085000.0,0.149,227085000.0,198204000.0,194115000.0,2.13,2.1,2.13,1167005000.0,,1167005000.0,12474822781.0,16.0,14.439,306184000.0,4.079,1.0,303174000.0,0.199,158533000.0,4089000.0,507449000.0,,95208000.0,524402000.0,300092000.0,224310000.0,3244481000.0,2696532000.0,547949000.0,13291508781.0,265795000.0,2041000.0,2536000.0,-277000.0,0.0,-24098000.0,-67215000.0,-19690000.0,357670000.0,-562000.0,159985000.0,159985000.0,159985000.0,0.0,93000.0,0.105,131095000.0,172079000.0,455659000.0,0.0,11.389,21.867,21.702,913738000.0,0.0,177.09,2.36,2.343,1083363000.0,135289000.0,1526016000.0,1526016000.0,0.0,,,,,26357000.0,137086000.0,1.0,75055031.0,75070965.0,76587364.0,20.328,4252953000.0,295075000.0,34130000.0,57071000.0,56.652,60968000.0
50,MDRIQ,MRQ,2007-09-30,2007-09-30,2007-09-30,2021-08-25,-318209000.0,4194784000.0,,2492064000.0,1702720000.0,,13.198,-65784000.0,833894000.0,833894000.0,1067437000.0,140408000.0,0.954,3.248,17208000.0,6555000.0,10653000.0,17208000.0,1392893000.0,32606000.0,0.0,0.0,0.0,172217000.0,204823000.0,0.155,204823000.0,172217000.0,168741000.0,1.89,1.83,1.89,987551000.0,,987551000.0,11001452733.0,17.0,14.739,50125000.0,0.67,1.0,256581000.0,0.194,149229000.0,3476000.0,617138000.0,,94428000.0,407699000.0,248089000.0,159610000.0,3207233000.0,2611731000.0,595502000.0,12134881733.0,-328082000.0,-261456000.0,3107000.0,-3596000.0,0.0,6426000.0,-451467000.0,-123165000.0,115909000.0,1050000.0,140408000.0,140408000.0,140408000.0,0.0,0.0,0.106,113908000.0,142673000.0,462828000.0,0.0,12.288,21.165,20.88,895345000.0,0.0,162.24,2.242,2.242,1107978000.0,-23008000.0,1324018000.0,1324018000.0,0.0,,,,,-6915000.0,114538000.0,1.0,74795794.0,74826861.0,76288552.0,17.694,4045555000.0,350030000.0,28333000.0,42332000.0,54.066,-119667000.0
51,MDRIQ,MRQ,2007-06-30,2007-06-30,2007-06-30,2021-08-25,-340262000.0,4026423000.0,,2649847000.0,1376576000.0,,10.828,-70515000.0,1150513000.0,1150513000.0,1128552000.0,149374000.0,1.052,4.008,17084000.0,6461000.0,10623000.0,17084000.0,1397721000.0,17964000.0,0.0,0.0,0.0,196638000.0,214602000.0,0.151,214602000.0,196638000.0,191272000.0,2.01,1.98,2.01,804008000.0,,804008000.0,8717093079.0,14.0,12.556,698270000.0,9.404,1.0,289594000.0,0.204,127298000.0,5366000.0,245829000.0,,89744000.0,293600000.0,148500000.0,145100000.0,3222415000.0,2519867000.0,702548000.0,9249342079.0,378627000.0,-70622000.0,7105000.0,-250126000.0,0.0,-229482000.0,-164843000.0,-22585000.0,768785000.0,4167000.0,149374000.0,149374000.0,149374000.0,0.0,0.0,0.105,115110000.0,174484000.0,426549000.0,0.0,11.504,17.269,17.103,612214000.0,0.0,124.68,1.776,1.778,1050336000.0,-163416000.0,1418146000.0,1418146000.0,0.0,,,,,-13535000.0,115225000.0,1.0,74184575.0,74254581.0,75967747.0,19.098,3899125000.0,416192000.0,41898000.0,44315000.0,52.51,129980000.0
52,MDRIQ,MRQ,2007-03-31,2007-03-31,2007-03-31,2021-08-25,-355591000.0,3864807000.0,,2631732000.0,1233075000.0,,8.274,-45504000.0,799614000.0,799614000.0,1082066000.0,158061000.0,1.03,5.324,267365000.0,256461000.0,10904000.0,267365000.0,1269457000.0,16538000.0,0.0,0.0,0.0,200926000.0,217464000.0,0.159,217464000.0,200926000.0,191337000.0,2.13,2.07,2.13,611144000.0,,611144000.0,4993747054.0,10.0,8.658,29080000.0,0.394,1.0,281364000.0,0.206,89201000.0,9589000.0,689444000.0,,85548000.0,239833000.0,120575000.0,119258000.0,3253663000.0,2553913000.0,699750000.0,5428530054.0,84211000.0,2203000.0,2471000.0,-5375000.0,0.0,3880000.0,4844000.0,47978000.0,74584000.0,903000.0,158061000.0,158061000.0,158061000.0,0.0,0.0,0.116,96127000.0,185237000.0,388986000.0,0.0,8.883,12.53,12.4,539949000.0,0.0,73.47,1.122,1.122,1143072000.0,-312791000.0,1363430000.0,1363430000.0,0.0,,,,,-6784000.0,97762000.0,1.0,73887636.0,73863135.0,76146061.0,18.459,3775606000.0,720048000.0,33276000.0,53669000.0,51.116,77819000.0
53,MDRIQ,MRQ,2006-12-31,2006-12-31,2006-12-31,2021-08-25,-365611000.0,3633762000.0,,2153474000.0,1480288000.0,,6.105,-30957000.0,707517000.0,707517000.0,1117878000.0,125511000.0,0.875,7.201,272734000.0,257492000.0,15242000.0,272734000.0,1116118000.0,18937000.0,0.0,0.0,0.0,90592000.0,109529000.0,0.084,109529000.0,90592000.0,82647000.0,1.74,1.65,1.74,443101000.0,,443101000.0,4991602994.0,13.0,10.921,-362480000.0,-4.994,1.0,190166000.0,0.145,89226000.0,7945000.0,648479000.0,,77769000.0,346886000.0,172171000.0,174715000.0,3190661000.0,2461274000.0,729387000.0,5619866994.0,30524000.0,196000.0,1843000.0,246343000.0,0.0,251267000.0,113387000.0,144729000.0,-331523000.0,-2607000.0,125511000.0,125511000.0,125511000.0,0.0,0.0,0.096,115691000.0,74475000.0,407094000.0,0.0,12.683,17.003,16.73,513494000.0,0.0,76.29,1.364,1.344,976322000.0,-458886000.0,1308044000.0,1308044000.0,0.0,,,,,-1987000.0,115598000.0,1.0,73664456.0,72584079.0,,18.021,3544536000.0,740361000.0,-42864000.0,58557000.0,48.834,-307800000.0
54,MDRIQ,MRQ,2006-09-30,2006-09-30,2006-09-30,2021-08-25,-360895000.0,3511477000.0,,2055475000.0,1456002000.0,,3.309,-37361000.0,654323000.0,654323000.0,900351000.0,102667000.0,1.098,13.472,26059000.0,10807000.0,15252000.0,26059000.0,989774000.0,16109000.0,0.0,0.0,0.0,136556000.0,152665000.0,0.137,152665000.0,136556000.0,131564000.0,1.41,1.35,1.41,242641000.0,,242641000.0,4103243843.0,11.0,9.62,191045000.0,2.606,1.0,217909000.0,0.195,88801000.0,4992000.0,922570000.0,,73601000.0,458718000.0,316749000.0,141969000.0,3268836000.0,1871842000.0,1396994000.0,4597114843.0,133694000.0,-33000.0,4481000.0,-173000.0,0.0,11231000.0,-106130000.0,-68673000.0,228406000.0,187000.0,102667000.0,102667000.0,102667000.0,0.0,0.0,0.092,104119000.0,113790000.0,365248000.0,0.0,18.946,18.474,18.174,489022000.0,0.0,62.7,1.433,1.433,914927000.0,-654614000.0,1118260000.0,1118260000.0,0.0,,,,,-4963000.0,104091000.0,1.0,73319143.0,73319143.0,,15.252,3422676000.0,345373000.0,28897000.0,34118000.0,46.682,183633000.0
55,MDRIQ,MRQ,2006-06-30,2006-06-30,2006-06-30,2021-08-25,-362409000.0,3181059000.0,,1701338000.0,1479721000.0,,2.575,-35349000.0,521616000.0,521616000.0,842803000.0,47014000.0,1.039,24.457,27745000.0,12406000.0,15339000.0,27745000.0,852415000.0,14260000.0,0.0,0.0,0.0,82890000.0,97150000.0,0.093,97150000.0,82890000.0,75782000.0,0.645,0.615,0.645,124960000.0,,124960000.0,3158501406.0,10.0,8.735,155073000.0,3.195,1.0,206127000.0,0.197,88791000.0,7108000.0,960750000.0,,68164000.0,390391000.0,238270000.0,152121000.0,3056099000.0,1637647000.0,1418452000.0,3309940406.0,204194000.0,20675000.0,3976000.0,-241208000.0,0.0,-221804000.0,233946000.0,249437000.0,190422000.0,1630000.0,47014000.0,47014000.0,47014000.0,-13786000.0,0.0,0.045,100756000.0,105371000.0,307195000.0,0.0,26.488,16.172,23.56,467875000.0,0.0,68.205,1.279,1.279,773051000.0,-756339000.0,1048930000.0,1048930000.0,0.0,,,,,-8245000.0,101841000.0,1.0,48529244.0,48529244.0,,21.614,3092268000.0,518860000.0,28768000.0,54737000.0,63.72,63691000.0
56,MDRIQ,MRQ,2006-03-31,2006-03-31,2006-03-31,2021-08-25,-371599000.0,3160460000.0,,1764218000.0,1396242000.0,,1.045,-29037000.0,373731000.0,373731000.0,501726000.0,55323000.0,1.186,61.947,222292000.0,12007000.0,210285000.0,222292000.0,753807000.0,11694000.0,0.0,0.0,0.0,86020000.0,97714000.0,0.152,97714000.0,86020000.0,75717000.0,0.78,0.735,0.78,50208000.0,,50208000.0,3960419366.0,14.0,11.959,111800000.0,2.328,1.0,143181000.0,0.222,88236000.0,10303000.0,1433604000.0,,65365000.0,582141000.0,455222000.0,126919000.0,3110252000.0,1487181000.0,1623071000.0,3922732366.0,213168000.0,165074000.0,9347000.0,-3747000.0,0.0,2999000.0,69192000.0,-65113000.0,140837000.0,140000.0,55323000.0,55323000.0,55323000.0,892000.0,0.0,0.086,83000000.0,60181000.0,280698000.0,0.0,78.13,16.442,23.674,444910000.0,0.0,81.675,1.915,1.915,753306000.0,-801783000.0,644907000.0,644907000.0,0.0,,,,,-4918000.0,66994000.0,1.0,48028509.0,48028509.0,,13.428,3072224000.0,539257000.0,20394000.0,25764000.0,63.967,277037000.0
57,MDRIQ,MRQ,2005-12-31,2005-12-31,2005-12-31,2021-08-25,-420852000.0,1668286000.0,,1002629000.0,665657000.0,,-1.218,-34425000.0,174235000.0,174235000.0,281924000.0,43832000.0,1.304,-21.028,212111000.0,4250000.0,207861000.0,212111000.0,314467000.0,13149000.0,0.0,0.0,0.0,65866000.0,79015000.0,0.2,79015000.0,65866000.0,61830000.0,0.615,0.57,0.615,-83298000.0,,-83298000.0,2901990680.0,12.0,9.986,40401000.0,0.591,1.0,113970000.0,0.288,12926000.0,4036000.0,924548000.0,,319000.0,500506000.0,384202000.0,116304000.0,1751584000.0,768688000.0,982896000.0,3156373680.0,-354824000.0,1860000.0,27159000.0,-54250000.0,0.0,-29694000.0,-399956000.0,-365731000.0,74826000.0,0.0,43832000.0,43832000.0,43832000.0,748000.0,0.0,0.111,57884000.0,56086000.0,122399000.0,0.0,-37.893,15.346,22.305,317733000.0,0.0,66.915,1.716,2.487,395595000.0,-862931000.0,395894000.0,395894000.0,0.0,,,,,0.0,65828000.0,1.0,47169850.0,68379153.0,,5.79,1655360000.0,138700000.0,17998000.0,49696000.0,24.209,233941000.0
58,MDRIQ,MRQ,2005-09-30,2005-09-30,2005-09-30,2021-08-25,-332389000.0,1627152000.0,,1014783000.0,612369000.0,,-1.163,-10388000.0,518900000.0,518900000.0,379922000.0,58500000.0,1.316,-31.435,264517000.0,4250000.0,260267000.0,264517000.0,284214000.0,10077000.0,0.0,0.0,0.0,77620000.0,87697000.0,0.176,87697000.0,77620000.0,68455000.0,0.855,0.795,0.855,-53464000.0,,-53464000.0,2364961970.0,10.0,8.292,95472000.0,2.076,1.0,118315000.0,0.237,12926000.0,9165000.0,588662000.0,,0.0,144313000.0,59767000.0,84546000.0,1680616000.0,771181000.0,909435000.0,2525428970.0,112709000.0,6673000.0,28864000.0,-9000.0,0.0,33027000.0,-26178000.0,-22685000.0,105860000.0,0.0,58500000.0,58500000.0,58500000.0,238000.0,0.0,0.117,57063000.0,61252000.0,151118000.0,0.0,-47.236,12.36,17.859,306250000.0,0.0,54.915,1.324,1.324,407006000.0,-899053000.0,498237000.0,498237000.0,0.0,,,,,0.0,57063000.0,1.0,45987917.0,45987917.0,,10.834,1614226000.0,18510000.0,9955000.0,32182000.0,35.101,243602000.0
59,MDRIQ,MRQ,2005-06-30,2005-06-30,2005-06-30,2021-08-25,-331849000.0,1488570000.0,,845159000.0,643411000.0,,-3.076,-5078000.0,424892000.0,424892000.0,412837000.0,80919000.0,1.171,-11.636,264425000.0,4250000.0,260175000.0,264425000.0,255739000.0,10521000.0,0.0,0.0,0.0,56230000.0,66751000.0,0.131,66751000.0,56230000.0,47307000.0,1.2,1.125,1.2,-139954000.0,,-139954000.0,1216162815.0,6.0,4.926,-2904000.0,-0.064,1.0,96813000.0,0.19,12926000.0,8923000.0,593438000.0,,0.0,102720000.0,42651000.0,60069000.0,1628524000.0,721739000.0,906785000.0,1433239815.0,-62951000.0,2584000.0,2993000.0,-13100000.0,0.0,-9624000.0,-55501000.0,-48350000.0,2174000.0,0.0,80919000.0,80919000.0,80919000.0,-220000.0,0.0,0.159,50400000.0,46413000.0,135485000.0,0.0,-10.241,8.735,11.932,306342000.0,0.0,31.5,0.771,0.771,395232000.0,-957553000.0,509650000.0,509650000.0,0.0,,,,,0.0,50400000.0,1.0,45499631.0,45499631.0,,11.201,1475644000.0,18813000.0,-33612000.0,26151000.0,32.432,123420000.0
60,MDRIQ,MRQ,2005-03-31,2005-03-31,2005-03-31,2021-08-25,-328988000.0,1449844000.0,,809248000.0,640596000.0,,-5.16,-17704000.0,492642000.0,492642000.0,361424000.0,22436000.0,1.044,-7.248,275565000.0,14250000.0,261315000.0,275565000.0,267256000.0,10519000.0,0.0,0.0,0.0,46618000.0,57137000.0,0.131,57137000.0,46618000.0,36922000.0,0.51,0.48,0.51,-232051000.0,,-232051000.0,1119707155.0,6.0,5.005,54383000.0,1.209,1.0,74535000.0,0.171,12926000.0,9696000.0,444329000.0,,0.0,44614000.0,0.0,44614000.0,1681895000.0,775512000.0,906383000.0,1276959155.0,65010000.0,6106000.0,1935000.0,-574000.0,0.0,2088000.0,-9121000.0,2477000.0,72087000.0,-44000.0,22436000.0,22436000.0,22436000.0,-870000.0,0.0,0.051,47089000.0,27446000.0,189003000.0,0.0,-5.503,13.45,16.605,311655000.0,0.0,28.395,0.69,0.69,395042000.0,-1038472000.0,435959000.0,435959000.0,0.0,,,,,0.0,47089000.0,1.0,44971223.0,44971223.0,,9.694,1436918000.0,10480000.0,14486000.0,17157000.0,31.952,33736000.0
61,MDRIQ,MRQ,2004-12-31,2004-12-31,2004-12-31,2021-08-25,-327526000.0,1386932000.0,,799923000.0,587009000.0,,-5.86,-18066000.0,437272000.0,437272000.0,386624000.0,42466000.0,1.079,-6.305,280020000.0,12009000.0,268011000.0,280020000.0,217053000.0,11272000.0,0.0,0.0,0.0,62342000.0,73614000.0,0.159,73614000.0,62342000.0,52051000.0,0.51,0.48,0.51,-261443000.0,,-261443000.0,1137247762.0,8.0,6.389,47905000.0,1.074,1.0,76948000.0,0.166,12926000.0,10291000.0,475063000.0,,0.0,41884000.0,0.0,41884000.0,1648375000.0,741691000.0,906684000.0,1228624762.0,56041000.0,14978000.0,2316000.0,-368000.0,0.0,2272000.0,-12222000.0,-9132000.0,65971000.0,20000.0,42466000.0,42466000.0,42466000.0,3204000.0,0.0,0.092,13723000.0,63225000.0,169415000.0,0.0,-4.699,19.933,29.143,307089000.0,0.0,27.54,0.642,0.642,406059000.0,-1060908000.0,463572000.0,463572000.0,0.0,,,,,0.0,59439000.0,1.0,44612329.0,44612329.0,,10.391,1374006000.0,41657000.0,9585000.0,18612000.0,30.799,58232000.0
62,MDRIQ,MRQ,2004-09-30,2004-09-30,2004-09-30,2021-08-25,-353523000.0,1244810000.0,,646083000.0,598727000.0,,-7.604,-9467000.0,371429000.0,371429000.0,384710000.0,18255000.0,0.951,-4.678,280052000.0,11998000.0,268054000.0,280052000.0,203861000.0,9595000.0,0.0,0.0,0.0,39796000.0,49391000.0,0.11,49391000.0,39796000.0,30705000.0,0.42,0.405,0.42,-338421000.0,,-338421000.0,764884668.0,170.0,16.83,3505000.0,0.079,1.0,65477000.0,0.145,12926000.0,9091000.0,461173000.0,,0.0,42364000.0,0.0,42364000.0,1583231000.0,679334000.0,903897000.0,787802668.0,68584000.0,67605000.0,203000.0,-3400000.0,0.0,-3293000.0,58905000.0,765000.0,12972000.0,0.0,18255000.0,18255000.0,18255000.0,0.0,0.0,0.041,33815000.0,31662000.0,159754000.0,0.0,-2.328,-12.4,-11.8,301675000.0,0.0,17.7,0.388,0.388,308549000.0,-1103374000.0,450187000.0,450187000.0,0.0,,,,,0.0,49659000.0,1.0,44508581.0,44508581.0,,10.115,1231884000.0,5777000.0,12450000.0,21615000.0,27.677,-33251000.0
63,MDRIQ,MRQ,2004-06-30,2004-06-30,2004-06-30,2021-08-25,-353680000.0,1246236000.0,,663584000.0,582652000.0,,-8.157,-4456000.0,303002000.0,303002000.0,426804000.0,11785000.0,0.952,-4.45,280084000.0,11988000.0,268096000.0,280084000.0,160966000.0,10500000.0,0.0,0.0,0.0,33085000.0,43585000.0,0.087,43585000.0,33085000.0,24872000.0,0.27,0.255,0.27,-361184000.0,,-361184000.0,675797420.0,-46.0,23.976,19314000.0,0.436,1.0,73013000.0,0.146,12926000.0,8213000.0,513190000.0,,0.0,42820000.0,0.0,42820000.0,1607420000.0,697202000.0,910218000.0,674816420.0,2873000.0,4678000.0,81000.0,-14150000.0,0.0,-14392000.0,-6501000.0,-6723000.0,23770000.0,-4000.0,11785000.0,11785000.0,11785000.0,0.0,0.0,0.024,45526000.0,27487000.0,200937000.0,0.0,-1.868,-9.64,-9.236,348177000.0,0.0,15.24,0.303,0.303,336636000.0,-1121629000.0,499817000.0,499817000.0,0.0,,,,,0.0,45526000.0,1.0,44279248.0,44279248.0,,11.288,1233310000.0,3440000.0,13087000.0,28474000.0,27.853,-33618000.0
64,MDRIQ,MRQ,2004-03-31,2004-03-31,2004-03-31,2021-08-25,-354035000.0,1204952000.0,,654841000.0,550111000.0,,-8.513,-3655000.0,293285000.0,293285000.0,465568000.0,-10867000.0,0.974,-4.208,294266000.0,16127000.0,278139000.0,294266000.0,157017000.0,8926000.0,0.0,0.0,0.0,2479000.0,11405000.0,0.023,11405000.0,2479000.0,-5992000.0,-0.255,-0.255,-0.255,-375570000.0,,-375570000.0,516857797.0,-5.0,-9.455,-41062000.0,-0.931,1.0,33766000.0,0.068,12926000.0,8471000.0,520480000.0,,0.0,42817000.0,0.0,42817000.0,1580522000.0,672527000.0,907995000.0,555228797.0,-42969000.0,1923000.0,200000.0,-22600000.0,0.0,-22934000.0,17362000.0,19095000.0,-37407000.0,10000.0,-10867000.0,-10867000.0,-10867000.0,0.0,0.0,-0.022,43592000.0,-9826000.0,223520000.0,0.0,-1.478,-3.92,-3.779,356184000.0,0.0,12.585,0.239,0.239,339481000.0,-1133414000.0,499334000.0,499334000.0,0.0,,,,,0.0,43592000.0,1.0,44118255.0,44118255.0,,11.318,1192026000.0,3961000.0,4875000.0,12660000.0,27.019,-17686000.0
65,MDRIQ,MRQ,2003-12-31,2003-12-31,2003-12-31,2021-08-25,-351795000.0,1248874000.0,,698527000.0,550347000.0,,-8.254,-8526000.0,355270000.0,355270000.0,608404000.0,-82707000.0,0.966,-4.439,316899000.0,37217000.0,279682000.0,316899000.0,176105000.0,11923000.0,0.0,0.0,0.0,-70856000.0,-58933000.0,-0.101,-58933000.0,-70856000.0,-78218000.0,-1.935,-1.935,-1.935,-363177000.0,,-363177000.0,703528331.0,-13.0,-67.375,-40816000.0,-0.928,1.0,-26586000.0,-0.046,12926000.0,7362000.0,474746000.0,,0.0,42800000.0,0.0,42800000.0,1612051000.0,722831000.0,889220000.0,788718331.0,64418000.0,3151000.0,-256000.0,219825000.0,0.0,219628000.0,-122938000.0,-117561000.0,-32290000.0,18000.0,-82707000.0,-82707000.0,-82707000.0,1336000.0,0.0,-0.142,43306000.0,-69892000.0,188802000.0,0.0,-2.172,-8.282,-8.02,363762000.0,0.0,17.925,0.338,0.338,323070000.0,-1122547000.0,581818000.0,581818000.0,0.0,,,,,0.0,46071000.0,1.0,44000979.0,44000979.0,,13.223,1235948000.0,4168000.0,4489000.0,14727000.0,28.089,-24304000.0
66,MDRIQ,MRQ,2003-09-30,2003-09-30,2003-09-30,2021-08-25,-486836000.0,1124123000.0,,613120000.0,511003000.0,,-9.59,-6804000.0,171424000.0,171424000.0,600353000.0,11784000.0,0.859,-3.676,86234000.0,505000.0,85729000.0,86234000.0,208810000.0,11404000.0,0.0,0.0,0.0,20725000.0,32129000.0,0.05,32129000.0,20725000.0,16924000.0,0.27,0.27,0.27,-420052000.0,,-420052000.0,285783657.0,-2.0,-2.888,-18533000.0,-0.423,1.0,44981000.0,0.07,12926000.0,3801000.0,312310000.0,,0.0,44591000.0,0.0,44591000.0,1544175000.0,713697000.0,830478000.0,375170657.0,-13957000.0,18569000.0,-15000.0,-13248000.0,0.0,-13086000.0,10868000.0,-893000.0,-11729000.0,-10000.0,11784000.0,11784000.0,11784000.0,-1649000.0,0.0,0.018,43052000.0,1929000.0,225315000.0,0.0,-0.893,-1.904,-1.818,352302000.0,0.0,8.565,0.171,0.171,405861000.0,-1039840000.0,645334000.0,645334000.0,0.0,,,,,0.0,44369000.0,1.0,43802718.0,43802718.0,,14.733,1111197000.0,2123000.0,5140000.0,9875000.0,25.368,-100577000.0
67,MDRIQ,MRQ,2003-06-30,2003-06-30,2003-06-30,2021-08-25,-485582000.0,1139610000.0,,626304000.0,513306000.0,,-9.929,-10832000.0,181465000.0,181465000.0,578578000.0,-59852000.0,0.862,-3.632,92078000.0,6221000.0,85857000.0,92078000.0,243805000.0,11789000.0,0.0,0.0,0.0,-51057000.0,-39268000.0,-0.066,-39268000.0,-51057000.0,-55228000.0,-1.41,-1.41,-1.41,-433010000.0,,-433010000.0,335468977.0,-1.0,-0.7,-5970000.0,-0.137,1.0,16897000.0,0.028,12926000.0,4171000.0,311088000.0,,0.0,47089000.0,0.0,47089000.0,1572620000.0,726209000.0,846411000.0,414090977.0,-463000.0,1314000.0,-274000.0,-9794000.0,0.0,-9397000.0,4079000.0,13628000.0,4862000.0,-7000.0,-59852000.0,-59852000.0,-59852000.0,-695000.0,0.0,-0.101,36052000.0,-19155000.0,203828000.0,0.0,-0.956,-0.732,-0.697,356036000.0,0.0,9.495,0.209,0.209,385665000.0,-1051624000.0,595475000.0,595475000.0,0.0,,,,,0.0,36052000.0,1.0,43611434.0,43611434.0,,13.654,1126684000.0,2241000.0,4624000.0,22967000.0,25.835,-99905000.0
68,MDRIQ,MRQ,2003-03-31,2003-03-31,2003-03-31,2021-08-25,-486397000.0,1221831000.0,,697355000.0,524476000.0,,-8.718,-9895000.0,180608000.0,180608000.0,465507000.0,35546000.0,0.857,-4.243,101986000.0,16005000.0,85981000.0,101986000.0,312526000.0,9388000.0,0.0,0.0,0.0,46242000.0,55630000.0,0.108,55630000.0,46242000.0,42583000.0,0.84,0.825,0.84,-376783000.0,,-376783000.0,154515675.0,0.0,-0.233,-68284000.0,-1.58,1.0,47230000.0,0.092,12926000.0,3659000.0,316667000.0,,0.0,62002000.0,0.0,62002000.0,1598614000.0,813616000.0,784998000.0,188011675.0,-4725000.0,1063000.0,545000.0,-39581000.0,0.0,-37567000.0,91230000.0,100430000.0,-58389000.0,1000.0,35546000.0,35546000.0,35546000.0,-2211000.0,0.0,0.069,41183000.0,6047000.0,201617000.0,0.0,-0.499,-0.254,-0.243,356853000.0,0.0,4.35,0.102,0.102,472999000.0,-991772000.0,512737000.0,512737000.0,0.0,,,,,0.0,41183000.0,1.0,43221031.0,43221031.0,,11.863,1208905000.0,3404000.0,7037000.0,26499000.0,27.97,-116261000.0
69,MDRIQ,MRQ,2002-12-31,2002-12-31,2002-12-31,2021-08-25,-486426000.0,1278171000.0,,749284000.0,528887000.0,,-9.804,-22694000.0,174341000.0,174341000.0,477503000.0,-184529000.0,0.817,-4.067,141681000.0,55577000.0,86104000.0,141681000.0,329031000.0,10386000.0,0.0,0.0,0.0,-157840000.0,-147454000.0,-0.333,-147454000.0,-157840000.0,-160447000.0,-4.41,-4.41,-4.41,-416757000.0,,-416757000.0,271107945.0,0.0,-0.384,-4217000.0,-0.099,1.0,-35105000.0,-0.079,12926000.0,2607000.0,315536000.0,,0.0,173227000.0,108269000.0,64958000.0,1694928000.0,917049000.0,777879000.0,279287945.0,53049000.0,2474000.0,52000.0,60082000.0,0.0,60200000.0,-25698000.0,-5527000.0,18477000.0,70000.0,-184529000.0,-184529000.0,-184529000.0,-1074000.0,0.0,-0.417,48711000.0,-83816000.0,196190000.0,0.0,-0.67,-0.36,-0.349,353396000.0,0.0,6.57,0.161,0.161,417921000.0,-1027318000.0,442398000.0,442398000.0,0.0,,,,,0.0,40856000.0,1.0,42509538.0,42509538.0,,10.407,1265245000.0,3350000.0,24082000.0,31176000.0,29.764,-167765000.0
70,MDRIQ,MRQ,2002-09-30,2002-09-30,2002-09-30,2021-08-25,-35113000.0,1424321000.0,,646253000.0,778068000.0,,5.091,-15801000.0,113391000.0,113391000.0,452546000.0,-357056000.0,0.777,5.628,105211000.0,10656000.0,94555000.0,105211000.0,289646000.0,10544000.0,0.0,0.0,0.0,-358357000.0,-347813000.0,-0.807,-347813000.0,-358357000.0,-361340000.0,-8.64,-8.64,-8.64,214903000.0,,214903000.0,394794643.0,-1.0,-0.808,-23237000.0,-0.551,1.0,-21609000.0,-0.05,18157000.0,2983000.0,566733000.0,,1405000.0,175607000.0,0.0,175607000.0,1209418000.0,831251000.0,378167000.0,388121643.0,14458000.0,38352000.0,223000.0,-77000.0,0.0,-83000.0,21980000.0,-571000.0,-7436000.0,-3000.0,-357056000.0,-357056000.0,-357056000.0,-9258000.0,0.0,-0.829,350099000.0,-371708000.0,180963000.0,0.0,1.806,-0.611,-0.596,374219000.0,0.0,9.195,0.226,0.226,446267000.0,-842789000.0,430937000.0,430937000.0,0.0,,,,,0.0,37091000.0,1.0,42210033.0,42210033.0,,10.209,1406164000.0,60888000.0,-4284000.0,30967000.0,33.314,-184998000.0
71,MDRIQ,MRQ,2002-06-30,2002-06-30,2002-06-30,2021-08-25,-35458000.0,1761301000.0,,670398000.0,1090903000.0,,13.518,-15799000.0,98847000.0,98847000.0,439421000.0,-234216000.0,0.829,2.101,105520000.0,5689000.0,99831000.0,105520000.0,264863000.0,10587000.0,0.0,0.0,0.0,-235175000.0,-224588000.0,-0.486,-224588000.0,-235175000.0,-237543000.0,-5.7,-5.7,-5.7,567954000.0,,567954000.0,465681946.0,-3.0,-5.461,-39670000.0,-0.944,1.0,23141000.0,0.05,331165000.0,2368000.0,628383000.0,,2989000.0,174267000.0,0.0,174267000.0,1193347000.0,808426000.0,384921000.0,510480946.0,-47388000.0,193000.0,-553000.0,-723000.0,0.0,-6303000.0,-17301000.0,-1695000.0,-23871000.0,87000.0,-234216000.0,-234216000.0,-234216000.0,-1189000.0,0.0,-0.506,38239000.0,-15098000.0,195133000.0,0.0,0.899,-1.976,-1.929,368169000.0,0.0,12.15,0.274,0.274,436663000.0,-485733000.0,462562000.0,462562000.0,0.0,,,,,0.0,38239000.0,1.0,42014851.0,42014851.0,,11.009,1430136000.0,76482000.0,-3327000.0,41678000.0,34.039,-138028000.0
72,MDRIQ,MRQ,2002-03-31,2002-03-31,2002-03-31,2021-08-25,-57647000.0,1925034000.0,,630577000.0,1294457000.0,,18.852,-10558000.0,146235000.0,146235000.0,366579000.0,-593000.0,0.814,1.472,101436000.0,1322000.0,100114000.0,101436000.0,232056000.0,9103000.0,0.0,0.0,0.0,4507000.0,13610000.0,0.034,13610000.0,4507000.0,-2658000.0,-0.015,-0.015,-0.015,778691000.0,,778691000.0,1076420760.0,9.0,5.894,-7534000.0,-0.182,1.0,32613000.0,0.082,330579000.0,7165000.0,774857000.0,,1760000.0,358595000.0,0.0,358595000.0,1146343000.0,774799000.0,371544000.0,963433760.0,-50677000.0,76000.0,1672000.0,-207642000.0,0.0,-201114000.0,147448000.0,157930000.0,3024000.0,-35000.0,-593000.0,-593000.0,-593000.0,-826000.0,0.0,-0.001,42169000.0,-9556000.0,144788000.0,0.0,1.237,-59.537,-57.593,356015000.0,0.0,23.325,0.513,0.513,387249000.0,-251517000.0,399192000.0,399192000.0,0.0,,,,,0.0,42169000.0,1.0,41304729.0,41304729.0,,9.665,1594455000.0,60649000.0,-2065000.0,101183000.0,38.602,-144222000.0
73,MDRIQ,MRQ,2001-12-31,2001-12-31,2001-12-31,2021-08-25,-57111000.0,2103840000.0,,813403000.0,1290437000.0,,18.727,-17364000.0,196912000.0,196912000.0,370602000.0,-42892000.0,0.831,1.732,309899000.0,209506000.0,100393000.0,309899000.0,170329000.0,14195000.0,0.0,0.0,0.0,55929000.0,70124000.0,0.164,70124000.0,55929000.0,47925000.0,-1.065,-1.05,-1.065,770110000.0,,770110000.0,1017700422.0,8.0,5.285,94658000.0,2.302,1.0,56505000.0,0.132,330705000.0,8004000.0,907735000.0,,1825000.0,517969000.0,158000000.0,359969000.0,1333730000.0,978387000.0,355343000.0,756850422.0,76574000.0,49410000.0,935000.0,-44647000.0,0.0,-39122000.0,2882000.0,-34681000.0,112022000.0,792000.0,-42892000.0,-42892000.0,-42892000.0,-2894000.0,0.0,-0.1,50610000.0,5895000.0,152909000.0,0.0,0.983,-37.801,-37.182,353899000.0,0.0,18.405,0.401,0.401,362295000.0,-250924000.0,427107000.0,427107000.0,0.0,,,,,0.0,46871000.0,1.0,41121960.0,41121960.0,,10.386,1773135000.0,59370000.0,90817000.0,123985000.0,43.119,-164984000.0
74,MDRIQ,MRQ,2001-09-30,2001-09-30,2001-09-30,2021-08-25,-53449000.0,2102166000.0,,627904000.0,1474262000.0,,19.765,-13363000.0,90643000.0,90643000.0,502926000.0,19345000.0,0.672,1.599,351493000.0,254904000.0,96589000.0,351493000.0,125540000.0,16653000.0,0.0,0.0,0.0,38920000.0,55573000.0,0.097,55573000.0,38920000.0,27049000.0,0.48,0.465,0.48,808859000.0,,808859000.0,780289731.0,13.0,6.256,22762000.0,0.556,1.0,69705000.0,0.122,336061000.0,11871000.0,1092442000.0,,7949000.0,517766000.0,0.0,517766000.0,1293307000.0,934513000.0,358794000.0,506429731.0,22107000.0,1411000.0,-386000.0,8789000.0,0.0,5575000.0,-19042000.0,-7488000.0,36125000.0,-551000.0,19345000.0,19345000.0,19345000.0,-929000.0,0.0,0.034,48661000.0,21044000.0,180606000.0,0.0,0.626,-190.818,-165.0,361560000.0,0.0,12.375,0.281,0.281,461141000.0,-208032000.0,572631000.0,572631000.0,0.0,,,,,0.0,48661000.0,1.0,40923574.0,40923574.0,,13.993,1766105000.0,67297000.0,7704000.0,0.0,43.156,-306609000.0
75,MDRIQ,MRQ,2001-06-30,2001-06-30,2001-06-30,2021-08-25,-50231000.0,2007877000.0,,556486000.0,1451391000.0,,19.454,-6517000.0,68536000.0,68536000.0,410199000.0,7958000.0,0.662,1.53,342396000.0,246046000.0,96350000.0,342396000.0,95749000.0,17130000.0,0.0,0.0,0.0,26180000.0,43310000.0,0.091,43310000.0,26180000.0,16530000.0,0.195,0.195,0.195,793507000.0,,793507000.0,1025473153.0,25.0,9.797,34760000.0,0.852,1.0,67617000.0,0.142,340709000.0,9650000.0,1100802000.0,,9528000.0,511054000.0,0.0,511054000.0,1214370000.0,840226000.0,374144000.0,712803153.0,11499000.0,1048000.0,271000.0,-26449000.0,0.0,-26541000.0,-3578000.0,1568000.0,41277000.0,341000.0,7958000.0,7958000.0,7958000.0,-701000.0,0.0,0.017,55355000.0,12262000.0,158686000.0,0.0,0.898,-43.525,-41.607,358923000.0,0.0,17.475,0.439,0.439,403014000.0,-227377000.0,477816000.0,477816000.0,0.0,,,,,0.0,55355000.0,1.0,40789839.0,40789839.0,,11.714,1667168000.0,57566000.0,8572000.0,0.0,40.872,-283740000.0
76,MDRIQ,MRQ,2001-03-31,2001-03-31,2001-03-31,2021-08-25,-49900000.0,1997361000.0,,545669000.0,1451692000.0,,19.36,-7764000.0,57037000.0,57037000.0,369315000.0,-4433000.0,0.873,1.55,369707000.0,47500000.0,322207000.0,369707000.0,92423000.0,14286000.0,0.0,0.003,0.0,9256000.0,23542000.0,0.057,23542000.0,9256000.0,-875000.0,-0.105,-0.105,-0.105,783130000.0,,783130000.0,1102451351.0,51.0,13.371,-20577000.0,-0.509,1.0,41209000.0,0.1,345772000.0,10131000.0,1338926000.0,,10233000.0,509943000.0,0.0,509943000.0,1214231000.0,625333000.0,588898000.0,767568351.0,-27583000.0,543000.0,180000.0,-48865000.0,0.0,-45584000.0,31431000.0,40018000.0,-12813000.0,-617000.0,-4433000.0,-4433000.0,-4433000.0,-736000.0,0.0,-0.011,41247000.0,-38000.0,160134000.0,0.0,0.98,-22.325,-21.81,363572000.0,0.0,18.975,0.47,0.47,401258000.0,-235335000.0,410524000.0,410524000.0,0.0,,,,,0.0,41247000.0,1.0,40451520.0,40451520.0,,10.149,1651589000.0,57502000.0,3558000.0,0.0,40.829,-79664000.0
77,MDRIQ,MRQ,2000-12-31,2000-12-31,2000-12-31,2021-08-25,-54852000.0,2055627000.0,,586836000.0,1468791000.0,,19.269,-2965000.0,84620000.0,84620000.0,320712000.0,-25524000.0,0.85,1.647,419503000.0,96346000.0,323157000.0,419503000.0,71612000.0,16600000.0,0.0,0.006,0.0,-14298000.0,2302000.0,0.007,2302000.0,-14298000.0,-25231000.0,-0.645,-0.645,-0.645,776603000.0,,776603000.0,987618262.0,31.0,10.283,8281000.0,0.205,1.0,22998000.0,0.067,350939000.0,10933000.0,1349344000.0,,11733000.0,548161000.0,34440000.0,513721000.0,1279024000.0,690227000.0,588797000.0,649884262.0,-26522000.0,-2508000.0,40000.0,-32602000.0,0.0,-37481000.0,81000.0,6054000.0,11246000.0,-368000.0,-25524000.0,-25524000.0,-25524000.0,-2782000.0,0.0,-0.074,43238000.0,-20240000.0,167257000.0,0.0,0.837,-29.43,-29.054,365356000.0,0.0,16.125,0.358,0.358,389409000.0,-230902000.0,343710000.0,343710000.0,0.0,,,,,0.0,40435000.0,1.0,40302860.0,40302860.0,,8.528,1704688000.0,56805000.0,293000.0,29391000.0,42.297,-103391000.0
78,MDRIQ,MRQ,2000-09-30,2000-09-30,2000-09-30,2021-08-25,-57342000.0,2028494000.0,,580317000.0,1448177000.0,,19.829,-7176000.0,111142000.0,111142000.0,340343000.0,5622000.0,0.901,1.546,448876000.0,128738000.0,320138000.0,448876000.0,59465000.0,15943000.0,0.0,0.009,0.0,19579000.0,35522000.0,0.091,35522000.0,19579000.0,6708000.0,0.135,0.135,0.135,796677000.0,,796677000.0,1006711523.0,23.0,8.729,-9304000.0,-0.232,1.0,50618000.0,0.129,350694000.0,12871000.0,1371668000.0,,11397000.0,548050000.0,34936000.0,513114000.0,1231817000.0,643866000.0,587951000.0,662921523.0,25300000.0,3084000.0,0.0,17420000.0,-3002000.0,17552000.0,10326000.0,14418000.0,-2128000.0,-450000.0,5622000.0,5622000.0,5622000.0,0.0,0.0,0.014,43561000.0,7057000.0,117598000.0,0.0,0.832,-33.516,-32.353,364025000.0,0.0,16.5,0.313,0.313,338160000.0,-205378000.0,390961000.0,390961000.0,0.0,,,,,0.0,43561000.0,1.0,40177022.0,40177022.0,,9.731,1677800000.0,45660000.0,1086000.0,0.0,41.76,-63549000.0
79,MDRIQ,MRQ,2000-06-30,2000-06-30,2000-06-30,2021-08-25,-49551000.0,1996026000.0,,562277000.0,1433749000.0,,19.669,-22187000.0,85842000.0,85842000.0,437927000.0,-10047000.0,0.917,1.536,429632000.0,111318000.0,318314000.0,429632000.0,52208000.0,14214000.0,0.0,0.015,0.05,6870000.0,21084000.0,0.043,21084000.0,6870000.0,-4108000.0,-0.255,-0.255,-0.255,787130000.0,,787130000.0,808863120.0,15.0,6.197,-65183000.0,-1.629,1.0,49361000.0,0.101,355109000.0,10978000.0,1371456000.0,,9735000.0,558893000.0,54679000.0,504214000.0,1208896000.0,613251000.0,595645000.0,529041120.0,-39898000.0,329000.0,2000.0,24055000.0,-2991000.0,21842000.0,-20860000.0,998000.0,-42996000.0,2116000.0,-10047000.0,-10047000.0,-10047000.0,0.0,0.0,-0.021,38182000.0,11179000.0,109416000.0,-0.196,0.672,-24.287,-23.819,368146000.0,0.0,13.22,0.228,0.228,337883000.0,-217077000.0,487288000.0,487288000.0,0.0,,,,,0.0,38182000.0,1.0,40019713.0,40019713.0,,12.176,1640917000.0,47199000.0,5939000.0,0.0,41.003,-50974000.0
80,MDRIQ,MRQ,2000-03-31,2000-03-31,2000-03-31,2021-08-25,-44640000.0,1991484000.0,,627146000.0,1364338000.0,,20.103,-16972000.0,125740000.0,125740000.0,514760000.0,7867000.0,0.996,1.484,405562000.0,87266000.0,318296000.0,405562000.0,53948000.0,17133000.0,0.0,0.014,0.05,20007000.0,37140000.0,0.063,37140000.0,20007000.0,11184000.0,0.195,0.195,0.195,801722000.0,,801722000.0,796426155.0,9.0,4.535,-32160000.0,-0.806,1.0,76951000.0,0.13,359899000.0,8823000.0,1281546000.0,,9842000.0,543871000.0,89442000.0,454429000.0,1189762000.0,629861000.0,559901000.0,549647155.0,-36994000.0,1166000.0,0.0,801000.0,-2979000.0,-2168000.0,-17538000.0,-2232000.0,-15188000.0,-2100000.0,7867000.0,7867000.0,7867000.0,0.0,0.0,0.013,60279000.0,16672000.0,135061000.0,0.256,0.686,66.167,65.629,359225000.0,0.0,13.782,0.221,0.221,323091000.0,-204028000.0,591711000.0,591711000.0,0.0,,,,,0.0,60279000.0,1.0,39881483.0,39881483.0,,14.837,1631585000.0,51030000.0,3317000.0,0.0,40.911,-2715000.0
81,MDRIQ,MRQ,1999-12-31,1999-12-31,1999-12-31,2021-08-25,-46980000.0,3874891000.0,,1468808000.0,2406083000.0,,19.949,-17897000.0,162734000.0,162734000.0,543889000.0,-23221000.0,1.128,3.893,409513000.0,86499000.0,323014000.0,409513000.0,231421000.0,23497000.0,0.0,0.015,0.05,-1919000.0,21578000.0,0.033,21578000.0,-1919000.0,-12489000.0,-0.585,-0.57,-0.585,791858000.0,,791858000.0,888092245.0,578.0,9.094,84473000.0,2.128,1.0,103445000.0,0.16,444220000.0,10570000.0,2375044000.0,,57488000.0,375813000.0,111104000.0,264709000.0,3083033000.0,1302406000.0,1780627000.0,539635245.0,54182000.0,527554000.0,91000.0,-47189000.0,-2973000.0,-51252000.0,3495000.0,-510248000.0,102370000.0,-431000.0,-23221000.0,-23221000.0,-23221000.0,0.0,0.0,-0.036,72957000.0,30488000.0,185465000.0,-0.085,0.681,-8.751,-8.631,437797000.0,0.0,13.595,0.204,0.204,777639000.0,-208904000.0,647334000.0,647334000.0,0.0,,,,,0.0,115389000.0,1.0,39695076.0,39695076.0,,16.308,3430671000.0,93629000.0,10732000.0,38308000.0,86.426,166402000.0
82,MDRIQ,MRQ,1999-09-30,1999-09-30,1999-09-30,2021-08-25,-41974000.0,3895008000.0,,1405784000.0,2489224000.0,,20.725,-15151000.0,108552000.0,108552000.0,499495000.0,3618000.0,1.124,3.75,457009000.0,133847000.0,323162000.0,457009000.0,197253000.0,22713000.0,0.0,0.007,0.05,28014000.0,50727000.0,0.085,50727000.0,28014000.0,14980000.0,0.09,0.09,0.09,820010000.0,,820010000.0,1955615202.0,9.0,6.328,746000.0,0.019,1.0,96375000.0,0.162,448447000.0,13034000.0,2543978000.0,,55199000.0,403607000.0,116077000.0,287530000.0,3074998000.0,1251040000.0,1823958000.0,1201831202.0,-51350000.0,-13101000.0,16550000.0,141891000.0,-1031000.0,170056000.0,391852000.0,423469000.0,15897000.0,960000.0,3618000.0,3618000.0,3618000.0,0.0,0.0,0.006,73005000.0,23370000.0,163413000.0,0.556,1.466,7.837,7.788,435871000.0,0.0,30.375,0.382,0.382,769390000.0,-182703000.0,595870000.0,595870000.0,0.0,,,,,0.0,50292000.0,1.0,39566420.0,39566420.0,,15.06,3446561000.0,83879000.0,11362000.0,0.0,87.108,154744000.0
83,MDRIQ,MRQ,1999-06-30,1999-06-30,1999-06-30,2021-08-25,-46953000.0,4448627000.0,,1834715000.0,2613912000.0,,20.472,-19753000.0,132635000.0,132635000.0,537642000.0,20043000.0,1.057,4.501,886419000.0,562808000.0,323611000.0,886419000.0,202608000.0,21439000.0,0.0,0.005,0.05,44746000.0,66185000.0,0.102,66185000.0,44746000.0,32607000.0,0.51,0.495,0.51,808636000.0,,808636000.0,1847169893.0,18.0,9.337,-143238000.0,-3.626,1.0,110242000.0,0.17,445231000.0,12139000.0,3021090000.0,,52925000.0,828370000.0,469252000.0,359118000.0,3639991000.0,1736090000.0,1903901000.0,1673772893.0,-48868000.0,-510876000.0,764000.0,531660000.0,-2957000.0,533526000.0,-459291000.0,72059000.0,-123485000.0,382000.0,20043000.0,20043000.0,20043000.0,0.0,0.0,0.031,73437000.0,36805000.0,167545000.0,0.098,2.07,32.285,31.044,435849000.0,0.0,42.375,0.562,0.562,809662000.0,-183350000.0,647884000.0,647884000.0,0.0,,,,,0.0,51998000.0,1.0,39499026.0,39499026.0,,16.403,4003396000.0,76069000.0,12564000.0,0.0,101.354,98625000.0
84,MDRIQ,MRQ,1999-03-31,1999-03-31,1999-03-31,2021-08-25,-32644000.0,4305520000.0,,1375366000.0,2930154000.0,,20.14,-33493000.0,181503000.0,181503000.0,558518000.0,-62103000.0,1.086,4.424,354900000.0,31126000.0,323774000.0,354900000.0,240380000.0,28468000.0,0.0,0.005,0.05,-69304000.0,-40836000.0,-0.054,-40836000.0,-69304000.0,-83429000.0,-1.575,-1.455,-1.575,793734000.0,,793734000.0,1834470965.0,9.0,5.857,-24486000.0,-0.621,1.0,190850000.0,0.255,125436000.0,14125000.0,3087070000.0,,52656000.0,906899000.0,55646000.0,851253000.0,3511786000.0,1266411000.0,2245375000.0,1496207965.0,-83806000.0,15030000.0,351000.0,-281011000.0,-2949000.0,-285488000.0,191226000.0,209689000.0,9007000.0,1449000.0,-62103000.0,-62103000.0,-62103000.0,0.0,0.0,-0.083,178854000.0,11996000.0,198500000.0,-0.032,1.885,9.756,9.735,433961000.0,0.0,37.965,0.475,0.475,751762000.0,-200432000.0,749368000.0,749368000.0,0.0,,,,,0.0,150386000.0,1.0,39410153.0,39410153.0,,19.015,4180084000.0,73364000.0,-21326000.0,34214000.0,106.066,108955000.0
85,MDRIQ,MRQ,1998-12-31,1998-12-31,1998-12-31,2021-08-25,-27039000.0,3853457000.0,,1341475000.0,2511982000.0,,16.458,-15194000.0,265309000.0,265309000.0,947466000.0,191804000.0,1.111,4.623,603572000.0,35770000.0,567802000.0,603572000.0,295645000.0,24625000.0,0.0,0.005,0.05,208365000.0,232990000.0,0.201,232990000.0,208365000.0,184401000.0,4.875,4.65,4.875,647477000.0,,647477000.0,1738612157.0,5.0,3.706,33673000.0,0.856,1.0,209397000.0,0.181,112464000.0,23964000.0,2871475000.0,,58342000.0,1120673000.0,0.0,1120673000.0,2993310000.0,1207781000.0,1785529000.0,1457002157.0,-80625000.0,2326000.0,442000.0,-23009000.0,-2941000.0,-28532000.0,-101575000.0,-90749000.0,48867000.0,615000.0,191804000.0,191804000.0,191804000.0,0.0,0.0,0.166,90441000.0,118956000.0,214977000.0,0.01,2.25,7.024,6.602,457488000.0,0.0,37.035,0.397,0.397,774325000.0,-135323000.0,1156863000.0,1156863000.0,0.0,,,,,0.0,61671000.0,1.0,39341183.0,39341183.0,,29.406,3740993000.0,81479000.0,-7403000.0,0.0,95.091,133694000.0
86,MDRIQ,MRQ,1998-09-30,1998-09-30,1998-09-30,2021-08-25,-21834000.0,3892955000.0,,1394562000.0,2498393000.0,,15.67,-13304000.0,345934000.0,345934000.0,357460000.0,-97900000.0,1.143,4.964,627544000.0,59596000.0,567948000.0,627544000.0,243305000.0,21738000.0,0.0,0.005,0.05,-82244000.0,-60506000.0,-0.143,-60506000.0,-82244000.0,-90800000.0,-2.445,-2.22,-2.445,618451000.0,,618451000.0,2037733320.0,10.0,,109241000.0,2.768,1.0,66485000.0,0.157,114246000.0,8556000.0,2839938000.0,,57544000.0,1027453000.0,0.0,1027453000.0,3070176000.0,1220381000.0,1849795000.0,1594824320.0,89659000.0,13232000.0,-40673000.0,-14697000.0,-3035000.0,-258318000.0,225628000.0,227670000.0,122545000.0,-196000.0,-97900000.0,-97900000.0,-97900000.0,0.0,0.0,-0.231,65373000.0,1112000.0,255170000.0,-0.02,2.579,18.29,17.724,469478000.0,0.0,40.41,0.519,0.519,783448000.0,-174715000.0,423945000.0,423945000.0,0.0,,,,,0.0,47780000.0,1.0,39466041.0,39466041.0,,10.742,3778709000.0,81548000.0,7100000.0,0.0,95.746,174181000.0
87,MDRIQ,MRQ,1998-06-30,1998-06-30,1998-06-30,2021-08-25,-29259000.0,4235148000.0,,1508341000.0,2726807000.0,,10.633,-16796000.0,256275000.0,256275000.0,679677000.0,121561000.0,1.134,7.971,699184000.0,103780000.0,595404000.0,699184000.0,282797000.0,26559000.0,0.0,0.004,0.05,155004000.0,181563000.0,0.221,181563000.0,155004000.0,138387000.0,3.045,2.82,3.045,430360000.0,,430360000.0,2567486055.0,,,103070000.0,2.547,1.0,140132000.0,0.171,116028000.0,16617000.0,3232093000.0,,62600000.0,1242969000.0,68175000.0,1174794000.0,3430299000.0,1329936000.0,2100363000.0,2090880055.0,-21601000.0,114573000.0,-15103000.0,-39158000.0,-4885000.0,-68794000.0,-72527000.0,-170232000.0,119866000.0,-146000.0,121561000.0,121561000.0,121561000.0,0.0,0.0,0.148,81069000.0,59063000.0,263255000.0,0.016,4.858,,,477389000.0,0.0,51.66,,,888594000.0,-223385000.0,819809000.0,819809000.0,0.0,,,,,0.0,54510000.0,1.0,40473828.0,40473828.0,,20.255,4119120000.0,87020000.0,16826000.0,0.0,101.772,178405000.0
88,MDRIQ,MRQ,1998-03-31,1998-03-31,1998-03-31,2021-08-25,-46557000.0,4501130000.0,,1596556000.0,2904574000.0,,8.912,-12151000.0,277876000.0,277876000.0,1132676000.0,225000.0,1.093,11.426,754482000.0,156300000.0,598182000.0,754482000.0,268764000.0,31201000.0,0.0,0.003,0.05,83870000.0,115071000.0,0.09,115071000.0,83870000.0,51553000.0,0.135,-0.03,0.135,334449000.0,,334449000.0,2456153275.0,7.0,4.842,7243000.0,0.193,1.0,141342000.0,0.111,127077000.0,32317000.0,3389533000.0,,63342000.0,1073491000.0,135000.0,1073356000.0,3821357000.0,1461126000.0,2360231000.0,2325301275.0,-375746000.0,8552000.0,4149000.0,-27862000.0,-4877000.0,-58139000.0,-337042000.0,-333443000.0,19394000.0,41000.0,-8041000.0,-8041000.0,-8041000.0,0.0,8266000.0,-0.006,129463000.0,11879000.0,301988000.0,0.37,6.953,11.21,11.045,533694000.0,0.0,61.965,0.633,0.633,982315000.0,-341916000.0,1274018000.0,1274018000.0,0.0,,,,,0.0,60084000.0,1.0,37526006.0,37526006.0,,33.95,4374053000.0,84036000.0,59594000.0,30846000.0,116.561,135430000.0
89,MDRIQ,MRQ,1997-12-31,1997-12-31,1997-12-31,2021-08-25,-39087000.0,4572430000.0,,1971370000.0,2601060000.0,,7.866,,653622000.0,653622000.0,425892000.0,67444000.0,1.313,13.251,784474000.0,161322000.0,623152000.0,784474000.0,296724000.0,,0.0,0.004,0.05,41706000.0,,,,41706000.0,36962000.0,1.545,1.65,1.545,295197000.0,,295197000.0,,,,,,1.0,126587000.0,0.229,129178000.0,4744000.0,3072666000.0,,64682000.0,747986000.0,131000.0,747855000.0,3911637000.0,1501438000.0,2410199000.0,2061868451.0,,,,,,,,,,,71577000.0,71577000.0,71577000.0,0.0,-4133000.0,0.13,48955000.0,77632000.0,277829000.0,0.032,6.985,,,555435000.0,0.0,54.945,,,979129000.0,-353703000.0,552479000.0,552479000.0,0.0,,,,,,53734000.0,1.0,37526006.0,37526006.0,,14.723,4443252000.0,75800000.0,-34615000.0,0.0,118.405,469932000.0
90,MDRIQ,MRQ,1997-03-31,1997-03-31,1997-03-31,2021-08-25,-45093000.0,4599482000.0,,1834327000.0,2765155000.0,,,,257783000.0,257783000.0,756243000.0,-189838000.0,1.14,39.583,1119031000.0,451857000.0,667174000.0,1119031000.0,200163000.0,,0.0,0.019,0.05,-187206000.0,,,,-187206000.0,-214306000.0,-5.31,-5.31,-5.31,105159000.0,,105159000.0,,,,,,1.0,-23823000.0,-0.033,423095000.0,27100000.0,3428879000.0,,66322000.0,485541000.0,75946000.0,409595000.0,4162481000.0,1608756000.0,2553725000.0,,,,,,,,,,,,-191905000.0,-191905000.0,-191905000.0,0.0,2067000.0,-0.262,120850000.0,-144673000.0,268274000.0,-0.009,,,-5.413,599745000.0,0.0,32.07,,,1124806000.0,-538163000.0,732420000.0,732420000.0,0.0,,,,,,78480000.0,1.0,,,,,4176387000.0,60866000.0,-22401000.0,26379000.0,,225571000.0
0,MDRIQ,MRT,2020-03-31,2020-03-31,2020-03-31,2021-08-25,-177000000.0,8300000000.0,8947250000.0,6241000000.0,2059000000.0,0.908,-18.663,-99000000.0,1574000000.0,1574000000.0,8072000000.0,-4199000000.0,1.06,-3.302,7033000000.0,2176000000.0,4857000000.0,7033000000.0,1177000000.0,251000000.0,0.0,0.0,0.0,-3445000000.0,-3194000000.0,-0.393,-3194000000.0,-3445000000.0,-4144000000.0,-15.93,-22.95,-15.93,-3602000000.0,-1656000000.0,-3602000000.0,4374198711.0,-1.0,-1.37,-1526000000.0,-7.907,1.0,54000000.0,0.007,251000000.0,699000000.0,7623000000.0,4383500000.0,0.0,74000000.0,0.0,74000000.0,11895000000.0,5885000000.0,6010000000.0,11198711.0,848000000.0,-131000000.0,0.0,2374000000.0,0.0,2524000000.0,-230000000.0,0.0,-1427000000.0,-19000000.0,-4231000000.0,-4281000000.0,-4281000000.0,14000000.0,32000000.0,-0.527,3215000000.0,-3161000000.0,796000000.0,0.0,-0.003,-0.003,-0.004,1554000000.0,50000000.0,0.058,0.001,0.001,1050000000.0,-7082000000.0,8126000000.0,8126000000.0,30000000.0,-0.478,2.585,-0.786,-0.424,18000000.0,274000000.0,1.0,193081224.0,193000000.0,193000000.0,42.104,8049000000.0,0.0,87000000.0,55000000.0,41.705,356000000.0
1,MDRIQ,MRT,2019-12-31,2019-12-31,2019-12-31,2021-08-25,-103000000.0,8737000000.0,9379500000.0,3555000000.0,5182000000.0,0.899,-11.775,-92000000.0,1183000000.0,1183000000.0,8244000000.0,-2884000000.0,0.376,-5.077,5541000000.0,5247000000.0,294000000.0,5541000000.0,1191000000.0,267000000.0,0.0,0.0,0.0,-2116000000.0,-1849000000.0,-0.219,-1849000000.0,-2116000000.0,-2851000000.0,-16.31,-16.31,-16.31,-2143000000.0,-585750000.0,-2143000000.0,3826022179.0,-2.0,-2.069,-1068000000.0,-5.868,1.0,187000000.0,0.022,359000000.0,735000000.0,3292000000.0,3725250000.0,0.0,73000000.0,0.0,73000000.0,10880000000.0,9444000000.0,1436000000.0,123022179.0,348000000.0,-186000000.0,-4000000.0,1434000000.0,0.0,1624000000.0,-278000000.0,0.0,-976000000.0,-22000000.0,-2909000000.0,-2969000000.0,-2969000000.0,0.0,25000000.0,-0.352,2292000000.0,-2105000000.0,1083000000.0,0.0,-0.057,-0.041,-0.041,2415000000.0,60000000.0,0.677,0.015,0.015,1144000000.0,-5693000000.0,8431000000.0,8431000000.0,36000000.0,-0.317,5.069,-0.568,-0.251,20000000.0,284000000.0,1.0,181824089.0,182000000.0,182000000.0,46.324,8378000000.0,0.0,58000000.0,59000000.0,46.033,-5889000000.0
2,MDRIQ,MRT,2019-09-30,2019-09-30,2019-09-30,2021-08-25,-222000000.0,8754000000.0,9555250000.0,3486000000.0,5268000000.0,0.878,-7.698,-89000000.0,1010000000.0,1010000000.0,8269000000.0,-4792000000.0,0.399,-7.04,4713000000.0,4412000000.0,301000000.0,4713000000.0,1359000000.0,292000000.0,0.0,0.0,0.0,-4317000000.0,-4025000000.0,-0.48,-4025000000.0,-4317000000.0,-4707000000.0,-29.5,-30.31,-29.5,-1401000000.0,150000000.0,-1401000000.0,3889093226.0,-1.0,-0.966,-937000000.0,-5.148,1.0,125000000.0,0.015,2193000000.0,390000000.0,1531000000.0,3921000000.0,52000000.0,450000000.0,0.0,450000000.0,9863000000.0,8733000000.0,1130000000.0,367093226.0,105000000.0,-278000000.0,-4000000.0,782000000.0,0.0,1368000000.0,-367000000.0,0.0,-848000000.0,-48000000.0,-4832000000.0,-4878000000.0,-4878000000.0,-38000000.0,40000000.0,-0.581,4409000000.0,-4284000000.0,1421000000.0,0.0,-0.262,-0.075,-0.068,2479000000.0,46000000.0,2.02,0.044,0.044,1193000000.0,-4822000000.0,8394000000.0,8394000000.0,26000000.0,-0.511,-32.52,-1.101,-0.514,24000000.0,279000000.0,1.0,181729320.0,182000000.0,182000000.0,46.121,6561000000.0,0.0,125000000.0,51000000.0,36.049,-5247000000.0
3,MDRIQ,MRT,2019-06-30,2019-06-30,2019-06-30,2021-08-25,-181000000.0,9998000000.0,10380750000.0,3239000000.0,6759000000.0,0.825,2.868,-76000000.0,782000000.0,782000000.0,8105000000.0,-2928000000.0,0.691,17.632,4304000000.0,537000000.0,3767000000.0,4304000000.0,1438000000.0,336000000.0,0.0,0.0,0.0,-2492000000.0,-2156000000.0,-0.252,-2156000000.0,-2492000000.0,-2860000000.0,-19.12,-19.93,-19.12,522000000.0,1387000000.0,522000000.0,5107824085.0,-2.0,-2.369,-1031000000.0,-5.665,1.0,457000000.0,0.053,3746000000.0,368000000.0,5088000000.0,4654250000.0,42000000.0,446000000.0,0.0,446000000.0,9204000000.0,4686000000.0,4518000000.0,1754824085.0,-356000000.0,-294000000.0,-4000000.0,353000000.0,0.0,1003000000.0,-372000000.0,0.0,-955000000.0,-32000000.0,-2957000000.0,-2989000000.0,-2989000000.0,-38000000.0,29000000.0,-0.349,2914000000.0,-2457000000.0,1206000000.0,0.0,3.362,-0.587,-0.505,2437000000.0,32000000.0,9.66,0.205,0.205,1305000000.0,-2935000000.0,8562000000.0,8562000000.0,25000000.0,-0.288,-2.155,-0.535,-0.291,27000000.0,303000000.0,1.0,181658808.0,182000000.0,182000000.0,47.044,6252000000.0,0.0,97000000.0,46000000.0,34.352,-1447000000.0
4,MDRIQ,MRT,2019-03-31,2019-03-31,2019-03-31,2021-08-25,-165000000.0,10029000000.0,10738250000.0,3239000000.0,6790000000.0,0.76,3.751,-86000000.0,739000000.0,739000000.0,7644000000.0,-2769000000.0,0.701,13.418,4092000000.0,305000000.0,3787000000.0,4092000000.0,1618000000.0,332000000.0,0.0,0.0,0.0,-2376000000.0,-2044000000.0,-0.25,-2044000000.0,-2376000000.0,-2716000000.0,-17.99,-18.8,-17.99,679000000.0,2143000000.0,679000000.0,3997126555.0,-2.0,-1.956,-439000000.0,-2.425,1.0,516000000.0,0.063,3774000000.0,340000000.0,4990000000.0,4604000000.0,106000000.0,453000000.0,0.0,453000000.0,9111000000.0,4618000000.0,4493000000.0,1345126555.0,320000000.0,-2675000000.0,-11000000.0,2958000000.0,0.0,3485000000.0,-2761000000.0,0.0,-353000000.0,-51000000.0,-2778000000.0,-2796000000.0,-2796000000.0,-38000000.0,9000000.0,-0.343,2865000000.0,-2349000000.0,949000000.0,0.0,1.981,-0.481,-0.414,2452000000.0,18000000.0,7.44,0.165,0.165,1195000000.0,-2789000000.0,8160000000.0,8160000000.0,22000000.0,-0.26,-1.305,-0.516,-0.291,47000000.0,301000000.0,1.0,180796580.0,181000000.0,181000000.0,45.083,6255000000.0,0.0,62000000.0,47000000.0,34.558,-1379000000.0
5,MDRIQ,MRT,2018-12-31,2018-12-31,2018-12-31,2021-08-25,-107000000.0,9440000000.0,9031162000.0,3033000000.0,6407000000.0,0.742,5.333,-86000000.0,845000000.0,845000000.0,6187000000.0,-2678000000.0,0.719,10.484,3497000000.0,38000000.0,3459000000.0,3497000000.0,1954000000.0,279000000.0,0.0,0.0,0.0,-2324000000.0,-2045000000.0,-0.305,-2045000000.0,-2324000000.0,-2583000000.0,-17.94,-17.94,-17.94,800000000.0,2426227250.0,800000000.0,3783020106.0,-2.0,-1.85,-157000000.0,-1.047,1.0,518000000.0,0.077,3800000000.0,259000000.0,4075000000.0,4026692000.0,101000000.0,452000000.0,0.0,452000000.0,8387000000.0,4217000000.0,4170000000.0,1181020106.0,437000000.0,-2562000000.0,-14000000.0,2788000000.0,0.0,3201000000.0,-2648000000.0,0.0,-71000000.0,-45000000.0,-2687000000.0,-2691000000.0,-2691000000.0,0.0,9000000.0,-0.401,2775000000.0,-2257000000.0,595000000.0,0.0,1.476,-0.439,-0.365,2067000000.0,4000000.0,6.54,0.176,0.146,1169000000.0,-2719000000.0,6705000000.0,6705000000.0,20000000.0,-0.298,-1.109,-0.577,-0.347,44000000.0,282000000.0,1.0,180584114.0,150000000.0,150000000.0,44.7,5640000000.0,0.0,104000000.0,47000000.0,37.6,-1184000000.0
6,MDRIQ,MRT,2018-09-30,2018-09-30,2018-09-30,2021-08-25,-84000000.0,12056000000.0,7476912000.0,3352000000.0,8704000000.0,0.716,19.706,-84000000.0,905000000.0,905000000.0,4586000000.0,103000000.0,0.779,2.385,3507000000.0,42000000.0,3465000000.0,3507000000.0,1733000000.0,210000000.0,0.0,0.0,0.0,289000000.0,499000000.0,0.093,499000000.0,289000000.0,107000000.0,0.98,0.98,0.98,3547000000.0,2666477250.0,3547000000.0,5649292634.0,20.0,11.321,130000000.0,0.722,1.0,764000000.0,0.143,5890000000.0,182000000.0,4464000000.0,3669192000.0,58000000.0,444000000.0,0.0,444000000.0,8460000000.0,4304000000.0,4156000000.0,3327292634.0,471000000.0,-2431000000.0,-14000000.0,2805000000.0,0.0,2857000000.0,-2570000000.0,0.0,214000000.0,-30000000.0,110000000.0,110000000.0,110000000.0,0.0,-7000000.0,0.021,462000000.0,302000000.0,874000000.0,0.0,0.938,30.248,18.806,2106000000.0,0.0,18.43,0.622,0.62,1416000000.0,56000000.0,5350000000.0,5350000000.0,15000000.0,0.015,0.041,0.079,0.054,39000000.0,249000000.0,1.0,180536768.0,180000000.0,181000000.0,29.722,6166000000.0,181000000.0,-3000000.0,77000000.0,34.256,-952000000.0
7,MDRIQ,MRT,2018-06-30,2018-06-30,2018-06-30,2021-08-25,-75000000.0,11428000000.0,5328270750.0,3521000000.0,7907000000.0,0.754,24.625,-81000000.0,1138000000.0,1138000000.0,3344000000.0,197000000.0,0.934,2.217,3460000000.0,42000000.0,3418000000.0,3460000000.0,1227000000.0,131000000.0,0.0,0.0,0.0,283000000.0,414000000.0,0.103,414000000.0,283000000.0,175000000.0,1.97,1.97,1.97,3546000000.0,2211985000.0,3546000000.0,1991100247.0,7.0,4.809,399000000.0,2.771,1.0,676000000.0,0.168,5094000000.0,108000000.0,4887000000.0,3204363750.0,48000000.0,423000000.0,0.0,423000000.0,7862000000.0,3769000000.0,4093000000.0,1872641247.0,729000000.0,-2365000000.0,-14000000.0,2820000000.0,0.0,2763000000.0,-2499000000.0,0.0,480000000.0,-15000000.0,203000000.0,203000000.0,203000000.0,0.0,-6000000.0,0.05,385000000.0,291000000.0,906000000.0,0.0,0.528,9.225,9.975,2090000000.0,0.0,19.65,0.466,0.704,1159000000.0,54000000.0,4020000000.0,4020000000.0,9000000.0,0.038,0.092,0.088,0.07,39000000.0,240000000.0,1.0,95299809.0,144000000.0,144000000.0,27.917,6334000000.0,178000000.0,-28000000.0,219000000.0,43.986,-248000000.0
8,MDRIQ,MRT,2018-03-31,2018-03-31,2018-03-31,2021-08-25,-50807000.0,3200648000.0,3294132750.0,1416629000.0,1784019000.0,0.933,19.073,-74151000.0,418799000.0,418799000.0,2496000000.0,188000000.0,2.219,0.752,537258000.0,24264000.0,512994000.0,537258000.0,40207000.0,102619000.0,0.0,0.0,0.0,329000000.0,431619000.0,0.14,431619000.0,329000000.0,271000000.0,2.02,2.02,2.02,1811909000.0,1732441750.0,1811909000.0,1858540416.0,6.0,4.306,51397000.0,0.541,1.0,578000000.0,0.188,0.0,58000000.0,2680768000.0,2617803500.0,0.0,5318000.0,0.0,5318000.0,1361695000.0,638339000.0,723356000.0,1729755416.0,-222426000.0,52000000.0,-7386000.0,-250833000.0,0.0,-270219000.0,-77542000.0,0.0,125548000.0,-213000.0,192000000.0,192000000.0,192000000.0,0.0,-4000000.0,0.062,245000000.0,333000000.0,191561000.0,0.0,0.955,9.009,9.045,1665177000.0,0.0,18.27,0.563,0.565,994465000.0,6912000.0,3074000000.0,3074000000.0,5000000.0,0.058,0.111,0.126,0.107,21363000.0,215000000.0,1.0,94677268.0,95000000.0,95000000.0,32.358,3200648000.0,17400000.0,79000000.0,104468000.0,33.691,778290000.0
9,MDRIQ,MRT,2017-12-31,2017-12-31,2017-12-31,2021-08-25,-51000000.0,3223000000.0,3306511500.0,1435000000.0,1788000000.0,0.903,19.352,-119000000.0,408000000.0,408000000.0,2449000000.0,178000000.0,2.03,0.814,537000000.0,24000000.0,513000000.0,537000000.0,32000000.0,101000000.0,0.0,0.0,0.0,311000000.0,412000000.0,0.138,412000000.0,311000000.0,248000000.0,1.97,1.88,1.97,1761000000.0,1673806000.0,1761000000.0,1974881641.0,6.0,4.793,17000000.0,0.187,1.0,536000000.0,0.18,0.0,63000000.0,2645000000.0,2616663000.0,0.0,8000000.0,0.0,8000000.0,1434000000.0,707000000.0,727000000.0,1868777641.0,-204000000.0,54000000.0,-7000000.0,-256000000.0,0.0,-275000000.0,-65000000.0,0.0,136000000.0,0.0,179000000.0,179000000.0,179000000.0,0.0,-1000000.0,0.06,217000000.0,319000000.0,279000000.0,0.0,1.061,10.44,10.02,1666000000.0,0.0,19.74,0.626,0.602,409000000.0,-48000000.0,2985000000.0,2985000000.0,5000000.0,0.054,0.107,0.119,0.104,23000000.0,204000000.0,1.0,94669492.0,91000000.0,95000000.0,32.802,3223000000.0,18000000.0,69000000.0,28000000.0,35.418,728000000.0
10,MDRIQ,MRT,2017-09-30,2017-09-30,2017-09-30,2021-08-25,-53604000.0,3461435000.0,3306319000.0,1638509000.0,1822926000.0,0.88,18.2,-127607000.0,434573000.0,434573000.0,2434815000.0,154442000.0,1.702,0.984,540677000.0,19035000.0,521642000.0,540677000.0,42793000.0,104245000.0,0.0,0.0,0.0,261366000.0,365611000.0,0.126,365611000.0,261366000.0,191984000.0,1.66,1.62,1.66,1729031000.0,1622603500.0,1729031000.0,2196120143.0,8.0,6.007,60794000.0,0.64,1.0,474414000.0,0.163,0.0,69382000.0,2604687000.0,2618681500.0,0.0,10226000.0,0.0,10226000.0,1701510000.0,962852000.0,738658000.0,2064501143.0,-166443000.0,-3895000.0,-7091000.0,-260989000.0,0.0,-279080000.0,-75625000.0,0.0,188401000.0,-139000.0,152323000.0,152323000.0,152323000.0,0.0,2119000.0,0.052,200411000.0,274003000.0,511092000.0,0.0,1.194,13.553,13.139,1664409000.0,0.0,21.81,0.71,0.712,1241502000.0,-73737000.0,2909229000.0,2909229000.0,3281000.0,0.046,0.094,0.1,0.09,28989000.0,187147000.0,1.0,94658371.0,95000000.0,95000000.0,30.623,3461435000.0,14439000.0,39661000.0,91972000.0,36.436,675657000.0
11,MDRIQ,MRT,2017-06-30,2017-06-30,2017-06-30,2021-08-25,-56191000.0,3291448000.0,3225553250.0,1437657000.0,1853791000.0,0.778,17.317,-138326000.0,408880000.0,408880000.0,2116245000.0,76834000.0,1.629,1.002,540499000.0,13807000.0,526692000.0,540499000.0,66148000.0,104071000.0,0.0,0.0,0.0,184881000.0,288952000.0,0.115,288952000.0,184881000.0,110068000.0,0.87,0.8,0.87,1627827000.0,1578603750.0,1627827000.0,2158963931.0,12.0,7.472,54884000.0,0.584,1.0,392527000.0,0.156,0.0,74813000.0,2540759000.0,2633794250.0,0.0,12138000.0,0.0,12138000.0,1630952000.0,882308000.0,748644000.0,2035291931.0,-174170000.0,-1895000.0,-8428000.0,-263944000.0,0.0,-283372000.0,-83609000.0,0.0,193210000.0,-399000.0,73431000.0,73431000.0,73431000.0,0.0,3403000.0,0.029,203469000.0,189058000.0,434954000.0,0.0,1.25,27.717,24.724,1677731000.0,0.0,21.51,0.811,0.806,1083527000.0,-168438000.0,2508772000.0,2508772000.0,1350000.0,0.023,0.047,0.07,0.074,25758000.0,179130000.0,1.0,94620637.0,94000000.0,94000000.0,26.689,3291448000.0,18748000.0,36637000.0,87127000.0,35.015,555349000.0
12,MDRIQ,MRT,2017-03-31,2017-03-31,2017-03-31,2021-08-25,-64484000.0,3250163000.0,3196173250.0,1398967000.0,1851196000.0,0.759,19.568,-258949000.0,641759000.0,641759000.0,2061588000.0,62639000.0,2.005,1.034,765431000.0,45206000.0,720225000.0,765431000.0,89703000.0,99839000.0,0.0,0.0,0.0,156997000.0,256836000.0,0.106,256836000.0,156997000.0,91529000.0,0.76,0.63,0.76,1577366000.0,1555567750.0,1577366000.0,1769557870.0,11.0,6.89,-91777000.0,-1.139,1.0,364811000.0,0.15,0.0,65468000.0,2676206000.0,2670280250.0,0.0,13259000.0,0.0,13259000.0,1631258000.0,697629000.0,933629000.0,1629370870.0,-156758000.0,-895000.0,-8414000.0,-112415000.0,0.0,-120829000.0,-202453000.0,0.0,167172000.0,-648000.0,58088000.0,58088000.0,58088000.0,0.0,4551000.0,0.024,206765000.0,158046000.0,270284000.0,0.0,1.033,28.05,26.645,1685415000.0,0.0,20.25,0.672,0.673,819657000.0,-204851000.0,2426399000.0,2426399000.0,449000.0,0.018,0.037,0.059,0.065,26153000.0,181205000.0,1.0,80462679.0,80609915.0,94095104.0,30.101,3250163000.0,20083000.0,33441000.0,78309000.0,40.32,701338000.0
13,MDRIQ,MRT,2016-12-31,2016-12-31,2016-12-31,2021-08-25,-66895000.0,3222230000.0,3226522000.0,1332383000.0,1889847000.0,0.817,19.452,-228000000.0,612333000.0,612333000.0,2249000000.0,36000000.0,1.878,1.045,752520000.0,48125000.0,704395000.0,752520000.0,192486000.0,103000000.0,0.0,0.0,0.0,135000000.0,238000000.0,0.09,238000000.0,135000000.0,76000000.0,0.43,0.36,0.43,1556190000.0,1538814000.0,1556190000.0,1937803452.0,14.0,8.142,-50000000.0,-0.625,1.0,387000000.0,0.147,0.0,59000000.0,2653074000.0,2659224500.0,0.0,17023000.0,0.0,17023000.0,1626762000.0,709343000.0,917419000.0,1783499452.0,-170000000.0,-5000000.0,-4000000.0,-112000000.0,0.0,-116000000.0,-231000000.0,0.0,178000000.0,-1000000.0,34000000.0,34000000.0,34000000.0,0.0,2000000.0,0.013,249000000.0,138000000.0,173203000.0,0.0,1.146,52.456,51.558,1687301000.0,0.0,22.17,0.677,0.673,817644000.0,-226767000.0,2636000000.0,2636000000.0,0.0,0.011,0.022,0.051,0.051,23000000.0,183000000.0,1.0,80446444.0,80000000.0,95000000.0,32.95,3222230000.0,21116000.0,42000000.0,78815000.0,40.278,623040000.0
14,MDRIQ,MRT,2016-09-30,2016-09-30,2016-09-30,2021-08-25,-67332000.0,3138372000.0,3267733500.0,1256917000.0,1881455000.0,0.815,19.34,-234126000.0,600088000.0,600088000.0,2235393000.0,17738000.0,2.003,0.993,754392000.0,50046000.0,704346000.0,754392000.0,84280000.0,119054000.0,0.0,0.0,0.0,145697000.0,264751000.0,0.099,264751000.0,145697000.0,92494000.0,0.21,0.12,0.21,1553032000.0,1521466250.0,1553032000.0,1379359017.0,9.0,5.21,-47909000.0,-0.597,1.0,426227000.0,0.16,0.0,53203000.0,2665138000.0,2652233000.0,0.0,17123000.0,0.0,17123000.0,1542069000.0,627538000.0,914531000.0,1205264017.0,-218882000.0,-4183000.0,-4947000.0,-111115000.0,0.0,-115134000.0,-288899000.0,-54944000.0,186217000.0,-1066000.0,15925000.0,15925000.0,15925000.0,0.0,1813000.0,0.006,273914000.0,152313000.0,169108000.0,0.0,0.776,75.684,71.572,1690524000.0,0.0,15.03,0.453,0.453,745517000.0,-226291000.0,2661620000.0,2661620000.0,923000.0,0.005,0.01,0.055,0.055,17613000.0,210492000.0,1.0,80190473.0,80299882.0,94635690.0,33.146,3138372000.0,6932000.0,76569000.0,86799000.0,39.083,629379000.0
15,MDRIQ,MRT,2016-06-30,2016-06-30,2016-06-30,2021-08-25,-65875000.0,3173928000.0,3329192750.0,1260777000.0,1913151000.0,0.874,19.169,-225540000.0,582815000.0,582815000.0,2500924000.0,8880000.0,1.906,1.027,756910000.0,52802000.0,704108000.0,756910000.0,101421000.0,115839000.0,0.0,0.0,0.0,121957000.0,237796000.0,0.082,237796000.0,121957000.0,73170000.0,0.06,-0.03,0.06,1535683000.0,1506601750.0,1535683000.0,1230477068.0,10.0,5.175,-68412000.0,-0.854,1.0,408010000.0,0.14,0.0,48787000.0,2686703000.0,2643356000.0,0.0,27866000.0,0.0,27866000.0,1577468000.0,661320000.0,916148000.0,1187367068.0,-181345000.0,-6360000.0,-2162000.0,-110762000.0,0.0,-112935000.0,-223506000.0,3967000.0,157128000.0,-2032000.0,3483000.0,3483000.0,3483000.0,0.0,5397000.0,0.001,264766000.0,143244000.0,215987000.0,0.0,0.773,340.904,247.0,1705645000.0,0.0,14.82,0.408,0.408,761603000.0,-242399000.0,2908934000.0,2908934000.0,854000.0,0.001,0.002,0.046,0.042,15944000.0,208173000.0,1.0,80119155.0,80112767.0,94969710.0,36.31,3173928000.0,13154000.0,69687000.0,80212000.0,39.618,599457000.0
16,MDRIQ,MRT,2016-03-31,2016-03-31,2016-03-31,2021-08-25,-66489000.0,3371558000.0,3406845500.0,1530109000.0,1841449000.0,0.954,18.947,-110779000.0,797829000.0,797829000.0,2831103000.0,765000.0,1.955,1.193,840939000.0,25298000.0,815641000.0,840939000.0,138272000.0,117496000.0,0.0,0.0,0.0,109893000.0,227389000.0,0.07,227389000.0,109893000.0,60776000.0,-0.06,-0.12,-0.06,1510351000.0,1497037250.0,1510351000.0,1039845497.0,9.0,4.573,22312000.0,0.28,1.0,417741000.0,0.129,0.0,49117000.0,2631983000.0,2628996750.0,0.0,26844000.0,0.0,26844000.0,1801570000.0,782685000.0,1018885000.0,977607497.0,9608000.0,-6447000.0,-2235000.0,-27154000.0,0.0,-29093000.0,-92581000.0,10404000.0,133091000.0,-1809000.0,-5648000.0,-5648000.0,-5648000.0,0.0,6413000.0,-0.002,282372000.0,135369000.0,298297000.0,0.0,0.647,-173.089,-204.5,1594119000.0,0.0,12.27,0.301,0.301,846079000.0,-263056000.0,3248844000.0,3248844000.0,755000.0,-0.002,-0.004,0.042,0.034,13799000.0,203891000.0,1.0,79674533.0,79712558.0,79712558.0,40.757,3371558000.0,13657000.0,66424000.0,76662000.0,42.296,747424000.0
17,MDRIQ,MRT,2015-12-31,2015-12-31,2015-12-31,2021-08-25,-93955000.0,3387076000.0,3428963750.0,1527278000.0,1859798000.0,0.895,18.722,-102851000.0,781645000.0,781645000.0,2690560000.0,-8839000.0,1.853,1.238,843883000.0,24882000.0,819001000.0,843883000.0,164773000.0,118281000.0,0.0,0.0,0.0,84038000.0,202319000.0,0.066,202319000.0,84038000.0,33980000.0,-0.24,-0.24,-0.24,1486799000.0,1483972000.0,1486799000.0,884591934.0,11.0,4.372,-47579000.0,-0.599,1.0,379715000.0,0.124,0.0,50058000.0,2625108000.0,2615246000.0,0.0,26551000.0,0.0,26551000.0,1840355000.0,824206000.0,1016149000.0,800558934.0,-71249000.0,-7038000.0,-1038000.0,-27108000.0,0.0,-28170000.0,-95572000.0,0.0,55272000.0,-2779000.0,-17983000.0,-17983000.0,-17983000.0,0.0,9144000.0,-0.006,267033000.0,112682000.0,279821000.0,0.0,0.538,-44.518,-41.875,1610859000.0,0.0,10.05,0.261,0.26,866053000.0,-260884000.0,3070275000.0,3070275000.0,724000.0,-0.005,-0.012,0.032,0.027,16593000.0,217239000.0,1.0,79657526.0,79413508.0,79413508.0,38.662,3387076000.0,18822000.0,51963000.0,76346000.0,42.651,703072000.0
18,MDRIQ,MRT,2015-09-30,2015-09-30,2015-09-30,2021-08-25,-104085000.0,3384209000.0,3436414500.0,1516940000.0,1867269000.0,0.934,18.78,-170779000.0,767201000.0,767201000.0,2840893000.0,21410000.0,1.809,1.226,851234000.0,27749000.0,823485000.0,851234000.0,97371000.0,100512000.0,0.0,0.0,0.0,98221000.0,198733000.0,0.062,198733000.0,98221000.0,49696000.0,0.12,0.06,0.12,1493574000.0,1484323250.0,1493574000.0,1110355223.0,11.0,5.587,-56867000.0,-0.715,1.0,368364000.0,0.115,0.0,48525000.0,2629630000.0,2601684000.0,0.0,29751000.0,0.0,29751000.0,1831366000.0,838612000.0,992754000.0,1027195223.0,151367000.0,-9380000.0,-1380000.0,-27819000.0,0.0,-62907000.0,103990000.0,53321000.0,113912000.0,-3628000.0,8860000.0,8860000.0,8860000.0,0.0,12550000.0,0.003,243809000.0,124555000.0,303790000.0,0.0,0.688,115.936,107.5,1604308000.0,0.0,12.9,0.32,0.32,846020000.0,-242216000.0,3209257000.0,3209257000.0,0.0,0.003,0.006,0.038,0.031,17169000.0,195608000.0,1.0,79627457.0,79531313.0,93598958.0,40.352,3384209000.0,20251000.0,40836000.0,81708000.0,42.552,678328000.0
19,MDRIQ,MRT,2015-06-30,2015-06-30,2015-06-30,2021-08-25,-94024000.0,3484539000.0,3472191250.0,1580948000.0,1903591000.0,0.812,18.849,-214215000.0,771002000.0,771002000.0,2490203000.0,-12070000.0,1.685,1.29,854162000.0,27690000.0,826472000.0,854162000.0,113086000.0,98309000.0,0.0,0.0,0.0,55505000.0,153814000.0,0.055,153814000.0,55505000.0,8148000.0,-0.33,-0.36,-0.33,1497425000.0,1485023250.0,1497425000.0,1335086133.0,24.0,8.68,-140410000.0,-1.767,1.0,327792000.0,0.116,0.0,47357000.0,2629266000.0,2609922250.0,0.0,29905000.0,0.0,29905000.0,1931733000.0,938433000.0,993300000.0,1274147133.0,-23526000.0,-4833000.0,-2828000.0,-28447000.0,0.0,-65585000.0,-28284000.0,162229000.0,73805000.0,-3462000.0,-25058000.0,-25058000.0,-25058000.0,0.0,12988000.0,-0.009,244486000.0,83306000.0,326765000.0,0.0,0.851,-50.848,-48.546,1617865000.0,0.0,16.02,0.452,0.452,896578000.0,-242553000.0,2817995000.0,2817995000.0,0.0,-0.007,-0.017,0.021,0.02,18104000.0,202625000.0,1.0,79534698.0,79443925.0,96563230.0,35.471,3484539000.0,24111000.0,33206000.0,91345000.0,43.862,642515000.0
20,MDRIQ,MRT,2015-03-31,2015-03-31,2015-03-31,2021-08-25,-116690000.0,3460031000.0,3511856250.0,1545007000.0,1915024000.0,0.64,18.418,-307266000.0,800400000.0,800400000.0,1996979000.0,-31458000.0,1.637,1.336,861339000.0,27092000.0,834247000.0,861339000.0,162004000.0,93910000.0,0.0,0.0,0.0,50589000.0,144499000.0,0.064,144499000.0,50589000.0,-22528000.0,-0.57,-0.57,-0.57,1458090000.0,1500232750.0,1458090000.0,951844648.0,19.0,6.587,-296517000.0,-3.745,1.0,250562000.0,0.111,0.0,73117000.0,2576980000.0,2615891000.0,0.0,38357000.0,0.0,38357000.0,1948605000.0,943990000.0,1004615000.0,913191648.0,496439000.0,-7116000.0,-2383000.0,767896000.0,0.0,729756000.0,-241016000.0,10455000.0,10749000.0,-3050000.0,-43981000.0,-43981000.0,-43981000.0,0.0,12523000.0,-0.02,181522000.0,69040000.0,374927000.0,0.0,0.626,-20.763,-20.211,1629419000.0,0.0,11.52,0.406,0.406,804645000.0,-254079000.0,2247541000.0,2247541000.0,0.0,-0.013,-0.029,0.019,0.023,18456000.0,208276000.0,1.0,79270029.0,79168160.0,79168160.0,28.389,3460031000.0,29680000.0,21453000.0,97520000.0,43.705,601017000.0
21,MDRIQ,MRT,2014-12-31,2014-12-31,2014-12-31,2021-08-25,-97808000.0,3416879000.0,3402830750.0,1487381000.0,1929498000.0,0.676,18.82,-321187000.0,852894000.0,852894000.0,2113013000.0,-65394000.0,1.734,1.262,864469000.0,23678000.0,840791000.0,864469000.0,199865000.0,93185000.0,0.0,0.0,0.0,4956000.0,98141000.0,0.043,98141000.0,4956000.0,-55921000.0,-0.96,-0.96,-0.96,1488204000.0,1465923750.0,1488204000.0,708576382.0,143.0,7.22,-314227000.0,-3.974,1.0,187876000.0,0.082,0.0,60877000.0,2570860000.0,2381624250.0,0.0,38186000.0,0.0,38186000.0,1877765000.0,857594000.0,1020171000.0,691551382.0,710540000.0,-2420000.0,-1380000.0,991229000.0,0.0,950554000.0,-245069000.0,9283000.0,6960000.0,-1905000.0,-75994000.0,-75994000.0,-75994000.0,0.0,10600000.0,-0.033,171474000.0,16402000.0,219384000.0,0.0,0.465,-9.1,-9.094,1657348000.0,0.0,8.73,0.301,0.3,718370000.0,-239572000.0,2300889000.0,2300889000.0,0.0,-0.022,-0.052,0.002,0.002,18565000.0,208564000.0,1.0,79215428.0,79076283.0,79076283.0,29.097,3416879000.0,24827000.0,20073000.0,94147000.0,43.21,629787000.0
22,MDRIQ,MRT,2014-09-30,2014-09-30,2014-09-30,2021-08-25,-150164000.0,3527316000.0,3250453750.0,1646806000.0,1880510000.0,0.619,18.907,-275091000.0,883266000.0,883266000.0,2073000000.0,-386672000.0,1.868,1.296,900291000.0,27002000.0,873289000.0,900291000.0,200258000.0,93121000.0,0.0,0.0,0.0,-336487000.0,-243366000.0,-0.121,-243366000.0,-336487000.0,-386798000.0,-5.07,-5.07,-5.07,1496374000.0,1431251250.0,1496374000.0,1309736051.0,-4.0,-5.382,-475890000.0,-6.013,1.0,-61173000.0,-0.03,0.0,50311000.0,2662583000.0,2147058000.0,0.0,46326000.0,0.0,46326000.0,1938623000.0,881758000.0,1056865000.0,1359266051.0,361581000.0,-46543000.0,-1038000.0,990560000.0,0.0,982766000.0,-419503000.0,9842000.0,-200799000.0,-883000.0,-400097000.0,-400097000.0,-400097000.0,0.0,13425000.0,-0.199,255014000.0,-316187000.0,292129000.0,0.0,0.908,-3.397,-3.385,1582395000.0,0.0,17.16,0.676,0.675,815928000.0,-165624000.0,2011827000.0,2011827000.0,0.0,-0.123,-0.28,-0.157,-0.167,19995000.0,198929000.0,1.0,79211229.0,79143052.0,79143052.0,25.42,3527316000.0,25012000.0,13299000.0,86551000.0,44.569,765048000.0
23,MDRIQ,MRT,2014-06-30,2014-06-30,2014-06-30,2021-08-25,-119221000.0,3643199000.0,3157945000.0,1745883000.0,1897316000.0,0.723,19.692,-294444000.0,953905000.0,953905000.0,2389144000.0,-419773000.0,1.856,1.281,904375000.0,26285000.0,878090000.0,904375000.0,204536000.0,91509000.0,0.0,0.0,0.0,-371701000.0,-280192000.0,-0.123,-280192000.0,-371701000.0,-409802000.0,-5.49,-5.49,-5.49,1558263000.0,1475688000.0,1558263000.0,1918498518.0,-5.0,-6.847,-547484000.0,-6.919,1.0,-105056000.0,-0.046,0.0,38101000.0,2653141000.0,1917339750.0,0.0,50330000.0,0.0,50330000.0,1995656000.0,940528000.0,1055128000.0,1921736518.0,336323000.0,-47396000.0,-1083000.0,994296000.0,0.0,986798000.0,-397679000.0,-148049000.0,-253040000.0,244000.0,-433915000.0,-433915000.0,-433915000.0,0.0,14142000.0,-0.19,253147000.0,-358203000.0,347910000.0,0.0,1.233,-4.429,-4.421,1553005000.0,0.0,24.27,0.841,0.841,884034000.0,-131940000.0,2284088000.0,2284088000.0,0.0,-0.137,-0.294,-0.194,-0.163,21342000.0,193691000.0,1.0,79181483.0,79131781.0,79131781.0,28.864,3643199000.0,27312000.0,24113000.0,92308000.0,46.04,805355000.0
24,MDRIQ,MRT,2014-03-31,2014-03-31,2014-03-31,2021-08-25,-122742000.0,3023929000.0,3046132000.0,1257790000.0,1766139000.0,0.806,16.722,-284206000.0,311416000.0,311416000.0,2680105000.0,-560212000.0,0.911,1.221,308178000.0,258417000.0,49761000.0,308178000.0,278881000.0,88960000.0,0.0,0.0,0.0,-551786000.0,-462826000.0,-0.189,-462826000.0,-551786000.0,-550714000.0,-7.29,-7.29,-7.29,1320854000.0,1512458250.0,1320854000.0,1800694561.0,-3.0,-3.891,-376030000.0,-4.761,1.0,-224850000.0,-0.092,0.0,-1072000.0,1639913000.0,1663713750.0,0.0,54334000.0,3248000.0,51086000.0,1612244000.0,1380778000.0,231466000.0,1854486561.0,-193405000.0,-44975000.0,-1038000.0,201070000.0,0.0,189646000.0,-291203000.0,-7311000.0,-91824000.0,-24000.0,-575941000.0,-575941000.0,-575941000.0,0.0,15729000.0,-0.235,312275000.0,-537125000.0,423166000.0,0.0,1.404,-3.22,-3.218,1483604000.0,0.0,23.46,0.755,0.755,873285000.0,-121110000.0,2455255000.0,2455255000.0,0.0,-0.189,-0.381,-0.332,-0.225,21564000.0,192864000.0,1.0,79048794.0,78986974.0,78986974.0,31.084,3023929000.0,7092000.0,25227000.0,92368000.0,38.284,-122988000.0
25,MDRIQ,MRT,2013-12-31,2013-12-31,2013-12-31,2021-08-25,-47710000.0,2807371000.0,3085404250.0,1080200000.0,1727171000.0,0.862,17.118,-283962000.0,142354000.0,142354000.0,2801426000.0,-489910000.0,0.964,1.013,88562000.0,39543000.0,49019000.0,88562000.0,278929000.0,84580000.0,0.0,0.0,0.0,-461170000.0,-376590000.0,-0.142,-376590000.0,-461170000.0,-459817000.0,-6.45,-6.45,-6.45,1349514000.0,1658385000.0,1349514000.0,1960396644.0,-4.0,-5.206,-540573000.0,-6.857,1.0,-142494000.0,-0.054,0.0,-1353000.0,1632595000.0,1700349750.0,0.0,64047000.0,0.0,64047000.0,1367027000.0,1120984000.0,246043000.0,2167113644.0,-521445000.0,-9354000.0,-1038000.0,-19051000.0,0.0,-33832000.0,-231155000.0,27888000.0,-256611000.0,153000.0,-508868000.0,-508868000.0,-508868000.0,0.0,18958000.0,-0.191,298135000.0,-440629000.0,398739000.0,0.0,1.606,-4.259,-4.26,1478677000.0,0.0,27.48,0.815,0.815,962482000.0,-163578000.0,2658932000.0,2658932000.0,0.0,-0.165,-0.307,-0.271,-0.173,21100000.0,193126000.0,1.0,78861407.0,78838116.0,78838116.0,33.726,2807371000.0,23857000.0,49051000.0,94591000.0,35.609,-40784000.0
26,MDRIQ,MRT,2013-09-30,2013-09-30,2013-09-30,2021-08-25,-129235000.0,3157281000.0,3216968250.0,1392227000.0,1765054000.0,0.975,21.258,-332423000.0,300858000.0,300858000.0,2975536000.0,-149275000.0,1.194,0.848,94141000.0,41037000.0,53104000.0,94141000.0,312268000.0,80598000.0,0.0,0.0,0.0,-82338000.0,-1740000.0,-0.001,-1740000.0,-82338000.0,-76891000.0,-2.04,-2.04,-2.04,1674121000.0,1792839250.0,1674121000.0,1401161659.0,-17.0,-805.265,-400398000.0,-5.084,1.0,162011000.0,0.052,41202000.0,-5447000.0,1743710000.0,1698165750.0,0.0,44035000.0,0.0,44035000.0,1418829000.0,1165652000.0,253177000.0,1757723659.0,-356424000.0,31700000.0,-2683000.0,-14093000.0,0.0,-32067000.0,-256458000.0,47172000.0,-67975000.0,76000.0,-164584000.0,-164584000.0,-164584000.0,0.0,15309000.0,-0.052,227408000.0,-65397000.0,371674000.0,0.0,1.05,-10.68,-10.926,1471809000.0,0.0,22.29,0.56,0.559,1037830000.0,252816000.0,3137547000.0,3137547000.0,0.0,-0.051,-0.092,-0.048,-0.026,30861000.0,223521000.0,1.0,78856972.0,78752561.0,78752561.0,39.841,3116079000.0,11184000.0,87693000.0,47649000.0,39.568,226575000.0
27,MDRIQ,MRT,2013-06-30,2013-06-30,2013-06-30,2021-08-25,-156673000.0,3195947000.0,3268658750.0,1509313000.0,1686634000.0,1.064,21.66,-299124000.0,452197000.0,452197000.0,3178944000.0,-35937000.0,1.302,0.839,95635000.0,42531000.0,53104000.0,95635000.0,301426000.0,79884000.0,0.0,0.0,0.0,50345000.0,130229000.0,0.037,130229000.0,50345000.0,55429000.0,-0.6,-0.6,-0.6,1705344000.0,1838486250.0,1705344000.0,1551955086.0,31.0,11.917,-277009000.0,-3.518,1.0,300492000.0,0.086,41202000.0,-5084000.0,1638637000.0,1660784500.0,0.0,49719000.0,0.0,49719000.0,1430048000.0,1159546000.0,270502000.0,1934219086.0,-216349000.0,30367000.0,-2638000.0,-14093000.0,0.0,-30828000.0,-209476000.0,60637000.0,22115000.0,1840000.0,-49902000.0,-49902000.0,-49902000.0,0.0,13965000.0,-0.014,229437000.0,71055000.0,434783000.0,0.0,1.134,-38.76,-40.9,1385957000.0,0.0,24.54,0.556,0.555,1008282000.0,316886000.0,3479436000.0,3479436000.0,0.0,-0.015,-0.027,0.03,0.014,25479000.0,228912000.0,1.0,78818955.0,78733067.0,78733067.0,44.193,3154745000.0,7722000.0,105331000.0,52638000.0,40.069,349767000.0
28,MDRIQ,MRT,2013-03-31,2013-03-31,2013-03-31,2021-08-25,-100697000.0,3181018000.0,3267432500.0,1587344000.0,1593674000.0,1.139,24.217,-279208000.0,483477000.0,483477000.0,3215389000.0,164129000.0,1.635,0.637,101213000.0,44025000.0,57188000.0,101213000.0,206010000.0,83386000.0,0.0,0.0,0.0,275378000.0,358764000.0,0.096,358764000.0,275378000.0,280034000.0,1.95,1.95,1.95,1904561000.0,1855214000.0,1904561000.0,2036671356.0,7.0,5.677,-429400000.0,-5.46,1.0,506045000.0,0.136,41202000.0,-4656000.0,1786457000.0,1625949000.0,0.0,54169000.0,0.0,54169000.0,1214130000.0,971095000.0,243035000.0,2592226356.0,-327430000.0,30311000.0,-2683000.0,9025000.0,0.0,-3491000.0,-176214000.0,71612000.0,-150192000.0,2467000.0,152260000.0,152260000.0,152260000.0,0.0,11869000.0,0.041,208882000.0,297163000.0,302250000.0,0.0,1.361,17.025,16.908,1327020000.0,0.0,32.97,0.697,0.697,1053147000.0,466309000.0,3721434000.0,3721434000.0,0.0,0.047,0.082,0.169,0.074,19292000.0,223777000.0,1.0,78623711.0,78646983.0,79733214.0,47.318,3139816000.0,6888000.0,127774000.0,86452000.0,39.923,616249000.0
29,MDRIQ,MRT,2012-12-31,2012-12-31,2012-12-31,2021-08-25,-94413000.0,3333627000.0,3238526500.0,1789789000.0,1543838000.0,1.124,24.028,-286310000.0,658263000.0,658263000.0,3100009000.0,205235000.0,1.608,0.732,102708000.0,14146000.0,88562000.0,102708000.0,241696000.0,86440000.0,0.0,0.0,0.0,319013000.0,405453000.0,0.111,405453000.0,319013000.0,323669000.0,2.49,2.46,2.49,1887331000.0,1810615500.0,1887331000.0,2045422087.0,6.0,5.045,-76526000.0,-0.974,1.0,541615000.0,0.149,41202000.0,-4656000.0,1623859000.0,1497901750.0,0.0,83427000.0,19242000.0,64185000.0,1381522000.0,1113011000.0,268511000.0,2599004087.0,69293000.0,-5084000.0,-2683000.0,9025000.0,0.0,-13793000.0,-128252000.0,99180000.0,209784000.0,1554000.0,194465000.0,194465000.0,194465000.0,-3497000.0,10770000.0,0.053,217757000.0,323858000.0,400007000.0,0.0,1.377,13.365,13.277,1281791000.0,0.0,33.06,0.714,0.713,1064415000.0,445756000.0,3641624000.0,3641624000.0,0.0,0.06,0.107,0.213,0.088,15369000.0,218162000.0,1.0,78614685.0,78546062.0,79206483.0,46.363,3292425000.0,9765000.0,129204000.0,143601000.0,41.917,676778000.0
30,MDRIQ,MRT,2012-09-30,2012-09-30,2012-09-30,2021-08-25,-80508000.0,3364043000.0,3153323250.0,1854521000.0,1509522000.0,1.098,23.621,-230033000.0,661868000.0,661868000.0,2973370000.0,162895000.0,1.578,0.776,108286000.0,14146000.0,94140000.0,108286000.0,307144000.0,88447000.0,0.0,0.0,0.0,269502000.0,357949000.0,0.103,357949000.0,269502000.0,269917000.0,1.98,1.95,1.98,1856709000.0,1753692250.0,1856709000.0,2323302021.0,9.0,6.491,46712000.0,0.594,1.0,488476000.0,0.141,41202000.0,-415000.0,1594185000.0,1449625750.0,0.0,94264000.0,28737000.0,65527000.0,1441352000.0,1175074000.0,266278000.0,2881606021.0,235205000.0,807000.0,-10092000.0,24017000.0,0.0,-7960000.0,-35447000.0,135397000.0,276745000.0,1867000.0,156140000.0,156140000.0,156140000.0,15774000.0,6755000.0,0.045,198937000.0,289539000.0,375954000.0,0.0,1.552,18.455,18.515,1198836000.0,0.0,36.66,0.832,0.832,1111181000.0,405212000.0,3461846000.0,3461846000.0,0.0,0.05,0.089,0.186,0.078,9485000.0,194102000.0,1.0,78603468.0,78605656.0,79288921.0,44.041,3322841000.0,11580000.0,113777000.0,82596000.0,42.272,679447000.0
31,MDRIQ,MRT,2012-06-30,2012-06-30,2012-06-30,2021-08-25,-110540000.0,3191042000.0,3002262750.0,1703710000.0,1487332000.0,1.103,22.559,-272600000.0,668084000.0,668084000.0,2886498000.0,124845000.0,1.56,0.765,109780000.0,14573000.0,95207000.0,109780000.0,353457000.0,88166000.0,0.0,0.0,0.0,220612000.0,308778000.0,0.093,308778000.0,220612000.0,220875000.0,1.5,1.47,1.5,1772255000.0,1696027750.0,1772255000.0,1902758936.0,9.0,6.162,-13679000.0,-0.174,1.0,426497000.0,0.129,41202000.0,-263000.0,1499295000.0,1449941500.0,0.0,118504000.0,48970000.0,69534000.0,1356482000.0,1092241000.0,264241000.0,2624314936.0,342165000.0,9106000.0,-10092000.0,27969000.0,0.0,-3700000.0,87266000.0,292684000.0,258921000.0,-322000.0,116479000.0,116479000.0,116479000.0,14587000.0,8366000.0,0.035,187423000.0,239074000.0,318743000.0,0.0,1.481,22.53,22.28,1188787000.0,0.0,33.42,0.792,0.792,935991000.0,354600000.0,3312995000.0,3312995000.0,0.0,0.039,0.069,0.152,0.067,17825000.0,190314000.0,1.0,78525204.0,78560326.0,79153509.0,42.171,3149840000.0,12316000.0,104396000.0,68392000.0,40.095,611469000.0
32,MDRIQ,MRT,2012-03-31,2012-03-31,2012-03-31,2021-08-25,-99921000.0,3065394000.0,2881326500.0,1633459000.0,1431935000.0,1.136,22.017,-263386000.0,813797000.0,813797000.0,2830599000.0,142352000.0,1.588,0.74,92241000.0,10061000.0,82180000.0,92241000.0,358052000.0,85142000.0,0.0,0.0,0.0,224356000.0,309498000.0,0.095,309498000.0,224356000.0,224356000.0,1.71,1.65,1.71,1726167000.0,1659640000.0,1726167000.0,2511992009.0,11.0,8.116,97418000.0,1.243,1.0,442949000.0,0.135,41202000.0,0.0,1274268000.0,1459357000.0,0.0,125611000.0,54708000.0,70903000.0,1278067000.0,1028368000.0,249699000.0,3011073009.0,579758000.0,9111000.0,-10092000.0,27208000.0,0.0,-6032000.0,225795000.0,421993000.0,360804000.0,-809000.0,131068000.0,131068000.0,131068000.0,10977000.0,11284000.0,0.04,200253000.0,242696000.0,272746000.0,0.0,1.744,22.973,22.474,1141241000.0,0.0,38.43,0.92,0.92,709177000.0,301861000.0,3273548000.0,3273548000.0,0.0,0.045,0.079,0.154,0.069,17825000.0,203244000.0,1.0,78352069.0,78402672.0,79110797.0,41.753,3024192000.0,15097000.0,93288000.0,79712000.0,38.573,605091000.0
33,MDRIQ,MRT,2011-12-31,2011-12-31,2011-12-31,2021-08-25,-102030000.0,2992814000.0,2757565750.0,1537185000.0,1455629000.0,1.249,21.223,-282621000.0,592816000.0,592816000.0,2980390000.0,151355000.0,1.504,0.759,93735000.0,8941000.0,84794000.0,93735000.0,320438000.0,82391000.0,0.0,0.0,0.0,225854000.0,308245000.0,0.089,308245000.0,225854000.0,225854000.0,1.77,1.77,1.77,1659638000.0,1611914000.0,1659638000.0,2376512980.0,11.0,7.71,-186601000.0,-2.386,1.0,464720000.0,0.135,41202000.0,0.0,1430755000.0,1505211750.0,0.0,181665000.0,109522000.0,72143000.0,1259102000.0,1021776000.0,237326000.0,2705305980.0,167391000.0,8885000.0,-10092000.0,38381000.0,0.0,22715000.0,48765000.0,322501000.0,96020000.0,-109000.0,138730000.0,138730000.0,138730000.0,12812000.0,12625000.0,0.04,209012000.0,255708000.0,315514000.0,0.0,1.63,19.501,19.508,1101865000.0,0.0,34.53,0.785,0.784,786584000.0,239103000.0,3445110000.0,3445110000.0,0.0,0.05,0.086,0.15,0.066,17825000.0,212002000.0,1.0,78346460.0,78199555.0,79013423.0,44.055,2951612000.0,11931000.0,87124000.0,67368000.0,37.745,515409000.0
34,MDRIQ,MRT,2011-09-30,2011-09-30,2011-09-30,2021-08-25,-142980000.0,2759801000.0,2659034250.0,1287763000.0,1472038000.0,1.192,20.763,-282179000.0,417886000.0,417886000.0,2675201000.0,209441000.0,1.621,0.651,89093000.0,6615000.0,82478000.0,89093000.0,103896000.0,78928000.0,0.0,0.0,0.0,260219000.0,339147000.0,0.107,339147000.0,260219000.0,259891000.0,2.52,2.43,2.52,1626051000.0,1559261500.0,1626051000.0,2147586635.0,8.0,6.332,-150879000.0,-1.927,1.0,493356000.0,0.156,41202000.0,328000.0,1595448000.0,1434135500.0,0.0,246451000.0,159086000.0,87365000.0,1058706000.0,794358000.0,264348000.0,2525530635.0,-346822000.0,-25760000.0,-15715000.0,43443000.0,0.0,254367000.0,-138340000.0,219052000.0,131300000.0,-210000.0,193587000.0,193587000.0,193587000.0,-5867000.0,15854000.0,0.061,212762000.0,280594000.0,299535000.0,0.0,1.553,13.046,12.81,1083368000.0,0.0,32.28,0.797,0.798,632988000.0,249072000.0,3168557000.0,3168557000.0,0.0,0.073,0.124,0.181,0.082,24798000.0,220679000.0,1.0,78238169.0,78313316.0,78982475.0,40.46,2718599000.0,13102000.0,66304000.0,50003000.0,34.714,493405000.0
35,MDRIQ,MRT,2011-06-30,2011-06-30,2011-06-30,2021-08-25,-129369000.0,2707297000.0,2556125750.0,1285345000.0,1421952000.0,1.182,20.804,-230928000.0,459806000.0,459806000.0,2438246000.0,223850000.0,1.711,0.621,81862000.0,7357000.0,74505000.0,81862000.0,92422000.0,78728000.0,0.0,0.0,0.0,259861000.0,338589000.0,0.112,338589000.0,259861000.0,259293000.0,2.64,2.55,2.64,1626704000.0,1505755500.0,1626704000.0,4295956298.0,17.0,12.688,-102076000.0,-1.305,1.0,582512000.0,0.193,41202000.0,568000.0,1536957000.0,1349430500.0,0.0,285144000.0,173469000.0,111675000.0,1010229000.0,751194000.0,259035000.0,4646425298.0,-709661000.0,-29680000.0,-15715000.0,38508000.0,0.0,9560000.0,-495536000.0,-167162000.0,128852000.0,-55000.0,203439000.0,203439000.0,203439000.0,35350000.0,20411000.0,0.067,252962000.0,329550000.0,280450000.0,0.0,2.856,22.839,22.511,1020935000.0,0.0,59.43,1.538,1.538,575136000.0,238121000.0,3020758000.0,3020758000.0,0.0,0.08,0.135,0.193,0.086,16458000.0,228732000.0,1.0,78183083.0,78190932.0,79181479.0,38.633,2666095000.0,20170000.0,55854000.0,60070000.0,34.097,534151000.0
36,MDRIQ,MRT,2011-03-31,2011-03-31,2011-03-31,2021-08-25,-148559000.0,2570351000.0,3057963750.0,1204837000.0,1365514000.0,0.915,19.696,-202436000.0,415561000.0,415561000.0,2210280000.0,233934000.0,1.671,0.63,65092000.0,8001000.0,57091000.0,65092000.0,62336000.0,78190000.0,0.0,0.0,0.0,266089000.0,344279000.0,0.123,344279000.0,266089000.0,263667000.0,2.76,2.67,2.76,1535263000.0,1596316500.0,1535263000.0,5393111570.0,20.0,15.665,84534000.0,1.085,1.0,587821000.0,0.21,41202000.0,2422000.0,1457687000.0,1409649750.0,0.0,374254000.0,257584000.0,116670000.0,966723000.0,720993000.0,245730000.0,5939140570.0,-629806000.0,-29680000.0,-15715000.0,6738000.0,0.0,-23940000.0,-616948000.0,-343590000.0,286970000.0,-515000.0,212145000.0,212145000.0,212145000.0,41617000.0,21789000.0,0.076,245295000.0,342526000.0,281331000.0,0.0,3.868,27.996,27.598,964986000.0,0.0,76.17,2.123,2.122,457074000.0,170793000.0,2798101000.0,2798101000.0,0.0,0.069,0.133,0.189,0.095,16458000.0,220994000.0,1.0,77972097.0,77946947.0,78915114.0,35.898,2529149000.0,12426000.0,51522000.0,65341000.0,32.447,483844000.0
37,MDRIQ,MRT,2010-12-31,2010-12-31,2010-12-31,2021-08-25,-163717000.0,2598688000.0,3584116000.0,1285638000.0,1313050000.0,0.671,18.723,-186862000.0,601324000.0,601324000.0,1842261000.0,227712000.0,1.486,0.75,55295000.0,8547000.0,46748000.0,55295000.0,250053000.0,76452000.0,0.0,0.0,0.0,245432000.0,321884000.0,0.134,321884000.0,245432000.0,242848000.0,2.61,2.55,2.61,1449028000.0,1688133500.0,1449028000.0,4459289051.0,18.0,13.854,153312000.0,1.981,1.0,561482000.0,0.234,41202000.0,2584000.0,1146450000.0,1490492500.0,0.0,330221000.0,209463000.0,120758000.0,1086421000.0,865007000.0,221414000.0,4830055051.0,-495807000.0,-29680000.0,-15715000.0,-5117000.0,0.0,-33508000.0,-552005000.0,-270379000.0,340174000.0,-80000.0,201666000.0,201666000.0,201666000.0,34900000.0,26046000.0,0.084,238983000.0,322499000.0,252974000.0,0.0,3.333,23.951,23.782,915569000.0,0.0,62.07,2.009,1.998,417797000.0,100373000.0,2403743000.0,2403743000.0,0.0,0.056,0.119,0.165,0.102,16458000.0,216763000.0,1.0,77816179.0,77391043.0,78540598.0,31.06,2557486000.0,10323000.0,41182000.0,45700000.0,33.046,420631000.0
38,MDRIQ,MRT,2010-09-30,2010-09-30,2010-09-30,2021-08-25,-148166000.0,2348167000.0,4146721500.0,1109712000.0,1238455000.0,0.632,18.206,-132866000.0,424799000.0,424799000.0,2035250000.0,274607000.0,1.632,0.62,54033000.0,8567000.0,45466000.0,54033000.0,147182000.0,18420000.0,0.0,0.0,0.0,317119000.0,335539000.0,0.128,335539000.0,317119000.0,307164000.0,3.33,3.27,3.33,1412027000.0,1777675750.0,1412027000.0,2568789737.0,8.0,7.656,-6843000.0,-0.088,1.0,585669000.0,0.223,40633000.0,9955000.0,1256628000.0,1613223750.0,1675000.0,322264000.0,216451000.0,105813000.0,875125000.0,680140000.0,194985000.0,3432766737.0,-223401000.0,-3148000.0,-7244000.0,-19754000.0,0.0,-259271000.0,-424520000.0,-249869000.0,126023000.0,-9184000.0,255480000.0,255480000.0,255480000.0,8965000.0,19127000.0,0.097,235221000.0,350448000.0,201388000.0,0.0,2.431,13.437,13.315,870660000.0,0.0,44.34,1.31,1.312,395347000.0,55485000.0,2620919000.0,2620919000.0,0.0,0.062,0.144,0.197,0.121,10529000.0,210620000.0,1.0,77419109.0,77556782.0,78757058.0,33.794,2307534000.0,12121000.0,51684000.0,57011000.0,29.753,429572000.0
39,MDRIQ,MRT,2010-06-30,2010-06-30,2010-06-30,2021-08-25,-598441000.0,4714649000.0,4743590750.0,2218414000.0,2496235000.0,0.612,25.736,-154748000.0,928262000.0,928262000.0,2324489000.0,363973000.0,1.276,1.349,64285000.0,15067000.0,49218000.0,64285000.0,595410000.0,45777000.0,0.0,0.0,0.0,422016000.0,467793000.0,0.161,467793000.0,422016000.0,413683000.0,4.59,4.5,4.59,1988948000.0,1854385750.0,1988948000.0,4202745451.0,10.0,8.984,67473000.0,0.873,1.0,576809000.0,0.199,334649000.0,8333000.0,1777834000.0,1701259000.0,100636000.0,269423000.0,0.0,269423000.0,2683368000.0,1738189000.0,945179000.0,5006115451.0,150908000.0,-15795000.0,-6873000.0,-15915000.0,0.0,-18229000.0,-158553000.0,32554000.0,222221000.0,3375000.0,352784000.0,352784000.0,352784000.0,-73116000.0,11189000.0,0.122,213840000.0,362969000.0,425170000.0,0.0,2.517,14.19,14.157,1378075000.0,0.0,64.98,1.725,1.731,998924000.0,1087622000.0,2901298000.0,2901298000.0,0.0,0.074,0.19,0.248,0.145,13222000.0,213696000.0,1.0,77040789.0,77282304.0,78141104.0,37.542,4380000000.0,333528000.0,60899000.0,59617000.0,56.675,480225000.0
40,MDRIQ,MRT,2010-03-31,2010-03-31,2010-03-31,2021-08-25,-596845000.0,4674960000.0,4717477000.0,2183853000.0,2491107000.0,0.814,24.727,-173542000.0,872020000.0,872020000.0,3123708000.0,380334000.0,1.237,1.438,68650000.0,13558000.0,55092000.0,68650000.0,578538000.0,62632000.0,0.0,0.0,0.0,463173000.0,525805000.0,0.137,525805000.0,463173000.0,461944000.0,4.8,4.74,4.8,1902531000.0,1745336500.0,1902531000.0,5308865118.0,11.0,10.097,285000.0,0.004,1.0,715445000.0,0.186,325760000.0,1229000.0,1781058000.0,1633984250.0,97874000.0,271717000.0,12000.0,271705000.0,2736771000.0,1764772000.0,971999000.0,6205071118.0,121040000.0,-13763000.0,-6691000.0,-1543000.0,0.0,-433000.0,-84728000.0,150812000.0,173827000.0,7389000.0,369305000.0,369305000.0,369305000.0,-75773000.0,11029000.0,0.096,312464000.0,402981000.0,366355000.0,0.0,3.261,16.802,16.825,1359568000.0,0.0,80.76,1.616,1.619,1034579000.0,1011588000.0,3839153000.0,3839153000.0,0.0,0.078,0.212,0.283,0.121,13121000.0,314217000.0,1.0,76833394.0,76941357.0,78250933.0,49.897,4349200000.0,373207000.0,92639000.0,71128000.0,56.526,419081000.0
41,MDRIQ,MRT,2009-12-31,2009-12-31,2009-12-31,2021-08-25,-612997000.0,4849110000.0,4664054250.0,2357921000.0,2491189000.0,0.704,23.626,-186518000.0,969190000.0,969190000.0,2781735000.0,390450000.0,1.174,1.669,72984000.0,16270000.0,56714000.0,72984000.0,689334000.0,79867000.0,0.0,0.0,0.0,447617000.0,527484000.0,0.161,527484000.0,447617000.0,447617000.0,5.07,4.98,5.07,1807197000.0,1622888750.0,1807197000.0,4689020259.0,10.0,8.889,-885000.0,-0.012,1.0,500055000.0,0.152,306497000.0,0.0,1637375000.0,1589762250.0,101494000.0,315650000.0,12000.0,315638000.0,3016010000.0,2009032000.0,1006978000.0,5526417259.0,123272000.0,-13484000.0,-6531000.0,-4211000.0,0.0,-4208000.0,-59249000.0,166419000.0,185633000.0,1096000.0,387056000.0,387056000.0,387056000.0,-180898000.0,3394000.0,0.118,217149000.0,282906000.0,471858000.0,0.0,3.058,14.278,14.207,1337605000.0,0.0,72.03,1.684,1.679,1117667000.0,951647000.0,3281790000.0,3281790000.0,0.0,0.083,0.238,0.282,0.136,12987000.0,218063000.0,1.0,76723750.0,76490264.0,77875547.0,42.905,4542613000.0,376395000.0,60561000.0,64029000.0,59.388,348889000.0
42,MDRIQ,MRT,2009-09-30,2009-09-30,2009-09-30,2021-08-25,-590565000.0,4735644000.0,4602200000.0,2362952000.0,2372692000.0,0.491,22.421,-206270000.0,848513000.0,848513000.0,2079537000.0,339217000.0,1.183,1.751,11116000.0,5288000.0,5828000.0,11116000.0,708086000.0,96367000.0,0.0,0.0,0.0,383517000.0,479884000.0,0.212,479884000.0,383517000.0,384493000.0,4.32,4.23,4.32,1718867000.0,1500132500.0,1718867000.0,5066865140.0,13.0,10.559,-6673000.0,-0.087,1.0,181380000.0,0.08,292369000.0,-976000.0,1608769000.0,1548675500.0,116195000.0,327955000.0,16000.0,327939000.0,3010546000.0,1997109000.0,1013437000.0,5809717140.0,363847000.0,18891000.0,2268000.0,-6755000.0,0.0,48381000.0,-136263000.0,346608000.0,199597000.0,12338000.0,331356000.0,331356000.0,331356000.0,-410704000.0,7861000.0,0.147,162263000.0,19117000.0,531398000.0,0.0,3.38,17.533,17.549,1189123000.0,0.0,75.81,2.57,2.571,1244472000.0,852945000.0,2260917000.0,2260917000.0,0.0,0.072,0.221,0.248,0.17,-924000.0,151718000.0,1.0,76635158.0,76663046.0,78104795.0,29.492,4443275000.0,369387000.0,53137000.0,69855000.0,57.958,365843000.0
43,MDRIQ,MRT,2009-06-30,2009-06-30,2009-06-30,2021-08-25,-624660000.0,4610194000.0,4483010250.0,2265453000.0,2344741000.0,0.65,20.317,-214440000.0,752528000.0,752528000.0,2670051000.0,304999000.0,1.1,1.965,9676000.0,3780000.0,5896000.0,9676000.0,816948000.0,80751000.0,0.0,0.0,0.0,347182000.0,427933000.0,0.147,427933000.0,347182000.0,346928000.0,3.93,3.84,3.93,1552751000.0,1466397250.0,1552751000.0,4063680645.0,12.0,9.496,-129876000.0,-1.699,1.0,243243000.0,0.083,299168000.0,254000.0,1508735000.0,1434161250.0,120130000.0,378217000.0,20187000.0,358030000.0,3051073000.0,2059439000.0,991634000.0,4641254645.0,186390000.0,-6746000.0,2499000.0,-5379000.0,0.0,55742000.0,-191136000.0,324964000.0,84564000.0,-2574000.0,298820000.0,298820000.0,298820000.0,-368653000.0,6179000.0,0.103,242859000.0,384000.0,487396000.0,0.0,2.989,15.532,15.504,1152719000.0,0.0,60.93,1.593,1.598,1201812000.0,734838000.0,2913294000.0,2913294000.0,0.0,0.067,0.204,0.242,0.119,-6633000.0,232055000.0,1.0,76173478.0,76424404.0,77701905.0,38.12,4311026000.0,367586000.0,48108000.0,50608000.0,56.409,206014000.0
44,MDRIQ,MRT,2009-03-31,2009-03-31,2009-03-31,2021-08-25,-665477000.0,4461269000.0,4438564000.0,2106301000.0,2354968000.0,0.708,18.563,-207549000.0,587650000.0,587650000.0,2827729000.0,384669000.0,1.063,2.158,10076000.0,4161000.0,5915000.0,10076000.0,828610000.0,77266000.0,0.0,0.0,0.0,447924000.0,525190000.0,0.167,525190000.0,447924000.0,450869000.0,5.07,4.95,5.07,1412740000.0,1456234000.0,1412740000.0,2434476229.0,5.0,4.635,-286431000.0,-3.764,1.0,313212000.0,0.1,297525000.0,-2945000.0,1604170000.0,1328681500.0,113273000.0,472205000.0,81912000.0,390293000.0,3048529000.0,1982000000.0,1066529000.0,3056531229.0,-78244000.0,-8686000.0,6939000.0,-6299000.0,0.0,58210000.0,-290640000.0,220675000.0,-78882000.0,-6726000.0,383804000.0,383804000.0,383804000.0,-368653000.0,865000.0,0.122,229599000.0,83613000.0,464875000.0,0.0,2.164,7.964,7.923,1103930000.0,0.0,40.17,0.973,0.973,1159432000.0,642283000.0,3140941000.0,3140941000.0,0.0,0.086,0.264,0.337,0.143,-4574000.0,216915000.0,1.0,76089823.0,76104852.0,77528671.0,41.271,4163744000.0,389168000.0,67065000.0,40603000.0,54.711,124301000.0
45,MDRIQ,MRT,2008-12-31,2008-12-31,2008-12-31,2021-08-25,-672415000.0,4601693000.0,4436263000.0,2216985000.0,2384708000.0,0.698,17.401,-205447000.0,637185000.0,637185000.0,2787803000.0,429501000.0,1.004,2.496,15130000.0,9021000.0,6109000.0,15130000.0,951895000.0,72555000.0,0.0,0.0,0.0,497154000.0,569709000.0,0.184,569709000.0,497154000.0,492869000.0,5.67,5.58,5.67,1316172000.0,1433793000.0,1316172000.0,1584568810.0,3.0,2.781,-310343000.0,-4.103,1.0,310301000.0,0.1,298265000.0,4285000.0,1473028000.0,1131482250.0,128383000.0,520989000.0,131515000.0,389474000.0,3285180000.0,2208345000.0,1076835000.0,2252095810.0,-221013000.0,2956000.0,9624000.0,-6004000.0,0.0,65459000.0,-420372000.0,76964000.0,-104896000.0,-998000.0,429302000.0,429302000.0,429302000.0,-368653000.0,199000.0,0.139,202252000.0,108049000.0,551435000.0,0.0,1.711,5.246,5.228,1078859000.0,0.0,29.64,0.727,0.724,1164334000.0,564591000.0,3098104000.0,3098104000.0,0.0,0.097,0.299,0.439,0.16,-9786000.0,202252000.0,1.0,75981564.0,75639516.0,76797851.0,40.959,4303428000.0,432946000.0,63567000.0,55709000.0,56.894,8640000.0
46,MDRIQ,MRT,2008-09-30,2008-09-30,2008-09-30,2021-08-25,-299950000.0,4258885000.0,4388711250.0,2332889000.0,1925996000.0,1.466,20.892,-240870000.0,682865000.0,682865000.0,5290023000.0,546617000.0,1.03,1.689,15338000.0,9331000.0,6007000.0,15338000.0,1044409000.0,123940000.0,0.0,0.0,0.0,697511000.0,821451000.0,0.128,821451000.0,697511000.0,698668000.0,7.26,7.14,7.26,1583926000.0,1396501250.0,1583926000.0,5072638376.0,7.0,6.175,9715000.0,0.128,1.0,1143916000.0,0.178,175144000.0,-1157000.0,1150712000.0,890087500.0,120127000.0,607012000.0,226792000.0,380220000.0,2674959000.0,2265502000.0,409457000.0,5808316376.0,-121251000.0,-19667000.0,10605000.0,-3628000.0,0.0,-12976000.0,-355059000.0,-94413000.0,250585000.0,-3801000.0,546285000.0,546285000.0,546285000.0,0.0,332000.0,0.085,524071000.0,619845000.0,472602000.0,0.0,3.667,10.632,10.558,1004235000.0,0.0,76.65,0.903,0.903,1159248000.0,521589000.0,6433939000.0,6433939000.0,0.0,0.124,0.391,0.784,0.108,19953000.0,541384000.0,1.0,75777046.0,75813544.0,76821140.0,84.865,4083741000.0,197641000.0,152383000.0,57380000.0,53.866,67387000.0
47,MDRIQ,MRT,2008-06-30,2008-06-30,2008-06-30,2021-08-25,-269997000.0,4432409000.0,4372686000.0,2594467000.0,1837942000.0,1.393,19.996,-237663000.0,748666000.0,748666000.0,4911711000.0,601227000.0,1.061,1.931,12988000.0,6692000.0,6296000.0,12988000.0,1219977000.0,125204000.0,0.0,0.0,0.0,769886000.0,895090000.0,0.147,895090000.0,769886000.0,767567000.0,8.01,7.86,8.01,1512098000.0,1247407500.0,1512098000.0,13149132016.0,17.0,14.69,149476000.0,1.977,1.0,1181395000.0,0.194,165288000.0,2319000.0,1086816000.0,756694000.0,116622000.0,654717000.0,299786000.0,354931000.0,2920311000.0,2444627000.0,475684000.0,14015940016.0,-385040000.0,-247402000.0,13110000.0,-9962000.0,0.0,-12906000.0,-759078000.0,-272823000.0,387139000.0,-195000.0,601122000.0,601122000.0,601122000.0,0.0,105000.0,0.099,498329000.0,683066000.0,481014000.0,0.0,9.269,23.316,23.18,972351000.0,0.0,185.67,2.3,2.304,1241295000.0,436018000.0,6093106000.0,6093106000.0,0.0,0.137,0.482,1.017,0.126,16054000.0,516410000.0,1.0,75488372.0,75620758.0,76802843.0,80.575,4267121000.0,220459000.0,166445000.0,61479000.0,56.428,149840000.0
48,MDRIQ,MRT,2008-03-31,2008-03-31,2008-03-31,2021-08-25,-271634000.0,4452065000.0,4271189500.0,2722333000.0,1729732000.0,1.339,17.59,-247071000.0,879947000.0,879947000.0,4607527000.0,573050000.0,1.045,2.365,13139000.0,6771000.0,6368000.0,13139000.0,1379739000.0,110762000.0,0.0,0.0,0.0,733569000.0,844331000.0,0.148,844331000.0,733569000.0,717698000.0,7.68,7.53,7.68,1322976000.0,1070385000.0,1322976000.0,11326313477.0,15.0,13.415,942366000.0,12.53,1.0,1111079000.0,0.194,165212000.0,15871000.0,815373000.0,546447250.0,108098000.0,618231000.0,348186000.0,270045000.0,3129089000.0,2604672000.0,524417000.0,12375285477.0,115546000.0,-318116000.0,15593000.0,-258548000.0,0.0,-243512000.0,-834904000.0,-268634000.0,1189437000.0,4525000.0,572957000.0,572957000.0,572957000.0,0.0,93000.0,0.1,475401000.0,635678000.0,453757000.0,0.0,9.354,21.599,21.414,930876000.0,0.0,164.46,2.164,2.163,1133900000.0,258479000.0,5718606000.0,5718606000.0,0.0,0.134,0.535,1.342,0.128,561000.0,493580000.0,1.0,75247921.0,75210648.0,76704209.0,76.035,4286853000.0,275137000.0,144741000.0,53267000.0,56.998,117661000.0
49,MDRIQ,MRT,2007-12-31,2007-12-31,2007-12-31,2021-08-25,-281933000.0,4411486000.0,4124375000.0,2757500000.0,1653986000.0,1.365,15.664,-233289000.0,1066180000.0,1066180000.0,4500897000.0,607921000.0,1.023,2.78,17208000.0,6599000.0,10609000.0,17208000.0,1463223000.0,95989000.0,0.0,0.0,0.0,767985000.0,863974000.0,0.153,863974000.0,767985000.0,745465000.0,8.16,7.98,8.16,1167005000.0,892427000.0,1167005000.0,12474822781.0,16.0,14.439,1083659000.0,14.545,1.0,1130713000.0,0.201,158533000.0,22520000.0,507449000.0,514965000.0,95208000.0,524402000.0,300092000.0,224310000.0,3244481000.0,2696532000.0,547949000.0,13291508781.0,400551000.0,-327834000.0,15219000.0,-259374000.0,0.0,-243274000.0,-678681000.0,-117462000.0,1316948000.0,5558000.0,607828000.0,607828000.0,607828000.0,0.0,93000.0,0.108,456240000.0,674473000.0,455659000.0,0.0,11.389,21.867,21.702,913738000.0,0.0,177.09,2.36,2.343,1083363000.0,135289000.0,5631610000.0,5631610000.0,0.0,0.147,0.681,1.491,0.136,-877000.0,464611000.0,1.0,75055031.0,74503885.0,76247431.0,75.588,4252953000.0,295075000.0,137637000.0,57071000.0,57.084,60968000.0
50,MDRIQ,MRT,2007-09-30,2007-09-30,2007-09-30,2021-08-25,-318209000.0,4194784000.0,3929944000.0,2492064000.0,1702720000.0,1.378,13.198,-212760000.0,833894000.0,833894000.0,4395933000.0,573354000.0,0.954,3.248,17208000.0,6555000.0,10653000.0,17208000.0,1392893000.0,86045000.0,0.0,0.0,0.0,660373000.0,746418000.0,0.138,746418000.0,660373000.0,633997000.0,7.77,7.53,7.77,987551000.0,711451000.0,987551000.0,11001452733.0,17.0,14.739,414995000.0,5.546,1.0,1017705000.0,0.188,149229000.0,26376000.0,617138000.0,550222500.0,94428000.0,407699000.0,248089000.0,159610000.0,3207233000.0,2611731000.0,595502000.0,12134881733.0,165280000.0,-329679000.0,14526000.0,-12754000.0,0.0,32091000.0,-498079000.0,46957000.0,627755000.0,3513000.0,573354000.0,573354000.0,573354000.0,0.0,0.0,0.106,440836000.0,576869000.0,462828000.0,0.0,12.288,21.165,20.88,895345000.0,0.0,162.24,2.242,2.242,1107978000.0,-23008000.0,5413638000.0,5413638000.0,0.0,0.146,0.806,1.2,0.122,-29221000.0,443123000.0,1.0,74795794.0,74826861.0,,72.349,4045555000.0,350030000.0,60643000.0,42332000.0,54.066,-119667000.0
51,MDRIQ,MRT,2007-06-30,2007-06-30,2007-06-30,2021-08-25,-340262000.0,4026423000.0,3759117250.0,2649847000.0,1376576000.0,1.385,10.828,-184337000.0,1150513000.0,1150513000.0,4228847000.0,535613000.0,1.052,4.008,17084000.0,6461000.0,10623000.0,17084000.0,1397721000.0,69548000.0,0.0,0.0,0.0,624712000.0,694260000.0,0.133,694260000.0,624712000.0,596820000.0,7.29,7.05,7.29,804008000.0,525223500.0,804008000.0,8717093079.0,14.0,12.556,555915000.0,7.487,1.0,979033000.0,0.188,127298000.0,27892000.0,245829000.0,626580500.0,89744000.0,293600000.0,148500000.0,145100000.0,3222415000.0,2519867000.0,702548000.0,9249342079.0,627056000.0,-68256000.0,15900000.0,-9331000.0,0.0,36896000.0,-152742000.0,101449000.0,740252000.0,2650000.0,535613000.0,535613000.0,535613000.0,0.0,0.0,0.103,431047000.0,547986000.0,426549000.0,0.0,11.504,17.269,17.103,612214000.0,0.0,124.68,1.776,1.778,1050336000.0,-163416000.0,5207880000.0,5207880000.0,0.0,0.142,1.02,0.997,0.12,-27269000.0,432676000.0,1.0,74184575.0,74254581.0,,70.135,3899125000.0,416192000.0,61207000.0,44315000.0,52.51,129980000.0
52,MDRIQ,MRT,2007-03-31,2007-03-31,2007-03-31,2021-08-25,-355591000.0,3864807000.0,3547776250.0,2631732000.0,1233075000.0,1.364,8.274,-149171000.0,799614000.0,799614000.0,3943098000.0,433253000.0,1.03,5.324,267365000.0,256461000.0,10904000.0,267365000.0,1269457000.0,65844000.0,0.0,0.0,0.0,510964000.0,576808000.0,0.119,576808000.0,510964000.0,481330000.0,5.925,5.685,5.925,611144000.0,355461500.0,611144000.0,4993747054.0,10.0,8.658,12718000.0,0.172,1.0,895566000.0,0.185,89201000.0,29634000.0,689444000.0,805310750.0,85548000.0,239833000.0,120575000.0,119258000.0,3253663000.0,2553913000.0,699750000.0,5428530054.0,452623000.0,23041000.0,12771000.0,-413000.0,0.0,44574000.0,246047000.0,373471000.0,161889000.0,113000.0,433253000.0,433253000.0,433253000.0,-13786000.0,0.0,0.09,416693000.0,478873000.0,388986000.0,0.0,8.883,12.53,12.4,539949000.0,0.0,73.47,1.122,1.122,1143072000.0,-312791000.0,4838664000.0,4838664000.0,0.0,0.122,1.219,0.634,0.106,-21979000.0,419292000.0,1.0,73887636.0,73863135.0,,65.509,3775606000.0,720048000.0,48077000.0,53669000.0,51.116,77819000.0
53,MDRIQ,MRT,2006-12-31,2006-12-31,2006-12-31,2021-08-25,-365611000.0,3633762000.0,3371689500.0,2153474000.0,1480288000.0,1.222,6.105,-132704000.0,707517000.0,707517000.0,3362758000.0,330515000.0,0.875,7.201,272734000.0,257492000.0,15242000.0,272734000.0,1116118000.0,61000000.0,0.0,0.0,0.0,396058000.0,457058000.0,0.111,457058000.0,396058000.0,365710000.0,4.56,4.35,4.56,443101000.0,215227500.0,443101000.0,4991602994.0,13.0,10.921,95438000.0,1.315,1.0,757383000.0,0.184,89226000.0,30348000.0,648479000.0,991350750.0,77769000.0,346886000.0,172171000.0,174715000.0,3190661000.0,2461274000.0,729387000.0,5619866994.0,581580000.0,185912000.0,19647000.0,1215000.0,0.0,43693000.0,310395000.0,260380000.0,228142000.0,-650000.0,330515000.0,330515000.0,330515000.0,-12894000.0,0.0,0.08,403566000.0,353817000.0,407094000.0,0.0,12.683,17.003,16.73,513494000.0,0.0,76.29,1.364,1.344,976322000.0,-458886000.0,4120141000.0,4120141000.0,0.0,0.098,1.536,0.4,0.096,-20113000.0,388524000.0,1.0,73664456.0,72584079.0,75906185.0,56.764,3544536000.0,740361000.0,35195000.0,58557000.0,48.834,-307800000.0
54,MDRIQ,MRT,2006-09-30,2006-09-30,2006-09-30,2021-08-25,-360895000.0,3511477000.0,2880320500.0,2055475000.0,1456002000.0,1.114,3.309,-136172000.0,654323000.0,654323000.0,2526804000.0,248836000.0,1.098,13.472,26059000.0,10807000.0,15252000.0,26059000.0,989774000.0,55212000.0,0.0,0.0,0.0,371332000.0,426544000.0,0.133,426544000.0,371332000.0,344893000.0,3.45,3.27,3.45,242641000.0,83627750.0,242641000.0,4103243843.0,11.0,9.62,498319000.0,6.797,1.0,681187000.0,0.212,88801000.0,26439000.0,922570000.0,1060368000.0,73601000.0,458718000.0,316749000.0,141969000.0,3268836000.0,1871842000.0,1396994000.0,4597114843.0,196232000.0,187576000.0,44963000.0,-299378000.0,0.0,-237268000.0,-202948000.0,-250080000.0,634491000.0,1957000.0,248836000.0,248836000.0,248836000.0,-12146000.0,0.0,0.078,345759000.0,335428000.0,365248000.0,0.0,18.946,18.474,18.174,489022000.0,0.0,62.7,1.433,1.433,914927000.0,-654614000.0,3207991000.0,3207991000.0,0.0,0.086,2.976,0.35,0.116,-18126000.0,338754000.0,1.0,73319143.0,73319143.0,,43.754,3422676000.0,345373000.0,96057000.0,34118000.0,46.682,183633000.0
55,MDRIQ,MRT,2006-06-30,2006-06-30,2006-06-30,2021-08-25,-362409000.0,3181059000.0,2409239250.0,1701338000.0,1479721000.0,1.074,2.575,-109199000.0,521616000.0,521616000.0,2006375000.0,204669000.0,1.039,24.457,27745000.0,12406000.0,15339000.0,27745000.0,852415000.0,49180000.0,0.0,0.0,0.0,312396000.0,361576000.0,0.14,361576000.0,312396000.0,281784000.0,2.895,2.715,2.895,124960000.0,9601500.0,124960000.0,3158501406.0,10.0,8.735,402746000.0,8.299,1.0,581593000.0,0.225,88791000.0,30612000.0,960750000.0,976891000.0,68164000.0,390391000.0,238270000.0,152121000.0,3056099000.0,1637647000.0,1418452000.0,3309940406.0,175247000.0,194282000.0,69346000.0,-299214000.0,0.0,-215472000.0,-122996000.0,-204092000.0,511945000.0,1770000.0,204669000.0,204669000.0,204669000.0,-11908000.0,0.0,0.079,298703000.0,282890000.0,307195000.0,0.0,26.488,16.172,23.56,467875000.0,0.0,68.205,1.279,1.279,773051000.0,-756339000.0,2587968000.0,2587968000.0,0.0,0.085,21.316,0.32,0.121,-13163000.0,291726000.0,1.0,48529244.0,48529244.0,,53.328,3092268000.0,518860000.0,77115000.0,54737000.0,63.72,63691000.0
56,MDRIQ,MRT,2006-03-31,2006-03-31,2006-03-31,2021-08-25,-371599000.0,3160460000.0,1986117000.0,1764218000.0,1396242000.0,1.032,1.045,-78928000.0,373731000.0,373731000.0,1576409000.0,238574000.0,1.186,61.947,222292000.0,12007000.0,210285000.0,222292000.0,753807000.0,45441000.0,0.0,0.0,0.0,285736000.0,331177000.0,0.162,331177000.0,285736000.0,253309000.0,3.45,3.225,3.45,50208000.0,-56627000.0,50208000.0,3960419366.0,14.0,11.959,244769000.0,5.096,1.0,472279000.0,0.231,88236000.0,32427000.0,1433604000.0,885063000.0,65365000.0,582141000.0,455222000.0,126919000.0,3110252000.0,1487181000.0,1623071000.0,3922732366.0,-91898000.0,176191000.0,68363000.0,-71106000.0,0.0,-3292000.0,-412443000.0,-501879000.0,323697000.0,140000.0,238574000.0,238574000.0,238574000.0,1658000.0,0.0,0.116,248347000.0,223932000.0,280698000.0,0.0,78.13,16.442,23.674,444910000.0,0.0,81.675,1.915,1.915,753306000.0,-801783000.0,2048688000.0,2048688000.0,0.0,0.12,-4.213,0.323,0.139,-4918000.0,240285000.0,1.0,48028509.0,48028509.0,,42.656,3072224000.0,539257000.0,14735000.0,25764000.0,63.967,277037000.0
57,MDRIQ,MRT,2005-12-31,2005-12-31,2005-12-31,2021-08-25,-420852000.0,1668286000.0,1558463000.0,1002629000.0,665657000.0,1.18,-1.218,-67595000.0,174235000.0,174235000.0,1436107000.0,205687000.0,1.304,-21.028,212111000.0,4250000.0,207861000.0,212111000.0,314467000.0,44266000.0,0.0,0.0,0.0,246334000.0,290600000.0,0.158,290600000.0,246334000.0,214514000.0,3.0,2.82,3.0,-83298000.0,-127191750.0,-83298000.0,2901990680.0,12.0,9.986,187352000.0,2.74,1.0,403633000.0,0.219,12926000.0,31820000.0,924548000.0,637744250.0,319000.0,500506000.0,384202000.0,116304000.0,1751584000.0,768688000.0,982896000.0,3156373680.0,-240056000.0,17223000.0,60951000.0,-67933000.0,0.0,-4203000.0,-490756000.0,-434289000.0,254947000.0,-44000.0,205687000.0,205687000.0,205687000.0,-104000.0,0.0,0.112,212436000.0,191197000.0,122399000.0,0.0,-37.893,15.346,22.305,317733000.0,0.0,66.915,1.716,2.487,395595000.0,-862931000.0,1839740000.0,1839740000.0,0.0,0.132,-1.617,0.386,0.134,0.0,220380000.0,1.0,47169850.0,68379153.0,72779104.0,26.905,1655360000.0,138700000.0,8827000.0,49696000.0,24.209,233941000.0
58,MDRIQ,MRT,2005-09-30,2005-09-30,2005-09-30,2021-08-25,-332389000.0,1627152000.0,1488124500.0,1014783000.0,612369000.0,1.282,-1.163,-51236000.0,518900000.0,518900000.0,1540807000.0,204321000.0,1.316,-31.435,264517000.0,4250000.0,260267000.0,264517000.0,284214000.0,42389000.0,0.0,0.0,0.0,242810000.0,285199000.0,0.15,285199000.0,242810000.0,204735000.0,3.075,2.88,3.075,-53464000.0,-171728000.0,-53464000.0,2364961970.0,10.0,8.292,194856000.0,4.237,1.0,366611000.0,0.192,12926000.0,38075000.0,588662000.0,525373000.0,0.0,144313000.0,59767000.0,84546000.0,1680616000.0,771181000.0,909435000.0,2525428970.0,170809000.0,30341000.0,36108000.0,-14051000.0,0.0,27763000.0,-103022000.0,-77690000.0,246092000.0,-24000.0,204321000.0,204321000.0,204321000.0,2352000.0,0.0,0.107,168275000.0,198336000.0,151118000.0,0.0,-47.236,12.36,17.859,306250000.0,0.0,54.915,1.324,1.324,407006000.0,-899053000.0,1907418000.0,1907418000.0,0.0,0.137,-1.19,0.462,0.127,0.0,213991000.0,1.0,45987917.0,45987917.0,,41.477,1614226000.0,18510000.0,414000.0,32182000.0,35.101,243602000.0
59,MDRIQ,MRT,2005-06-30,2005-06-30,2005-06-30,2021-08-25,-331849000.0,1488570000.0,1392539000.0,845159000.0,643411000.0,1.335,-3.076,-50315000.0,424892000.0,424892000.0,1545595000.0,164076000.0,1.171,-11.636,264425000.0,4250000.0,260175000.0,264425000.0,255739000.0,41907000.0,0.0,0.0,0.0,204986000.0,246893000.0,0.133,246893000.0,204986000.0,166985000.0,2.64,2.49,2.64,-139954000.0,-242967250.0,-139954000.0,1216162815.0,6.0,4.926,102889000.0,2.261,1.0,313773000.0,0.169,12926000.0,38001000.0,593438000.0,493500750.0,0.0,102720000.0,42651000.0,60069000.0,1628524000.0,721739000.0,906785000.0,1433239815.0,126684000.0,91273000.0,7447000.0,-17442000.0,0.0,-8557000.0,-17939000.0,-54240000.0,153204000.0,-24000.0,164076000.0,164076000.0,164076000.0,2114000.0,0.0,0.088,145027000.0,168746000.0,135485000.0,0.0,-10.241,8.735,11.932,306342000.0,0.0,31.5,0.771,0.771,395232000.0,-957553000.0,1859368000.0,1859368000.0,0.0,0.118,-0.675,0.415,0.11,0.0,206587000.0,1.0,45499631.0,45499631.0,,40.866,1475644000.0,18813000.0,2909000.0,26151000.0,32.432,123420000.0
60,MDRIQ,MRT,2005-03-31,2005-03-31,2005-03-31,2021-08-25,-328988000.0,1449844000.0,1331955500.0,809248000.0,640596000.0,1.389,-5.16,-49693000.0,492642000.0,492642000.0,1559562000.0,94942000.0,1.044,-7.248,275565000.0,14250000.0,261315000.0,275565000.0,267256000.0,41886000.0,0.0,0.0,0.0,181841000.0,223727000.0,0.121,223727000.0,181841000.0,144550000.0,1.71,1.62,1.71,-232051000.0,-298274750.0,-232051000.0,1119707155.0,6.0,5.005,125107000.0,2.782,1.0,289973000.0,0.157,12926000.0,37291000.0,444329000.0,473438750.0,0.0,44614000.0,0.0,44614000.0,1681895000.0,775512000.0,906383000.0,1276959155.0,192508000.0,93367000.0,4535000.0,-18492000.0,0.0,-13325000.0,31061000.0,-12613000.0,174800000.0,-28000.0,94942000.0,94942000.0,94942000.0,2334000.0,0.0,0.051,140153000.0,149820000.0,189003000.0,0.0,-5.503,13.45,16.605,311655000.0,0.0,28.395,0.69,0.69,395042000.0,-1038472000.0,1849535000.0,1849535000.0,0.0,0.071,-0.318,0.384,0.098,0.0,201713000.0,1.0,44971223.0,44971223.0,,41.127,1436918000.0,10480000.0,49608000.0,17157000.0,31.952,33736000.0
61,MDRIQ,MRT,2004-12-31,2004-12-31,2004-12-31,2021-08-25,-327526000.0,1386932000.0,1270732500.0,799923000.0,587009000.0,1.505,-5.86,-35644000.0,437272000.0,437272000.0,1663706000.0,61639000.0,1.079,-6.305,280020000.0,12009000.0,268011000.0,280020000.0,217053000.0,40293000.0,0.0,0.0,0.0,137702000.0,177995000.0,0.093,177995000.0,137702000.0,101636000.0,0.945,0.9,0.945,-261443000.0,-334154500.0,-261443000.0,1137247762.0,8.0,6.389,29662000.0,0.665,1.0,249204000.0,0.13,12926000.0,36066000.0,475063000.0,492476500.0,0.0,41884000.0,0.0,41884000.0,1648375000.0,741691000.0,906684000.0,1228624762.0,84529000.0,89184000.0,2800000.0,-40518000.0,0.0,-38347000.0,57544000.0,4005000.0,65306000.0,26000.0,61639000.0,61639000.0,61639000.0,3204000.0,0.0,0.032,136656000.0,112548000.0,169415000.0,0.0,-4.699,19.933,29.143,307089000.0,0.0,27.54,0.642,0.642,406059000.0,-1060908000.0,1912910000.0,1912910000.0,0.0,0.049,-0.184,0.28,0.072,0.0,201169000.0,1.0,44612329.0,44612329.0,,42.879,1374006000.0,41657000.0,39997000.0,18612000.0,30.799,58232000.0
62,MDRIQ,MRT,2004-09-30,2004-09-30,2004-09-30,2021-08-25,-353523000.0,1244810000.0,1236218000.0,646083000.0,598727000.0,1.643,-7.604,-26104000.0,371429000.0,371429000.0,1885486000.0,-63534000.0,0.951,-4.678,280052000.0,11998000.0,268054000.0,280052000.0,203861000.0,40944000.0,0.0,0.0,0.0,4504000.0,45448000.0,0.022,45448000.0,4504000.0,-28633000.0,-1.5,-1.53,-1.5,-338421000.0,-359588000.0,-338421000.0,764884668.0,170.0,16.83,-59059000.0,-1.327,1.0,145670000.0,0.072,12926000.0,33137000.0,461173000.0,492397250.0,0.0,42364000.0,0.0,42364000.0,1583231000.0,679334000.0,903897000.0,787802668.0,92906000.0,77357000.0,228000.0,179675000.0,0.0,179009000.0,-53172000.0,-104424000.0,-32955000.0,24000.0,-63534000.0,-63534000.0,-63534000.0,1336000.0,0.0,-0.031,166239000.0,-20569000.0,159754000.0,0.0,-2.328,-12.4,-11.8,301675000.0,0.0,17.7,0.388,0.388,308549000.0,-1103374000.0,2031156000.0,2031156000.0,0.0,-0.051,0.177,0.009,0.002,0.0,184848000.0,1.0,44508581.0,44508581.0,,45.635,1231884000.0,5777000.0,34901000.0,21615000.0,27.677,-33251000.0
63,MDRIQ,MRT,2004-06-30,2004-06-30,2004-06-30,2021-08-25,-353680000.0,1246236000.0,1206046250.0,663584000.0,582652000.0,1.846,-8.157,-23441000.0,303002000.0,303002000.0,2101129000.0,-70005000.0,0.952,-4.45,280084000.0,11988000.0,268096000.0,280084000.0,160966000.0,42753000.0,0.0,0.0,0.0,-14567000.0,28186000.0,0.013,28186000.0,-14567000.0,-42414000.0,-1.65,-1.665,-1.65,-361184000.0,-379995750.0,-361184000.0,675797420.0,-46.0,23.976,-81097000.0,-1.831,1.0,125174000.0,0.056,12926000.0,27847000.0,513190000.0,455181500.0,0.0,42820000.0,0.0,42820000.0,1607420000.0,697202000.0,910218000.0,674816420.0,10365000.0,28321000.0,10000.0,169827000.0,0.0,169216000.0,-101209000.0,-106082000.0,-57656000.0,14000.0,-70005000.0,-70005000.0,-70005000.0,-313000.0,0.0,-0.031,175476000.0,-50302000.0,200937000.0,0.0,-1.868,-9.64,-9.236,348177000.0,0.0,15.24,0.303,0.303,336636000.0,-1121629000.0,2226303000.0,2226303000.0,0.0,-0.058,0.184,-0.032,-0.007,0.0,179558000.0,1.0,44279248.0,44279248.0,,50.279,1233310000.0,3440000.0,27591000.0,28474000.0,27.853,-33618000.0
64,MDRIQ,MRT,2004-03-31,2004-03-31,2004-03-31,2021-08-25,-354035000.0,1204952000.0,1179389750.0,654841000.0,550111000.0,1.969,-8.513,-29817000.0,293285000.0,293285000.0,2252903000.0,-141642000.0,0.974,-4.208,294266000.0,16127000.0,278139000.0,294266000.0,157017000.0,44042000.0,0.0,0.0,0.0,-98709000.0,-54667000.0,-0.024,-54667000.0,-98709000.0,-122514000.0,-3.33,-3.33,-3.33,-375570000.0,-397952250.0,-375570000.0,516857797.0,-5.0,-9.455,-106381000.0,-2.411,1.0,69058000.0,0.03,12926000.0,23805000.0,520480000.0,404656000.0,0.0,42817000.0,0.0,42817000.0,1580522000.0,672527000.0,907995000.0,555228797.0,7029000.0,24957000.0,-345000.0,174183000.0,0.0,174211000.0,-90629000.0,-85731000.0,-76564000.0,11000.0,-141642000.0,-141642000.0,-141642000.0,-1008000.0,0.0,-0.061,166002000.0,-96944000.0,223520000.0,0.0,-1.478,-3.92,-3.779,356184000.0,0.0,12.585,0.239,0.239,339481000.0,-1133414000.0,2321961000.0,2321961000.0,0.0,-0.12,0.356,-0.244,-0.043,0.0,170084000.0,1.0,44118255.0,44118255.0,,52.63,1192026000.0,3961000.0,19128000.0,12660000.0,27.019,-17686000.0
65,MDRIQ,MRT,2003-12-31,2003-12-31,2003-12-31,2021-08-25,-351795000.0,1248874000.0,1183609500.0,698527000.0,550347000.0,1.973,-8.254,-36057000.0,355270000.0,355270000.0,2252842000.0,-95229000.0,0.966,-4.439,316899000.0,37217000.0,279682000.0,316899000.0,176105000.0,44504000.0,0.0,0.0,0.0,-54946000.0,-10442000.0,-0.004,-10442000.0,-54946000.0,-73939000.0,-2.235,-2.235,-2.235,-363177000.0,-398255500.0,-363177000.0,703528331.0,-13.0,-67.375,-133603000.0,-3.036,1.0,82522000.0,0.035,12926000.0,18993000.0,474746000.0,353702750.0,0.0,42800000.0,0.0,42800000.0,1612051000.0,722831000.0,889220000.0,788718331.0,45273000.0,24097000.0,0.0,157202000.0,0.0,159578000.0,-16761000.0,-4396000.0,-97546000.0,2000.0,-95229000.0,-95229000.0,-95229000.0,-3219000.0,0.0,-0.041,163593000.0,-81071000.0,188802000.0,0.0,-2.172,-8.282,-8.02,363762000.0,0.0,17.925,0.338,0.338,323070000.0,-1122547000.0,2335364000.0,2335364000.0,0.0,-0.08,0.239,-0.155,-0.024,0.0,169764000.0,1.0,44000979.0,44000979.0,,53.075,1235948000.0,4168000.0,21290000.0,14727000.0,28.089,-24304000.0
66,MDRIQ,MRT,2003-09-30,2003-09-30,2003-09-30,2021-08-25,-486836000.0,1124123000.0,1190933750.0,613120000.0,511003000.0,1.844,-9.59,-50225000.0,171424000.0,171424000.0,2121941000.0,-197051000.0,0.859,-3.676,86234000.0,505000.0,85729000.0,86234000.0,208810000.0,42967000.0,0.0,0.0,0.0,-141930000.0,-98963000.0,-0.045,-98963000.0,-141930000.0,-156168000.0,-4.71,-4.725,-4.71,-420052000.0,-411650500.0,-420052000.0,285783657.0,-2.0,-2.888,-97004000.0,-2.215,1.0,74003000.0,0.034,12926000.0,14238000.0,312310000.0,313900250.0,0.0,44591000.0,0.0,44591000.0,1544175000.0,713697000.0,830478000.0,375170657.0,33904000.0,23420000.0,308000.0,-2541000.0,0.0,150000.0,80479000.0,107638000.0,-46779000.0,54000.0,-197051000.0,-197051000.0,-197051000.0,-5629000.0,0.0,-0.09,168998000.0,-94995000.0,225315000.0,0.0,-0.893,-1.904,-1.818,352302000.0,0.0,8.565,0.171,0.171,405861000.0,-1039840000.0,2195944000.0,2195944000.0,0.0,-0.165,0.479,-0.452,-0.065,0.0,162460000.0,1.0,43802718.0,43802718.0,,50.133,1111197000.0,2123000.0,40883000.0,9875000.0,25.368,-100577000.0
67,MDRIQ,MRT,2003-06-30,2003-06-30,2003-06-30,2021-08-25,-485582000.0,1139610000.0,1265983250.0,626304000.0,513306000.0,1.565,-9.929,-59222000.0,181465000.0,181465000.0,1974134000.0,-565891000.0,0.862,-3.632,92078000.0,6221000.0,85857000.0,92078000.0,243805000.0,42107000.0,0.0,0.0,0.0,-521012000.0,-478905000.0,-0.242,-478905000.0,-521012000.0,-534432000.0,-13.62,-13.635,-13.62,-433010000.0,-252911750.0,-433010000.0,335468977.0,-1.0,-0.7,-101708000.0,-2.332,1.0,7413000.0,0.004,12926000.0,13420000.0,311088000.0,377506000.0,0.0,47089000.0,0.0,47089000.0,1572620000.0,726209000.0,846411000.0,414090977.0,62319000.0,43203000.0,546000.0,10630000.0,0.0,13153000.0,91591000.0,107960000.0,-42486000.0,61000.0,-565891000.0,-565891000.0,-565891000.0,-13238000.0,0.0,-0.286,476045000.0,-468632000.0,203828000.0,0.0,-0.956,-0.732,-0.697,356036000.0,0.0,9.495,0.209,0.209,385665000.0,-1051624000.0,1981547000.0,1981547000.0,0.0,-0.447,2.238,-1.38,-0.263,0.0,155182000.0,1.0,43611434.0,43611434.0,,45.436,1126684000.0,2241000.0,31459000.0,22967000.0,25.835,-99905000.0
68,MDRIQ,MRT,2003-03-31,2003-03-31,2003-03-31,2021-08-25,-486397000.0,1221831000.0,1421406000.0,697355000.0,524476000.0,1.301,-8.718,-64189000.0,180608000.0,180608000.0,1834977000.0,-740255000.0,0.857,-4.243,101986000.0,16005000.0,85981000.0,101986000.0,312526000.0,40905000.0,0.0,0.0,0.0,-705130000.0,-664225000.0,-0.359,-664225000.0,-705130000.0,-716747000.0,-17.91,-17.925,-17.91,-376783000.0,-2670750.0,-376783000.0,154515675.0,0.0,-0.233,-135408000.0,-3.133,1.0,13657000.0,0.007,12926000.0,11617000.0,316667000.0,456829750.0,0.0,62002000.0,0.0,62002000.0,1598614000.0,813616000.0,784998000.0,188011675.0,15394000.0,42082000.0,267000.0,19701000.0,0.0,16247000.0,70211000.0,92637000.0,-71219000.0,155000.0,-740255000.0,-740255000.0,-740255000.0,-13732000.0,0.0,-0.4,478232000.0,-464575000.0,201617000.0,0.0,-0.499,-0.254,-0.243,356853000.0,0.0,4.35,0.102,0.102,472999000.0,-991772000.0,1848634000.0,1848634000.0,0.0,-0.521,277.171,-1.544,-0.381,0.0,157369000.0,1.0,43221031.0,43221031.0,,42.772,1208905000.0,3404000.0,23508000.0,26499000.0,27.97,-116261000.0
69,MDRIQ,MRT,2002-12-31,2002-12-31,2002-12-31,2021-08-25,-486426000.0,1278171000.0,1597206750.0,749284000.0,528887000.0,1.086,-9.804,-64852000.0,174341000.0,174341000.0,1734580000.0,-776394000.0,0.817,-4.067,141681000.0,55577000.0,86104000.0,141681000.0,329031000.0,40620000.0,0.0,0.0,0.0,-746865000.0,-706245000.0,-0.407,-706245000.0,-746865000.0,-761988000.0,-18.825,-18.825,-18.825,-416757000.0,286197750.0,-416757000.0,271107945.0,0.0,-0.384,-74658000.0,-1.756,1.0,-759000.0,0.0,12926000.0,15123000.0,315536000.0,571377250.0,0.0,173227000.0,108269000.0,64958000.0,1694928000.0,917049000.0,777879000.0,279287945.0,-30558000.0,41095000.0,1394000.0,-148360000.0,0.0,-147300000.0,126429000.0,150137000.0,-9806000.0,119000.0,-776394000.0,-776394000.0,-776394000.0,-11572000.0,0.0,-0.448,478708000.0,-479467000.0,196190000.0,0.0,-0.67,-0.36,-0.349,353396000.0,0.0,6.57,0.161,0.161,417921000.0,-1027318000.0,1733821000.0,1733821000.0,0.0,-0.486,-2.713,-1.307,-0.431,0.0,157845000.0,1.0,42509538.0,42509538.0,,40.787,1265245000.0,3350000.0,14406000.0,31176000.0,29.764,-167765000.0
70,MDRIQ,MRT,2002-09-30,2002-09-30,2002-09-30,2021-08-25,-35113000.0,1424321000.0,1803624000.0,646253000.0,778068000.0,0.954,5.091,-59522000.0,113391000.0,113391000.0,1629148000.0,-634757000.0,0.777,5.628,105211000.0,10656000.0,94555000.0,105211000.0,289646000.0,44429000.0,0.0,0.0,0.0,-533096000.0,-488667000.0,-0.284,-488667000.0,-533096000.0,-553616000.0,-15.42,-15.405,-15.42,214903000.0,582914500.0,214903000.0,394794643.0,-1.0,-0.808,24217000.0,0.574,1.0,90650000.0,0.053,18157000.0,20520000.0,566733000.0,719427000.0,1405000.0,175607000.0,0.0,175607000.0,1209418000.0,831251000.0,378167000.0,388121643.0,-7033000.0,88031000.0,2277000.0,-253089000.0,0.0,-246622000.0,155009000.0,120983000.0,83739000.0,841000.0,-634757000.0,-634757000.0,-634757000.0,-14167000.0,0.0,-0.369,481117000.0,-390467000.0,180963000.0,0.0,1.806,-0.611,-0.596,374219000.0,0.0,9.195,0.226,0.226,446267000.0,-842789000.0,1719798000.0,1719798000.0,0.0,-0.352,-1.089,-0.741,-0.31,0.0,164370000.0,1.0,42210033.0,42210033.0,,40.744,1406164000.0,60888000.0,81141000.0,30967000.0,33.314,-184998000.0
71,MDRIQ,MRT,2002-06-30,2002-06-30,2002-06-30,2021-08-25,-35458000.0,1761301000.0,1973085250.0,670398000.0,1090903000.0,0.943,13.518,-57084000.0,98847000.0,98847000.0,1679528000.0,-258356000.0,0.829,2.101,105520000.0,5689000.0,99831000.0,105520000.0,264863000.0,50538000.0,0.0,0.0,0.0,-135819000.0,-85281000.0,-0.046,-85281000.0,-135819000.0,-165227000.0,-6.3,-6.3,-6.3,567954000.0,731403500.0,567954000.0,465681946.0,-3.0,-5.461,70216000.0,1.671,1.0,181964000.0,0.098,331165000.0,29408000.0,628383000.0,850854250.0,2989000.0,174267000.0,0.0,174267000.0,1193347000.0,808426000.0,384921000.0,510480946.0,616000.0,51090000.0,1668000.0,-244223000.0,0.0,-240964000.0,113987000.0,114066000.0,127300000.0,293000.0,-258356000.0,-258356000.0,-258356000.0,-5838000.0,0.0,-0.139,179679000.0,2285000.0,195133000.0,0.0,0.899,-1.976,-1.929,368169000.0,0.0,12.15,0.274,0.274,436663000.0,-485733000.0,1861492000.0,1861492000.0,0.0,-0.131,-0.353,-0.16,-0.073,0.0,175940000.0,1.0,42014851.0,42014851.0,,44.306,1430136000.0,76482000.0,93129000.0,41678000.0,34.039,-138028000.0
72,MDRIQ,MRT,2002-03-31,2002-03-31,2002-03-31,2021-08-25,-57647000.0,1925034000.0,2034729250.0,630577000.0,1294457000.0,0.922,18.852,-47802000.0,146235000.0,146235000.0,1650306000.0,-16182000.0,0.814,1.472,101436000.0,1322000.0,100114000.0,101436000.0,232056000.0,57081000.0,0.0,0.0,0.0,125536000.0,182617000.0,0.097,182617000.0,125536000.0,88846000.0,-0.405,-0.405,-0.405,778691000.0,787791750.0,778691000.0,1076420760.0,9.0,5.894,144646000.0,3.502,1.0,226440000.0,0.121,330579000.0,36690000.0,774857000.0,968959000.0,1760000.0,358595000.0,0.0,358595000.0,1146343000.0,774799000.0,371544000.0,963433760.0,59503000.0,51945000.0,2492000.0,-269949000.0,0.0,-261202000.0,127710000.0,117329000.0,192448000.0,547000.0,-16182000.0,-16182000.0,-16182000.0,-5350000.0,0.0,-0.009,196795000.0,29645000.0,144788000.0,0.0,1.237,-59.537,-57.593,356015000.0,0.0,23.325,0.513,0.513,387249000.0,-251517000.0,1876746000.0,1876746000.0,0.0,-0.008,-0.021,0.13,0.067,0.0,193056000.0,1.0,41304729.0,41304729.0,,45.437,1594455000.0,60649000.0,105028000.0,101183000.0,38.602,-144222000.0
73,MDRIQ,MRT,2001-12-31,2001-12-31,2001-12-31,2021-08-25,-57111000.0,2103840000.0,2052811000.0,813403000.0,1290437000.0,0.92,18.727,-45008000.0,196912000.0,196912000.0,1653042000.0,-20022000.0,0.831,1.732,309899000.0,209506000.0,100393000.0,309899000.0,170329000.0,62264000.0,0.0,0.0,0.0,130285000.0,192549000.0,0.102,192549000.0,130285000.0,90629000.0,-0.495,-0.495,-0.495,770110000.0,788901500.0,770110000.0,1017700422.0,8.0,5.285,131603000.0,3.2,1.0,235036000.0,0.124,330705000.0,39656000.0,907735000.0,1109976250.0,1825000.0,517969000.0,158000000.0,359969000.0,1333730000.0,978387000.0,355343000.0,756850422.0,82597000.0,52412000.0,1000000.0,-111172000.0,0.0,-105672000.0,11693000.0,-583000.0,176611000.0,-35000.0,-20022000.0,-20022000.0,-20022000.0,-5260000.0,0.0,-0.011,195873000.0,39163000.0,152909000.0,0.0,0.983,-37.801,-37.182,353899000.0,0.0,18.405,0.401,0.401,362295000.0,-250924000.0,1888078000.0,1888078000.0,0.0,-0.01,-0.025,0.117,0.069,0.0,192134000.0,1.0,41121960.0,41121960.0,,45.914,1773135000.0,59370000.0,110651000.0,123985000.0,43.119,-164984000.0
74,MDRIQ,MRT,2001-09-30,2001-09-30,2001-09-30,2021-08-25,-53449000.0,2102166000.0,2040757750.0,627904000.0,1474262000.0,0.884,19.765,-30609000.0,90643000.0,90643000.0,1603152000.0,-2654000.0,0.672,1.599,351493000.0,254904000.0,96589000.0,351493000.0,125540000.0,64669000.0,0.0,0.0,0.0,60058000.0,124727000.0,0.069,124727000.0,60058000.0,17473000.0,-0.075,-0.09,-0.075,808859000.0,790524750.0,808859000.0,780289731.0,13.0,6.256,45226000.0,1.105,1.0,201529000.0,0.112,336061000.0,42585000.0,1092442000.0,1220378500.0,7949000.0,517766000.0,0.0,517766000.0,1293307000.0,934513000.0,358794000.0,506429731.0,-20499000.0,494000.0,105000.0,-99127000.0,0.0,-104031000.0,8892000.0,40152000.0,75835000.0,-1195000.0,-2654000.0,-2654000.0,-2654000.0,-5148000.0,0.0,-0.001,188501000.0,13028000.0,180606000.0,0.0,0.626,-190.818,-165.0,361560000.0,0.0,12.375,0.281,0.281,461141000.0,-208032000.0,1804681000.0,1804681000.0,0.0,-0.001,-0.003,0.049,0.033,0.0,185698000.0,1.0,40923574.0,40923574.0,,44.099,1766105000.0,67297000.0,20127000.0,0.0,43.156,-306609000.0
75,MDRIQ,MRT,2001-06-30,2001-06-30,2001-06-30,2021-08-25,-50231000.0,2007877000.0,2022339750.0,556486000.0,1451391000.0,0.803,19.454,-24422000.0,68536000.0,68536000.0,1440569000.0,-16377000.0,0.662,1.53,342396000.0,246046000.0,96350000.0,342396000.0,95749000.0,63959000.0,0.0,0.0,0.0,40717000.0,104676000.0,0.064,104676000.0,40717000.0,-2868000.0,-0.42,-0.42,-0.42,793507000.0,787479250.0,793507000.0,1025473153.0,25.0,9.797,13160000.0,0.323,1.0,182442000.0,0.112,340709000.0,43585000.0,1100802000.0,1290185000.0,9528000.0,511054000.0,0.0,511054000.0,1214370000.0,840226000.0,374144000.0,712803153.0,-17306000.0,2167000.0,491000.0,-90496000.0,-3002000.0,-92054000.0,38260000.0,62058000.0,37582000.0,-1094000.0,-16377000.0,-16377000.0,-16377000.0,-4219000.0,0.0,-0.01,183401000.0,-959000.0,158686000.0,0.0,0.898,-43.525,-41.607,358923000.0,0.0,17.475,0.439,0.439,403014000.0,-227377000.0,1623011000.0,1623011000.0,0.0,-0.008,-0.021,0.032,0.025,0.0,180598000.0,1.0,40789839.0,40789839.0,,39.79,1667168000.0,57566000.0,13509000.0,0.0,40.872,-283740000.0
76,MDRIQ,MRT,2001-03-31,2001-03-31,2001-03-31,2021-08-25,-49900000.0,1997361000.0,2019377000.0,545669000.0,1451692000.0,0.808,19.36,-40092000.0,57037000.0,57037000.0,1468297000.0,-34382000.0,0.873,1.55,369707000.0,47500000.0,322207000.0,369707000.0,92423000.0,61043000.0,0.0,0.003,0.05,21407000.0,82450000.0,0.051,82450000.0,21407000.0,-23506000.0,-0.87,-0.87,-0.87,783130000.0,785885000.0,783130000.0,1102451351.0,51.0,13.371,-86783000.0,-2.145,1.0,164186000.0,0.101,345772000.0,44913000.0,1338926000.0,1357848500.0,10233000.0,509943000.0,0.0,509943000.0,1214231000.0,625333000.0,588898000.0,767568351.0,-68703000.0,1448000.0,222000.0,-39992000.0,-5993000.0,-43671000.0,20978000.0,61488000.0,-46691000.0,681000.0,-34382000.0,-34382000.0,-34382000.0,-3518000.0,0.0,-0.021,166228000.0,-2042000.0,160134000.0,-0.057,0.98,-22.325,-21.81,363572000.0,0.0,18.975,0.47,0.47,401258000.0,-235335000.0,1632483000.0,1632483000.0,0.0,-0.017,-0.044,0.016,0.013,0.0,163425000.0,1.0,40451520.0,40451520.0,,40.357,1651589000.0,57502000.0,10876000.0,0.0,40.829,-79664000.0
77,MDRIQ,MRT,2000-12-31,2000-12-31,2000-12-31,2021-08-25,-54852000.0,2055627000.0,2017907750.0,586836000.0,1468791000.0,0.899,19.269,-49300000.0,84620000.0,84620000.0,1613742000.0,-22082000.0,0.85,1.647,419503000.0,96346000.0,323157000.0,419503000.0,71612000.0,63890000.0,0.0,0.006,0.099,32158000.0,96048000.0,0.053,96048000.0,32158000.0,-11447000.0,-0.555,-0.555,-0.555,776603000.0,790533000.0,776603000.0,987618262.0,31.0,10.283,-98366000.0,-2.441,1.0,199928000.0,0.11,350939000.0,43605000.0,1349344000.0,1343503500.0,11733000.0,548161000.0,34440000.0,513721000.0,1279024000.0,690227000.0,588797000.0,649884262.0,-78114000.0,2071000.0,42000.0,9674000.0,-8972000.0,-255000.0,-27991000.0,19238000.0,-49066000.0,-802000.0,-22082000.0,-22082000.0,-22082000.0,-2782000.0,0.0,-0.012,185260000.0,14668000.0,167257000.0,-0.178,0.837,-29.43,-29.054,365356000.0,0.0,16.125,0.358,0.358,389409000.0,-230902000.0,1813670000.0,1813670000.0,0.0,-0.011,-0.028,0.024,0.018,0.0,182457000.0,1.0,40302860.0,40302860.0,,45.001,1704688000.0,56805000.0,10635000.0,29391000.0,42.297,-103391000.0
78,MDRIQ,MRT,2000-09-30,2000-09-30,2000-09-30,2021-08-25,-57342000.0,2028494000.0,2472723750.0,580317000.0,1448177000.0,0.856,19.829,-64232000.0,111142000.0,111142000.0,1836919000.0,-19779000.0,0.901,1.546,448876000.0,128738000.0,320138000.0,448876000.0,59465000.0,70787000.0,0.0,0.009,0.149,44537000.0,115324000.0,0.054,115324000.0,44537000.0,1295000.0,-0.51,-0.495,-0.51,796677000.0,794346750.0,796677000.0,1006711523.0,23.0,8.729,-22174000.0,-0.552,1.0,280375000.0,0.132,350694000.0,43242000.0,1371668000.0,1599928500.0,11397000.0,548050000.0,34936000.0,513114000.0,1231817000.0,643866000.0,587951000.0,662921523.0,2590000.0,532133000.0,93000.0,-4913000.0,-11945000.0,-14026000.0,-24577000.0,-497064000.0,42058000.0,-865000.0,-19779000.0,-19779000.0,-19779000.0,0.0,0.0,-0.009,214979000.0,65396000.0,117598000.0,-0.292,0.832,-33.516,-32.353,364025000.0,0.0,16.5,0.313,0.313,338160000.0,-205378000.0,2117294000.0,2117294000.0,0.0,-0.008,-0.025,0.028,0.021,0.0,257411000.0,1.0,40177022.0,40177022.0,,52.699,1677800000.0,45660000.0,21074000.0,0.0,41.76,-63549000.0
79,MDRIQ,MRT,2000-06-30,2000-06-30,2000-06-30,2021-08-25,-49551000.0,1996026000.0,2939352250.0,562277000.0,1433749000.0,0.79,19.669,-72207000.0,85842000.0,85842000.0,1996071000.0,-21783000.0,0.917,1.536,429632000.0,111318000.0,318314000.0,429632000.0,52208000.0,77557000.0,0.0,0.015,0.198,52972000.0,130529000.0,0.056,130529000.0,52972000.0,9567000.0,-0.555,-0.54,-0.555,787130000.0,800180000.0,787130000.0,808863120.0,15.0,6.197,-12124000.0,-0.303,1.0,326132000.0,0.14,355109000.0,43405000.0,1371456000.0,1893006000.0,9735000.0,558893000.0,54679000.0,504214000.0,1208896000.0,613251000.0,595645000.0,529041120.0,-74060000.0,515948000.0,16643000.0,119558000.0,-9974000.0,138478000.0,356949000.0,-88013000.0,60083000.0,545000.0,-21783000.0,-21783000.0,-21783000.0,0.0,0.0,-0.009,244423000.0,81709000.0,109416000.0,-0.357,0.672,-24.287,-23.819,368146000.0,0.0,13.22,0.228,0.228,337883000.0,-217077000.0,2322203000.0,2322203000.0,0.0,-0.007,-0.027,0.028,0.023,0.0,264142000.0,1.0,40019713.0,40019713.0,,58.026,1640917000.0,47199000.0,31350000.0,0.0,41.003,-50974000.0
80,MDRIQ,MRT,2000-03-31,2000-03-31,2000-03-31,2021-08-25,-44640000.0,1991484000.0,3552502500.0,627146000.0,1364338000.0,0.699,20.103,-69773000.0,125740000.0,125740000.0,2095786000.0,8307000.0,0.996,1.484,405562000.0,87266000.0,318296000.0,405562000.0,53948000.0,84782000.0,0.0,0.014,0.198,90848000.0,175630000.0,0.071,175630000.0,90848000.0,46282000.0,0.21,0.21,0.21,801722000.0,805556500.0,801722000.0,796426155.0,9.0,4.535,-90179000.0,-2.261,1.0,387013000.0,0.156,359899000.0,44566000.0,1281546000.0,2305414500.0,9842000.0,543871000.0,89442000.0,454429000.0,1189762000.0,629861000.0,559901000.0,549647155.0,-83030000.0,4743000.0,17405000.0,627163000.0,-9940000.0,650162000.0,-81482000.0,-16952000.0,-20406000.0,-1189000.0,8307000.0,8307000.0,8307000.0,0.0,0.0,0.003,279678000.0,107335000.0,135061000.0,0.943,0.686,66.167,65.629,359225000.0,0.0,13.782,0.221,0.221,323091000.0,-204028000.0,2482799000.0,2482799000.0,0.0,0.002,0.01,0.039,0.037,0.0,277958000.0,1.0,39881483.0,39881483.0,,62.254,1631585000.0,51030000.0,37975000.0,0.0,40.911,-2715000.0
81,MDRIQ,MRT,1999-12-31,1999-12-31,1999-12-31,2021-08-25,-46980000.0,3874891000.0,4131011500.0,1468808000.0,2406083000.0,0.639,19.949,-86294000.0,162734000.0,162734000.0,2139670000.0,-61663000.0,1.128,3.893,409513000.0,86499000.0,323014000.0,409513000.0,231421000.0,96117000.0,0.0,0.015,0.198,1537000.0,97654000.0,0.037,97654000.0,1537000.0,-48331000.0,-1.575,-1.575,-1.575,791858000.0,803559500.0,791858000.0,888092245.0,578.0,9.094,-82505000.0,-2.078,1.0,500786000.0,0.19,444220000.0,49868000.0,2375044000.0,2756795500.0,57488000.0,375813000.0,111104000.0,264709000.0,3083033000.0,1302406000.0,1780627000.0,539635245.0,-102575000.0,18607000.0,1889000.0,-225467000.0,-11838000.0,-235478000.0,127282000.0,195632000.0,3789000.0,1832000.0,-61663000.0,-61663000.0,-61663000.0,0.0,0.0,-0.023,401381000.0,99405000.0,185465000.0,-0.126,0.681,-8.751,-8.631,437797000.0,0.0,13.595,0.204,0.204,777639000.0,-208904000.0,2640456000.0,2640456000.0,0.0,-0.015,-0.077,0.001,0.001,0.0,305264000.0,1.0,39695076.0,39695076.0,,66.518,3430671000.0,93629000.0,13332000.0,38308000.0,86.426,166402000.0
82,MDRIQ,MRT,1999-09-30,1999-09-30,1999-09-30,2021-08-25,-41974000.0,3895008000.0,4125653000.0,1405784000.0,2489224000.0,0.764,20.725,-83591000.0,108552000.0,108552000.0,2543121000.0,153362000.0,1.124,3.75,457009000.0,133847000.0,323162000.0,457009000.0,197253000.0,97245000.0,0.0,0.007,0.198,211821000.0,309066000.0,0.098,309066000.0,211821000.0,148559000.0,3.9,3.78,3.9,820010000.0,767464250.0,820010000.0,1955615202.0,9.0,6.328,-133305000.0,-3.369,1.0,606864000.0,0.193,448447000.0,63262000.0,2543978000.0,2880903250.0,55199000.0,403607000.0,116077000.0,287530000.0,3074998000.0,1251040000.0,1823958000.0,1201831202.0,-264649000.0,-506621000.0,18107000.0,369531000.0,-9878000.0,389562000.0,22212000.0,614468000.0,-49714000.0,3406000.0,153362000.0,153362000.0,153362000.0,0.0,0.0,0.049,415737000.0,191127000.0,163413000.0,0.051,1.466,7.837,7.788,435871000.0,0.0,30.375,0.382,0.382,769390000.0,-182703000.0,3149985000.0,3149985000.0,0.0,0.037,0.2,0.074,0.067,0.0,314347000.0,1.0,39566420.0,39566420.0,,79.613,3446561000.0,83879000.0,-4803000.0,0.0,87.108,154744000.0
83,MDRIQ,MRT,1999-06-30,1999-06-30,1999-06-30,2021-08-25,-46953000.0,4448627000.0,4125139750.0,1834715000.0,2613912000.0,0.722,20.472,-81744000.0,132635000.0,132635000.0,2401086000.0,51844000.0,1.057,4.501,886419000.0,562808000.0,323611000.0,886419000.0,202608000.0,96270000.0,0.0,0.005,0.198,101563000.0,197833000.0,0.066,197833000.0,101563000.0,42779000.0,1.365,1.47,1.365,808636000.0,717074500.0,808636000.0,1847169893.0,18.0,9.337,-24810000.0,-0.628,1.0,576974000.0,0.194,445231000.0,58784000.0,3021090000.0,2954893250.0,52925000.0,828370000.0,469252000.0,359118000.0,3639991000.0,1736090000.0,1903901000.0,1673772893.0,-123640000.0,-480288000.0,-39116000.0,212943000.0,-11882000.0,-38812000.0,-144012000.0,418669000.0,56934000.0,2250000.0,51844000.0,51844000.0,51844000.0,0.0,0.0,0.017,408105000.0,168869000.0,167545000.0,0.145,2.07,32.285,31.044,435849000.0,0.0,42.375,0.562,0.562,809662000.0,-183350000.0,2978060000.0,2978060000.0,0.0,0.013,0.072,0.034,0.034,0.0,311835000.0,1.0,39499026.0,39499026.0,,75.396,4003396000.0,76069000.0,-9065000.0,0.0,101.354,98625000.0
84,MDRIQ,MRT,1999-03-31,1999-03-31,1999-03-31,2021-08-25,-32644000.0,4305520000.0,4071770000.0,1375366000.0,2930154000.0,0.774,20.14,-78787000.0,181503000.0,181503000.0,2543121000.0,153362000.0,1.086,4.424,354900000.0,31126000.0,323774000.0,354900000.0,240380000.0,101390000.0,0.0,0.005,0.198,211821000.0,313211000.0,0.099,313211000.0,211821000.0,148559000.0,3.9,3.795,3.9,793734000.0,622505500.0,793734000.0,1834470965.0,9.0,5.857,221498000.0,5.62,1.0,606864000.0,0.193,125436000.0,63262000.0,3087070000.0,3007644000.0,52656000.0,906899000.0,55646000.0,851253000.0,3511786000.0,1266411000.0,2245375000.0,1496207965.0,-96373000.0,145161000.0,-54983000.0,-357875000.0,-13810000.0,-641132000.0,242752000.0,176378000.0,300285000.0,1722000.0,153362000.0,153362000.0,153362000.0,0.0,0.0,0.049,415737000.0,191127000.0,198500000.0,0.051,1.885,9.756,9.735,433961000.0,0.0,37.965,0.475,0.475,751762000.0,-200432000.0,3149985000.0,3149985000.0,0.0,0.038,0.246,0.07,0.067,0.0,314347000.0,1.0,39410153.0,39410153.0,,79.928,4180084000.0,73364000.0,-4803000.0,34214000.0,106.066,108955000.0
85,MDRIQ,MRT,1998-12-31,1998-12-31,1998-12-31,2021-08-25,-27039000.0,3853457000.0,4120672500.0,1341475000.0,2511982000.0,0.892,16.458,-57445000.0,265309000.0,265309000.0,3117279000.0,215690000.0,1.111,4.623,603572000.0,35770000.0,567802000.0,603572000.0,295645000.0,104123000.0,0.0,0.005,0.198,364995000.0,469118000.0,0.128,469118000.0,364995000.0,283541000.0,5.61,5.22,5.61,647477000.0,507684250.0,647477000.0,1738612157.0,5.0,3.706,253227000.0,6.437,1.0,557356000.0,0.152,112464000.0,81454000.0,2871475000.0,3083259750.0,58342000.0,1120673000.0,0.0,1120673000.0,2993310000.0,1207781000.0,1785529000.0,1457002157.0,-388313000.0,138683000.0,-51185000.0,-104726000.0,-15738000.0,-413783000.0,-285516000.0,-366754000.0,310672000.0,314000.0,207424000.0,207424000.0,207424000.0,0.0,8266000.0,0.056,366346000.0,191010000.0,214977000.0,0.035,2.25,7.024,6.602,457488000.0,0.0,37.035,0.397,0.397,774325000.0,-135323000.0,3674635000.0,3674635000.0,0.0,0.05,0.409,0.118,0.099,0.0,224045000.0,1.0,39341183.0,39341183.0,,93.404,3740993000.0,81479000.0,76117000.0,0.0,95.091,133694000.0
86,MDRIQ,MRT,1998-09-30,1998-09-30,1998-09-30,2021-08-25,-21834000.0,3892955000.0,4300415750.0,1394562000.0,2498393000.0,0.714,15.67,,345934000.0,345934000.0,2595705000.0,91330000.0,1.143,4.964,627544000.0,59596000.0,567948000.0,627544000.0,243305000.0,,0.0,0.005,0.198,198336000.0,,,,198336000.0,136102000.0,2.28,2.22,2.28,618451000.0,419614250.0,618451000.0,2037733320.0,10.0,,,,1.0,474546000.0,0.155,114246000.0,62234000.0,2839938000.0,3133557500.0,57544000.0,1027453000.0,0.0,1027453000.0,3070176000.0,1220381000.0,1849795000.0,1594824320.0,,,,,,,,,,,87197000.0,87197000.0,87197000.0,0.0,4133000.0,0.028,324860000.0,149686000.0,255170000.0,0.087,2.579,18.29,17.724,469478000.0,0.0,40.41,0.519,0.519,783448000.0,-174715000.0,3070251000.0,3070251000.0,0.0,0.02,0.208,0.063,0.065,,216108000.0,1.0,39466041.0,39466041.0,,77.795,3778709000.0,81548000.0,48905000.0,0.0,95.746,174181000.0
87,MDRIQ,MRT,1998-06-30,1998-06-30,1998-06-30,2021-08-25,-29259000.0,4235148000.0,,1508341000.0,2726807000.0,,10.633,,256275000.0,256275000.0,,,1.134,7.971,699184000.0,103780000.0,595404000.0,699184000.0,282797000.0,,0.0,0.004,0.198,,,,,,,,,,430360000.0,,430360000.0,2567486055.0,,,,,1.0,,,116028000.0,,3232093000.0,,62600000.0,1242969000.0,68175000.0,1174794000.0,3430299000.0,1329936000.0,2100363000.0,2090880055.0,,,,,,,,,,,,,,,,,,,263255000.0,,4.858,,,477389000.0,,51.66,,,888594000.0,-223385000.0,,,,,,,,,,1.0,40473828.0,40473828.0,,,4119120000.0,87020000.0,,0.0,101.772,178405000.0
88,MDRIQ,MRT,1998-03-31,1998-03-31,1998-03-31,2021-08-25,-46557000.0,4501130000.0,4550306000.0,1596556000.0,2904574000.0,0.808,8.912,-45090000.0,277876000.0,277876000.0,3117279000.0,215690000.0,1.093,11.426,754482000.0,156300000.0,598182000.0,754482000.0,268764000.0,142301000.0,0.0,0.003,0.198,364995000.0,507296000.0,0.138,507296000.0,364995000.0,283541000.0,5.61,5.22,5.61,334449000.0,219804000.0,334449000.0,2456153275.0,7.0,4.842,532647000.0,14.194,1.0,557356000.0,0.152,127077000.0,81454000.0,3389533000.0,3409206000.0,63342000.0,1073491000.0,135000.0,1073356000.0,3821357000.0,1461126000.0,2360231000.0,2325301275.0,20093000.0,459461000.0,27769000.0,-360875000.0,-19367000.0,-380919000.0,-177351000.0,-591722000.0,577737000.0,626000.0,207424000.0,207424000.0,207424000.0,0.0,8266000.0,0.056,366346000.0,191010000.0,301988000.0,0.035,6.953,11.21,11.045,533694000.0,0.0,61.965,0.633,0.633,982315000.0,-341916000.0,3674635000.0,3674635000.0,0.0,0.046,0.944,0.107,0.099,0.0,224045000.0,1.0,37526006.0,37526006.0,,97.922,4374053000.0,84036000.0,76117000.0,30846000.0,116.561,135430000.0
89,MDRIQ,MRT,1997-12-31,1997-12-31,1997-12-31,2021-08-25,-39087000.0,4572430000.0,,1971370000.0,2601060000.0,,7.866,,653622000.0,653622000.0,,,1.313,13.251,784474000.0,161322000.0,623152000.0,784474000.0,296724000.0,,0.0,0.004,0.198,,,,,,,,,,295197000.0,,295197000.0,,,,,,1.0,,,129178000.0,,3072666000.0,,64682000.0,747986000.0,131000.0,747855000.0,3911637000.0,1501438000.0,2410199000.0,2061868451.0,,,,,,,,,,,,,,,,,,,277829000.0,,6.985,,,555435000.0,,54.945,,,979129000.0,-353703000.0,,,,,,,,,,1.0,37526006.0,37526006.0,,,4443252000.0,75800000.0,,0.0,118.405,469932000.0
90,MDRIQ,MRT,1997-03-31,1997-03-31,1997-03-31,2021-08-25,-45093000.0,4599482000.0,,1834327000.0,2765155000.0,,,-91371000.0,257783000.0,257783000.0,2878972000.0,-206105000.0,1.14,39.583,1119031000.0,451857000.0,667174000.0,1119031000.0,200163000.0,151581000.0,0.0,0.019,0.6,-133863000.0,17718000.0,0.006,17718000.0,-133863000.0,-228963000.0,-5.925,-5.925,-5.925,105159000.0,,105159000.0,,,,15276000.0,,1.0,271878000.0,0.086,423095000.0,95100000.0,3428879000.0,,66322000.0,485541000.0,75946000.0,409595000.0,4162481000.0,1608756000.0,2553725000.0,,19120000.0,130804000.0,565000.0,200317000.0,-51947000.0,146411000.0,-234754000.0,-272366000.0,106647000.0,816000.0,-214371000.0,-214371000.0,-214371000.0,0.0,8266000.0,-0.068,414499000.0,-142621000.0,268274000.0,-0.101,,,-5.413,599745000.0,0.0,32.07,,,1124806000.0,-538163000.0,3150850000.0,3150850000.0,0.0,,,,-0.042,0.0,262918000.0,1.0,,,,,4176387000.0,60866000.0,-14592000.0,26379000.0,,225571000.0
91,MDRIQ,MRT,1996-03-31,1996-03-31,1996-03-31,2021-08-25,,,,,,,,-55838000.0,,,2834373000.0,20625000.0,,,,,,,,139875000.0,,0.034,1.002,97750000.0,237625000.0,0.073,237625000.0,97750000.0,13438000.0,0.345,0.345,0.345,,,,,,,-221674000.0,,1.0,409945000.0,0.126,,84312000.0,,,,,,,,,,,152754000.0,188297000.0,1802000.0,-171313000.0,-62411000.0,-239736000.0,557818000.0,454979000.0,-165836000.0,508000.0,12359000.0,12359000.0,12359000.0,0.0,8266000.0,0.004,414647000.0,-4702000.0,,2.904,,,84.239,,0.0,29.063,,,,,3244318000.0,3244318000.0,0.0,,,,0.03,0.0,274772000.0,1.0,,,,,,,1079000.0,,,
