None,ticker,dimension,calendardate,datekey,reportperiod,lastupdated,accoci,assets,assetsavg,assetsc,assetsnc,assetturnover,bvps,capex,cashneq,cashnequsd,cor,consolinc,currentratio,de,debt,debtc,debtnc,debtusd,deferredrev,depamor,deposits,divyield,dps,ebit,ebitda,ebitdamargin,ebitdausd,ebitusd,ebt,eps,epsdil,epsusd,equity,equityavg,equityusd,ev,evebit,evebitda,fcf,fcfps,fxusd,gp,grossmargin,intangibles,intexp,invcap,invcapavg,inventory,investments,investmentsc,investmentsnc,liabilities,liabilitiesc,liabilitiesnc,marketcap,ncf,ncfbus,ncfcommon,ncfdebt,ncfdiv,ncff,ncfi,ncfinv,ncfo,ncfx,netinc,netinccmn,netinccmnusd,netincdis,netincnci,netmargin,opex,opinc,payables,payoutratio,pb,pe,pe1,ppnenet,prefdivis,price,ps,ps1,receivables,retearn,revenue,revenueusd,rnd,roa,roe,roic,ros,sbcomp,sgna,sharefactor,sharesbas,shareswa,shareswadil,sps,tangibles,taxassets,taxexp,taxliabilities,tbvps,workingcapital
0,DE,ARY,2020-12-31,2020-12-17,2020-11-01,2021-08-26,-5539000000,75091000000,75375500000.0,,,0.472,41.266,-873000000.0,7066000000,7066000000,23677000000.0,2753000000.0,,4.804,45998000000,,,45998000000,0,2118000000.0,0,0.011,3.04,5080000000.0,7198000000.0,0.203,7198000000.0,5080000000.0,3833000000.0,8.77,8.69,8.77,12937000000,12403750000.0,12937000000,121825465218,24.0,16.925,6610000000.0,21.085,1.0,11863000000.0,0.334,4408000000,1247000000.0,109615000000,111510500000.0,4999000000,5537000000,,,62147000000,,,82893465218,3216000000.0,-66000000.0,-419000000.0,528000000.0,-956000000.0,-980000000.0,-3319000000.0,-2621000000.0,7483000000.0,32000000.0,2751000000.0,2751000000.0,2751000000.0,0.0,2000000.0,0.077,6733000000.0,5130000000.0,10217000000,0.347,6.407,30.132,30.163,13115000000,0.0,264.53,2.332,2.333,35172000000,31646000000,35540000000.0,35540000000.0,1644000000.0,0.036,0.222,0.046,0.143,81000000.0,3477000000.0,1.0,313361302,313500000,316600000.0,113.365,70683000000,1499000000,1082000000.0,519000000,225.464,
1,DE,ARY,2019-12-31,2019-12-19,2019-11-03,2021-08-26,-5607000000,73011000000,72297200000.0,,,0.543,36.06,-1801000000.0,3857000000,3857000000,26792000000.0,3257000000.0,,5.396,45334000000,,,45334000000,0,2019000000.0,0,0.018,3.04,5571000000.0,7590000000.0,0.193,7590000000.0,5571000000.0,4105000000.0,10.28,10.15,10.28,11413000000,11731575000.0,11413000000,95598519434,17.0,12.595,1611000000.0,5.09,1.0,12466000000.0,0.318,4297000000,1466000000.0,110191000000,108892900000.0,5975000000,5179000000,,,61580000000,,,54121519434,-59000000.0,93000000.0,-1075000000.0,2643000000.0,-943000000.0,509000000.0,-3924000000.0,-2218000000.0,3412000000.0,-56000000.0,3253000000.0,3253000000.0,3253000000.0,0.0,4000000.0,0.083,6912000000.0,5554000000.0,9798000000,0.296,4.742,16.637,16.805,13540000000,0.0,172.76,1.379,1.393,35958000000,29852000000,39258000000.0,39258000000.0,1783000000.0,0.045,0.277,0.051,0.142,82000000.0,3551000000.0,1.0,313275755,316500000,320600000.0,124.038,68714000000,1466000000,852000000.0,495000000,217.106,
2,DE,ARY,2018-12-31,2018-12-17,2018-10-28,2021-08-26,-4427600000,70108000000,68987150000.0,,,0.542,34.99,-1467400000.0,3904000000,3904000000,25571200000.0,2370600000.0,,5.209,42256100000,,,42256100000,0,1927100000.0,0,0.018,2.58,5298900000.0,7226000000.0,0.193,7226000000.0,5298900000.0,4095300000.0,7.34,7.24,7.34,11287800000,10326750000.0,11287800000,84888920711,16.0,11.748,352900000.0,1.094,1.0,11786500000.0,0.316,4663100000,1203600000.0,103797000000,101964100000.0,6148900000,4718800000,,,58802800000,,,46536820711,-5430900000.0,-5089400000.0,-741000000.0,2515700000.0,-805800000.0,876400000.0,-8154400000.0,-1480200000.0,1820300000.0,26800000.0,2368400000.0,2368400000.0,2368400000.0,0.0,2200000.0,0.063,6512200000.0,5274300000.0,10239900000,0.351,4.123,19.649,19.902,13032900000,0.0,146.08,1.246,1.261,33815600000,27553000000,37357700000.0,37357700000.0,1657600000.0,0.034,0.229,0.052,0.142,83800000.0,3455500000.0,1.0,318570788,322600000,327300000.0,115.802,65444900000,808000000,1726900000.0,555800000,202.867,
3,DE,ARY,2017-12-31,2017-12-18,2017-10-29,2021-08-26,-4563700000,65786300000,60850400000.0,,,0.489,29.913,-1151500000.0,9334900000,9334900000,19933500000.0,2159200000.0,,5.882,40045300000,,,40045300000,0,1715500000.0,0,0.016,2.4,4029700000.0,5745200000.0,0.193,5745200000.0,4029700000.0,3130200000.0,6.76,6.68,6.76,9557300000,8159925000.0,9557300000,80402935340,20.0,13.995,1048300000.0,3.281,1.0,9804200000.0,0.33,1251300000,899500000.0,95245400000,90665575000.0,3904100000,4792900000,,,56211800000,,,49692535340,4999100000.0,-170300000.0,522500000.0,4615800000.0,-764000000.0,4286500000.0,-1644300000.0,-264500000.0,2199800000.0,157100000.0,2159100000.0,2159100000.0,2159100000.0,0.0,100000.0,0.073,5750900000.0,4053300000.0,8538900000,0.355,5.199,23.015,22.787,11661400000,0.0,154.04,1.671,1.655,30264900000,25301300000,29737700000.0,29737700000.0,1367700000.0,0.035,0.265,0.044,0.136,68100000.0,3066600000.0,1.0,322595010,319500000,323300000.0,93.076,64535000000,2415000000,971100000.0,209700000,201.987,
4,DE,ARY,2016-12-31,2016-12-19,2016-10-31,2021-08-26,-5626000000,57981400000,57951825000.0,,,0.46,20.685,-1698900000.0,4335800000,4335800000,18248900000.0,1521500000.0,,7.889,35674400000,,,35674400000,0,1559800000.0,0,0.023,2.4,2987700000.0,4547500000.0,0.171,4547500000.0,2987700000.0,2224000000.0,4.83,4.81,4.83,6520000000,6925725000.0,6520000000,63738826622,21.0,14.016,2065400000.0,6.553,1.0,8395100000.0,0.315,919800000,763700000.0,88400200000,89742125000.0,3340500000,5812600000,,,51436600000,,,32400226622,173600000.0,-117400000.0,-169400000.0,-1410500000.0,-761300000.0,-2400500000.0,-1177200000.0,655100000.0,3764300000.0,-13000000.0,1523900000.0,1523900000.0,1523900000.0,0.0,-2400000.0,0.057,5407400000.0,2987700000.0,7321700000,0.497,4.969,21.261,21.17,11072100000,0.0,102.25,1.216,1.21,27748600000,23911300000,26644000000.0,26644000000.0,1389100000.0,0.026,0.22,0.033,0.112,70600000.0,2763700000.0,1.0,316872632,315200000,316600000.0,84.53,57061600000,2964400000,700100000.0,166000000,181.033,
5,DE,ARY,2015-12-31,2016-02-01,2015-10-31,2021-08-26,-4729400000,57947600000,58690975000.0,,,0.492,20.214,-1776700000.0,4162200000,4162200000,20143200000.0,1940900000.0,,7.591,36849400000,,,36849400000,0,1382400000.0,0,0.031,2.4,3460100000.0,4842500000.0,0.168,4842500000.0,3460100000.0,2780100000.0,5.81,5.77,5.81,6743400000,7721575000.0,6743400000,57009767987,16.0,11.773,1963600000.0,5.886,1.0,8719600000.0,0.302,789600000,680000000.0,89845200000,90725450000.0,3817000000,5575500000,,,51190000000,,,24322567987,375200000.0,149200000.0,-2598600000.0,1349400000.0,-816300000.0,-2119100000.0,-1058700000.0,629000000.0,3740300000.0,-187300000.0,1940000000.0,1940000000.0,1940000000.0,0.0,900000.0,0.067,5259500000.0,3460100000.0,7392100000,0.413,3.607,12.537,13.219,10151900000,0.0,76.8,0.843,0.888,28884600000,23144800000,28862800000.0,28862800000.0,1425100000.0,0.033,0.251,0.038,0.12,66100000.0,2873300000.0,1.0,316700104,333600000,336000000.0,86.519,57158000000,2767300000,840100000.0,160800000,171.337,
6,DE,ARY,2015-12-31,2015-12-18,2015-10-31,2021-08-26,-4729400000,57947600000,58690975000.0,,,0.492,20.214,-1776700000.0,4162200000,4162200000,20143200000.0,1940900000.0,,7.591,36849400000,,,36849400000,0,1382400000.0,0,0.032,2.4,3460100000.0,4842500000.0,0.168,4842500000.0,3460100000.0,2780100000.0,5.81,5.77,5.81,6743400000,7721575000.0,6743400000,56430206797,16.0,11.653,1963600000.0,5.886,1.0,8719600000.0,0.302,789600000,680000000.0,89845200000,90725450000.0,3817000000,5575500000,,,51190000000,,,23743006797,375200000.0,149200000.0,-2598600000.0,1349400000.0,-816300000.0,-2119100000.0,-1058700000.0,629000000.0,3740300000.0,-187300000.0,1940000000.0,1940000000.0,1940000000.0,0.0,900000.0,0.067,5259500000.0,3460100000.0,7392100000,0.413,3.521,12.239,12.904,10151900000,0.0,74.97,0.823,0.867,28884600000,23144800000,28862800000.0,28862800000.0,1425100000.0,0.033,0.251,0.038,0.12,66100000.0,2873300000.0,1.0,316700104,333600000,336000000.0,86.519,57158000000,2767300000,840100000.0,160800000,171.337,
7,DE,ARY,2014-12-31,2014-12-19,2014-10-31,2021-08-26,-3783000000,61336400000,60401625000.0,,,0.597,24.966,-1567800000.0,3787000000,3787000000,24775800000.0,3163300000.0,,5.768,36958400000,,,36958400000,0,1306500000.0,0,0.025,2.22,5452200000.0,6758700000.0,0.187,6758700000.0,5452200000.0,4788200000.0,8.71,8.63,8.71,9062600000,10203400000.0,9062600000,64192433920,12.0,9.498,1958100000.0,5.394,1.0,11291100000.0,0.313,860000000,664000000.0,93647800000,92332175000.0,4209700000,6120600000,,,52270900000,,,31021033920,283000000.0,345800000.0,-2581600000.0,3112100000.0,-786000000.0,-288300000.0,-2881000000.0,-1513400000.0,3525900000.0,-73600000.0,3161700000.0,3161700000.0,3161700000.0,0.0,1600000.0,0.088,5829700000.0,5461400000.0,8655100000,0.255,3.423,9.812,10.344,9593300000,0.0,90.1,0.86,0.907,32230300000,22004400000,36066900000.0,36066900000.0,1452000000.0,0.052,0.31,0.059,0.151,78500000.0,3284400000.0,1.0,344295604,363000000,366100000.0,99.358,60476400000,2776600000,1626500000.0,160900000,166.602,
8,DE,ARY,2013-12-31,2013-12-16,2013-10-31,2021-08-26,-2693100000,59521300000,57795725000.0,,,0.654,26.644,-1438600000.0,3504000000,3504000000,25667300000.0,3537600000.0,,4.798,34475700000,,,34475700000,0,1140300000.0,0,0.022,1.99,6224500000.0,7364800000.0,0.195,7364800000.0,6224500000.0,5483200000.0,9.18,9.09,9.18,10265800000,8651050000.0,10265800000,64074381696,10.0,8.7,1815700000.0,4.712,1.0,12128100000.0,0.321,921900000,741300000.0,89571100000,86989300000.0,4934700000,5999300000,,,49253600000,,,33102681696,-1148200000.0,-61500000.0,-1356900000.0,2524900000.0,-752900000.0,406500000.0,-4820700000.0,-3106100000.0,3254300000.0,11700000.0,3537300000.0,3537300000.0,3537300000.0,0.0,300000.0,0.094,5903400000.0,6224700000.0,9080500000,0.217,3.225,9.358,9.681,8619100000,0.0,88.87,0.876,0.906,30886100000,19645600000,37795400000.0,37795400000.0,1477300000.0,0.061,0.409,0.072,0.165,80700000.0,3605500000.0,1.0,372484322,385300000,389200000.0,98.093,58599400000,2325400000,1945900000.0,160300000,152.088,
9,DE,ARY,2012-12-31,2012-12-17,2012-10-31,2021-08-26,-4571500000,56265800000,52361650000.0,,,0.691,17.23,-1321500000.0,4652200000,4652200000,25007800000.0,3071600000.0,,7.221,32420400000,,,32420400000,0,1004200000.0,0,0.021,1.79,5506900000.0,6511100000.0,0.18,6511100000.0,5506900000.0,4724100000.0,7.72,7.63,7.72,6842100000,7095050000.0,6842100000,61268555220,11.0,9.41,-153800000.0,-0.387,1.0,11149300000.0,0.308,1026200000,782800000.0,83007800000,78027725000.0,5170000000,5303000000,,,49403800000,,,33500355220,1005000000.0,30200000.0,-1526700000.0,6140900000.0,-697900000.0,3880200000.0,-4004100000.0,-2756000000.0,1167700000.0,-38800000.0,3064700000.0,3064700000.0,3064700000.0,0.0,6900000.0,0.085,5632100000.0,5517200000.0,9124100000,0.232,4.896,10.931,11.188,7539700000,0.0,86.37,0.927,0.949,27808800000,16875200000,36157100000.0,36157100000.0,1433600000.0,0.059,0.432,0.071,0.152,74500000.0,3417000000.0,1.0,387870270,397100000,401500000.0,91.053,55239600000,3280400000,1659400000.0,164400000,139.108,
10,DE,ARY,2011-12-31,2011-12-19,2011-10-31,2021-08-26,-3678000000,48207400000,46205950000.0,,,0.693,16.292,-997400000.0,3647200000,3647200000,21919400000.0,2807800000.0,,6.087,26589600000,,,26589600000,0,914900000.0,0,0.021,1.52,4982900000.0,5897800000.0,0.184,5897800000.0,4982900000.0,4223500000.0,6.71,6.63,6.71,6800300000,7082450000.0,6800300000,52669892965,11.0,8.93,1328900000.0,3.184,1.0,10093100000.0,0.315,1127200000,759400000.0,70022600000,67156850000.0,4370600000,3894000000,,,41392500000,,,29727492965,-143400000.0,850300000.0,-1497000000.0,2208100000.0,-593100000.0,139600000.0,-2620700000.0,-2359900000.0,2326300000.0,11400000.0,2799900000.0,2799900000.0,2799900000.0,0.0,7900000.0,0.087,5110900000.0,4982200000.0,7922500000,0.227,4.371,10.617,10.963,6502300000,0.0,73.56,0.929,0.959,24596600000,14519400000,32012500000.0,32012500000.0,1226200000.0,0.061,0.395,0.074,0.156,69000000.0,3168700000.0,1.0,404125788,417400000,422400000.0,76.695,47080200000,2858600000,1423600000.0,168300000,112.794,
11,DE,ARY,2010-12-31,2010-12-17,2010-10-31,2021-08-26,-3379600000,43266800000,41717975000.0,,,0.623,14.836,-690900000.0,3790600000,3790600000,17398800000.0,1874300000.0,,5.876,24349000000,,,24349000000,0,914800000.0,0,0.014,1.16,3838000000.0,4752800000.0,0.183,4752800000.0,3838000000.0,3026600000.0,4.4,4.35,4.4,6290300000,5759000000.0,6290300000,55030494282,14.0,11.579,1591300000.0,3.753,1.0,8605800000.0,0.331,1115600000,811400000.0,62709600000,60693425000.0,3063000000,2710700000,,,36963400000,,,34472094282,-861100000.0,-10600000.0,-229700000.0,-298600000.0,-483500000.0,-1009700000.0,-2109100000.0,-1465500000.0,2282200000.0,-24500000.0,1865000000.0,1865000000.0,1865000000.0,0.0,9300000.0,0.072,4769200000.0,3836600000.0,6685200000,0.264,5.48,18.484,18.534,5726900000,0.0,81.55,1.326,1.33,22110800000,12353100000,26004600000.0,26004600000.0,1052400000.0,0.045,0.324,0.063,0.148,71200000.0,2968700000.0,1.0,422711150,424000000,428600000.0,61.332,42151200000,2477100000,1161600000.0,144300000,99.413,
12,DE,ARY,2009-12-31,2009-12-17,2009-10-31,2021-08-26,-3593300000,41132600000,41414925000.0,,,0.558,11.397,-830800000.0,4651700000,4651700000,16255200000.0,873500000.0,,7.536,24550600000,,,24550600000,0,873300000.0,0,0.021,1.12,2375900000.0,3249200000.0,0.141,3249200000.0,2375900000.0,1333500000.0,2.07,2.06,2.07,4818700000,6416350000.0,4818700000,42780510925,18.0,13.166,1154000000.0,2.729,1.0,6857200000.0,0.297,1172800000,1042400000.0,59858700000,60624050000.0,2397300000,3513200000,,,36313900000,,,22881610925,2440300000.0,-49800000.0,13300000.0,1067700000.0,-473400000.0,470300000.0,-57000000.0,825600000.0,1984800000.0,42200000.0,873500000.0,873500000.0,873500000.0,0.0,0.0,0.038,4475000000.0,2382200000.0,5426400000,0.541,4.749,26.195,26.155,6265500000,0.0,54.14,0.99,0.99,18774500000,10980500000,23112400000.0,23112400000.0,977000000.0,0.021,0.136,0.039,0.103,70500000.0,2780600000.0,1.0,422637808,422800000,424400000.0,54.665,39959800000,2804800000,460000000.0,167300000,94.512,
13,DE,ARY,2008-12-31,2008-12-18,2008-10-31,2021-08-26,-1387300000,38734600000,39902375000.0,,,0.713,15.154,-1142500000.0,2211400000,2211400000,19574800000.0,2052800000.0,,4.929,22419000000,,,22419000000,0,831000000.0,0,0.027,1.06,4301000000.0,5132000000.0,0.18,5132000000.0,4301000000.0,3164000000.0,4.76,4.7,4.76,6532700000,7115175000.0,6532700000,36538238798,8.0,7.12,806500000.0,1.871,1.0,8862800000.0,0.312,1386000000,1137000000.0,57556200000,59003275000.0,3041800000,2846600000,,,32201900000,,,16330638798,-67200000.0,-210300000.0,-1568700000.0,1321800000.0,-448100000.0,-648500000.0,-1426000000.0,-53300000.0,1949000000.0,58300000.0,2052800000.0,2052800000.0,2052800000.0,0.0,0.0,0.072,4602000000.0,4260800000.0,6562800000,0.223,2.5,7.955,8.124,5766300000,0.0,38.67,0.574,0.586,19961200000,10580600000,28437600000.0,28437600000.0,943100000.0,0.051,0.289,0.073,0.151,70600000.0,2960200000.0,1.0,422307701,431100000,436300000.0,65.965,37348600000,1440600000,1111200000.0,171800000,86.636,
14,DE,ARY,2007-12-31,2007-12-20,2007-10-31,2021-08-26,-637500000,38575700000,36880375000.0,,,0.653,15.927,-1129000000.0,2278600000,2278600000,16252800000.0,1821700000.0,,4.391,21767600000,,,21767600000,0,744400000.0,0,0.011,0.91,3855900000.0,4600300000.0,0.191,4600300000.0,3855900000.0,2704700000.0,4.05,4.0,4.05,7155800000,7688100000.0,7155800000,57437646261,15.0,12.486,1630400000.0,3.629,1.0,7829400000.0,0.325,1365300000,1151200000.0,56699400000,54711525000.0,2337300000,4061800000,,,31419900000,,,37948646261,591100000.0,-112100000.0,-1232100000.0,1246800000.0,-386700000.0,-281000000.0,-1933300000.0,-704700000.0,2759400000.0,46000000.0,1821700000.0,1821700000.0,1821700000.0,0.0,0.0,0.076,4002700000.0,3826700000.0,5494400000,0.225,5.303,20.831,21.39,5239300000,0.0,86.63,1.576,1.616,19312100000,9031700000,24082200000.0,24082200000.0,816800000.0,0.049,0.237,0.07,0.16,82000000.0,2620800000.0,1.0,438054326,449300000,455000000.0,53.599,37210400000,1399500000,883000000.0,457700000,82.819,
15,DE,ARY,2006-12-31,2006-12-19,2006-10-31,2021-08-26,74300000,34720400000,34160075000.0,,,0.648,16.048,-872500000.0,1687500000,1687500000,15362000000.0,1693800000.0,,3.635,19705200000,,,19705200000,0,691400000.0,0,0.016,0.78,3452900000.0,4144300000.0,0.187,4144300000.0,3452900000.0,2435400000.0,3.63,3.59,3.63,7491200000,7374975000.0,7491200000,40086044877,12.0,9.673,100700000.0,0.216,1.0,6785800000.0,0.306,1166400000,1017500000.0,51571700000,50808475000.0,1957300000,4311500000,,,27229200000,,,22068344877,-570700000.0,384400000.0,-971700000.0,828300000.0,-348400000.0,-416800000.0,-1148900000.0,-627700000.0,973200000.0,21800000.0,1693800000.0,1693800000.0,1693800000.0,-240600000.0,0.0,0.076,3594500000.0,3191300000.0,4513800000,0.215,2.946,13.029,13.36,4257500000,0.0,48.495,0.996,1.022,17512100000,7886800000,22147800000.0,22147800000.0,725800000.0,0.05,0.23,0.068,0.156,90700000.0,2323900000.0,1.0,455064334,466800000,471600000.0,47.446,33554000000,582200000,741600000.0,217400000,71.881,
16,DE,ARY,2005-12-31,2005-12-20,2005-10-31,2021-08-26,-26400000,33636800000,31832625000.0,,,0.689,14.08,-455500000.0,2258200000,2258200000,15737300000.0,1446800000.0,,3.909,18622600000,,,18622600000,0,636500000.0,0,0.017,0.605,2922900000.0,3559400000.0,0.162,3559400000.0,2922900000.0,2161900000.0,2.975,2.935,2.975,6851500000,6756575000.0,6851500000,32901680335,11.0,9.244,761100000.0,1.564,1.0,6193200000.0,0.282,1106800000,761000000.0,48894400000,45232100000.0,2134900000,4014300000,,,26785300000,,,16537280335,-922900000.0,-119700000.0,-765300000.0,4110000000.0,-289700000.0,3053100000.0,-5173200000.0,-4568400000.0,1216600000.0,-19400000.0,1446800000.0,1446800000.0,1446800000.0,0.0,0.0,0.066,3276400000.0,2916800000.0,4525000000,0.203,2.414,11.43,11.76,3700400000,0.0,34.985,0.754,0.776,16566700000,6556100000,21930500000.0,21930500000.0,677300000.0,0.045,0.214,0.065,0.133,0.0,2218600000.0,1.0,472696308,486600000,492800000.0,45.069,32530000000,628100000,715100000.0,277000000,66.852,
17,DE,ARY,2004-12-31,2004-12-21,2004-10-31,2021-08-26,-42700000,28754000000,26884650000.0,,,0.743,12.896,-490500000.0,3181100000,3181100000,14217800000.0,1406100000.0,,3.498,14547900000,,,14547900000,0,621000000.0,0,0.014,0.53,2706700000.0,3327700000.0,0.167,3327700000.0,2706700000.0,2114600000.0,2.845,2.78,2.845,6392800000,5108675000.0,6392800000,29633516574,11.0,8.905,672000000.0,1.356,1.0,5768300000.0,0.289,995300000,592100000.0,39125500000,36582400000.0,1999100000,353600000,,,22361200000,,,18266716574,-1203400000.0,-102300000.0,57700000.0,-479200000.0,-246600000.0,-668500000.0,-1735500000.0,-1073900000.0,1162500000.0,38100000.0,1406100000.0,1406100000.0,1406100000.0,0.0,0.0,0.07,3062500000.0,2705800000.0,4115900000,0.186,2.857,12.991,12.953,3458500000,0.0,36.85,0.914,0.914,15120100000,5445100000,19986100000.0,19986100000.0,611600000.0,0.052,0.275,0.074,0.135,0.0,2117400000.0,1.0,495704656,495704656,,40.319,27758700000,528100000,708500000.0,241800000,55.998,
18,DE,ARY,2003-12-31,2003-12-22,2003-10-31,2021-08-26,-1168000000,26258000000,25848475000.0,,,0.601,8.191,-268800000.0,4384500000,4384500000,11288800000.0,643100000.0,,5.561,14751400000,,,14751400000,0,631400000.0,0,0.013,0.44,1608500000.0,2239900000.0,0.144,2239900000.0,1608500000.0,980000000.0,1.34,1.32,1.34,4002100000,3645250000.0,4002100000,26735877901,17.0,11.936,1266900000.0,2.593,1.0,4245800000.0,0.273,1125000000,628500000.0,35499900000,36062525000.0,1366100000,427300000,,,22255900000,,,16368977901,1569600000.0,11900000.0,174100000.0,897100000.0,-210500000.0,858900000.0,-896100000.0,-600000000.0,1535700000.0,71100000.0,643100000.0,643100000.0,643100000.0,0.0,0.0,0.041,2646000000.0,1599800000.0,3193300000,0.328,4.09,25.453,25.0,3457500000,0.0,33.5,1.054,1.054,13325000000,4329500000,15534600000.0,15534600000.0,577300000.0,0.025,0.176,0.045,0.104,0.0,1744200000.0,1.0,488626206,488626206,,31.792,25133000000,1476100000,336900000.0,257200000,51.436,
19,DE,ARY,2002-12-31,2002-12-20,2002-10-31,2021-08-26,-1366400000,23768000000,23275100000.0,,,0.599,6.61,-351400000.0,2814900000,2814900000,10111800000.0,319200000.0,,6.514,13387700000,,,13387700000,0,725300000.0,0,0.018,0.44,1214600000.0,1939900000.0,0.139,1939900000.0,1214600000.0,577500000.0,0.67,0.665,0.67,3163200000,3844900000.0,3163200000,21954374938,18.0,11.317,1526900000.0,3.191,1.0,3835200000.0,0.275,894900000,637100000.0,33445900000,33120450000.0,1371800000,369800000,,,20604800000,,,11381574938,1784900000.0,34500000.0,46800000.0,389500000.0,-208900000.0,225900000.0,-314000000.0,-12900000.0,1878300000.0,-5300000.0,319200000.0,319200000.0,319200000.0,0.0,0.0,0.023,2595400000.0,1239800000.0,3206200000,0.657,3.598,35.657,35.5,3607500000,0.0,23.785,0.816,0.816,12493300000,3912600000,13947000000.0,13947000000.0,527800000.0,0.014,0.083,0.037,0.087,0.0,1657300000.0,1.0,478519022,478519022,,29.146,22873100000,1490100000,258300000.0,111900000,47.8,
20,DE,ARY,2001-12-31,2001-12-21,2001-10-31,2021-08-26,-368900000,22663100000,21887525000.0,,,0.607,8.409,-874500000.0,1030000000,1030000000,9852400000.0,-64000000.0,,4.677,12759200000,,,12759200000,0,718300000.0,0,0.021,0.33,719400000.0,1437700000.0,0.108,1437700000.0,719400000.0,-46300000.0,-0.135,-0.135,-0.135,3992200000,4246350000.0,3992200000,21817906950,30.0,15.176,238900000.0,0.503,1.0,3440500000.0,0.259,874000000,765700000.0,33518300000,32580125000.0,1505700000,374600000,,,18670900000,,,10088706950,738300000.0,-315200000.0,16500000.0,2193200000.0,-206500000.0,2000400000.0,-2364900000.0,-1144700000.0,1113400000.0,-10600000.0,-64000000.0,-64000000.0,-64000000.0,0.0,0.0,-0.005,2699600000.0,740900000.0,3113700000,-3.259,2.527,-157.636,-157.407,3991600000,0.0,21.25,0.759,0.759,12826900000,3834800000,13292900000.0,13292900000.0,590100000.0,-0.003,-0.015,0.022,0.054,0.0,1716800000.0,1.0,474762680,474762680,,27.999,21789100000,883100000,17700000.0,57000000,45.895,
21,DE,ARY,2000-12-31,2001-01-16,2000-10-31,2021-08-26,-229800000,20469400000,19730400000.0,,,0.666,9.166,-1032000000.0,291700000,291700000,9316600000.0,485500000.0,,3.758,10522800000,,,10522800000,0,647900000.0,0,0.026,0.545,1455800000.0,2103700000.0,0.16,2103700000.0,1455800000.0,779300000.0,1.035,1.03,1.035,4301900000,4241175000.0,4301900000,20086662920,14.0,9.548,48000000.0,0.102,1.0,3820200000.0,0.291,652200000,676500000.0,30048300000,28872575000.0,1552900000,318100000,,,16167500000,,,9855562920,-3800000.0,-643300000.0,15300000.0,2222400000.0,-206000000.0,2030400000.0,-3110300000.0,-1307200000.0,1080000000.0,-3900000.0,485500000.0,485500000.0,485500000.0,0.0,0.0,0.037,2366200000.0,1454000000.0,3009100000,0.527,2.291,20.3,20.29,3866800000,0.0,21.0,0.75,0.75,12071100000,4117200000,13136800000.0,13136800000.0,542100000.0,0.025,0.114,0.05,0.111,0.0,1504900000.0,1.0,469312520,469312520,,27.992,19817200000,740400000,293800000.0,132100000,42.226,
22,DE,ARY,1999-12-31,2000-01-26,1999-10-31,2021-08-26,-120700000,17578200000,18667825000.0,,,0.629,8.751,-957700000.0,295500000,295500000,8772400000.0,239200000.0,,3.293,8294400000,,,8294400000,0,513300000.0,0,0.019,0.44,930500000.0,1443800000.0,0.123,1443800000.0,930500000.0,373900000.0,0.515,0.51,0.515,4094300000,4120475000.0,4094300000,18673425324,20.0,12.934,476800000.0,1.019,1.0,2978500000.0,0.253,295100000,556600000.0,25282000000,27220725000.0,1294300000,467000000,,,13483900000,,,10674525324,-14200000.0,-36700000.0,-44800000.0,-544800000.0,-205400000.0,-795100000.0,-651800000.0,335000000.0,1434500000.0,-1800000.0,239200000.0,239200000.0,239200000.0,0.0,0.0,0.02,2056800000.0,921700000.0,2448300000,0.854,2.607,44.626,44.301,3437000000,0.0,22.815,0.908,0.908,10297800000,3855300000,11750900000.0,11750900000.0,458400000.0,0.013,0.058,0.034,0.079,0.0,1362100000.0,1.0,467873124,467873124,,25.116,17283100000,598100000,134700000.0,207800000,36.94,
23,DE,ARY,1999-12-31,2000-01-25,1999-10-31,2021-08-26,-120700000,17578200000,18667825000.0,,,0.629,8.751,-957700000.0,295500000,295500000,8772400000.0,239200000.0,,3.293,8294400000,,,8294400000,0,513300000.0,0,0.02,0.44,930500000.0,1443800000.0,0.123,1443800000.0,930500000.0,373900000.0,0.515,0.51,0.515,4094300000,4120475000.0,4094300000,18409077009,20.0,12.75,476800000.0,1.019,1.0,2978500000.0,0.253,295100000,556600000.0,25282000000,27220725000.0,1294300000,467000000,,,13483900000,,,10410177009,-14200000.0,-36700000.0,-44800000.0,-544800000.0,-205400000.0,-795100000.0,-651800000.0,335000000.0,1434500000.0,-1800000.0,239200000.0,239200000.0,239200000.0,0.0,0.0,0.02,2056800000.0,921700000.0,2448300000,0.854,2.543,43.521,43.204,3437000000,0.0,22.25,0.886,0.886,10297800000,3855300000,11750900000.0,11750900000.0,458400000.0,0.013,0.058,0.034,0.079,0.0,1362100000.0,1.0,467873124,467873124,,25.116,17283100000,598100000,134700000.0,207800000,36.94,
24,DE,ARY,1998-12-31,1999-01-26,1998-10-31,2021-08-26,-74700000,18001500000,18091975000.0,,,0.764,8.804,-1032600000.0,309700000,309700000,9812700000.0,1021400000.0,,3.412,8113800000,,,8113800000,0,700600000.0,0,0.027,0.44,2094700000.0,2795300000.0,0.202,2795300000.0,2094700000.0,1575300000.0,2.1,2.08,2.1,4079800000,4163650000.0,4079800000,15494659714,7.0,5.543,-615700000.0,-1.329,1.0,4008800000.0,0.29,217600000,519400000.0,25588000000,25837800000.0,1286700000,1039300000,,,13921700000,,,7690559714,-20300000.0,-103000000.0,-863200000.0,1763500000.0,-212400000.0,686700000.0,-1121900000.0,-13900000.0,416900000.0,-2000000.0,1021400000.0,1021400000.0,1021400000.0,0.0,0.0,0.074,1929400000.0,2079400000.0,2884300000,0.21,1.885,7.529,7.902,2909500000,0.0,16.595,0.556,0.556,10964900000,3839500000,13821500000.0,13821500000.0,444400000.0,0.056,0.245,0.081,0.152,0.0,1309400000.0,1.0,463426316,463426316,,29.825,17783900000,396300000,553900000.0,164600000,38.375,
25,DE,ARY,1997-12-31,1998-01-23,1997-10-31,2021-08-26,-49200000,16319800000,,,,,8.305,-923800000.0,330000000,330000000,8499300000.0,960100000.0,,2.935,6397400000,,,6397400000,0,365600000.0,0,0.016,0.41,1516100000.0,1881700000.0,0.167,1881700000.0,1516100000.0,1435300000.0,9.5,,9.5,4147200000,,4147200000,18910322537,12.0,10.05,232900000.0,0.466,1.0,2744800000.0,0.244,157800000,80800000.0,22229400000,,1072700000,969500000,,,12172600000,,,12842922537,38500000.0,-45700000.0,-384300000.0,857700000.0,-204300000.0,268900000.0,-1384100000.0,-453600000.0,1156700000.0,-3000000.0,960100000.0,960100000.0,960100000.0,0.0,0.0,0.085,1372100000.0,1372700000.0,2888400000,0.043,3.097,13.377,2.707,2298700000,0.0,25.72,1.142,1.142,10165800000,3048400000,11244100000.0,11244100000.0,412300000.0,,,,0.135,0.0,940300000.0,1.0,499336024,499336024,,22.518,16162000000,543600000,475200000.0,138900000,32.367,
0,DE,ARQ,2021-06-30,2021-08-26,2021-08-01,2021-08-26,-5011000000,80688000000,,,,,50.582,-119000000.0,7519000000,7519000000,7574000000.0,1667000000.0,,4.129,47961000000,,,47961000000,0,515000000.0,0,0.009,0.9,2402000000.0,2917000000.0,0.253,2917000000.0,2402000000.0,2158000000.0,5.36,5.32,5.36,15731000000,,15731000000,157139838475,19.0,15.358,2409000000.0,7.746,1.0,3953000000.0,0.343,4415000000,244000000.0,116715000000,,6410000000,6277000000,,,64955000000,,,116697838475,358000000.0,0.0,-716000000.0,612000000.0,-281000000.0,-410000000.0,-1715000000.0,-1695000000.0,2528000000.0,-45000000.0,1667000000.0,1667000000.0,1667000000.0,0.0,0.0,0.145,1559000000.0,2394000000.0,11207000000,0.168,7.418,21.46,21.655,12631000000,0.0,376.37,2.75,2.759,38419000000,35491000000,11527000000.0,11527000000.0,394000000.0,,,,,19000000.0,841000000.0,1.0,310061478,311000000,313400000.0,37.064,76273000000,1767000000,491000000.0,515000000,245.251,
1,DE,ARQ,2021-03-31,2021-05-27,2021-05-02,2021-08-26,-4960000000,78979000000,,,,,48.248,-85000000.0,7182000000,7182000000,7928000000.0,1790000000.0,,4.233,47363000000,,,47363000000,0,516000000.0,0,0.009,0.9,2588000000.0,3104000000.0,0.257,3104000000.0,2588000000.0,2320000000.0,5.72,5.68,5.72,15092000000,,15092000000,153169545143,21.0,16.26,1558000000.0,4.981,1.0,4130000000.0,0.343,4500000000,268000000.0,114660000000,,6042000000,4957000000,,,63883000000,,,112988545143,217000000.0,0.0,-647000000.0,1401000000.0,-238000000.0,492000000.0,-1966000000.0,-1699000000.0,1643000000.0,48000000.0,1790000000.0,1790000000.0,1790000000.0,0.0,0.0,0.148,1550000000.0,2580000000.0,10682000000,0.157,7.487,24.659,24.792,12812000000,0.0,362.21,2.837,2.845,38656000000,34105000000,12058000000.0,12058000000.0,377000000.0,,,,,30000000.0,838000000.0,1.0,311942092,312800000,315200000.0,38.549,74479000000,1724000000,530000000.0,533000000,238.104,
2,DE,ARQ,2020-12-31,2021-02-25,2021-01-31,2021-08-26,-5078000000,75480000000,,,,,44.922,12000000.0,6962000000,6962000000,5805000000.0,1224000000.0,,4.359,45965000000,,,45965000000,0,538000000.0,0,0.009,0.76,1803000000.0,2341000000.0,0.257,2341000000.0,1803000000.0,1532000000.0,3.9,3.87,3.9,14083000000,,14083000000,148089148372,25.0,18.287,155000000.0,0.494,1.0,3307000000.0,0.363,4536000000,271000000.0,109947000000,,5956000000,4776000000,,,61394000000,,,109086148372,-108000000.0,-19000000.0,-281000000.0,-379000000.0,-242000000.0,-933000000.0,579000000.0,680000000.0,143000000.0,103000000.0,1224000000.0,1224000000.0,1224000000.0,0.0,0.0,0.134,1508000000.0,1799000000.0,9523000000,0.195,7.746,31.546,31.582,12771000000,0.0,348.03,2.947,2.947,35644000000,32596000000,9112000000.0,9112000000.0,366000000.0,,,,,15000000.0,769000000.0,1.0,313438923,313500000,316100000.0,29.065,70944000000,1556000000,308000000.0,532000000,226.297,
3,DE,ARQ,2020-09-30,2020-12-17,2020-11-01,2021-08-26,-5539000000,75091000000,,,,,41.266,-277000000.0,7066000000,7066000000,6471000000.0,758000000.0,,4.804,45998000000,,,45998000000,0,504000000.0,0,0.011,0.76,1366000000.0,1870000000.0,0.192,1870000000.0,1366000000.0,1087000000.0,2.4,2.38,2.4,12937000000,,12937000000,121825465218,24.0,16.925,3149000000.0,10.045,1.0,3260000000.0,0.335,4408000000,279000000.0,109615000000,,4999000000,5537000000,,,62147000000,,,82893465218,-1128000000.0,-66000000.0,-267000000.0,-2176000000.0,-238000000.0,-2704000000.0,-1802000000.0,-1388000000.0,3426000000.0,-48000000.0,757000000.0,757000000.0,757000000.0,0.0,1000000.0,0.078,1865000000.0,1395000000.0,10217000000,0.317,6.407,30.132,30.163,13115000000,0.0,264.53,2.332,2.333,35172000000,31646000000,9731000000.0,9731000000.0,443000000.0,,,,,18000000.0,1010000000.0,1.0,313361302,313500000,316600000.0,31.04,70683000000,1499000000,330000000.0,519000000,225.464,
4,DE,ARQ,2020-06-30,2020-08-27,2020-08-02,2021-08-26,-5319000000,77264000000,,,,,41.176,-93000000.0,8190000000,8190000000,5835000000.0,811000000.0,,4.995,48473000000,,,48473000000,0,547000000.0,0,0.014,0.76,1558000000.0,2105000000.0,0.236,2105000000.0,1558000000.0,1268000000.0,2.59,2.57,2.59,12888000000,,12888000000,106038427360,22.0,15.068,3188000000.0,10.185,1.0,3090000000.0,0.346,4285000000,290000000.0,113262000000,,5650000000,6308000000,,,64373000000,,,65755427360,-703000000.0,0.0,41000000.0,-2394000000.0,-237000000.0,-2619000000.0,-1547000000.0,-1458000000.0,3281000000.0,182000000.0,811000000.0,811000000.0,811000000.0,0.0,0.0,0.091,1530000000.0,1560000000.0,9645000000,0.293,5.102,24.223,24.174,12912000000,0.0,209.83,1.842,1.839,34530000000,31128000000,8925000000.0,8925000000.0,370000000.0,,,,,15000000.0,752000000.0,1.0,313374767,313000000,315800000.0,28.514,72979000000,1534000000,457000000.0,479000000,233.16,
5,DE,ARQ,2020-03-31,2020-05-28,2020-05-03,2021-08-26,-5715000000,77326000000,,,,,37.88,-141000000.0,8900000000,8900000000,6294000000.0,666000000.0,,5.518,50143000000,,,50143000000,0,529000000.0,0,0.02,0.76,1253000000.0,1782000000.0,0.193,1782000000.0,1253000000.0,911000000.0,2.13,2.11,2.13,11864000000,,11864000000,89160427924,18.0,12.863,1143000000.0,3.649,1.0,2959000000.0,0.32,4228000000,342000000.0,114341000000,,6171000000,5503000000,,,65461000000,,,47917427924,5293000000.0,0.0,-132000000.0,5520000000.0,-239000000.0,5106000000.0,-996000000.0,-1120000000.0,1284000000.0,-101000000.0,666000000.0,666000000.0,666000000.0,0.0,0.0,0.072,1689000000.0,1270000000.0,9163000000,0.357,4.039,17.097,17.151,12930000000,0.0,153.16,1.302,1.303,34486000000,30556000000,9253000000.0,9253000000.0,406000000.0,,,,,29000000.0,906000000.0,1.0,312858631,313200000,316200000.0,29.543,73098000000,1435000000,245000000.0,475000000,233.391,
6,DE,ARQ,2019-12-31,2020-02-27,2020-02-02,2021-08-26,-5329000000,71821000000,,,,,38.041,-362000000.0,3602000000,3602000000,5077000000.0,518000000.0,,5.021,44899000000,,,44899000000,0,538000000.0,0,0.019,0.76,903000000.0,1441000000.0,0.189,1441000000.0,903000000.0,567000000.0,1.65,1.63,1.65,11926000000,,11926000000,91473063640,17.0,12.209,-870000000.0,-2.775,1.0,2554000000.0,0.335,4294000000,336000000.0,108824000000,,6482000000,5304000000,,,59877000000,,,50176063640,-246000000.0,0.0,-61000000.0,-422000000.0,-242000000.0,-763000000.0,1026000000.0,1345000000.0,-508000000.0,-1000000.0,517000000.0,517000000.0,517000000.0,0.0,1000000.0,0.068,1649000000.0,905000000.0,8777000000,0.461,4.207,15.337,15.428,13404000000,0.0,159.99,1.29,1.289,34059000000,30129000000,7631000000.0,7631000000.0,425000000.0,,,,,19000000.0,809000000.0,1.0,313619999,313500000,317200000.0,24.341,67527000000,1414000000,50000000.0,491000000,215.397,
7,DE,ARQ,2019-09-30,2019-12-19,2019-11-03,2021-08-26,-5607000000,73011000000,,,,,36.06,-754000000.0,3857000000,3857000000,6735700000.0,722100000.0,,5.396,45334000000,,,45334000000,0,497000000.0,0,0.018,0.76,1212200000.0,1709200000.0,0.173,1709200000.0,1212200000.0,824000000.0,2.31,2.28,2.31,11413000000,,11413000000,95598519434,17.0,12.595,2254000000.0,7.122,1.0,3160300000.0,0.319,4297000000,388200000.0,110191000000,,5975000000,5179000000,,,61580000000,,,54121519434,474000000.0,93000000.0,-328000000.0,-105000000.0,-240000000.0,-707000000.0,-1795000000.0,-1203000000.0,3008000000.0,-32000000.0,720600000.0,720600000.0,720600000.0,0.0,1500000.0,0.073,1947700000.0,1212600000.0,9798000000,0.329,4.742,16.637,16.805,13540000000,0.0,172.76,1.379,1.393,35958000000,29852000000,9896000000.0,9896000000.0,488100000.0,,,,,19000000.0,944400000.0,1.0,313275755,316500000,320600000.0,31.267,68714000000,1466000000,103400000.0,495000000,217.106,
8,DE,ARQ,2019-06-30,2019-08-29,2019-07-28,2021-08-26,-4581000000,73530000000,,,,,38.829,-455400000.0,3383000000,3383000000,6870000000.0,899000000.0,,4.993,45432000000,,,45432000000,0,505500000.0,0,0.019,0.76,1494000000.0,1999500000.0,0.199,1999500000.0,1494000000.0,1120000000.0,2.84,2.81,2.84,12266000000,,12266000000,91320301064,16.0,11.9,1443400000.0,4.569,1.0,3166000000.0,0.315,4457000000,374000000.0,111122000000,,6747000000,5984000000,,,61246000000,,,49271301064,-103400000.0,0.0,-361300000.0,372200000.0,-240700000.0,-256200000.0,-1756800000.0,-1274300000.0,1898800000.0,10800000.0,899000000.0,899000000.0,899000000.0,0.0,0.0,0.09,1679000000.0,1487000000.0,9526000000,0.268,4.017,14.853,15.003,13067000000,0.0,156.48,1.271,1.275,35396000000,29369000000,10036000000.0,10036000000.0,431000000.0,,,,,18600000.0,896000000.0,1.0,314872834,315900000,319800000.0,31.77,69073000000,1088000000,221000000.0,507000000,218.655,
9,DE,ARQ,2019-03-31,2019-05-30,2019-04-28,2021-08-26,-4609900000,72729600000,,,,,37.494,-303600000.0,3483700000,3483700000,7754700000.0,1136300000.0,,5.1,44719400000,,,44719400000,0,513200000.0,0,0.02,0.76,1829200000.0,2342400000.0,0.207,2342400000.0,1829200000.0,1478400000.0,3.57,3.52,3.57,11919500000,,11919500000,86147627540,15.0,11.248,-147700000.0,-0.465,1.0,3587700000.0,0.316,4500800000,350800000.0,109464500000,,7160900000,5593500000,,,60791300000,,,44911927540,-137400000.0,0.0,-292900000.0,1629700000.0,-242000000.0,1069400000.0,-1340800000.0,-1000700000.0,155900000.0,-21900000.0,1134900000.0,1134900000.0,1134900000.0,0.0,1400000.0,0.1,1763500000.0,1824200000.0,9825300000,0.213,3.768,13.493,13.623,12797000000,0.0,141.68,1.15,1.153,34901400000,28708800000,11342400000.0,11342400000.0,457100000.0,,,,,24100000.0,946900000.0,1.0,316995536,317900000,322200000.0,35.679,68228800000,1038900000,343500000.0,513500000,214.623,
10,DE,ARQ,2018-12-31,2019-02-28,2019-01-27,2021-08-26,-4577900000,69918200000,,,,,35.566,-288000000.0,3625700000,3625700000,5431600000.0,499600000.0,,5.171,43056700000,,,43056700000,0,503300000.0,0,0.017,0.76,1035600000.0,1538900000.0,0.193,1538900000.0,1035600000.0,682600000.0,1.56,1.54,1.56,11327800000,,11327800000,91676669967,17.0,12.235,-1938700000.0,-6.087,1.0,2552000000.0,0.32,4555100000,353000000.0,104794100000,,7401900000,5298600000,,,58571500000,,,52245669967,-292200000.0,0.0,-92800000.0,746100000.0,-220300000.0,402800000.0,968600000.0,1260000000.0,-1650700000.0,-12900000.0,498500000.0,498500000.0,498500000.0,0.0,1100000.0,0.062,1521800000.0,1030200000.0,9230500000,0.487,4.612,15.357,15.534,12688800000,0.0,164.04,1.36,1.36,32333600000,27816300000,7983600000.0,7983600000.0,406800000.0,,,,,20300000.0,763700000.0,1.0,318493477,318500000,322700000.0,25.066,65363100000,834100000,184100000.0,525400000,205.222,
11,DE,ARQ,2018-09-30,2018-12-17,2018-10-28,2021-08-26,-4427600000,70108000000,,,,,34.99,-584700000.0,3904000000,3904000000,6380700000.0,784300000.0,,5.209,42256100000,,,42256100000,0,482300000.0,0,0.018,0.69,1311000000.0,1793300000.0,0.19,1793300000.0,1311000000.0,988500000.0,2.46,2.45,2.46,11287800000,,11287800000,84888920711,16.0,11.748,1910300000.0,5.922,1.0,3035200000.0,0.322,4663100000,322500000.0,103797000000,,6148900000,4718800000,,,58802800000,,,46536820711,-19300000.0,-51500000.0,-495700000.0,-35000000.0,-223200000.0,-779600000.0,-1689400000.0,-1010900000.0,2495000000.0,-45300000.0,784900000.0,784900000.0,784900000.0,0.0,-600000.0,0.083,1733700000.0,1301500000.0,10239900000,0.28,4.123,19.649,19.902,13032900000,0.0,146.08,1.246,1.261,33815600000,27553000000,9415900000.0,9415900000.0,469900000.0,,,,,21000000.0,898600000.0,1.0,318570788,322600000,327300000.0,29.188,65444900000,808000000,203600000.0,555800000,202.867,
12,DE,ARQ,2018-06-30,2018-08-30,2018-07-29,2021-08-26,-4553300000,69390100000,,,,,32.013,-352600000.0,3923300000,3923300000,7152700000.0,911300000.0,,5.698,42370200000,,,42370200000,0,494000000.0,0,0.017,0.69,1490100000.0,1984100000.0,0.192,1984100000.0,1490100000.0,1199000000.0,2.81,2.78,2.81,10356300000,,10356300000,84549149316,17.0,12.343,194400000.0,0.601,1.0,3155600000.0,0.306,4627300000,291100000.0,103209700000,,6239300000,5348600000,,,59010200000,,,46102249316,-278100000.0,78200000.0,-383300000.0,1162600000.0,-195700000.0,560700000.0,-1312000000.0,-1030000000.0,547000000.0,-73800000.0,910300000.0,910300000.0,910300000.0,0.0,1000000.0,0.088,1674400000.0,1481200000.0,9593500000,0.246,4.452,21.905,21.982,12443400000,0.0,143.32,1.282,1.289,32748800000,26272300000,10308300000.0,10308300000.0,415700000.0,,,,,23000000.0,912700000.0,1.0,321673523,323500000,328000000.0,31.865,64762800000,1645000000,288700000.0,524600000,200.194,
13,DE,ARQ,2018-03-31,2018-05-31,2018-04-29,2021-08-26,-4173200000,69873000000,,,,,32.111,-327700000.0,4201400000,4201400000,7333300000.0,1209700000.0,,5.71,41574300000,,,41574300000,0,487600000.0,0,0.016,0.6,1689100000.0,2176700000.0,0.203,2176700000.0,1689100000.0,1385400000.0,3.73,3.67,3.73,10410300000,,10410300000,85856683669,19.0,13.387,-252600000.0,-0.779,1.0,3386700000.0,0.316,4880900000,303700000.0,102365000000,,6888900000,5117700000,,,59438400000,,,48483783669,286300000.0,-36100000.0,4700000.0,1532700000.0,-193900000.0,1326300000.0,-1062700000.0,-647600000.0,75100000.0,-52400000.0,1208300000.0,1208300000.0,1208300000.0,0.0,1400000.0,0.113,1699300000.0,1687400000.0,9935300000,0.161,4.657,26.406,26.184,12466000000,0.0,149.51,1.449,1.449,32219100000,25586000000,10720000000.0,10720000000.0,415200000.0,,,,,23100000.0,939200000.0,1.0,324284554,324200000,329200000.0,33.066,64992100000,1718500000,177100000.0,562700000,200.469,
14,DE,ARQ,2017-12-31,2018-03-01,2018-01-28,2021-08-26,-4289000000,66577500000,,,,,28.664,-202400000.0,3915100000,3915100000,4704500000.0,-534700000.0,,6.193,40593600000,,,40593600000,0,463200000.0,0,0.015,0.6,808700000.0,1271900000.0,0.184,1271900000.0,808700000.0,522400000.0,-1.66,-1.66,-1.66,9252600000,,9252600000,87451673072,20.0,14.419,-1499200000.0,-4.644,1.0,2209000000.0,0.32,4771300000,286300000.0,98484700000,,6614200000,5130300000,,,57298600000,,,50773173072,-5419800000.0,-5080000000.0,133300000.0,-144600000.0,-193000000.0,-231000000.0,-4090300000.0,1208300000.0,-1296800000.0,198300000.0,-535100000.0,-535100000.0,-535100000.0,0.0,400000.0,-0.077,1404800000.0,804200000.0,8607700000,-0.361,5.487,35.501,34.924,12401000000,0.0,156.81,1.636,1.631,29609500000,24571900000,6913500000.0,6913500000.0,356800000.0,,,,,16700000.0,705000000.0,1.0,323787852,322800000,322800000.0,21.417,61806200000,1876200000,1057500000.0,590200000,191.469,
15,DE,ARQ,2017-09-30,2017-12-18,2017-10-29,2021-08-26,-4563700000,65786300000,,,,,29.913,-469100000.0,9334900000,9334900000,5426900000.0,521500000.0,,5.882,40045300000,,,40045300000,0,436500000.0,0,0.016,0.6,980900000.0,1417400000.0,0.177,1417400000.0,980900000.0,732700000.0,1.64,1.61,1.64,9557300000,,9557300000,80402935340,20.0,13.995,1001400000.0,3.134,1.0,2590800000.0,0.323,1251300000,248200000.0,95245400000,,3904100000,4792900000,,,56211800000,,,49692535340,2797500000.0,-284200000.0,40100000.0,2808000000.0,-192700000.0,2630500000.0,-1343100000.0,-585100000.0,1470500000.0,39600000.0,521100000.0,521100000.0,521100000.0,0.0,400000.0,0.065,1576000000.0,1014800000.0,8538900000,0.366,5.199,23.015,22.787,11661400000,0.0,154.04,1.671,1.655,30264900000,25301300000,8017700000.0,8017700000.0,397000000.0,,,,,17400000.0,840700000.0,1.0,322595010,319500000,323300000.0,25.095,64535000000,2415000000,211600000.0,209700000,201.987,
16,DE,ARQ,2017-06-30,2017-08-31,2017-07-30,2021-08-26,-5179800000,62349900000,,,,,26.721,-290700000.0,6537400000,6537400000,5265100000.0,642300000.0,,6.272,37474600000,,,37474600000,0,435900000.0,0,0.021,0.6,1111300000.0,1547200000.0,0.198,1547200000.0,1111300000.0,895000000.0,2.0,1.97,2.0,8572200000,,8572200000,68185144052,19.0,12.736,613600000.0,1.913,1.0,2542700000.0,0.326,937800000,216300000.0,92349300000,,4252900000,5570000000,,,53761000000,,,37247944052,2011600000.0,0.0,105000000.0,1705300000.0,-191800000.0,1584000000.0,-601700000.0,-276400000.0,904300000.0,125000000.0,641800000.0,641800000.0,641800000.0,0.0,500000.0,0.082,1436500000.0,1106200000.0,7676800000,0.3,4.345,19.367,19.226,11204100000,0.0,115.93,1.319,1.317,28969600000,24984200000,7807800000.0,7807800000.0,335400000.0,,,,,18400000.0,791200000.0,1.0,321296852,320800000,325100000.0,24.339,61412100000,3067700000,253200000.0,190000000,191.434,
17,DE,ARQ,2017-03-31,2017-06-02,2017-04-30,2021-08-26,-5495500000,58968800000,,,,,24.075,-222100000.0,4525800000,4525800000,5444700000.0,802200000.0,,6.671,35441300000,,,35441300000,0,427400000.0,0,0.019,0.6,1401200000.0,1828600000.0,0.221,1828600000.0,1401200000.0,1174300000.0,2.51,2.49,2.51,7684700000,,7684700000,70869474786,20.0,13.844,345300000.0,1.082,1.0,2842300000.0,0.343,897000000,226900000.0,88987300000,,4114800000,5043800000,,,51261000000,,,39953974786,635800000.0,0.0,120300000.0,920500000.0,-190600000.0,840500000.0,-803900000.0,-575200000.0,567400000.0,31800000.0,802400000.0,802400000.0,802400000.0,0.0,-200000.0,0.097,1446100000.0,1396200000.0,7317500000,0.239,5.199,22.569,22.385,10883800000,0.0,124.91,1.471,1.468,28749600000,24524400000,8287000000.0,8287000000.0,324400000.0,,,,,14100000.0,775300000.0,1.0,319862099,319200000,322500000.0,25.962,58071800000,3041900000,371900000.0,169000000,181.929,
18,DE,ARQ,2016-12-31,2017-02-24,2017-01-29,2021-08-26,-5604500000,56296600000,,,,,21.552,-169600000.0,3890000000,3890000000,3796800000.0,193200000.0,,7.244,34578400000,,,34578400000,0,415700000.0,0,0.022,0.6,536300000.0,952000000.0,0.169,952000000.0,536300000.0,328200000.0,0.61,0.61,0.61,6825500000,,6825500000,65260316187,22.0,14.18,-912000000.0,-2.88,1.0,1828400000.0,0.325,904700000,208100000.0,86080300000,,3959600000,4916800000,,,49446900000,,,34571916187,-445800000.0,113900000.0,257100000.0,-818000000.0,-188900000.0,-768500000.0,1104400000.0,1172200000.0,-742400000.0,-39300000.0,193800000.0,193800000.0,193800000.0,0.0,-600000.0,0.034,1292300000.0,536100000.0,6429200000,0.984,5.065,23.626,23.409,10855700000,0.0,108.62,1.293,1.286,27172900000,23914300000,5625200000.0,5625200000.0,310900000.0,,,,,18200000.0,659400000.0,1.0,318283154,316700000,319800000.0,17.762,55391900000,2963400000,134400000.0,168900000,174.903,
19,DE,ARQ,2016-09-30,2016-12-19,2016-10-31,2021-08-26,-5626000000,57981400000,,,,,20.685,-497900000.0,4335800000,4335800000,4383600000.0,284400000.0,,7.889,35674400000,,,35674400000,0,401400000.0,0,0.023,0.6,624400000.0,1025800000.0,0.157,1025800000.0,624400000.0,425600000.0,0.91,0.9,0.91,6520000000,,6520000000,63738826622,21.0,14.016,1946500000.0,6.175,1.0,2136100000.0,0.328,919800000,198800000.0,88400200000,,3340500000,5812600000,,,51436600000,,,32400226622,14800000.0,400000.0,18500000.0,-1414700000.0,-188700000.0,-1594400000.0,-814800000.0,-223500000.0,2444400000.0,-20400000.0,285300000.0,285300000.0,285300000.0,0.0,-900000.0,0.044,1502900000.0,633200000.0,7321700000,0.659,4.969,21.261,21.17,11072100000,0.0,102.25,1.216,1.21,27748600000,23911300000,6519700000.0,6519700000.0,386000000.0,,,,,18800000.0,747000000.0,1.0,316872632,315200000,316600000.0,20.684,57061600000,2964400000,140300000.0,166000000,181.033,
20,DE,ARQ,2016-06-30,2016-09-01,2016-07-31,2021-08-26,-4582200000,58606400000,,,,,23.635,-394400000.0,4321000000,4321000000,4494200000.0,488600000.0,,6.886,37219400000,,,37219400000,0,396600000.0,0,0.029,0.6,916000000.0,1312600000.0,0.195,1312600000.0,916000000.0,715300000.0,1.55,1.55,1.55,7428400000,,7428400000,59168434882,20.0,13.168,1237900000.0,3.939,1.0,2230200000.0,0.332,933100000,200700000.0,90571700000,,3851300000,6662500000,,,51152300000,,,26270034882,187800000.0,81100000.0,6400000.0,-624100000.0,-189400000.0,-827000000.0,-572400000.0,-328300000.0,1632300000.0,-45100000.0,488800000.0,488800000.0,488800000.0,0.0,-200000.0,0.073,1324400000.0,905800000.0,6873700000,0.387,3.536,16.525,16.677,10650000000,0.0,83.55,0.979,0.978,27350000000,23815000000,6724400000.0,6724400000.0,338800000.0,,,,,19800000.0,709000000.0,1.0,314422919,314300000,315700000.0,21.395,57673300000,2612600000,226500000.0,172300000,183.498,
21,DE,ARQ,2016-03-31,2016-05-26,2016-04-30,2021-08-26,-4518800000,59183300000,,,,,22.737,-387000000.0,4133200000,4133200000,5531000000.0,494700000.0,,7.257,37865800000,,,37865800000,0,387600000.0,0,0.03,0.6,924200000.0,1311800000.0,0.167,1311800000.0,924200000.0,733200000.0,1.57,1.56,1.57,7164300000,,7164300000,58958160779,20.0,13.245,78200000.0,0.248,1.0,2344400000.0,0.298,955500000,191000000.0,91960400000,,4061000000,5446900000,,,51992600000,,,25225560779,673300000.0,-198900000.0,-89200000.0,1052500000.0,-190100000.0,763800000.0,-641600000.0,-56900000.0,465200000.0,85900000.0,495400000.0,495400000.0,495400000.0,0.0,-700000.0,0.063,1420100000.0,924300000.0,7090300000,0.382,3.521,15.644,16.054,10535200000,0.0,80.27,0.91,0.913,29271700000,23514700000,7875400000.0,7875400000.0,345000000.0,,,,,14500000.0,714800000.0,1.0,314258886,315100000,316500000.0,24.993,58227800000,2681900000,237800000.0,180300000,184.791,
22,DE,ARQ,2015-12-31,2016-02-25,2016-01-31,2021-08-26,-4860100000,56036200000,,,,,20.829,-419600000.0,3459900000,3459900000,3840100000.0,253800000.0,,7.501,36238200000,,,36238200000,0,374200000.0,0,0.03,0.6,523100000.0,897300000.0,0.162,897300000.0,523100000.0,349900000.0,0.8,0.8,0.8,6590200000,,6590200000,57878231610,18.0,12.422,-1197200000.0,-3.784,1.0,1684400000.0,0.305,778300000,173200000.0,88036200000,,4249500000,4779000000,,,49432400000,,,25099931610,-702300000.0,0.0,-105100000.0,-424200000.0,-193100000.0,-742900000.0,851600000.0,1263800000.0,-777600000.0,-33400000.0,254400000.0,254400000.0,254400000.0,0.0,-600000.0,0.046,1160000000.0,524400000.0,6276000000,0.75,3.809,13.886,14.526,10113600000,0.0,79.6,0.896,0.899,28154100000,23209100000,5524500000.0,5524500000.0,319300000.0,,,,,17500000.0,592900000.0,1.0,315325774,316400000,317600000.0,17.46,55257900000,2516600000,95500000.0,149600000,174.646,
23,DE,ARQ,2015-09-30,2016-02-01,2015-10-31,2021-08-26,-4729400000,57947600000,,,,,20.214,-733300000.0,4162200000,4162200000,4670400000.0,351500000.0,,7.591,36849400000,,,36849400000,0,353200000.0,0,0.031,0.6,618600000.0,971800000.0,0.145,971800000.0,618600000.0,455700000.0,1.09,1.09,1.09,6743400000,,6743400000,57009767987,16.0,11.773,1815200000.0,5.441,1.0,2044900000.0,0.305,789600000,162900000.0,89845200000,,3817000000,5575500000,,,51190000000,,,24322567987,31400000.0,0.0,-935100000.0,-115500000.0,-198400000.0,-1264200000.0,-1228300000.0,-458200000.0,2548500000.0,-24600000.0,351100000.0,351100000.0,351100000.0,0.0,400000.0,0.052,1425000000.0,619900000.0,7392100000,0.55,3.607,12.537,13.219,10151900000,0.0,76.8,0.843,0.888,28884600000,23144800000,6715300000.0,6715300000.0,404000000.0,,,,,18400000.0,719000000.0,1.0,316700104,333600000,336000000.0,20.13,57158000000,2767300000,104600000.0,160800000,171.337,
24,DE,ARQ,2015-09-30,2015-12-18,2015-10-31,2021-08-26,-4729400000,57947600000,,,,,20.214,-733300000.0,4162200000,4162200000,4670400000.0,351500000.0,,7.591,36849400000,,,36849400000,0,353200000.0,0,0.032,0.6,618600000.0,971800000.0,0.145,971800000.0,618600000.0,455700000.0,1.09,1.09,1.09,6743400000,,6743400000,56430206797,16.0,11.653,1815200000.0,5.441,1.0,2044900000.0,0.305,789600000,162900000.0,89845200000,,3817000000,5575500000,,,51190000000,,,23743006797,31400000.0,0.0,-935100000.0,-115500000.0,-198400000.0,-1264200000.0,-1228300000.0,-458200000.0,2548500000.0,-24600000.0,351100000.0,351100000.0,351100000.0,0.0,400000.0,0.052,1425000000.0,619900000.0,7392100000,0.55,3.521,12.239,12.904,10151900000,0.0,74.97,0.823,0.867,28884600000,23144800000,6715300000.0,6715300000.0,404000000.0,,,,,18400000.0,719000000.0,1.0,316700104,333600000,336000000.0,20.13,57158000000,2767300000,104600000.0,160800000,171.337,
25,DE,ARQ,2015-06-30,2015-08-27,2015-07-31,2021-08-26,-4507400000,58932200000,,,,,23.304,-441200000.0,4130800000,4130800000,5358000000.0,511700000.0,,6.63,37144200000,,,37144200000,0,346300000.0,0,0.029,0.6,924100000.0,1270400000.0,0.167,1270400000.0,924100000.0,752600000.0,1.54,1.53,1.54,7723100000,,7723100000,60051018985,15.0,11.002,905300000.0,2.732,1.0,2235700000.0,0.294,773700000,171500000.0,91171900000,,4319000000,5469500000,,,51207200000,,,27037618985,-224600000.0,400000.0,-575700000.0,259000000.0,-202100000.0,-529800000.0,-982400000.0,-577100000.0,1346500000.0,-58900000.0,511600000.0,511600000.0,511600000.0,0.0,100000.0,0.067,1325700000.0,910000000.0,7309500000,0.39,3.501,12.081,12.521,9552400000,0.0,82.39,0.869,0.878,30060100000,22986500000,7593700000.0,7593700000.0,346800000.0,,,,,19000000.0,755300000.0,1.0,328166270,331400000,334100000.0,22.914,58158500000,2705000000,241000000.0,150900000,175.493,
26,DE,ARQ,2015-03-31,2015-05-28,2015-04-30,2021-08-26,-4293600000,59594000000,,,,,24.247,-360600000.0,4355400000,4355400000,5694200000.0,690800000.0,,6.291,37314500000,,,37314500000,0,340000000.0,0,0.026,0.6,1180000000.0,1520000000.0,0.186,1520000000.0,1180000000.0,1014500000.0,2.05,2.03,2.05,8173800000,,8173800000,64176080294,14.0,10.75,-5200000.0,-0.015,1.0,2476500000.0,0.303,797400000,165500000.0,91755700000,,4624200000,5433200000,,,51418000000,,,31216980294,380600000.0,148800000.0,-527800000.0,1002600000.0,-205900000.0,257400000.0,-233100000.0,-9600000.0,355400000.0,900000.0,690500000.0,690500000.0,690500000.0,0.0,300000.0,0.085,1294000000.0,1182500000.0,7390300000,0.293,3.819,12.113,12.652,9440300000,0.0,93.5,0.945,0.955,30382700000,22673400000,8170700000.0,8170700000.0,341100000.0,,,,,10600000.0,740000000.0,1.0,333871447,337100000,339700000.0,24.238,58796600000,2659400000,324000000.0,149300000,174.419,
27,DE,ARQ,2014-12-31,2015-02-26,2015-01-31,2021-08-26,-4245000000,58290100000,,,,,24.034,-241600000.0,3974800000,3974800000,4420600000.0,386900000.0,,6.069,36617300000,,,36617300000,0,342900000.0,0,0.025,0.6,737400000.0,1080300000.0,0.169,1080300000.0,737400000.0,557300000.0,1.13,1.12,1.13,8246000000,,8246000000,63597762331,13.0,9.996,-751700000.0,-2.191,1.0,1962500000.0,0.307,803600000,180100000.0,90129000000,,4527100000,4688700000,,,50041300000,,,30955262331,187800000.0,0.0,-560000000.0,203300000.0,-209900000.0,-582500000.0,1385100000.0,1673900000.0,-510100000.0,-104700000.0,386800000.0,386800000.0,386800000.0,0.0,100000.0,0.061,1214800000.0,747700000.0,6541100000,0.531,3.754,10.796,11.383,9182100000,0.0,91.18,0.89,0.899,30089000000,22185200000,6383100000.0,6383100000.0,333200000.0,,,,,18100000.0,659000000.0,1.0,339496187,343100000,345700000.0,18.604,57486500000,2584100000,170500000.0,146700000,167.55,
28,DE,ARQ,2014-09-30,2014-12-19,2014-10-31,2021-08-26,-3783000000,61336400000,,,,,24.966,-680700000.0,3787000000,3787000000,6097200000.0,649900000.0,,5.768,36958400000,,,36958400000,0,349100000.0,0,0.025,0.6,1238600000.0,1587700000.0,0.177,1587700000.0,1238600000.0,1066000000.0,1.86,1.84,1.86,9062600000,,9062600000,64192433920,12.0,9.498,2163100000.0,5.959,1.0,2867600000.0,0.32,860000000,172600000.0,93647800000,,4209700000,6120600000,,,52270900000,,,31021033920,752300000.0,6000000.0,-1089300000.0,596400000.0,-217400000.0,-721200000.0,-1313700000.0,-569000000.0,2843800000.0,-56600000.0,649200000.0,649200000.0,649200000.0,0.0,700000.0,0.072,1618500000.0,1249100000.0,8655100000,0.323,3.423,9.812,10.344,9593300000,0.0,90.1,0.86,0.907,32230300000,22004400000,8964800000.0,8964800000.0,412100000.0,,,,,17900000.0,851300000.0,1.0,344295604,363000000,366100000.0,24.696,60476400000,2776600000,416800000.0,160900000,166.602,
29,DE,ARQ,2014-06-30,2014-08-28,2014-07-31,2021-08-26,-2644700000,61748500000,,,,,29.925,-413700000.0,3034700000,3034700000,6611300000.0,850900000.0,,4.701,36759100000,,,36759100000,0,327100000.0,0,0.025,0.6,1454800000.0,1781900000.0,0.188,1781900000.0,1454800000.0,1300900000.0,2.35,2.33,2.35,10830000000,,10830000000,63820969049,11.0,9.247,1100300000.0,3.04,1.0,2888900000.0,0.304,899200000,153900000.0,94573700000,,5439000000,6063800000,,,50916000000,,,30096569049,-43800000.0,32600000.0,-507600000.0,440700000.0,-186300000.0,-266400000.0,-1299900000.0,-928300000.0,1514000000.0,8500000.0,850700000.0,850700000.0,850700000.0,0.0,200000.0,0.09,1442800000.0,1446100000.0,8523300000,0.255,2.779,9.067,9.34,8965500000,0.0,83.97,0.823,0.831,32858100000,21564600000,9500200000.0,9500200000.0,362100000.0,,,,,15900000.0,820700000.0,1.0,358420496,361900000,365100000.0,26.251,60849300000,2564000000,450200000.0,160100000,168.138,
30,DE,ARQ,2014-03-31,2014-05-29,2014-04-30,2021-08-26,-2663500000,60862400000,,,,,29.092,-247500000.0,3078500000,3078500000,6871800000.0,981200000.0,,4.706,36259400000,,,36259400000,0,287200000.0,0,0.022,0.51,1625500000.0,1912700000.0,0.192,1912700000.0,1625500000.0,1459700000.0,2.67,2.65,2.67,10665300000,,10665300000,66322438747,11.0,9.29,-333200000.0,-0.909,1.0,3076100000.0,0.309,910800000,165800000.0,93132500000,,5849600000,6225600000,,,50194800000,,,33141538747,-110100000.0,3500000.0,-561700000.0,1670600000.0,-189800000.0,908800000.0,-940700000.0,-667900000.0,-85700000.0,7500000.0,980700000.0,980700000.0,980700000.0,0.0,500000.0,0.099,1446500000.0,1629600000.0,8284800000,0.191,3.107,9.564,9.881,8576900000,0.0,91.1,0.894,0.901,31848300000,20931300000,9947900000.0,9947900000.0,354100000.0,,,,,21500000.0,846500000.0,1.0,363792961,366600000,369800000.0,27.136,59951600000,2458100000,479000000.0,162000000,163.534,
31,DE,ARQ,2013-12-31,2014-02-27,2014-01-31,2021-08-26,-2809400000,57659200000,,,,,27.576,-225900000.0,3188600000,3188600000,5195500000.0,681300000.0,,4.622,34413300000,,,34413300000,0,343100000.0,0,0.024,0.51,1133300000.0,1476400000.0,0.193,1476400000.0,1133300000.0,961600000.0,1.83,1.81,1.83,10255700000,,10255700000,62638252514,10.0,8.413,-972100000.0,-2.614,1.0,2458500000.0,0.321,909200000,171700000.0,87974700000,,5554600000,5226800000,,,47401400000,,,31413552514,-315400000.0,303700000.0,-423000000.0,404400000.0,-192500000.0,-209500000.0,673300000.0,651800000.0,-746200000.0,-33000000.0,681100000.0,681100000.0,681100000.0,0.0,200000.0,0.089,1321900000.0,1136600000.0,7419100000,0.279,3.063,8.803,9.097,8377000000,0.0,84.97,0.826,0.831,30151900000,20136900000,7654000000.0,7654000000.0,323700000.0,,,,,23200000.0,765900000.0,1.0,369701689,371900000,375400000.0,20.581,56750000000,2323400000,280500000.0,154800000,152.595,
32,DE,ARQ,2013-09-30,2013-12-16,2013-10-31,2021-08-26,-2693100000,59521300000,,,,,26.644,-501000000.0,3504000000,3504000000,6332400000.0,807100000.0,,4.798,34475700000,,,34475700000,0,299100000.0,0,0.022,0.51,1431500000.0,1730600000.0,0.183,1730600000.0,1431500000.0,1243900000.0,2.14,2.12,2.14,10265800000,,10265800000,64074381696,10.0,8.7,2165500000.0,5.62,1.0,3118200000.0,0.33,921900000,187600000.0,89571100000,,4934700000,5999300000,,,49253600000,,,33102681696,413700000.0,-83500000.0,-767400000.0,638900000.0,-196600000.0,-339600000.0,-1917700000.0,-1246400000.0,2666500000.0,4500000.0,806900000.0,806900000.0,806900000.0,0.0,200000.0,0.085,1686400000.0,1431800000.0,9080500000,0.238,3.225,9.358,9.681,8619100000,0.0,88.87,0.876,0.906,30886100000,19645600000,9450600000.0,9450600000.0,405300000.0,,,,,18000000.0,947900000.0,1.0,372484322,385300000,389200000.0,24.528,58599400000,2325400000,437000000.0,160300000,152.088,
33,DE,ARQ,2013-06-30,2013-08-29,2013-07-31,2021-08-26,-4498800000,58336900000,,,,,22.253,-421700000.0,3090300000,3090300000,6837900000.0,996600000.0,,5.791,33691800000,,,33691800000,0,286800000.0,0,0.023,0.51,1732600000.0,2019400000.0,0.202,2019400000.0,1732600000.0,1550000000.0,2.58,2.56,2.58,8589800000,,8589800000,62683990694,10.0,8.696,1322500000.0,3.426,1.0,3172000000.0,0.317,1005400000,182600000.0,87933000000,,5594300000,5810700000,,,49745300000,,,32082490694,-561100000.0,22000000.0,-451200000.0,249000000.0,-198700000.0,-405100000.0,-1924200000.0,-1483800000.0,1744200000.0,24000000.0,996500000.0,996500000.0,996500000.0,0.0,100000.0,0.1,1440100000.0,1731900000.0,8386800000,0.198,3.735,9.386,9.523,7933600000,0.0,83.8,0.841,0.848,30106400000,19031500000,10009900000.0,10009900000.0,338700000.0,,,,,17700000.0,919800000.0,1.0,382845951,386000000,389600000.0,25.932,57331500000,3468100000,553500000.0,155500000,148.527,
34,DE,ARQ,2013-03-31,2013-05-30,2013-04-30,2021-08-26,-4454000000,58155100000,,,,,21.236,-273700000.0,3651400000,3651400000,7482200000.0,1084300000.0,,6.036,33955300000,,,33955300000,0,277300000.0,0,0.022,0.51,1941600000.0,2218900000.0,0.203,2218900000.0,1941600000.0,1750600000.0,2.79,2.76,2.79,8264900000,,8264900000,64222862927,11.0,9.385,-180700000.0,-0.464,1.0,3431300000.0,0.314,1016700000,191000000.0,87442300000,,6173000000,5417300000,,,49888300000,,,33918962927,-20700000.0,0.0,-159500000.0,1446800000.0,-178900000.0,1103500000.0,-1195700000.0,-874500000.0,93000000.0,-21500000.0,1084200000.0,1084200000.0,1084200000.0,0.0,100000.0,0.099,1496500000.0,1934800000.0,8276100000,0.183,4.104,10.568,10.634,7689500000,0.0,87.41,0.899,0.902,29346100000,18231500000,10913500000.0,10913500000.0,376800000.0,,,,,22700000.0,956300000.0,1.0,388044422,389200000,393100000.0,28.041,57138400000,3373200000,666400000.0,158600000,146.81,
35,DE,ARQ,2012-12-31,2013-02-28,2013-01-31,2021-08-26,-4479500000,55169600000,,,,,19.268,-242200000.0,3672100000,3672100000,5014800000.0,649600000.0,,6.372,32545800000,,,32545800000,0,277100000.0,0,0.021,0.46,1118800000.0,1395900000.0,0.188,1395900000.0,1118800000.0,938700000.0,1.67,1.65,1.67,7483700000,,7483700000,63088419816,11.0,9.455,-1491600000.0,-3.84,1.0,2406600000.0,0.324,1032500000,180100000.0,83010800000,,6242700000,4610000000,,,47684100000,,,34214719816,-980100000.0,0.0,21200000.0,190200000.0,-178700000.0,47700000.0,216900000.0,498600000.0,-1249400000.0,4700000.0,649700000.0,649700000.0,649700000.0,0.0,-100000.0,0.088,1280400000.0,1126200000.0,7270800000,0.275,4.572,10.754,10.884,7494900000,0.0,87.83,0.929,0.927,27321900000,17346100000,7421400000.0,7421400000.0,356500000.0,,,,,22300000.0,781500000.0,1.0,389556186,388400000,393000000.0,19.108,54137100000,3311600000,289000000.0,169400000,139.385,
36,DE,ARQ,2012-09-30,2012-12-17,2012-10-31,2021-08-26,-4571500000,56265800000,,,,,17.23,-583900000.0,4652200000,4652200000,6841300000.0,688900000.0,,7.221,32420400000,,,32420400000,0,261500000.0,0,0.021,0.46,1312800000.0,1574300000.0,0.161,1574300000.0,1312800000.0,1112700000.0,1.76,1.74,1.76,6842100000,,6842100000,61268555220,11.0,9.41,1719200000.0,4.329,1.0,2950300000.0,0.301,1026200000,200100000.0,83007800000,,5170000000,5303000000,,,49403800000,,,33500355220,1254700000.0,-200000.0,-338500000.0,1046100000.0,-181600000.0,526100000.0,-1588800000.0,-1042200000.0,2303100000.0,14300000.0,687600000.0,687600000.0,687600000.0,0.0,1300000.0,0.07,1627800000.0,1322500000.0,9124100000,0.261,4.896,10.931,11.188,7539700000,0.0,86.37,0.927,0.949,27808800000,16875200000,9791600000.0,9791600000.0,401300000.0,,,,,18400000.0,948200000.0,1.0,387870270,397100000,401500000.0,24.658,55239600000,3280400000,425100000.0,164400000,139.108,
37,DE,ARQ,2012-06-30,2012-08-30,2012-07-31,2021-08-26,-3814600000,53198600000,,,,,18.738,-324300000.0,3397500000,3397500000,6756000000.0,790200000.0,,6.191,31226200000,,,31226200000,0,244000000.0,0,0.023,0.46,1409700000.0,1653700000.0,0.172,1653700000.0,1409700000.0,1214800000.0,2.0,1.98,2.0,7395800000,,7395800000,57019647845,11.0,8.9,67600000.0,0.171,1.0,2834400000.0,0.296,1041400000,194900000.0,79985900000,,5867500000,4927100000,,,45784000000,,,29190947845,377700000.0,10200000.0,-470800000.0,1776000000.0,-183300000.0,1099600000.0,-1086700000.0,-880400000.0,391900000.0,-27100000.0,788000000.0,788000000.0,788000000.0,0.0,2200000.0,0.082,1424800000.0,1409600000.0,8172900000,0.23,3.947,9.581,9.819,6713100000,0.0,74.53,0.835,0.841,26637500000,16366500000,9590400000.0,9590400000.0,367800000.0,,,,,18400000.0,878400000.0,1.0,391667085,394700000,398800000.0,24.298,52157200000,3029100000,426800000.0,162700000,132.144,
38,DE,ARQ,2012-03-31,2012-05-31,2012-04-30,2021-08-26,-3674300000,51405300000,,,,,18.438,-248200000.0,3019800000,3019800000,6834500000.0,1058100000.0,,5.964,29662700000,,,29662700000,0,255400000.0,0,0.023,0.46,1793200000.0,2048600000.0,0.205,2048600000.0,1793200000.0,1597500000.0,2.64,2.61,2.64,7378900000,,7378900000,56023646944,11.0,8.966,-548700000.0,-1.371,1.0,3174100000.0,0.317,1079500000,195700000.0,76968700000,,6112400000,4688600000,,,44009300000,,,29380746944,-368500000.0,13300000.0,-348400000.0,1741800000.0,-165200000.0,1214400000.0,-1292200000.0,-1033300000.0,-300500000.0,9800000.0,1056200000.0,1056200000.0,1056200000.0,0.0,1900000.0,0.106,1381400000.0,1792700000.0,7821000000,0.174,3.982,9.889,10.119,6555600000,0.0,73.87,0.87,0.876,25648000000,15759400000,10008600000.0,10008600000.0,352000000.0,,,,,18200000.0,881400000.0,1.0,397735846,400200000,404700000.0,25.009,50325800000,2944600000,541300000.0,164800000,125.752,
39,DE,ARQ,2011-12-31,2012-03-01,2012-01-31,2021-08-26,-3743900000,48576900000,,,,,16.741,-165100000.0,3388300000,3388300000,4576000000.0,534400000.0,,6.18,28044200000,,,28044200000,0,243300000.0,0,0.019,0.41,991200000.0,1234500000.0,0.182,1234500000.0,991200000.0,799100000.0,1.32,1.3,1.32,6763400000,,6763400000,58039616542,12.0,9.73,-1391900000.0,-3.445,1.0,2190500000.0,0.324,1084300000,192100000.0,72148500000,,5677700000,4033300000,,,41797700000,,,33383716542,-258900000.0,6900000.0,-369000000.0,1577000000.0,-167800000.0,1040100000.0,-36400000.0,199900000.0,-1226800000.0,-35800000.0,532900000.0,532900000.0,532900000.0,0.0,1500000.0,0.079,1198100000.0,992400000.0,6930200000,0.311,4.936,11.842,12.2,6356200000,0.0,83.08,1.022,1.028,23725900000,14887100000,6766500000.0,6766500000.0,312500000.0,,,,,19500000.0,709000000.0,1.0,401826150,404000000,408400000.0,16.749,47492600000,2879500000,266200000.0,152800000,117.556,
40,DE,ARQ,2011-09-30,2011-12-19,2011-10-31,2021-08-26,-3678000000,48207400000,,,,,16.292,-441300000.0,3647200000,3647200000,5926200000.0,672000000.0,,6.087,26589600000,,,26589600000,0,237000000.0,0,0.021,0.41,1232900000.0,1469900000.0,0.171,1469900000.0,1232900000.0,1052600000.0,1.63,1.62,1.63,6800300000,,6800300000,52669892965,11.0,8.93,1248900000.0,2.992,1.0,2685500000.0,0.312,1127200000,180300000.0,70022600000,,4370600000,3894000000,,,41392500000,,,29727492965,28900000.0,16700000.0,-569700000.0,643900000.0,-170900000.0,-105600000.0,-1553800000.0,-1159000000.0,1690200000.0,-1900000.0,669600000.0,669600000.0,669600000.0,0.0,2400000.0,0.078,1448200000.0,1237300000.0,7922500000,0.252,4.371,10.617,10.963,6502300000,0.0,73.56,0.929,0.959,24596600000,14519400000,8611700000.0,8611700000.0,346800000.0,,,,,18200000.0,859700000.0,1.0,404125788,417400000,422400000.0,20.632,47080200000,2858600000,383000000.0,168300000,112.794,
41,DE,ARQ,2011-06-30,2011-09-01,2011-07-31,2021-08-26,-2997300000,47135100000,,,,,18.034,-232800000.0,3618300000,3618300000,5792200000.0,714800000.0,,5.26,26201300000,,,26201300000,0,229200000.0,0,0.018,0.41,1266100000.0,1495300000.0,0.179,1495300000.0,1266100000.0,1081800000.0,1.71,1.69,1.71,7527600000,,7527600000,55651389399,12.0,9.947,1068600000.0,2.56,1.0,2579700000.0,0.308,1156600000,184300000.0,68561500000,,4687700000,3164700000,,,39595100000,,,33068389399,-331500000.0,-13300000.0,-486800000.0,102500000.0,-147200000.0,-540800000.0,-1077400000.0,-808800000.0,1301400000.0,-14700000.0,712300000.0,712300000.0,712300000.0,0.0,2500000.0,0.085,1316300000.0,1263400000.0,7265100000,0.24,4.393,12.78,12.948,6083900000,0.0,79.89,1.081,1.09,24274700000,14017700000,8371900000.0,8371900000.0,312000000.0,,,,,17700000.0,815800000.0,1.0,413924013,417400000,422000000.0,20.057,45978500000,2825100000,369500000.0,160000000,110.155,
42,DE,ARQ,2011-03-31,2011-05-27,2011-04-30,2021-08-26,-3027200000,46585500000,,,,,17.645,-212500000.0,3949800000,3949800000,6106900000.0,906700000.0,,5.274,26085600000,,,26085600000,0,229700000.0,0,0.015,0.35,1535500000.0,1765200000.0,0.198,1765200000.0,1535500000.0,1343200000.0,2.15,2.12,2.15,7423300000,,7423300000,58121667751,13.0,10.67,22500000.0,0.053,1.0,2802800000.0,0.315,1169400000,192300000.0,67551900000,,4687000000,3331600000,,,39151900000,,,35985867751,511800000.0,1900000.0,-227200000.0,1567300000.0,-147800000.0,1211000000.0,-972300000.0,-752300000.0,235000000.0,38100000.0,904300000.0,904300000.0,904300000.0,0.0,2400000.0,0.101,1269800000.0,1533000000.0,6970700000,0.163,4.848,14.439,14.508,5913700000,0.0,85.74,1.238,1.241,23486500000,13476300000,8909700000.0,8909700000.0,298500000.0,,,,,18100000.0,828200000.0,1.0,419709211,420700000,426400000.0,21.178,45416100000,2825800000,438900000.0,162600000,107.954,
43,DE,ARQ,2010-12-31,2011-02-25,2011-01-31,2021-08-26,-3292000000,42895800000,,,,,15.596,-110800000.0,3438000000,3438000000,4094100000.0,514300000.0,,5.519,24164000000,,,24164000000,0,219000000.0,0,0.014,0.35,948400000.0,1167400000.0,0.191,1167400000.0,948400000.0,745900000.0,1.22,1.2,1.22,6578600000,,6578600000,58826005972,14.0,11.518,-1011100000.0,-2.397,1.0,2025100000.0,0.331,1130400000,202500000.0,62491400000,,4178400000,2217700000,,,36309100000,,,38100005972,-352600000.0,845000000.0,-213300000.0,-105600000.0,-127200000.0,-425000000.0,982800000.0,360200000.0,-900300000.0,-10100000.0,513700000.0,513700000.0,513700000.0,0.0,600000.0,0.084,1076600000.0,948500000.0,6187400000,0.287,5.792,17.841,17.919,5626900000,0.0,90.49,1.396,1.399,22330100000,12719200000,6119200000.0,6119200000.0,268900000.0,,,,,15000000.0,665000000.0,1.0,421041065,421800000,427500000.0,14.507,41765400000,2664500000,232200000.0,149800000,99.017,
44,DE,ARQ,2010-09-30,2010-12-17,2010-10-31,2021-08-26,-3379600000,43266800000,,,,,14.836,-315100000.0,3790600000,3790600000,4908500000.0,459400000.0,,5.876,24349000000,,,24349000000,0,221900000.0,0,0.014,0.3,945000000.0,1166900000.0,0.162,1166900000.0,945000000.0,752500000.0,1.09,1.06,1.09,6290300000,,6290300000,55030494282,14.0,11.579,879000000.0,2.073,1.0,2293500000.0,0.318,1115600000,192500000.0,62709600000,,3063000000,2710700000,,,36963400000,,,34472094282,36900000.0,7500000.0,-194900000.0,224200000.0,-127300000.0,-87100000.0,-1093100000.0,-797500000.0,1194100000.0,23000000.0,457300000.0,457300000.0,457300000.0,0.0,2100000.0,0.063,1350700000.0,942800000.0,6685200000,0.275,5.48,18.484,18.534,5726900000,0.0,81.55,1.326,1.33,22110800000,12353100000,7202000000.0,7202000000.0,294400000.0,,,,,9700000.0,842100000.0,1.0,422711150,424000000,428600000.0,16.986,42151200000,2477100000,295200000.0,144300000,99.413,
45,DE,ARQ,2010-06-30,2010-08-27,2010-07-31,2021-08-26,-3384900000,41810300000,,,,,14.406,-187300000.0,3753700000,3753700000,4519600000.0,619500000.0,,5.835,23859900000,,,23859900000,0,229500000.0,0,0.018,0.3,1118200000.0,1347700000.0,0.197,1347700000.0,1118200000.0,925100000.0,1.45,1.44,1.45,6115200000,,6115200000,47500468792,15.0,11.893,484200000.0,1.141,1.0,2317300000.0,0.339,1119000000,193100000.0,60797500000,,3175400000,3096800000,,,35684500000,,,27394268792,138800000.0,17700000.0,-74500000.0,223900000.0,-118600000.0,28200000.0,-565900000.0,-487700000.0,671500000.0,5000000.0,617000000.0,617000000.0,617000000.0,0.0,2500000.0,0.09,1202500000.0,1114800000.0,6016800000,0.207,4.48,23.118,23.165,6176500000,0.0,64.63,1.135,1.137,20488300000,12023100000,6836900000.0,6836900000.0,256300000.0,,,,,9800000.0,751200000.0,1.0,423863048,424500000,429000000.0,16.106,40691300000,2592500000,308100000.0,133200000,95.857,
46,DE,ARQ,2010-03-31,2010-05-28,2010-04-30,2021-08-26,-3419100000,41014100000,,,,,13.315,-130200000.0,3614900000,3614900000,4765200000.0,549800000.0,,6.256,23636400000,,,23636400000,0,222000000.0,0,0.019,0.28,1203200000.0,1425200000.0,0.2,1425200000.0,1203200000.0,995900000.0,1.29,1.28,1.29,5650900000,,5650900000,44526149957,16.0,12.28,604700000.0,1.425,1.0,2365700000.0,0.332,1135700000,207300000.0,59899900000,,3002900000,3545800000,,,35354700000,,,24504649957,-1428400000.0,-22800000.0,19000000.0,-1191800000.0,-119100000.0,-1296600000.0,-822600000.0,-679600000.0,734900000.0,-44100000.0,547500000.0,547500000.0,547500000.0,0.0,2300000.0,0.077,1169500000.0,1196200000.0,5777300000,0.217,4.336,24.802,24.755,6147700000,0.0,57.68,1.057,1.056,19702200000,11533400000,7130900000.0,7130900000.0,266000000.0,,,,,11600000.0,733300000.0,1.0,424837898,424400000,429000000.0,16.802,39878400000,2593400000,448400000.0,136500000,93.964,
47,DE,ARQ,2009-12-31,2010-03-01,2010-01-31,2021-08-26,-3624700000,40780700000,,,,,11.755,-58300000.0,5043300000,5043300000,3205500000.0,245600000.0,,7.188,24770000000,,,24770000000,0,241400000.0,0,0.019,0.28,571600000.0,813000000.0,0.168,813000000.0,571600000.0,353100000.0,0.57,0.57,0.57,4979600000,,4979600000,44442147479,19.0,13.494,-376600000.0,-0.889,1.0,1629300000.0,0.337,1140700000,218500000.0,59366700000,,2752500000,3030700000,,,35794700000,,,24715447479,391600000.0,-13000000.0,20700000.0,445100000.0,-118500000.0,345800000.0,372500000.0,499300000.0,-318300000.0,-8400000.0,243200000.0,243200000.0,243200000.0,0.0,2400000.0,0.05,1046500000.0,582800000.0,4854700000,0.491,4.963,27.077,26.986,6037900000,0.0,58.29,1.084,1.083,18620100000,11105000000,4834800000.0,4834800000.0,235700000.0,,,,,40100000.0,642100000.0,1.0,424008363,423600000,427500000.0,11.414,39640000000,2750200000,109900000.0,155400000,93.579,
48,DE,ARQ,2009-09-30,2009-12-17,2009-10-31,2021-08-26,-3593300000,41132600000,,,,,11.397,-238800000.0,4651700000,4651700000,3898700000.0,-222700000.0,,7.536,24550600000,,,24550600000,0,220100000.0,0,0.021,0.28,188000000.0,408100000.0,0.077,408100000.0,188000000.0,-61200000.0,-0.52,-0.52,-0.52,4818700000,,4818700000,42780510925,18.0,13.166,1263000000.0,2.987,1.0,1435400000.0,0.269,1172800000,249200000.0,59858700000,,2397300000,3513200000,,,36313900000,,,22881610925,336900000.0,-2400000.0,7000000.0,-501600000.0,-118500000.0,-629900000.0,-540600000.0,-335900000.0,1501800000.0,5600000.0,-222700000.0,-222700000.0,-222700000.0,0.0,0.0,-0.042,1241300000.0,194100000.0,5426400000,-0.538,4.749,26.195,26.155,6265500000,0.0,54.14,0.99,0.99,18774500000,10980500000,5334100000.0,5334100000.0,258600000.0,,,,,6600000.0,794200000.0,1.0,422637808,422800000,424400000.0,12.616,39959800000,2804800000,161500000.0,167300000,94.512,
49,DE,ARQ,2009-06-30,2009-08-28,2009-07-31,2021-08-26,-1312400000,41386700000,,,,,17.554,-202100000.0,4314800000,4314800000,4057600000.0,420000000.0,,4.575,24769300000,,,24769300000,0,222500000.0,0,0.025,0.28,757200000.0,979700000.0,0.166,979700000.0,757200000.0,507900000.0,0.99,0.99,0.99,7423600000,,7423600000,39246078174,13.0,10.06,1461800000.0,3.457,1.0,1827000000.0,0.31,1435700000,249300000.0,60405500000,,3020000000,4198300000,,,33963100000,,,18791578174,-482400000.0,-3100000.0,5400000.0,-1501900000.0,-400000.0,-1504500000.0,-660700000.0,-457700000.0,1663900000.0,18900000.0,420000000.0,420000000.0,420000000.0,0.0,0.0,0.071,1068500000.0,758500000.0,5665900000,0.283,2.531,13.039,13.029,6074500000,0.0,44.43,0.746,0.746,18085600000,11321700000,5884600000.0,5884600000.0,243300000.0,,,,,7600000.0,659500000.0,1.0,422947967,422900000,424800000.0,13.915,39951000000,1555500000,87900000.0,161000000,94.469,
50,DE,ARQ,2009-03-31,2009-06-01,2009-04-30,2021-08-26,-1548300000,41800800000,,,,,16.248,-171100000.0,4797200000,4797200000,4756400000.0,472300000.0,,5.086,25779900000,,,25779900000,0,213800000.0,0,0.024,0.28,878800000.0,1092600000.0,0.162,1092600000.0,878800000.0,609400000.0,1.12,1.11,1.12,6868200000,,6868200000,40835135470,12.0,9.512,263500000.0,0.623,1.0,1991400000.0,0.295,1401900000,269400000.0,61381600000,,3551000000,3560800000,,,34932600000,,,19852435470,-206900000.0,-3400000.0,1000000.0,-275000000.0,-236300000.0,-527700000.0,-127500000.0,89600000.0,434600000.0,13700000.0,472300000.0,472300000.0,472300000.0,0.0,0.0,0.07,1110000000.0,881400000.0,5690900000,0.25,2.89,12.436,12.489,5808000000,0.0,46.96,0.734,0.734,18568100000,11020000000,6747800000.0,6747800000.0,255700000.0,,,,,10600000.0,688000000.0,1.0,422752033,422700000,423700000.0,15.964,40398900000,1571900000,137100000.0,173500000,95.573,
51,DE,ARQ,2008-12-31,2009-02-26,2009-01-31,2021-08-26,-1496700000,41339600000,,,,,15.515,-218800000.0,5004100000,5004100000,3542500000.0,203900000.0,,5.307,25907900000,,,25907900000,0,216900000.0,0,0.04,0.28,551900000.0,768800000.0,0.149,768800000.0,551900000.0,277400000.0,0.48,0.48,0.48,6554900000,,6554900000,32392041241,8.0,6.656,-1834300000.0,-4.342,1.0,1603400000.0,0.312,1393000000,274500000.0,60850400000,,3836600000,3713100000,,,34784700000,,,11488241241,2792700000.0,-40900000.0,-100000.0,3346200000.0,-118200000.0,3132400000.0,1271800000.0,1529600000.0,-1615500000.0,4000000.0,203900000.0,203900000.0,203900000.0,0.0,0.0,0.04,1055200000.0,548200000.0,5643100000,0.583,1.753,6.086,6.177,5693100000,0.0,27.18,0.405,0.405,17588800000,10666100000,5145900000.0,5145900000.0,219400000.0,,,,,45700000.0,638900000.0,1.0,422672599,422500000,423700000.0,12.18,39946600000,1419900000,73500000.0,166200000,94.548,
52,DE,ARQ,2008-09-30,2008-12-18,2008-10-31,2021-08-26,-1387300000,38734600000,,,,,15.154,-559300000.0,2211400000,2211400000,5282500000.0,345000000.0,,4.929,22419000000,,,22419000000,0,204100000.0,0,0.027,0.28,856100000.0,1060200000.0,0.143,1060200000.0,856100000.0,568000000.0,0.82,0.81,0.82,6532700000,,6532700000,36538238798,8.0,7.12,447100000.0,1.037,1.0,2118700000.0,0.286,1386000000,288100000.0,57556200000,,3041800000,2846600000,,,32201900000,,,16330638798,-611400000.0,-10000000.0,-317700000.0,-106600000.0,-120200000.0,-555500000.0,-1042700000.0,-490600000.0,1006400000.0,-19600000.0,345000000.0,345000000.0,345000000.0,0.0,0.0,0.047,1269900000.0,848800000.0,6562800000,0.341,2.5,7.955,8.124,5766300000,0.0,38.67,0.574,0.586,19961200000,10580600000,7401200000.0,7401200000.0,270500000.0,,,,,6900000.0,768800000.0,1.0,422307701,431100000,436300000.0,17.168,37348600000,1440600000,223000000.0,171800000,86.636,
53,DE,ARQ,2008-06-30,2008-09-02,2008-07-31,2021-08-26,-467400000,41687700000,,,,,17.563,-201900000.0,2822800000,2822800000,5421900000.0,575200000.0,,4.529,23511600000,,,23511600000,0,218800000.0,0,0.015,0.28,1152500000.0,1371300000.0,0.177,1371300000.0,1152500000.0,882300000.0,1.34,1.32,1.34,7540000000,,7540000000,50028379168,11.0,9.627,1263300000.0,2.943,1.0,2316800000.0,0.299,1513200000,270200000.0,60863300000,,3474200000,3092900000,,,34147700000,,,29339579168,535000000.0,-205100000.0,-349700000.0,276500000.0,-108100000.0,-168200000.0,-771200000.0,-357300000.0,1465200000.0,9200000.0,575200000.0,575200000.0,575200000.0,0.0,0.0,0.074,1177600000.0,1139200000.0,6237800000,0.209,3.891,13.774,14.051,5599500000,0.0,68.71,1.08,1.085,20729400000,10353800000,7738700000.0,7738700000.0,238100000.0,,,,,9600000.0,772000000.0,1.0,427005955,429300000,434400000.0,18.026,40174500000,1564200000,307100000.0,853800000,93.581,
54,DE,ARQ,2008-03-31,2008-05-29,2008-04-30,2021-08-26,-523500000,40971900000,,,,,16.946,-194200000.0,2287800000,2287800000,5508600000.0,763500000.0,,4.575,23169300000,,,23169300000,0,208400000.0,0,0.012,0.25,1458200000.0,1666600000.0,0.206,1666600000.0,1458200000.0,1174600000.0,1.76,1.74,1.76,7349600000,,7349600000,55934865550,13.0,10.941,108200000.0,0.249,1.0,2588100000.0,0.32,1405300000,283600000.0,60448100000,,3570800000,3350800000,,,33622300000,,,35053365550,791500000.0,20400000.0,-488500000.0,1270300000.0,-109400000.0,682900000.0,-268900000.0,-78900000.0,302400000.0,75100000.0,763500000.0,763500000.0,763500000.0,0.0,0.0,0.094,1141900000.0,1446200000.0,6032200000,0.142,4.769,16.756,17.124,5411200000,0.0,81.34,1.344,1.353,20570300000,9898700000,8096700000.0,8096700000.0,230200000.0,,,,,8600000.0,766600000.0,1.0,430948679,433700000,439600000.0,18.669,39566600000,1533200000,411100000.0,900900000,91.23,
55,DE,ARQ,2007-12-31,2008-02-28,2008-01-31,2021-08-26,-638000000,38215300000,,,,,16.08,-187100000.0,1496300000,1496300000,3361800000.0,369100000.0,,4.43,21806000000,,,21806000000,0,199700000.0,0,0.011,0.25,834200000.0,1033900000.0,0.199,1033900000.0,834200000.0,539100000.0,0.84,0.83,0.84,7038400000,,7038400000,58231745876,14.0,12.095,-1012100000.0,-2.312,1.0,1839200000.0,0.354,1379500000,295100000.0,57145500000,,3288800000,3271300000,,,31176900000,,,37922045876,-782300000.0,-15600000.0,-412800000.0,-118400000.0,-110400000.0,-607700000.0,656800000.0,873500000.0,-825000000.0,-6400000.0,369100000.0,369100000.0,369100000.0,0.0,0.0,0.071,1012600000.0,826600000.0,5193600000,0.298,5.388,19.426,19.924,5280100000,0.0,86.97,1.526,1.531,19120300000,9243400000,5201000000.0,5201000000.0,204300000.0,,,,,45500000.0,652800000.0,1.0,436035942,437700000,444200000.0,11.883,36835800000,1451400000,170000000.0,688500000,84.158,
56,DE,ARQ,2007-09-30,2007-12-20,2007-10-31,2021-08-26,-637500000,38575700000,,,,,15.927,-369900000.0,2278600000,2278600000,4054200000.0,422200000.0,,4.391,21767600000,,,21767600000,0,190900000.0,0,0.011,0.25,933900000.0,1124800000.0,0.183,1124800000.0,933900000.0,625000000.0,0.95,0.92,0.95,7155800000,,7155800000,57437646261,15.0,12.486,1104300000.0,2.458,1.0,2086600000.0,0.34,1365300000,308900000.0,56699400000,,2337300000,4061800000,,,31419900000,,,37948646261,505400000.0,32800000.0,-361500000.0,86600000.0,-98300000.0,-347900000.0,-609100000.0,-208700000.0,1474200000.0,-11800000.0,422200000.0,422200000.0,422200000.0,0.0,0.0,0.069,1159100000.0,927500000.0,5494400000,0.263,5.303,20.831,21.39,5239300000,0.0,86.63,1.576,1.616,19312100000,9031700000,6140800000.0,6140800000.0,231400000.0,,,,,14300000.0,754200000.0,1.0,438054326,449300000,455000000.0,13.667,37210400000,1399500000,202800000.0,457700000,82.819,
57,DE,ARQ,2007-06-30,2007-08-31,2007-07-31,2021-08-26,255900000,37630600000,,,,,18.01,-204600000.0,1773200000,1773200000,4542900000.0,537200000.0,,3.668,21275700000,,,21275700000,0,186100000.0,0,0.013,0.22,1101000000.0,1287100000.0,0.194,1287100000.0,1101000000.0,809400000.0,1.2,1.2,1.2,8061100000,,8061100000,49691229252,14.0,11.489,1240300000.0,2.771,1.0,2090800000.0,0.315,1321300000,291600000.0,55811800000,,2473700000,4729200000,,,29569500000,,,30188729252,-210500000.0,-144900000.0,-454200000.0,-3000000.0,-99600000.0,-539200000.0,-1134600000.0,-736100000.0,1444900000.0,18400000.0,537200000.0,537200000.0,537200000.0,0.0,0.0,0.081,996900000.0,1093900000.0,5224000000,0.183,3.745,18.004,18.312,4797000000,0.0,68.03,1.309,1.321,18636600000,8988100000,6633700000.0,6633700000.0,204300000.0,,,,,12700000.0,665800000.0,1.0,443756126,447600000,453600000.0,14.821,36309300000,729800000,272200000.0,380200000,81.12,
58,DE,ARQ,2007-03-31,2007-06-01,2007-04-30,2021-08-26,179500000,37168100000,,,,,17.571,-252500000.0,1983700000,1983700000,4705500000.0,623600000.0,,3.67,21085300000,,,21085300000,0,181700000.0,0,0.014,0.22,1187100000.0,1368800000.0,0.199,1368800000.0,1187100000.0,903500000.0,1.375,1.36,1.375,7959600000,,7959600000,46045613182,13.0,11.085,273800000.0,0.604,1.0,2177000000.0,0.316,1194900000,283600000.0,55074800000,,2572800000,4769700000,,,29208500000,,,26944013182,642600000.0,0.0,-294900000.0,1197600000.0,-100100000.0,827400000.0,-741900000.0,-620900000.0,526300000.0,30800000.0,623600000.0,623600000.0,623600000.0,0.0,0.0,0.091,1004200000.0,1172800000.0,4929800000,0.16,3.385,17.101,17.357,4590600000,0.0,59.88,1.187,1.195,18145600000,8549300000,6882500000.0,6882500000.0,204300000.0,,,,,12400000.0,657300000.0,1.0,449966820,453000000,458600000.0,15.193,35973200000,756500000,279900000.0,441400000,79.411,
59,DE,ARQ,2006-12-31,2007-03-01,2007-01-31,2021-08-26,68600000,34147100000,,,,,16.672,-302000000.0,1341100000,1341100000,2950200000.0,238700000.0,,3.507,19624200000,,,19624200000,0,185700000.0,0,0.015,0.22,633900000.0,819600000.0,0.185,819600000.0,633900000.0,366800000.0,0.525,0.52,0.525,7575900000,,7575900000,42833210552,12.0,10.148,-988000000.0,-2.174,1.0,1475000000.0,0.333,1170100000,267100000.0,51260100000,,2484100000,3601600000,,,26571200000,,,24550110552,-346400000.0,0.0,-121500000.0,-34400000.0,-88700000.0,-221300000.0,552300000.0,861000000.0,-686000000.0,8600000.0,238700000.0,238700000.0,238700000.0,0.0,0.0,0.054,842500000.0,632500000.0,4099800000,0.419,3.241,14.47,14.804,4371800000,0.0,54.11,1.097,1.099,17304200000,8025300000,4425200000.0,4425200000.0,176800000.0,,,,,42600000.0,543500000.0,1.0,453707458,454400000,459600000.0,9.739,32977000000,585200000,128100000.0,210400000,72.573,
60,DE,ARQ,2006-09-30,2006-12-19,2006-10-31,2021-08-26,74300000,34720400000,,,,,16.048,-302600000.0,1687500000,1687500000,3524200000.0,277300000.0,,3.635,19705200000,,,19705200000,0,188900000.0,0,0.016,0.195,660600000.0,849500000.0,0.166,849500000.0,660600000.0,385300000.0,0.615,0.605,0.615,7491200000,,7491200000,40086044877,12.0,9.673,1008500000.0,2.16,1.0,1593300000.0,0.311,1166400000,275300000.0,51571700000,,1957300000,4311500000,,,27229200000,,,22068344877,401600000.0,-600000.0,-320900000.0,244100000.0,-91000000.0,-162400000.0,-734600000.0,-408500000.0,1311100000.0,-12500000.0,277300000.0,277300000.0,277300000.0,-700000.0,0.0,0.054,950500000.0,642800000.0,4513800000,0.317,2.946,13.029,13.36,4257500000,0.0,48.495,0.996,1.022,17512100000,7886800000,5117500000.0,5117500000.0,201100000.0,,,,,90700000.0,619400000.0,1.0,455064334,466800000,471600000.0,10.963,33554000000,582200000,108000000.0,217400000,71.881,
61,DE,ARQ,2006-06-30,2006-08-31,2006-07-31,2021-08-26,41500000,34767800000,,,,,16.194,-213900000.0,1285900000,1285900000,4398800000.0,436000000.0,,3.593,19340500000,,,19340500000,0,170600000.0,0,0.019,0.195,945500000.0,1116100000.0,0.178,1116100000.0,945500000.0,683600000.0,0.935,0.925,0.935,7569300000,,7569300000,36111114753,11.0,9.009,841100000.0,1.8,1.0,1867900000.0,0.298,1169000000,261900000.0,51653400000,,2404300000,4327200000,,,27198500000,,,18056514753,84000000.0,-37600000.0,-352500000.0,305900000.0,-91700000.0,-125800000.0,-867600000.0,-646700000.0,1055000000.0,22400000.0,436000000.0,436000000.0,436000000.0,-300000.0,0.0,0.07,925000000.0,942900000.0,4804100000,0.209,2.385,10.947,11.125,3954300000,0.0,39.05,0.813,0.822,17731800000,7697500000,6266700000.0,6266700000.0,175900000.0,,,,,0.0,623100000.0,1.0,462394744,467400000,471800000.0,13.408,33598800000,628800000,247600000.0,327800000,71.884,
62,DE,ARQ,2006-03-31,2006-06-01,2006-04-30,2021-08-26,54200000,34094800000,,,,,16.065,-195900000.0,1201900000,1201900000,4542700000.0,744600000.0,,3.51,19064300000,,,19064300000,0,170700000.0,0,0.016,0.195,1264900000.0,1435600000.0,0.219,1435600000.0,1264900000.0,1014500000.0,1.58,1.565,1.58,7560300000,,7560300000,38168646828,12.0,9.957,-625900000.0,-1.33,1.0,2018800000.0,0.308,1136600000,250400000.0,50820600000,,2711800000,3569800000,,,26534500000,,,20306246828,-275300000.0,437200000.0,-103800000.0,238800000.0,-92000000.0,100300000.0,37200000.0,-225300000.0,-430000000.0,17200000.0,744600000.0,744600000.0,744600000.0,-227600000.0,0.0,0.113,983200000.0,1035600000.0,4518700000,0.123,2.686,12.687,12.787,3810800000,0.0,43.155,0.925,0.925,17872900000,7353000000,6561500000.0,6561500000.0,187800000.0,,,,,0.0,613800000.0,1.0,470542158,470600000,476200000.0,13.943,32958200000,538100000,269900000.0,313200000,70.034,
63,DE,ARQ,2005-12-31,2006-02-24,2006-01-31,2021-08-26,4900000,33057300000,,,,,14.581,-160100000.0,1477200000,1477200000,2896300000.0,235900000.0,,3.805,18731600000,,,18731600000,0,161200000.0,0,0.017,0.195,581900000.0,743100000.0,0.177,743100000.0,581900000.0,352000000.0,0.5,0.495,0.5,6879100000,,6879100000,35466511074,12.0,9.764,-1123000000.0,-2.38,1.0,1305800000.0,0.311,1123500000,229900000.0,49188200000,,2731700000,3635500000,,,26178200000,,,18212111074,-781000000.0,-14600000.0,-194500000.0,39500000.0,-73700000.0,-228900000.0,416100000.0,652800000.0,-962900000.0,-5300000.0,235900000.0,235900000.0,235900000.0,-12000000.0,0.0,0.056,735800000.0,570000000.0,3909800000,0.39,2.647,12.475,12.833,3705100000,0.0,38.82,0.828,0.832,16091900000,6700000000,4202100000.0,4202100000.0,161000000.0,,,,,0.0,467600000.0,1.0,469142480,471800000,477000000.0,8.907,31933800000,646300000,116100000.0,282000000,67.685,
64,DE,ARQ,2005-09-30,2005-12-20,2005-10-31,2021-08-26,-26400000,33636800000,,,,,14.08,-243300000.0,2258200000,2258200000,3737500000.0,232900000.0,,3.909,18622600000,,,18622600000,0,164700000.0,0,0.017,0.155,548700000.0,713400000.0,0.138,713400000.0,548700000.0,331400000.0,0.495,0.485,0.495,6851500000,,6851500000,32901680335,11.0,9.244,1100400000.0,2.261,1.0,1439400000.0,0.278,1106800000,217300000.0,48894400000,,2134900000,4014300000,,,26785300000,,,16537280335,118400000.0,-41400000.0,-279500000.0,688200000.0,-74800000.0,333400000.0,-1550700000.0,-1214500000.0,1343700000.0,-8000000.0,232900000.0,232900000.0,232900000.0,0.0,0.0,0.045,890000000.0,549400000.0,4525000000,0.313,2.414,11.43,11.76,3700400000,0.0,34.985,0.754,0.776,16566700000,6556100000,5176900000.0,5176900000.0,192200000.0,,,,,0.0,591400000.0,1.0,472696308,486600000,492800000.0,10.639,32530000000,628100000,98500000.0,277000000,66.852,
65,DE,ARQ,2005-06-30,2005-09-01,2005-07-31,2021-08-26,-18100000,33052000000,,,,,14.35,-94400000.0,2139800000,2139800000,4397800000.0,387100000.0,,3.765,17854100000,,,17854100000,0,158000000.0,0,0.018,0.155,783200000.0,941200000.0,0.157,941200000.0,783200000.0,586700000.0,0.8,0.79,0.8,6937000000,,6937000000,31365326683,10.0,7.577,529000000.0,1.094,1.0,1607300000.0,0.268,1065900000,196500000.0,47700400000,,2560200000,3515600000,,,26115000000,,,15651026683,-916900000.0,-118200000.0,-98000000.0,1235900000.0,-76300000.0,1060900000.0,-2582000000.0,-2366100000.0,623400000.0,-19200000.0,387100000.0,387100000.0,387100000.0,0.0,0.0,0.064,827500000.0,779800000.0,4398600000,0.194,2.256,9.966,10.123,3442400000,0.0,32.445,0.713,0.714,16358800000,6401000000,6005100000.0,6005100000.0,165400000.0,,,,,0.0,567400000.0,1.0,482386398,483400000,489400000.0,12.423,31986100000,681000000,199600000.0,294600000,66.169,
66,DE,ARQ,2005-03-31,2005-05-27,2005-04-30,2021-08-26,3700000,31693600000,,,,,13.732,-69200000.0,3056700000,3056700000,4684000000.0,604000000.0,,3.703,16688300000,,,16688300000,0,153500000.0,0,0.017,0.155,1081300000.0,1234800000.0,0.186,1234800000.0,1081300000.0,901200000.0,1.23,1.215,1.23,6739700000,,6739700000,29695039091,10.0,7.555,-414000000.0,-0.844,1.0,1937400000.0,0.293,994800000,180100000.0,44330400000,,2890000000,985100000,,,24953900000,,,16063439091,191200000.0,46000000.0,-296500000.0,1821800000.0,-69300000.0,1455400000.0,-914600000.0,-897600000.0,-344800000.0,-4800000.0,604000000.0,604000000.0,604000000.0,0.0,0.0,0.091,862400000.0,1075000000.0,4453500000,0.126,2.383,10.136,10.33,3392200000,0.0,33.16,0.752,0.761,16522500000,6106100000,6621400000.0,6621400000.0,170400000.0,,,,,0.0,597900000.0,1.0,484422168,490800000,497400000.0,13.491,30698800000,597300000,297200000.0,250500000,62.548,
67,DE,ARQ,2004-12-31,2005-03-14,2005-01-31,2021-08-26,-2800000,28948100000,,,,,13.149,-48600000.0,2865500000,2865500000,2918000000.0,222800000.0,,3.455,14926500000,,,14926500000,0,160300000.0,0,0.016,0.14,509700000.0,670000000.0,0.162,670000000.0,509700000.0,342600000.0,0.45,0.445,0.45,6498100000,,6498100000,28946596952,10.0,8.07,-454300000.0,-0.919,1.0,1209100000.0,0.293,1005900000,167100000.0,40003200000,,2802000000,367200000,,,22450000000,,,16885596952,-315600000.0,-6100000.0,-91300000.0,364100000.0,-69300000.0,203400000.0,-125900000.0,-90200000.0,-405700000.0,12600000.0,222800000.0,222800000.0,222800000.0,0.0,0.0,0.054,696500000.0,512600000.0,3738800000,0.311,2.599,11.581,11.63,3392200000,0.0,34.25,0.819,0.82,14868500000,5583700000,4127100000.0,4127100000.0,149300000.0,,,,,0.0,461900000.0,1.0,493010130,494200000,502000000.0,8.351,27942200000,551200000,119800000.0,249200000,56.54,
68,DE,ARQ,2004-09-30,2004-12-21,2004-10-31,2021-08-26,-42700000,28754000000,,,,,12.896,-245000000.0,3181100000,3181100000,3693300000.0,356600000.0,,3.498,14547900000,,,14547900000,0,621000000.0,0,0.014,0.14,672300000.0,1293300000.0,0.248,1293300000.0,672300000.0,522900000.0,0.725,0.71,0.725,6392800000,,6392800000,29633516574,11.0,8.905,753800000.0,1.521,1.0,1513600000.0,0.291,995300000,149400000.0,39125500000,,1999100000,353600000,,,22361200000,,,18266716574,-155300000.0,-14100000.0,-87100000.0,-14200000.0,-69600000.0,-170500000.0,-1004000000.0,-655500000.0,998800000.0,20400000.0,356600000.0,356600000.0,356600000.0,0.0,0.0,0.068,839000000.0,674600000.0,4115900000,0.193,2.857,12.991,12.953,3458500000,0.0,36.85,0.914,0.914,15120100000,5445100000,5206900000.0,5206900000.0,172700000.0,,,,,0.0,575800000.0,1.0,495704656,495704656,,10.504,27758700000,528100000,166300000.0,241800000,55.998,
69,DE,ARQ,2004-06-30,2004-08-27,2004-07-31,2021-08-26,-1160400000,26738900000,,,,,10.108,-143900000.0,3336400000,3336400000,3915400000.0,401400000.0,,4.33,14246200000,,,14246200000,0,0.0,0,0.016,0.14,732500000.0,732500000.0,0.135,732500000.0,732500000.0,588400000.0,0.805,0.79,0.805,5016600000,,5016600000,26461578717,12.0,9.055,928300000.0,1.87,1.0,1503000000.0,0.277,1188700000,144100000.0,36460000000,,2218200000,364200000,,,21722300000,,,15551778717,340700000.0,-3600000.0,-71500000.0,264900000.0,-69400000.0,123800000.0,-843900000.0,-715300000.0,1072200000.0,-11400000.0,401400000.0,401400000.0,401400000.0,0.0,0.0,0.074,774400000.0,728600000.0,3942200000,0.174,3.1,13.883,13.834,3280700000,0.0,31.335,0.831,0.831,14390300000,5161300000,5418400000.0,5418400000.0,150100000.0,,,,,0.0,540200000.0,1.0,496306964,496306964,,10.917,25550200000,1287400000,187000000.0,231600000,51.481,
70,DE,ARQ,2004-03-31,2004-05-28,2004-04-30,2021-08-26,-1174200000,25957300000,,,,,9.522,-75800000.0,2995700000,2995700000,4164000000.0,477300000.0,,4.475,13955200000,,,13955200000,0,0.0,0,0.014,0.14,891100000.0,891100000.0,0.152,891100000.0,891100000.0,739900000.0,0.965,0.94,0.965,4740800000,,4740800000,27314645460,13.0,10.019,-757900000.0,-1.522,1.0,1713000000.0,0.291,1183900000,151200000.0,35732900000,,2226200000,360000000,,,21216500000,,,16355145460,-1092100000.0,-50500000.0,83300000.0,-26600000.0,-54200000.0,1900000.0,-439400000.0,-332000000.0,-682100000.0,27500000.0,477300000.0,477300000.0,477300000.0,0.0,0.0,0.081,820000000.0,893000000.0,3758000000,0.145,3.45,16.926,16.633,3275800000,0.0,32.85,0.924,0.924,14001700000,4841400000,5877000000.0,5877000000.0,150600000.0,,,,,0.0,583700000.0,1.0,497873530,497873530,,11.804,24773400000,1249200000,262600000.0,234300000,49.758,
71,DE,ARQ,2003-12-31,2004-02-27,2004-01-31,2021-08-26,-1137000000,26088400000,,,,,8.675,-25800000.0,4087800000,4087800000,2445100000.0,170800000.0,,5.089,14204800000,,,14204800000,0,0.0,0,0.014,0.11,410800000.0,410800000.0,0.118,410800000.0,410800000.0,263400000.0,0.35,0.34,0.35,4284500000,,4284500000,25978067960,15.0,10.855,-252200000.0,-0.511,1.0,1038700000.0,0.298,1194200000,147400000.0,35011200000,,2169800000,376500000,,,21803900000,,,15861067960,-296700000.0,-34100000.0,133000000.0,-703300000.0,-53400000.0,-623700000.0,551800000.0,628900000.0,-226400000.0,1600000.0,170800000.0,170800000.0,170800000.0,0.0,0.0,0.049,629100000.0,409600000.0,3144000000,0.314,3.702,21.264,20.719,3388100000,0.0,32.115,0.978,0.978,12610600000,4446200000,3483800000.0,3483800000.0,138200000.0,,,,,0.0,417700000.0,1.0,493883480,493883480,,7.054,24894200000,1517100000,92600000.0,248700000,50.405,
72,DE,ARQ,2003-09-30,2003-12-22,2003-10-31,2021-08-26,-1168000000,26258000000,,,,,8.191,-148400000.0,4384500000,4384500000,2915600000.0,70700000.0,,5.561,14751400000,,,14751400000,0,631400000.0,0,0.013,0.11,256500000.0,887900000.0,0.225,887900000.0,256500000.0,103000000.0,0.145,0.135,0.145,4002100000,,4002100000,26735877901,17.0,11.936,1192300000.0,2.44,1.0,1023800000.0,0.26,1125000000,153500000.0,35499900000,,1366100000,427300000,,,22255900000,,,16368977901,627300000.0,0.0,133000000.0,-292000000.0,-52700000.0,-212100000.0,-528500000.0,-374500000.0,1340700000.0,27200000.0,70700000.0,70700000.0,70700000.0,0.0,0.0,0.018,773000000.0,250800000.0,3193300000,0.759,4.09,25.453,25.0,3457500000,0.0,33.5,1.054,1.054,13325000000,4329500000,3939400000.0,3939400000.0,172200000.0,,,,,0.0,513700000.0,1.0,488626206,488626206,,8.062,25133000000,1476100000,32300000.0,257200000,51.436,
73,DE,ARQ,2003-06-30,2003-08-29,2003-07-31,2021-08-26,-1196000000,25997800000,,,,,7.9,-85300000.0,3757200000,3757200000,3204300000.0,247500000.0,,5.856,14947800000,,,14947800000,0,0.0,0,0.016,0.11,536600000.0,536600000.0,0.122,536600000.0,536600000.0,374200000.0,0.515,0.51,0.515,3792200000,,3792200000,24753129803,15.0,10.487,1002500000.0,2.089,1.0,1197300000.0,0.272,949700000,162400000.0,36238700000,,1710500000,414300000,,,22205600000,,,13562529803,433000000.0,-2600000.0,21100000.0,-551200000.0,-52600000.0,-582700000.0,-85600000.0,500000.0,1087800000.0,13500000.0,247500000.0,247500000.0,247500000.0,0.0,0.0,0.056,664600000.0,532700000.0,3270100000,0.214,3.576,21.182,21.165,3406000000,0.0,28.255,0.9,0.9,13544200000,4317300000,4401600000.0,4401600000.0,143300000.0,,,,,0.0,447800000.0,1.0,480004594,480004594,,9.17,25048100000,1479700000,126700000.0,257300000,52.183,
74,DE,ARQ,2003-03-31,2003-05-29,2003-04-30,2021-08-26,-1241500000,26184500000,,,,,7.373,-17500000.0,3324200000,3324200000,3191100000.0,256900000.0,,6.418,15469400000,,,15469400000,0,0.0,0,0.021,0.11,557900000.0,557900000.0,0.127,557900000.0,557900000.0,397300000.0,0.54,0.535,0.54,3529800000,,3529800000,22374005893,15.0,9.881,-372900000.0,-0.779,1.0,1208900000.0,0.275,936800000,160600000.0,37392900000,,2006800000,387800000,,,22654700000,,,10228805893,-229200000.0,-4000000.0,600000.0,692700000.0,-52700000.0,640400000.0,-522900000.0,-471000000.0,-355400000.0,8700000.0,256900000.0,256900000.0,256900000.0,0.0,0.0,0.058,650100000.0,558800000.0,3279000000,0.204,2.898,18.928,18.907,3436000000,0.0,21.365,0.699,0.699,13757800000,4128400000,4400000000.0,4400000000.0,144300000.0,,,,,0.0,425400000.0,1.0,478764610,478764610,,9.19,25247700000,1538500000,140400000.0,274300000,52.735,
75,DE,ARQ,2002-12-31,2003-03-04,2003-01-31,2021-08-26,-1308400000,24953600000,,,,,6.804,-17600000.0,3553400000,3553400000,1977800000.0,68000000.0,,6.662,14639800000,,,14639800000,0,0.0,0,0.022,0.11,257500000.0,257500000.0,0.092,257500000.0,257500000.0,105500000.0,0.14,0.14,0.14,3256900000,,3256900000,20624315864,15.0,9.83,-555000000.0,-1.159,1.0,815800000.0,0.292,921400000,152000000.0,35118600000,,1929300000,363900000,,,21696700000,,,9537915864,738500000.0,18500000.0,19400000.0,1047600000.0,-52500000.0,1013300000.0,240900000.0,245000000.0,-537400000.0,21700000.0,68000000.0,68000000.0,68000000.0,0.0,0.0,0.024,558300000.0,257500000.0,2898600000,0.786,2.929,22.426,22.388,3515800000,0.0,19.925,0.671,0.671,12383200000,3924400000,2793600000.0,2793600000.0,117500000.0,,,,,0.0,357300000.0,1.0,478690884,478690884,,5.836,24032200000,1492800000,37500000.0,142000000,50.204,
76,DE,ARQ,2002-09-30,2002-12-20,2002-10-31,2021-08-26,-1366400000,23768000000,,,,,6.61,-129700000.0,2814900000,2814900000,2519200000.0,67900000.0,,6.514,13387700000,,,13387700000,0,725300000.0,0,0.018,0.11,283000000.0,1008300000.0,0.291,1008300000.0,283000000.0,122800000.0,0.14,0.145,0.14,3163200000,,3163200000,21954374938,18.0,11.317,1070000000.0,2.236,1.0,950200000.0,0.274,894900000,160200000.0,33445900000,,1371800000,369800000,,,20604800000,,,11381574938,487400000.0,-200000.0,8300000.0,91000000.0,-52400000.0,46900000.0,-746800000.0,-698000000.0,1199700000.0,-12400000.0,67900000.0,67900000.0,67900000.0,0.0,0.0,0.02,662700000.0,287500000.0,3206200000,0.786,3.598,35.657,35.5,3607500000,0.0,23.785,0.816,0.816,12493300000,3912600000,3469400000.0,3469400000.0,143400000.0,,,,,0.0,434700000.0,1.0,478519022,478519022,,7.25,22873100000,1490100000,54900000.0,111900000,47.8,
77,DE,ARQ,2002-06-30,2002-09-10,2002-07-31,2021-08-26,-312100000,23486800000,,,,,8.767,-137800000.0,2327500000,2327500000,2889400000.0,147600000.0,,4.614,13284700000,,,13284700000,0,0.0,0,0.019,0.11,440700000.0,440700000.0,0.111,440700000.0,440700000.0,282400000.0,0.31,0.305,0.31,4183900000,,4183900000,22190835968,35.0,16.436,766000000.0,1.605,1.0,1079600000.0,0.272,861000000,158300000.0,33583000000,,1606500000,398300000,,,19302900000,,,11233635968,-289000000.0,-3700000.0,6300000.0,-328800000.0,-52500000.0,-374700000.0,-825800000.0,-689500000.0,903800000.0,7700000.0,147600000.0,147600000.0,147600000.0,0.0,0.0,0.037,632500000.0,447100000.0,3009400000,0.355,2.685,-163.517,-156.933,3671600000,0.0,23.54,0.818,0.818,12201000000,3899500000,3969000000.0,3969000000.0,125200000.0,,,,,0.0,406300000.0,1.0,477214782,477214782,,8.317,22625800000,1030000000,134800000.0,146100000,47.412,
78,DE,ARQ,2002-03-31,2002-06-06,2002-04-30,2021-08-26,-303700000,23439400000,,,,,8.578,-22500000.0,2616500000,2616500000,2891300000.0,141800000.0,,4.731,13442900000,,,13442900000,0,0.0,0,0.019,0.11,391600000.0,391600000.0,0.098,391600000.0,391600000.0,234900000.0,0.3,0.295,0.3,4090100000,,4090100000,21795614332,43.0,17.733,95400000.0,0.2,1.0,1095200000.0,0.275,853600000,156700000.0,33412200000,,1806700000,404200000,,,19349300000,,,10969214332,251700000.0,-7300000.0,21700000.0,503100000.0,-52300000.0,471900000.0,-342800000.0,-104800000.0,117900000.0,4700000.0,141800000.0,141800000.0,141800000.0,0.0,0.0,0.036,698400000.0,396800000.0,2942400000,0.367,2.682,-75.912,-74.21,3724000000,0.0,23.005,0.822,0.822,11847400000,3808600000,3986500000.0,3986500000.0,132000000.0,,,,,0.0,450500000.0,1.0,476818706,476818706,,8.361,22585800000,971800000,93100000.0,156100000,47.368,
79,DE,ARQ,2001-12-31,2002-03-12,2002-01-31,2021-08-26,-339700000,22406200000,,,,,8.292,-61400000.0,2364800000,2364800000,1811900000.0,-38100000.0,,4.683,12863300000,,,12863300000,0,0.0,0,0.019,0.11,99300000.0,99300000.0,0.039,99300000.0,99300000.0,-62600000.0,-0.08,-0.08,-0.08,3942400000,,3942400000,21726446149,41.0,17.399,-404500000.0,-0.851,1.0,710200000.0,0.282,864000000,161900000.0,32040700000,,1830700000,396300000,,,18463800000,,,11227946149,1334800000.0,45700000.0,10500000.0,124200000.0,-51700000.0,81800000.0,1601400000.0,1479400000.0,-343100000.0,-5300000.0,-38100000.0,-38100000.0,-38100000.0,0.0,0.0,-0.015,601800000.0,108400000.0,2741000000,-1.375,2.848,-70.839,-70.493,3833200000,0.0,23.615,0.855,0.855,11032600000,3734900000,2522100000.0,2522100000.0,127200000.0,,,,,0.0,365800000.0,1.0,475458232,475458232,,5.305,21542200000,908100000,-24500000.0,84300000,45.308,
80,DE,ARQ,2001-09-30,2001-12-21,2001-10-31,2021-08-26,-368900000,22663100000,,,,,8.409,-296600000.0,1030000000,1030000000,2705500000.0,-320000000.0,,4.677,12759200000,,,12759200000,0,718300000.0,0,0.021,0.11,-299800000.0,418500000.0,0.129,418500000.0,-299800000.0,-476900000.0,-0.68,-0.675,-0.68,3992200000,,3992200000,21817906950,30.0,15.176,1033800000.0,2.178,1.0,546600000.0,0.168,874000000,177100000.0,33518300000,,1505700000,374600000,,,18670900000,,,10088706950,777300000.0,-51100000.0,10800000.0,476500000.0,-51600000.0,434800000.0,-982600000.0,-703000000.0,1330400000.0,-5300000.0,-320000000.0,-320000000.0,-320000000.0,0.0,0.0,-0.098,838100000.0,-291500000.0,3113700000,-0.162,2.527,-157.636,-157.407,3991600000,0.0,21.25,0.759,0.759,12826900000,3834800000,3252100000.0,3252100000.0,160500000.0,,,,,0.0,559600000.0,1.0,474762680,474762680,,6.85,21789100000,883100000,-156900000.0,57000000,45.895,
81,DE,ARQ,2001-06-30,2001-09-13,2001-07-31,2021-08-26,-307300000,22043800000,,,,,9.221,-251300000.0,252700000,252700000,2627400000.0,71800000.0,,4.09,12237400000,,,12237400000,0,0.0,0,0.021,0.11,319700000.0,319700000.0,0.089,319700000.0,319700000.0,132200000.0,0.15,0.15,0.15,4330500000,,4330500000,21964368822,17.0,11.277,763400000.0,1.626,1.0,956900000.0,0.267,777900000,187500000.0,33250600000,,1924900000,369500000,,,17713300000,,,9979668822,-231700000.0,-13800000.0,1100000.0,169500000.0,-51700000.0,118400000.0,-1178800000.0,-787500000.0,1014700000.0,-1800000.0,71800000.0,71800000.0,71800000.0,0.0,0.0,0.02,632700000.0,324200000.0,2816900000,0.733,2.305,30.51,30.576,3899500000,0.0,21.25,0.744,0.744,12790500000,4216400000,3584300000.0,3584300000.0,141800000.0,,,,,0.0,398500000.0,1.0,469631474,469631474,,7.632,21265900000,827000000,60400000.0,120700000,45.282,
82,DE,ARQ,2001-03-31,2001-06-07,2001-04-30,2021-08-26,-283700000,22099900000,,,,,9.245,-216500000.0,484400000,484400000,2714100000.0,127800000.0,,4.091,12093600000,,,12093600000,0,0.0,0,0.029,0.11,411200000.0,411200000.0,0.109,411200000.0,411200000.0,209400000.0,0.275,0.27,0.275,4340800000,,4340800000,20549227625,14.0,9.86,-456800000.0,-0.973,1.0,1062000000.0,0.281,795600000,201800000.0,32913500000,,2173200000,346300000,,,17759100000,,,8940027625,172800000.0,-29000000.0,900000.0,1114500000.0,-51600000.0,1063100000.0,-830100000.0,-464800000.0,-240300000.0,-4100000.0,127800000.0,127800000.0,127800000.0,0.0,0.0,0.034,645600000.0,416400000.0,3035700000,0.4,2.06,20.903,20.809,3844200000,0.0,19.04,0.664,0.664,12479800000,4196700000,3776100000.0,3776100000.0,153500000.0,,,,,0.0,403000000.0,1.0,469539266,469539266,,8.042,21304300000,792500000,81600000.0,89100000,45.373,
83,DE,ARQ,2000-12-31,2001-03-05,2001-01-31,2021-08-26,-223500000,20743300000,,,,,9.207,-110100000.0,311600000,311600000,1805400000.0,56400000.0,,3.8,11026000000,,,11026000000,0,0.0,0,0.026,0.11,288300000.0,288300000.0,0.108,288300000.0,288300000.0,89000000.0,0.12,0.12,0.12,4321900000,,4321900000,20668689275,13.0,9.452,-1101500000.0,-2.346,1.0,875000000.0,0.326,819600000,199300000.0,30638100000,,2185800000,331600000,,,16421400000,,,9954289275,19900000.0,-221300000.0,3700000.0,432700000.0,-51600000.0,384100000.0,626600000.0,810600000.0,-991400000.0,600000.0,56400000.0,56400000.0,56400000.0,0.0,0.0,0.021,583200000.0,291800000.0,2792400000,0.917,2.303,19.743,19.726,3836900000,0.0,21.205,0.739,0.739,11438300000,4122300000,2680400000.0,2680400000.0,134300000.0,,,,,0.0,355700000.0,1.0,469431232,469431232,,5.71,19923700000,741000000,32600000.0,61600000,42.442,
84,DE,ARQ,2000-09-30,2001-01-16,2000-10-31,2021-08-26,-229800000,20469400000,,,,,9.166,-413300000.0,291700000,291700000,2391100000.0,71100000.0,,3.758,10522800000,,,10522800000,0,647900000.0,0,0.026,0.11,280700000.0,928600000.0,0.275,928600000.0,280700000.0,93100000.0,0.15,0.155,0.15,4301900000,,4301900000,20086662920,14.0,9.548,879900000.0,1.875,1.0,984600000.0,0.292,652200000,187600000.0,30048300000,,1552900000,318100000,,,16167500000,,,9855562920,-60000000.0,-21400000.0,-100000.0,356700000.0,-51600000.0,304200000.0,-1239300000.0,-792900000.0,1293200000.0,-3700000.0,71100000.0,71100000.0,71100000.0,0.0,0.0,0.021,701900000.0,282700000.0,3009100000,0.733,2.291,20.3,20.29,3866800000,0.0,21.0,0.75,0.75,12071100000,4117200000,3375700000.0,3375700000.0,168800000.0,,,,,0.0,441800000.0,1.0,469312520,469312520,,7.193,19817200000,740400000,22000000.0,132100000,42.226,
85,DE,ARQ,2000-06-30,2000-09-05,2000-07-31,2021-08-26,-156900000,20102600000,,,,,9.275,-200100000.0,351700000,351700000,2582400000.0,172400000.0,,3.619,10252100000,,,10252100000,0,0.0,0,0.032,0.215,455900000.0,455900000.0,0.126,455900000.0,455900000.0,273900000.0,0.37,0.36,0.37,4351800000,,4351800000,17890600761,14.0,10.141,41400000.0,0.088,1.0,1049700000.0,0.289,708800000,182000000.0,29294200000,,1725100000,301500000,,,15750800000,,,7990200761,-18700000.0,-53700000.0,9500000.0,-285400000.0,-51500000.0,-327800000.0,-348700000.0,-26700000.0,241500000.0,1900000.0,172400000.0,172400000.0,172400000.0,0.0,0.0,0.047,598300000.0,451400000.0,2728900000,0.581,1.836,20.759,20.768,3658600000,0.0,17.03,0.637,0.637,11647900000,4101900000,3632100000.0,3632100000.0,131000000.0,,,,,0.0,384500000.0,1.0,469183838,469183838,,7.741,19393800000,744800000,101500000.0,220800000,41.335,
86,DE,ARQ,2000-03-31,2000-06-08,2000-04-30,2021-08-26,-160500000,20205200000,,,,,8.999,-233500000.0,370400000,370400000,2700300000.0,204300000.0,,3.792,10523100000,,,10523100000,0,0.0,0,0.021,0.11,513900000.0,513900000.0,0.136,513900000.0,513900000.0,353800000.0,0.435,0.435,0.435,4216200000,,4216200000,20050455527,19.0,12.713,-233900000.0,-0.499,1.0,1089400000.0,0.287,713100000,160100000.0,29644800000,,1876900000,278200000,,,15989000000,,,9897755527,72900000.0,-553300000.0,1400000.0,1608700000.0,-51500000.0,1558500000.0,-1376700000.0,-542000000.0,-400000.0,-1700000.0,204300000.0,204300000.0,204300000.0,0.0,0.0,0.054,576100000.0,513300000.0,2783700000,0.253,2.348,35.173,35.208,3596000000,0.0,21.125,0.828,0.828,11739100000,3990500000,3789700000.0,3789700000.0,139700000.0,,,,,0.0,363200000.0,1.0,468532806,468532806,,8.088,19492100000,686700000,149500000.0,140800000,41.602,
87,DE,ARQ,1999-12-31,2000-03-13,2000-01-31,2021-08-26,-120200000,18144400000,,,,,8.748,-185100000.0,297500000,297500000,1642800000.0,37700000.0,,3.431,8950200000,,,8950200000,0,0.0,0,0.025,0.11,205300000.0,205300000.0,0.088,205300000.0,205300000.0,58500000.0,0.08,0.08,0.08,4094800000,,4094800000,16916626800,18.0,11.757,-639400000.0,-1.366,1.0,696500000.0,0.298,294100000,146800000.0,26503000000,,1781000000,281500000,,,14049600000,,,8263926800,2000000.0,-14900000.0,4500000.0,542400000.0,-51400000.0,495500000.0,-145600000.0,54400000.0,-454300000.0,-400000.0,37700000.0,37700000.0,37700000.0,0.0,0.0,0.016,489900000.0,206600000.0,2359200000,1.375,2.018,36.373,36.031,3504000000,0.0,17.655,0.71,0.71,10457000000,3841500000,2339300000.0,2339300000.0,102600000.0,,,,,0.0,315400000.0,1.0,468078550,468078550,,4.998,17850300000,625800000,20800000.0,181800000,38.135,
88,DE,ARQ,1999-09-30,2000-01-26,1999-10-31,2021-08-26,-120700000,17578200000,,,,,8.751,-181800000.0,295500000,295500000,2121400000.0,-29500000.0,,3.293,8294400000,,,8294400000,0,513300000.0,0,0.019,0.11,75800000.0,589100000.0,0.211,589100000.0,75800000.0,-65000000.0,-0.065,-0.065,-0.065,4094300000,,4094300000,18673425324,20.0,12.934,908100000.0,1.941,1.0,667000000.0,0.239,295100000,140800000.0,25282000000,,1294300000,467000000,,,13483900000,,,10674525324,-56800000.0,130600000.0,-2100000.0,-899200000.0,-51400000.0,-951200000.0,74100000.0,286100000.0,1089900000.0,-900000.0,-29500000.0,-29500000.0,-29500000.0,0.0,0.0,-0.011,593000000.0,74000000.0,2448300000,-1.692,2.607,44.626,44.301,3437000000,0.0,22.815,0.908,0.908,10297800000,3855300000,2788400000.0,2788400000.0,134700000.0,,,,,0.0,380800000.0,1.0,467873124,467873124,,5.96,17283100000,598100000,-35500000.0,207800000,36.94,
89,DE,ARQ,1999-09-30,2000-01-25,1999-10-31,2021-08-26,-120700000,17578200000,,,,,8.751,-181800000.0,295500000,295500000,2121400000.0,-29500000.0,,3.293,8294400000,,,8294400000,0,513300000.0,0,0.02,0.11,75800000.0,589100000.0,0.211,589100000.0,75800000.0,-65000000.0,-0.065,-0.065,-0.065,4094300000,,4094300000,18409077009,20.0,12.75,908100000.0,1.941,1.0,667000000.0,0.239,295100000,140800000.0,25282000000,,1294300000,467000000,,,13483900000,,,10410177009,-56800000.0,130600000.0,-2100000.0,-899200000.0,-51400000.0,-951200000.0,74100000.0,286100000.0,1089900000.0,-900000.0,-29500000.0,-29500000.0,-29500000.0,0.0,0.0,-0.011,593000000.0,74000000.0,2448300000,-1.692,2.543,43.521,43.204,3437000000,0.0,22.25,0.886,0.886,10297800000,3855300000,2788400000.0,2788400000.0,134700000.0,,,,,0.0,380800000.0,1.0,467873124,467873124,,5.96,17283100000,598100000,-35500000.0,207800000,36.94,
90,DE,ARQ,1999-06-30,1999-09-03,1999-07-31,2021-08-26,-106700000,18730600000,,,,,8.953,-269800000.0,352300000,352300000,2252300000.0,68900000.0,,3.476,8986800000,,,8986800000,0,0.0,0,0.022,0.11,268800000.0,268800000.0,0.089,268800000.0,268800000.0,129900000.0,0.15,0.145,0.15,4184500000,,4184500000,17981949720,15.0,9.314,602200000.0,1.288,1.0,783300000.0,0.258,300900000,138900000.0,27064200000,,1428000000,990900000,,,14546100000,,,9347449720,57000000.0,-105100000.0,300000.0,-1183500000.0,-51300000.0,-1234900000.0,351000000.0,663100000.0,872000000.0,0.0,68900000.0,68900000.0,68900000.0,0.0,0.0,0.023,519600000.0,263700000.0,2570800000,0.733,2.234,21.698,21.39,3234900000,0.0,20.0,0.768,0.768,10955300000,3939200000,3035600000.0,3035600000.0,114700000.0,,,,,0.0,338900000.0,1.0,467372486,467372486,,6.495,18429700000,568900000,61000000.0,177300000,39.433,
91,DE,ARQ,1999-03-31,1999-06-08,1999-04-30,2021-08-26,-84100000,19859300000,,,,,8.948,-326000000.0,295300000,295300000,2591000000.0,150100000.0,,3.757,10134000000,,,10134000000,0,0.0,0,0.023,0.11,375600000.0,375600000.0,0.108,375600000.0,375600000.0,232800000.0,0.325,0.325,0.325,4174600000,,4174600000,18907947983,12.0,8.42,-406600000.0,-0.872,1.0,877400000.0,0.253,273900000,142800000.0,29424100000,,1584400000,1039400000,,,15684700000,,,9069247983,-30200000.0,-62200000.0,2700000.0,618700000.0,-51000000.0,569200000.0,-668500000.0,-276000000.0,-80600000.0,-400000.0,150100000.0,150100000.0,150100000.0,0.0,0.0,0.043,503800000.0,373600000.0,2637700000,0.338,2.172,13.895,14.036,3090200000,0.0,19.44,0.707,0.707,12243100000,3922900000,3468400000.0,3468400000.0,113100000.0,,,,,0.0,340600000.0,1.0,466525102,466525102,,7.435,19585400000,456800000,82700000.0,112900000,41.981,
92,DE,ARQ,1998-12-31,1999-03-10,1999-01-31,2021-08-26,-79300000,18503200000,,,,,8.693,-180100000.0,325500000,325500000,1807700000.0,49700000.0,,3.593,9146900000,,,9146900000,0,0.0,0,0.026,0.11,210300000.0,210300000.0,0.086,210300000.0,210300000.0,76200000.0,0.105,0.105,0.105,4028500000,,4028500000,16699655362,9.0,6.498,-626900000.0,-1.353,1.0,650800000.0,0.265,212000000,134100000.0,27112600000,,1614700000,1044600000,,,14474700000,,,7878255362,15800000.0,0.0,-45700000.0,919200000.0,-51700000.0,821800000.0,-408400000.0,-338200000.0,-446800000.0,-500000.0,49700000.0,49700000.0,49700000.0,0.0,0.0,0.02,440400000.0,210400000.0,2391400000,1.048,1.956,9.078,9.444,2930800000,0.0,17.0,0.586,0.586,11093200000,3824300000,2458500000.0,2458500000.0,95900000.0,,,,,0.0,301800000.0,1.0,463426786,463426786,,5.305,18291200000,400200000,26500000.0,160000000,39.469,
93,DE,ARQ,1998-09-30,1999-01-26,1998-10-31,2021-08-26,-74700000,18001500000,,,,,8.804,-214400000.0,309700000,309700000,2302400000.0,162100000.0,,3.412,8113800000,,,8113800000,0,700600000.0,0,0.027,0.11,375300000.0,1075900000.0,0.335,1075900000.0,375300000.0,238200000.0,0.355,0.355,0.355,4079800000,,4079800000,15494659714,7.0,5.543,1320200000.0,2.849,1.0,910000000.0,0.283,217600000,137100000.0,25588000000,,1286700000,1039300000,,,13921700000,,,7690559714,-21400000.0,-51300000.0,-217300000.0,-734600000.0,-53100000.0,-1007000000.0,309400000.0,664600000.0,1534600000.0,900000.0,162100000.0,162100000.0,162100000.0,0.0,0.0,0.05,538200000.0,371800000.0,2884300000,0.31,1.885,7.529,7.902,2909500000,0.0,16.595,0.556,0.556,10964900000,3839500000,3212400000.0,3212400000.0,124900000.0,,,,,0.0,361000000.0,1.0,463426316,463426316,,6.932,17783900000,396300000,76100000.0,164600000,38.375,
94,DE,ARQ,1998-06-30,1998-09-02,1998-07-31,2021-08-26,-88000000,18625900000,,,,,8.728,-311400000.0,331100000,331100000,2628900000.0,290800000.0,,3.474,8856400000,,,8856400000,0,0.0,0,0.025,0.11,583900000.0,583900000.0,0.158,583900000.0,583900000.0,445600000.0,0.6,0.595,0.6,4163500000,,4163500000,16873180205,,,-218200000.0,-0.457,1.0,1064500000.0,0.288,191300000,138300000.0,26959900000,,1337300000,1031900000,,,14462400000,,,8347880205,-3300000.0,-3300000.0,-319800000.0,391600000.0,-1800000.0,69900000.0,-455500000.0,-162000000.0,93200000.0,-1700000.0,290800000.0,290800000.0,290800000.0,0.0,0.0,0.079,489200000.0,575300000.0,2754400000,0.183,2.005,,,2690000000,0.0,17.5,,,11632200000,3732900000,3693400000.0,3693400000.0,110700000.0,,,,,0.0,324700000.0,1.0,477021726,477021726,,7.743,18434600000,534200000,154800000.0,129800000,38.645,
95,DE,ARQ,1998-03-31,1998-06-09,1998-04-30,2021-08-26,-70600000,18553200000,,,,,8.71,-315900000.0,334400000,334400000,2876300000.0,365200000.0,,3.35,8510300000,,,8510300000,0,0.0,0,0.016,0.11,699700000.0,699700000.0,0.172,699700000.0,699700000.0,570400000.0,0.74,0.725,0.74,4265300000,,4265300000,20695295093,,,-717800000.0,-1.466,1.0,1193300000.0,0.293,186400000,129300000.0,26542700000,,1511100000,1021600000,,,14287900000,,,12519395093,15200000.0,-9900000.0,-199900000.0,913600000.0,-107300000.0,607300000.0,-556100000.0,-243600000.0,-401900000.0,700000.0,365200000.0,365200000.0,365200000.0,0.0,0.0,0.09,496600000.0,696700000.0,2738300000,0.149,2.935,,,2542900000,0.0,25.565,,,11660400000,3502700000,4069600000.0,4069600000.0,114100000.0,,,,,0.0,340600000.0,1.0,489708394,489708394,,8.31,18366800000,529600000,205200000.0,250900000,37.506,
96,DE,ARQ,1997-12-31,1998-03-06,1998-01-31,2021-08-26,-74900000,17187300000,,,,,8.357,-190900000.0,319200000,319200000,2005100000.0,203300000.0,,3.146,7576300000,,,7576300000,0,0.0,0,0.014,0.11,435800000.0,435800000.0,0.153,435800000.0,435800000.0,321100000.0,0.405,0.405,0.405,4146000000,,4146000000,21644646004,,,-999900000.0,-2.015,1.0,841000000.0,0.295,183800000,114700000.0,24260600000,,1464300000,1015800000,,,13041300000,,,14387546004,-10800000.0,-38500000.0,-126200000.0,1192900000.0,-50200000.0,1016500000.0,-419700000.0,-272900000.0,-809000000.0,-1900000.0,203300000.0,203300000.0,203300000.0,0.0,0.0,0.071,405400000.0,435600000.0,2501300000,0.272,3.47,,,2355600000,0.0,29.0,,,10550200000,3194300000,2846100000.0,2846100000.0,94700000.0,,,,,0.0,283100000.0,1.0,496122276,496122276,,5.737,17003500000,528900000,117800000.0,199600000,34.273,
97,DE,ARQ,1997-09-30,1998-01-23,1997-10-31,2021-08-26,-49200000,16319800000,,,,,8.305,,330000000,330000000,,,,2.935,6397400000,,,6397400000,0,,0,0.016,0.11,,,,,,,,,,4147200000,,4147200000,18910322537,12.0,10.05,,,1.0,,,157800000,,22229400000,,1072700000,969500000,,,12172600000,,,12842922537,,,,,,,,,,,,,,,,,,,2888400000,,3.097,13.377,2.707,2298700000,,25.72,1.142,1.142,10165800000,3048400000,,,,,,,,,,1.0,499336024,499336024,,,16162000000,543600000,,138900000,32.367,
0,DE,ART,2021-06-30,2021-08-26,2021-08-01,2021-08-26,-5011000000,80688000000,77559500000.0,,,0.547,50.582,-469000000.0,7519000000,7519000000,27778000000.0,5439000000.0,,4.129,47961000000,,,47961000000,0,2073000000.0,0,0.009,3.32,8159000000.0,10232000000.0,0.241,10232000000.0,8159000000.0,7097000000.0,17.38,17.25,17.38,15731000000,14460750000.0,15731000000,157139838475,19.0,15.358,7271000000.0,23.379,1.0,14650000000.0,0.345,4415000000,1062000000.0,116715000000,112734250000.0,6410000000,6277000000,,,64955000000,,,116697838475,-661000000.0,-85000000.0,-1911000000.0,-542000000.0,-999000000.0,-3555000000.0,-4904000000.0,-4102000000.0,7740000000.0,58000000.0,5438000000.0,5438000000.0,5438000000.0,0.0,1000000.0,0.128,6482000000.0,8168000000.0,11207000000,0.191,7.418,21.46,21.655,12631000000,0.0,376.37,2.75,2.759,38419000000,35491000000,42428000000.0,42428000000.0,1580000000.0,0.07,0.376,0.072,0.192,82000000.0,3458000000.0,1.0,310061478,311000000,313400000.0,136.424,76273000000,1767000000,1659000000.0,515000000,245.251,
1,DE,ART,2021-03-31,2021-05-27,2021-05-02,2021-08-26,-4960000000,78979000000,76703500000.0,,,0.519,48.248,-443000000.0,7182000000,7182000000,26039000000.0,4583000000.0,,4.233,47363000000,,,47363000000,0,2105000000.0,0,0.009,3.18,7315000000.0,9420000000.0,0.237,9420000000.0,7315000000.0,6207000000.0,14.61,14.5,14.61,15092000000,13750000000.0,15092000000,153169545143,21.0,16.26,8050000000.0,25.735,1.0,13787000000.0,0.346,4500000000,1108000000.0,114660000000,111871000000.0,6042000000,4957000000,,,63883000000,,,112988545143,-1722000000.0,-85000000.0,-1154000000.0,-3548000000.0,-955000000.0,-5764000000.0,-4736000000.0,-3865000000.0,8493000000.0,285000000.0,4582000000.0,4582000000.0,4582000000.0,0.0,1000000.0,0.115,6453000000.0,7334000000.0,10682000000,0.218,7.487,24.659,24.792,12812000000,0.0,362.21,2.837,2.845,38656000000,34105000000,39826000000.0,39826000000.0,1556000000.0,0.06,0.333,0.065,0.184,78000000.0,3369000000.0,1.0,311942092,312800000,315200000.0,127.321,74479000000,1724000000,1625000000.0,533000000,238.104,
2,DE,ART,2020-12-31,2021-02-25,2021-01-31,2021-08-26,-5078000000,75480000000,76290250000.0,,,0.485,44.922,-499000000.0,6962000000,6962000000,24405000000.0,3459000000.0,,4.359,45965000000,,,45965000000,0,2118000000.0,0,0.009,3.04,5980000000.0,8098000000.0,0.219,8098000000.0,5980000000.0,4798000000.0,11.02,10.93,11.02,14083000000,12943000000.0,14083000000,148089148372,25.0,18.287,7635000000.0,24.354,1.0,12616000000.0,0.341,4536000000,1182000000.0,109947000000,111791250000.0,5956000000,4776000000,,,61394000000,,,109086148372,3354000000.0,-85000000.0,-639000000.0,571000000.0,-956000000.0,-1150000000.0,-3766000000.0,-3286000000.0,8134000000.0,136000000.0,3458000000.0,3458000000.0,3458000000.0,0.0,1000000.0,0.093,6592000000.0,6024000000.0,9523000000,0.276,7.746,31.546,31.582,12771000000,0.0,348.03,2.947,2.947,35644000000,32596000000,37021000000.0,37021000000.0,1585000000.0,0.045,0.267,0.053,0.162,77000000.0,3437000000.0,1.0,313438923,313500000,316100000.0,118.089,70944000000,1556000000,1340000000.0,532000000,226.297,
3,DE,ART,2020-09-30,2020-12-17,2020-11-01,2021-08-26,-5539000000,75091000000,75375500000.0,,,0.472,41.266,-873000000.0,7066000000,7066000000,23677000000.0,2753000000.0,,4.804,45998000000,,,45998000000,0,2118000000.0,0,0.011,3.04,5080000000.0,7198000000.0,0.203,7198000000.0,5080000000.0,3833000000.0,8.77,8.69,8.77,12937000000,12403750000.0,12937000000,121825465218,24.0,16.925,6610000000.0,21.085,1.0,11863000000.0,0.334,4408000000,1247000000.0,109615000000,111510500000.0,4999000000,5537000000,,,62147000000,,,82893465218,3216000000.0,-66000000.0,-419000000.0,528000000.0,-956000000.0,-980000000.0,-3319000000.0,-2621000000.0,7483000000.0,32000000.0,2751000000.0,2751000000.0,2751000000.0,0.0,2000000.0,0.077,6733000000.0,5130000000.0,10217000000,0.347,6.407,30.132,30.163,13115000000,0.0,264.53,2.332,2.333,35172000000,31646000000,35540000000.0,35540000000.0,1644000000.0,0.036,0.222,0.046,0.143,81000000.0,3477000000.0,1.0,313361302,313500000,316600000.0,113.365,70683000000,1499000000,1082000000.0,519000000,225.464,
4,DE,ART,2020-06-30,2020-08-27,2020-08-02,2021-08-26,-5319000000,77264000000,74855500000.0,,,0.477,41.176,-1350000000.0,8190000000,8190000000,23941700000.0,2717100000.0,,4.995,48473000000,,,48473000000,0,2111000000.0,0,0.014,3.04,4926200000.0,7037200000.0,0.197,7037200000.0,4926200000.0,3570000000.0,8.68,8.59,8.68,12888000000,12022750000.0,12888000000,106038427360,22.0,15.068,5715000000.0,18.259,1.0,11763300000.0,0.329,4285000000,1356200000.0,113262000000,111654500000.0,5650000000,6308000000,,,64373000000,,,65755427360,4818000000.0,93000000.0,-480000000.0,2599000000.0,-958000000.0,1017000000.0,-3312000000.0,-2436000000.0,7065000000.0,48000000.0,2714600000.0,2714600000.0,2714600000.0,0.0,2500000.0,0.076,6815700000.0,4947600000.0,9645000000,0.35,5.102,24.223,24.174,12912000000,0.0,209.83,1.842,1.839,34530000000,31128000000,35705000000.0,35705000000.0,1689100000.0,0.036,0.226,0.044,0.138,82000000.0,3411400000.0,1.0,313374767,313000000,315800000.0,114.073,72979000000,1534000000,855400000.0,479000000,233.16,
5,DE,ART,2020-03-31,2020-05-28,2020-05-03,2021-08-26,-5715000000,77326000000,73922000000.0,,,0.498,37.88,-1712400000.0,8900000000,8900000000,24976700000.0,2805100000.0,,5.518,50143000000,,,50143000000,0,2069500000.0,0,0.02,3.04,4862200000.0,6931700000.0,0.188,6931700000.0,4862200000.0,3422000000.0,8.93,8.83,8.93,11864000000,11867250000.0,11864000000,89160427924,18.0,12.863,3970400000.0,12.677,1.0,11839300000.0,0.322,4228000000,1440200000.0,114341000000,111119500000.0,6171000000,5503000000,,,65461000000,,,47917427924,5417600000.0,93000000.0,-882300000.0,5365200000.0,-961700000.0,3379800000.0,-3521800000.0,-2252300000.0,5682800000.0,-123200000.0,2802600000.0,2802600000.0,2802600000.0,0.0,2500000.0,0.076,6964700000.0,4874600000.0,9163000000,0.34,4.039,17.097,17.151,12930000000,0.0,153.16,1.302,1.303,34486000000,30556000000,36816000000.0,36816000000.0,1750100000.0,0.038,0.236,0.044,0.132,85600000.0,3555400000.0,1.0,312858631,313200000,316200000.0,117.548,73098000000,1435000000,619400000.0,475000000,233.391,
6,DE,ART,2019-12-31,2020-02-27,2020-02-02,2021-08-26,-5329000000,71821000000,72772900000.0,,,0.535,38.041,-1875000000.0,3602000000,3602000000,26437400000.0,3275400000.0,,5.021,44899000000,,,44899000000,0,2053700000.0,0,0.019,3.04,5438400000.0,7492100000.0,0.193,7492100000.0,5438400000.0,3989400000.0,10.37,10.24,10.37,11926000000,11881125000.0,11926000000,91473063640,17.0,12.209,2679700000.0,8.548,1.0,12468000000.0,0.32,4294000000,1449000000.0,108824000000,109900375000.0,6482000000,5304000000,,,59877000000,,,50176063640,-12800000.0,93000000.0,-1043200000.0,1474900000.0,-964700000.0,-656800000.0,-3866600000.0,-2133000000.0,4554700000.0,-44100000.0,3271500000.0,3271500000.0,3271500000.0,0.0,3900000.0,0.084,7039200000.0,5428800000.0,8777000000,0.293,4.207,15.337,15.428,13404000000,0.0,159.99,1.29,1.289,34059000000,30129000000,38905400000.0,38905400000.0,1801200000.0,0.045,0.275,0.049,0.14,80700000.0,3596300000.0,1.0,313619999,313500000,317200000.0,124.1,67527000000,1414000000,717900000.0,491000000,215.397,
7,DE,ART,2019-09-30,2019-12-19,2019-11-03,2021-08-26,-5607000000,73011000000,72297200000.0,,,0.543,36.06,-1801000000.0,3857000000,3857000000,26792000000.0,3257000000.0,,5.396,45334000000,,,45334000000,0,2019000000.0,0,0.018,3.04,5571000000.0,7590000000.0,0.193,7590000000.0,5571000000.0,4105000000.0,10.28,10.15,10.28,11413000000,11731575000.0,11413000000,95598519434,17.0,12.595,1611000000.0,5.09,1.0,12466000000.0,0.318,4297000000,1466000000.0,110191000000,108892900000.0,5975000000,5179000000,,,61580000000,,,54121519434,-59000000.0,93000000.0,-1075000000.0,2643000000.0,-943000000.0,509000000.0,-3924000000.0,-2218000000.0,3412000000.0,-56000000.0,3253000000.0,3253000000.0,3253000000.0,0.0,4000000.0,0.083,6912000000.0,5554000000.0,9798000000,0.296,4.742,16.637,16.805,13540000000,0.0,172.76,1.379,1.393,35958000000,29852000000,39258000000.0,39258000000.0,1783000000.0,0.045,0.277,0.051,0.142,82000000.0,3551000000.0,1.0,313275755,316500000,320600000.0,124.038,68714000000,1466000000,852000000.0,495000000,217.106,
8,DE,ART,2019-06-30,2019-08-29,2019-07-28,2021-08-26,-4581000000,73530000000,71571450000.0,,,0.542,38.829,-1631700000.0,3383000000,3383000000,26437000000.0,3319200000.0,,4.993,45432000000,,,45432000000,0,2004300000.0,0,0.019,2.97,5669800000.0,7674100000.0,0.198,7674100000.0,5669800000.0,4269500000.0,10.43,10.32,10.43,12266000000,11700275000.0,12266000000,91320301064,16.0,11.9,1267300000.0,4.012,1.0,12340900000.0,0.318,4457000000,1400300000.0,111122000000,107294400000.0,6747000000,5984000000,,,61246000000,,,49271301064,-552300000.0,-51500000.0,-1242700000.0,2713000000.0,-926200000.0,436400000.0,-3818400000.0,-2025900000.0,2899000000.0,-69300000.0,3317300000.0,3317300000.0,3317300000.0,0.0,1900000.0,0.086,6698000000.0,5642900000.0,9526000000,0.285,4.017,14.853,15.003,13067000000,0.0,156.48,1.271,1.275,35396000000,29369000000,38777900000.0,38777900000.0,1764800000.0,0.046,0.284,0.053,0.146,84000000.0,3505200000.0,1.0,314872834,315900000,319800000.0,122.754,69073000000,1088000000,952200000.0,507000000,218.655,
9,DE,ART,2019-03-31,2019-05-30,2019-04-28,2021-08-26,-4609900000,72729600000,70536475000.0,,,0.554,37.494,-1528900000.0,3483700000,3483700000,26719700000.0,3331500000.0,,5.1,44719400000,,,44719400000,0,1992800000.0,0,0.02,2.9,5665900000.0,7658700000.0,0.196,7658700000.0,5665900000.0,4348500000.0,10.4,10.29,10.4,11919500000,11222850000.0,11919500000,86147627540,15.0,11.248,18300000.0,0.058,1.0,12330500000.0,0.316,4500800000,1317400000.0,109464500000,105316325000.0,7160900000,5593500000,,,60791300000,,,44911927540,-727000000.0,26700000.0,-1264700000.0,3503400000.0,-881200000.0,1253300000.0,-3373600000.0,-1781600000.0,1547200000.0,-153900000.0,3328600000.0,3328600000.0,3328600000.0,0.0,2900000.0,0.085,6693400000.0,5637100000.0,9825300000,0.279,3.768,13.493,13.623,12797000000,0.0,141.68,1.15,1.153,34901400000,28708800000,39050200000.0,39050200000.0,1749500000.0,0.047,0.297,0.054,0.145,88400000.0,3521900000.0,1.0,316995536,317900000,322200000.0,122.838,68228800000,1038900000,1019900000.0,513500000,214.623,
10,DE,ART,2018-12-31,2019-02-28,2019-01-27,2021-08-26,-4577900000,69918200000,69822325000.0,,,0.55,35.566,-1553000000.0,3625700000,3625700000,26298300000.0,3404900000.0,,5.171,43056700000,,,43056700000,0,1967200000.0,0,0.017,2.74,5525800000.0,7493000000.0,0.195,7493000000.0,5525800000.0,4255500000.0,10.56,10.44,10.56,11327800000,10845550000.0,11327800000,91676669967,17.0,12.235,-86600000.0,-0.272,1.0,12129500000.0,0.316,4555100000,1270300000.0,104794100000,103541450000.0,7401900000,5298600000,,,58571500000,,,52245669967,-303300000.0,-9400000.0,-967100000.0,3406400000.0,-833100000.0,1510200000.0,-3095500000.0,-1428500000.0,1466400000.0,-184400000.0,3402000000.0,3402000000.0,3402000000.0,0.0,2900000.0,0.089,6629200000.0,5500300000.0,9230500000,0.259,4.612,15.357,15.534,12688800000,0.0,164.04,1.36,1.36,32333600000,27816300000,38427800000.0,38427800000.0,1707600000.0,0.049,0.314,0.053,0.144,87400000.0,3514200000.0,1.0,318493477,318500000,322700000.0,120.652,65363100000,834100000,853500000.0,525400000,205.222,
11,DE,ART,2018-09-30,2018-12-17,2018-10-28,2021-08-26,-4427600000,70108000000,68987150000.0,,,0.542,34.99,-1467400000.0,3904000000,3904000000,25571200000.0,2370600000.0,,5.209,42256100000,,,42256100000,0,1927100000.0,0,0.018,2.58,5298900000.0,7226000000.0,0.193,7226000000.0,5298900000.0,4095300000.0,7.34,7.24,7.34,11287800000,10326750000.0,11287800000,84888920711,16.0,11.748,352900000.0,1.094,1.0,11786500000.0,0.316,4663100000,1203600000.0,103797000000,101964100000.0,6148900000,4718800000,,,58802800000,,,46536820711,-5430900000.0,-5089400000.0,-741000000.0,2515700000.0,-805800000.0,876400000.0,-8154400000.0,-1480200000.0,1820300000.0,26800000.0,2368400000.0,2368400000.0,2368400000.0,0.0,2200000.0,0.063,6512200000.0,5274300000.0,10239900000,0.351,4.123,19.649,19.902,13032900000,0.0,146.08,1.246,1.261,33815600000,27553000000,37357700000.0,37357700000.0,1657600000.0,0.034,0.229,0.052,0.142,83800000.0,3455500000.0,1.0,318570788,322600000,327300000.0,115.802,65444900000,808000000,1726900000.0,555800000,202.867,
12,DE,ART,2018-06-30,2018-08-30,2018-07-29,2021-08-26,-4553300000,69390100000,67906725000.0,,,0.53,32.013,-1351800000.0,3923300000,3923300000,24617400000.0,2107800000.0,,5.698,42370200000,,,42370200000,0,1881300000.0,0,0.017,2.49,4968800000.0,6850100000.0,0.19,6850100000.0,4968800000.0,3839500000.0,6.52,6.4,6.52,10356300000,9894125000.0,10356300000,84549149316,17.0,12.343,-556000000.0,-1.719,1.0,11342100000.0,0.315,4627300000,1129300000.0,103209700000,99826200000.0,6239300000,5348600000,,,59010200000,,,46102249316,-2614100000.0,-5322100000.0,-205200000.0,5358700000.0,-775300000.0,4286500000.0,-7808100000.0,-1054400000.0,795800000.0,111700000.0,2104600000.0,2104600000.0,2104600000.0,0.0,3200000.0,0.059,6354500000.0,4987600000.0,9593500000,0.382,4.452,21.905,21.982,12443400000,0.0,143.32,1.282,1.289,32748800000,26272300000,35959500000.0,35959500000.0,1584700000.0,0.031,0.213,0.05,0.138,80200000.0,3397600000.0,1.0,321673523,323500000,328000000.0,111.158,64762800000,1645000000,1734900000.0,524600000,200.194,
13,DE,ART,2018-03-31,2018-05-31,2018-04-29,2021-08-26,-4173200000,69873000000,66146675000.0,,,0.506,32.111,-1289900000.0,4201400000,4201400000,22729800000.0,1838800000.0,,5.71,41574300000,,,41574300000,0,1823200000.0,0,0.016,2.4,4590000000.0,6413200000.0,0.192,6413200000.0,4590000000.0,3535500000.0,5.71,5.59,5.71,10410300000,9448100000.0,10410300000,85856683669,19.0,13.387,-136800000.0,-0.422,1.0,10729200000.0,0.321,4880900000,1054500000.0,102365000000,97111100000.0,6888900000,5117700000,,,59438400000,,,48483783669,-324400000.0,-5400300000.0,283100000.0,5901400000.0,-771400000.0,5309800000.0,-7097800000.0,-300800000.0,1153100000.0,310500000.0,1836100000.0,1836100000.0,1836100000.0,0.0,2700000.0,0.055,6116600000.0,4612600000.0,9935300000,0.42,4.657,26.406,26.184,12466000000,0.0,149.51,1.449,1.449,32219100000,25586000000,33459000000.0,33459000000.0,1504400000.0,0.028,0.194,0.047,0.137,75600000.0,3276100000.0,1.0,324284554,324200000,329200000.0,103.205,64992100000,1718500000,1699400000.0,562700000,200.469,
14,DE,ART,2017-12-31,2018-03-01,2018-01-28,2021-08-26,-4289000000,66577500000,63420625000.0,,,0.489,28.664,-1184300000.0,3915100000,3915100000,20841200000.0,1431300000.0,,6.193,40593600000,,,40593600000,0,1763000000.0,0,0.015,2.4,4302100000.0,6065100000.0,0.195,6065100000.0,4302100000.0,3324400000.0,4.49,4.41,4.49,9252600000,8766700000.0,9252600000,87451673072,20.0,14.419,461100000.0,1.428,1.0,10184800000.0,0.328,4771300000,977700000.0,98484700000,93766675000.0,6614200000,5130300000,,,57298600000,,,50773173072,25100000.0,-5364200000.0,398700000.0,5289200000.0,-768100000.0,4824000000.0,-6839000000.0,-228400000.0,1645400000.0,394700000.0,1430200000.0,1430200000.0,1430200000.0,0.0,1100000.0,0.046,5863400000.0,4321400000.0,8607700000,0.535,5.487,35.501,34.924,12401000000,0.0,156.81,1.636,1.631,29609500000,24571900000,31026000000.0,31026000000.0,1413600000.0,0.023,0.163,0.046,0.139,66600000.0,3112200000.0,1.0,323787852,322800000,322800000.0,96.115,61806200000,1876200000,1894200000.0,590200000,191.469,
15,DE,ART,2017-09-30,2017-12-18,2017-10-29,2021-08-26,-4563700000,65786300000,60850400000.0,,,0.489,29.913,-1151500000.0,9334900000,9334900000,19933500000.0,2159200000.0,,5.882,40045300000,,,40045300000,0,1715500000.0,0,0.016,2.4,4029700000.0,5745200000.0,0.193,5745200000.0,4029700000.0,3130200000.0,6.76,6.68,6.76,9557300000,8159925000.0,9557300000,80402935340,20.0,13.995,1048300000.0,3.281,1.0,9804200000.0,0.33,1251300000,899500000.0,95245400000,90665575000.0,3904100000,4792900000,,,56211800000,,,49692535340,4999100000.0,-170300000.0,522500000.0,4615800000.0,-764000000.0,4286500000.0,-1644300000.0,-264500000.0,2199800000.0,157100000.0,2159100000.0,2159100000.0,2159100000.0,0.0,100000.0,0.073,5750900000.0,4053300000.0,8538900000,0.355,5.199,23.015,22.787,11661400000,0.0,154.04,1.671,1.655,30264900000,25301300000,29737700000.0,29737700000.0,1367700000.0,0.035,0.265,0.044,0.136,68100000.0,3066600000.0,1.0,322595010,319500000,323300000.0,93.076,64535000000,2415000000,971100000.0,209700000,201.987,
16,DE,ART,2017-06-30,2017-08-31,2017-07-30,2021-08-26,-5179800000,62349900000,58899175000.0,,,0.479,26.721,-1180300000.0,6537400000,6537400000,18890200000.0,1922100000.0,,6.272,37474600000,,,37474600000,0,1680400000.0,0,0.021,2.4,3673200000.0,5353600000.0,0.19,5353600000.0,3673200000.0,2823100000.0,6.03,5.97,6.03,8572200000,7400600000.0,8572200000,68185144052,19.0,12.736,1993400000.0,6.214,1.0,9349500000.0,0.331,937800000,850100000.0,92349300000,88954275000.0,4252900000,5570000000,,,53761000000,,,37247944052,2216400000.0,114300000.0,500900000.0,393100000.0,-760000000.0,61600000.0,-1116000000.0,97100000.0,3173700000.0,97100000.0,1923300000.0,1923300000.0,1923300000.0,0.0,-1200000.0,0.068,5677800000.0,3671700000.0,7676800000,0.398,4.345,19.367,19.226,11204100000,0.0,115.93,1.319,1.317,28969600000,24984200000,28239700000.0,28239700000.0,1356700000.0,0.033,0.26,0.041,0.13,69500000.0,2972900000.0,1.0,321296852,320800000,325100000.0,88.029,61412100000,3067700000,899800000.0,190000000,191.434,
17,DE,ART,2017-03-31,2017-06-02,2017-04-30,2021-08-26,-5495500000,58968800000,57963300000.0,,,0.469,24.075,-1284000000.0,4525800000,4525800000,18119300000.0,1768400000.0,,6.671,35441300000,,,35441300000,0,1641100000.0,0,0.019,2.4,3477900000.0,5119000000.0,0.189,5119000000.0,3477900000.0,2643400000.0,5.58,5.55,5.58,7684700000,7114650000.0,7684700000,70869474786,20.0,13.844,2617700000.0,8.201,1.0,9037000000.0,0.333,897000000,834500000.0,88987300000,88509875000.0,4114800000,5043800000,,,51261000000,,,39953974786,392600000.0,195400000.0,402300000.0,-1936300000.0,-757600000.0,-2349400000.0,-1086700000.0,45200000.0,3901700000.0,-73000000.0,1770300000.0,1770300000.0,1770300000.0,0.0,-1900000.0,0.065,5565700000.0,3471300000.0,7317500000,0.43,5.199,22.569,22.385,10883800000,0.0,124.91,1.471,1.468,28749600000,24524400000,27156300000.0,27156300000.0,1360100000.0,0.031,0.249,0.039,0.128,70900000.0,2890700000.0,1.0,319862099,319200000,322500000.0,85.076,58071800000,3041900000,873100000.0,169000000,181.929,
18,DE,ART,2016-12-31,2017-02-24,2017-01-29,2021-08-26,-5604500000,56296600000,58016925000.0,,,0.461,21.552,-1448900000.0,3890000000,3890000000,18205600000.0,1460900000.0,,7.244,34578400000,,,34578400000,0,1601300000.0,0,0.022,2.4,3000900000.0,4602200000.0,0.172,4602200000.0,3000900000.0,2202300000.0,4.64,4.62,4.64,6825500000,6984550000.0,6825500000,65260316187,22.0,14.18,2350600000.0,7.422,1.0,8539100000.0,0.319,904700000,798600000.0,86080300000,89253150000.0,3959600000,4916800000,,,49446900000,,,34571916187,430100000.0,-3500000.0,192800000.0,-1804300000.0,-757100000.0,-2426100000.0,-924400000.0,563500000.0,3799500000.0,-18900000.0,1463300000.0,1463300000.0,1463300000.0,0.0,-2400000.0,0.055,5539700000.0,2999400000.0,6429200000,0.517,5.065,23.626,23.409,10855700000,0.0,108.62,1.293,1.286,27172900000,23914300000,26744700000.0,26744700000.0,1380700000.0,0.025,0.21,0.034,0.112,71300000.0,2830200000.0,1.0,318283154,316700000,319800000.0,84.448,55391900000,2963400000,739000000.0,168900000,174.903,
19,DE,ART,2016-09-30,2016-12-19,2016-10-31,2021-08-26,-5626000000,57981400000,57951825000.0,,,0.46,20.685,-1698900000.0,4335800000,4335800000,18248900000.0,1521500000.0,,7.889,35674400000,,,35674400000,0,1559800000.0,0,0.023,2.4,2987700000.0,4547500000.0,0.171,4547500000.0,2987700000.0,2224000000.0,4.83,4.81,4.83,6520000000,6925725000.0,6520000000,63738826622,21.0,14.016,2065400000.0,6.553,1.0,8395100000.0,0.315,919800000,763700000.0,88400200000,89742125000.0,3340500000,5812600000,,,51436600000,,,32400226622,173600000.0,-117400000.0,-169400000.0,-1410500000.0,-761300000.0,-2400500000.0,-1177200000.0,655100000.0,3764300000.0,-13000000.0,1523900000.0,1523900000.0,1523900000.0,0.0,-2400000.0,0.057,5407400000.0,2987700000.0,7321700000,0.497,4.969,21.261,21.17,11072100000,0.0,102.25,1.216,1.21,27748600000,23911300000,26644000000.0,26644000000.0,1389100000.0,0.026,0.22,0.033,0.112,70600000.0,2763700000.0,1.0,316872632,315200000,316600000.0,84.53,57061600000,2964400000,700100000.0,166000000,181.033,
20,DE,ART,2016-06-30,2016-09-01,2016-07-31,2021-08-26,-4582200000,58606400000,57943375000.0,,,0.463,23.635,-1934300000.0,4321000000,4321000000,18535700000.0,1588600000.0,,6.886,37219400000,,,37219400000,0,1511600000.0,0,0.029,2.4,2981900000.0,4493500000.0,0.167,4493500000.0,2981900000.0,2254100000.0,5.01,5.0,5.01,7428400000,6981575000.0,7428400000,59168434882,20.0,13.168,1934100000.0,6.154,1.0,8303900000.0,0.309,933100000,727800000.0,90571700000,90103375000.0,3851300000,6662500000,,,51152300000,,,26270034882,190200000.0,-117800000.0,-1123000000.0,-111300000.0,-771000000.0,-2070300000.0,-1590700000.0,420400000.0,3868400000.0,-17200000.0,1589700000.0,1589700000.0,1589700000.0,0.0,-1100000.0,0.059,5329500000.0,2974400000.0,6873700000,0.479,3.536,16.525,16.677,10650000000,0.0,83.55,0.979,0.978,27350000000,23815000000,26839600000.0,26839600000.0,1407100000.0,0.027,0.228,0.033,0.111,70200000.0,2735700000.0,1.0,314422919,314300000,315700000.0,85.395,57673300000,2612600000,664400000.0,172300000,183.498,
21,DE,ART,2016-03-31,2016-05-26,2016-04-30,2021-08-26,-4518800000,59183300000,58024825000.0,,,0.478,22.737,-1981100000.0,4133200000,4133200000,19399500000.0,1611700000.0,,7.257,37865800000,,,37865800000,0,1461300000.0,0,0.03,2.4,2990000000.0,4451300000.0,0.161,4451300000.0,2990000000.0,2291400000.0,5.0,4.98,5.0,7164300000,7055250000.0,7164300000,58958160779,20.0,13.245,1601500000.0,5.083,1.0,8309400000.0,0.3,955500000,698600000.0,91960400000,90253425000.0,4061000000,5446900000,,,51992600000,,,25225560779,-222200000.0,-198500000.0,-1705100000.0,771800000.0,-783700000.0,-1773100000.0,-2000700000.0,171600000.0,3582600000.0,-31000000.0,1612500000.0,1612500000.0,1612500000.0,0.0,-800000.0,0.058,5330800000.0,2978600000.0,7090300000,0.48,3.521,15.644,16.054,10535200000,0.0,80.27,0.91,0.913,29271700000,23514700000,27708900000.0,27708900000.0,1415100000.0,0.028,0.229,0.033,0.108,69400000.0,2782000000.0,1.0,314258886,315100000,316500000.0,87.937,58227800000,2681900000,678900000.0,180300000,184.791,
22,DE,ART,2015-12-31,2016-02-25,2016-01-31,2021-08-26,-4860100000,56036200000,58127500000.0,,,0.482,20.829,-1954700000.0,3459900000,3459900000,19562700000.0,1807800000.0,,7.501,36238200000,,,36238200000,0,1413700000.0,0,0.03,2.4,3245800000.0,4659500000.0,0.166,4659500000.0,3245800000.0,2572700000.0,5.48,5.45,5.48,6590200000,7307625000.0,6590200000,57878231610,18.0,12.422,1518100000.0,4.798,1.0,8441500000.0,0.301,778300000,673100000.0,88036200000,90202250000.0,4249500000,4779000000,,,49432400000,,,25099931610,-514900000.0,149200000.0,-2143700000.0,721900000.0,-799500000.0,-2279500000.0,-1592200000.0,218900000.0,3472800000.0,-116000000.0,1807600000.0,1807600000.0,1807600000.0,0.0,200000.0,0.065,5204700000.0,3236800000.0,6276000000,0.438,3.809,13.886,14.526,10113600000,0.0,79.6,0.896,0.899,28154100000,23209100000,28004200000.0,28004200000.0,1411200000.0,0.031,0.247,0.036,0.116,65500000.0,2807200000.0,1.0,315325774,316400000,317600000.0,88.509,55257900000,2516600000,765100000.0,149600000,174.646,
23,DE,ART,2015-09-30,2016-02-01,2015-10-31,2021-08-26,-4729400000,57947600000,58690975000.0,,,0.492,20.214,-1776700000.0,4162200000,4162200000,20143200000.0,1940900000.0,,7.591,36849400000,,,36849400000,0,1382400000.0,0,0.031,2.4,3460100000.0,4842500000.0,0.168,4842500000.0,3460100000.0,2780100000.0,5.81,5.77,5.81,6743400000,7721575000.0,6743400000,57009767987,16.0,11.773,1963600000.0,5.886,1.0,8719600000.0,0.302,789600000,680000000.0,89845200000,90725450000.0,3817000000,5575500000,,,51190000000,,,24322567987,375200000.0,149200000.0,-2598600000.0,1349400000.0,-816300000.0,-2119100000.0,-1058700000.0,629000000.0,3740300000.0,-187300000.0,1940000000.0,1940000000.0,1940000000.0,0.0,900000.0,0.067,5259500000.0,3460100000.0,7392100000,0.413,3.607,12.537,13.219,10151900000,0.0,76.8,0.843,0.888,28884600000,23144800000,28862800000.0,28862800000.0,1425100000.0,0.033,0.251,0.038,0.12,66100000.0,2873300000.0,1.0,316700104,333600000,336000000.0,86.519,57158000000,2767300000,840100000.0,160800000,171.337,
24,DE,ART,2015-09-30,2015-12-18,2015-10-31,2021-08-26,-4729400000,57947600000,58690975000.0,,,0.492,20.214,-1776700000.0,4162200000,4162200000,20143200000.0,1940900000.0,,7.591,36849400000,,,36849400000,0,1382400000.0,0,0.032,2.4,3460100000.0,4842500000.0,0.168,4842500000.0,3460100000.0,2780100000.0,5.81,5.77,5.81,6743400000,7721575000.0,6743400000,56430206797,16.0,11.653,1963600000.0,5.886,1.0,8719600000.0,0.302,789600000,680000000.0,89845200000,90725450000.0,3817000000,5575500000,,,51190000000,,,23743006797,375200000.0,149200000.0,-2598600000.0,1349400000.0,-816300000.0,-2119100000.0,-1058700000.0,629000000.0,3740300000.0,-187300000.0,1940000000.0,1940000000.0,1940000000.0,0.0,900000.0,0.067,5259500000.0,3460100000.0,7392100000,0.413,3.521,12.239,12.904,10151900000,0.0,74.97,0.823,0.867,28884600000,23144800000,28862800000.0,28862800000.0,1425100000.0,0.033,0.251,0.038,0.12,66100000.0,2873300000.0,1.0,316700104,333600000,336000000.0,86.519,57158000000,2767300000,840100000.0,160800000,171.337,
25,DE,ART,2015-06-30,2015-08-27,2015-07-31,2021-08-26,-4507400000,58932200000,59538175000.0,,,0.523,23.304,-1724100000.0,4130800000,4130800000,21570000000.0,2239300000.0,,6.63,37144200000,,,37144200000,0,1378300000.0,0,0.029,2.4,4080100000.0,5458400000.0,0.175,5458400000.0,4080100000.0,3390400000.0,6.58,6.52,6.58,7723100000,8301375000.0,7723100000,60051018985,15.0,11.002,2311500000.0,6.975,1.0,9542300000.0,0.307,773700000,689700000.0,91171900000,91676100000.0,4319000000,5469500000,,,51207200000,,,27037618985,1096100000.0,155200000.0,-2752800000.0,2061300000.0,-835300000.0,-1576100000.0,-1144100000.0,518200000.0,4035600000.0,-219300000.0,2238100000.0,2238100000.0,2238100000.0,0.0,1200000.0,0.072,5453000000.0,4089300000.0,7309500000,0.365,3.501,12.081,12.521,9552400000,0.0,82.39,0.869,0.878,30060100000,22986500000,31112300000.0,31112300000.0,1433200000.0,0.038,0.27,0.045,0.131,65600000.0,3005600000.0,1.0,328166270,331400000,334100000.0,93.881,58158500000,2705000000,1152300000.0,150900000,175.493,
26,DE,ART,2015-03-31,2015-05-28,2015-04-30,2021-08-26,-4293600000,59594000000,60242250000.0,,,0.548,24.247,-1696600000.0,4355400000,4355400000,22823300000.0,2578500000.0,,6.291,37314500000,,,37314500000,0,1359100000.0,0,0.026,2.4,4610800000.0,5969900000.0,0.181,5969900000.0,4610800000.0,3938700000.0,7.39,7.32,7.39,8173800000,9078100000.0,8173800000,64176080294,14.0,10.75,2506500000.0,7.435,1.0,10195500000.0,0.309,797400000,672100000.0,91755700000,92526550000.0,4624200000,5433200000,,,51418000000,,,31216980294,1276900000.0,187400000.0,-2684700000.0,2243000000.0,-819500000.0,-1312700000.0,-1461600000.0,167000000.0,4203100000.0,-151900000.0,2577200000.0,2577200000.0,2577200000.0,0.0,1300000.0,0.078,5570100000.0,4625400000.0,7390300000,0.325,3.819,12.113,12.652,9440300000,0.0,93.5,0.945,0.955,30382700000,22673400000,33018800000.0,33018800000.0,1448500000.0,0.043,0.284,0.05,0.14,62500000.0,3071000000.0,1.0,333871447,337100000,339700000.0,97.95,58796600000,2659400000,1361500000.0,149300000,174.419,
27,DE,ART,2014-12-31,2015-02-26,2015-01-31,2021-08-26,-4245000000,58290100000,60559350000.0,,,0.575,24.034,-1583500000.0,3974800000,3974800000,24000900000.0,2868900000.0,,6.069,36617300000,,,36617300000,0,1306300000.0,0,0.025,2.31,5056300000.0,6362600000.0,0.183,6362600000.0,5056300000.0,4383900000.0,8.01,7.94,8.01,8246000000,9700975000.0,8246000000,63597762331,13.0,9.996,2178500000.0,6.349,1.0,10795100000.0,0.31,803600000,672400000.0,90129000000,92870750000.0,4527100000,4688700000,,,50041300000,,,30955262331,786200000.0,42100000.0,-2718600000.0,2911000000.0,-803400000.0,-661300000.0,-2169200000.0,-491300000.0,3762000000.0,-145300000.0,2867400000.0,2867400000.0,2867400000.0,0.0,1500000.0,0.082,5722600000.0,5072500000.0,6541100000,0.288,3.754,10.796,11.383,9182100000,0.0,91.18,0.89,0.899,30089000000,22185200000,34796000000.0,34796000000.0,1461500000.0,0.047,0.296,0.054,0.145,73400000.0,3177500000.0,1.0,339496187,343100000,345700000.0,101.416,57486500000,2584100000,1516500000.0,146700000,167.55,
28,DE,ART,2014-09-30,2014-12-19,2014-10-31,2021-08-26,-3783000000,61336400000,60401625000.0,,,0.597,24.966,-1567800000.0,3787000000,3787000000,24775800000.0,3163300000.0,,5.768,36958400000,,,36958400000,0,1306500000.0,0,0.025,2.22,5452200000.0,6758700000.0,0.187,6758700000.0,5452200000.0,4788200000.0,8.71,8.63,8.71,9062600000,10203400000.0,9062600000,64192433920,12.0,9.498,1958100000.0,5.394,1.0,11291100000.0,0.313,860000000,664000000.0,93647800000,92332175000.0,4209700000,6120600000,,,52270900000,,,31021033920,283000000.0,345800000.0,-2581600000.0,3112100000.0,-786000000.0,-288300000.0,-2881000000.0,-1513400000.0,3525900000.0,-73600000.0,3161700000.0,3161700000.0,3161700000.0,0.0,1600000.0,0.088,5829700000.0,5461400000.0,8655100000,0.255,3.423,9.812,10.344,9593300000,0.0,90.1,0.86,0.907,32230300000,22004400000,36066900000.0,36066900000.0,1452000000.0,0.052,0.31,0.059,0.151,78500000.0,3284400000.0,1.0,344295604,363000000,366100000.0,99.358,60476400000,2776600000,1626500000.0,160900000,166.602,
29,DE,ART,2014-06-30,2014-08-28,2014-07-31,2021-08-26,-2644700000,61748500000,59947850000.0,,,0.61,29.925,-1388100000.0,3034700000,3034700000,25011000000.0,3320500000.0,,4.701,36759100000,,,36759100000,0,1256500000.0,0,0.025,2.13,5645100000.0,6901600000.0,0.189,6901600000.0,5645100000.0,4966100000.0,8.99,8.91,8.99,10830000000,10504200000.0,10830000000,63820969049,11.0,9.247,1960500000.0,5.417,1.0,11541700000.0,0.316,899200000,679000000.0,94573700000,91313000000.0,5439000000,6063800000,,,50916000000,,,30096569049,-55600000.0,256300000.0,-2259700000.0,3154600000.0,-765200000.0,93300000.0,-3485000000.0,-2190800000.0,3348600000.0,-12500000.0,3319400000.0,3319400000.0,3319400000.0,0.0,1100000.0,0.091,5897600000.0,5644100000.0,8523300000,0.237,2.779,9.067,9.34,8965500000,0.0,83.97,0.823,0.831,32858100000,21564600000,36552700000.0,36552700000.0,1445200000.0,0.055,0.316,0.062,0.154,78600000.0,3381000000.0,1.0,358420496,361900000,365100000.0,101.002,60849300000,2564000000,1646700000.0,160100000,168.138,
30,DE,ART,2014-03-31,2014-05-29,2014-04-30,2021-08-26,-2663500000,60862400000,59094950000.0,,,0.627,29.092,-1396100000.0,3078500000,3078500000,25237600000.0,3466200000.0,,4.706,36259400000,,,36259400000,0,1216200000.0,0,0.022,2.04,5922900000.0,7139100000.0,0.193,7139100000.0,5922900000.0,5215200000.0,9.22,9.14,9.22,10665300000,9944150000.0,10665300000,66322438747,11.0,9.29,2182700000.0,5.954,1.0,11824800000.0,0.319,910800000,707700000.0,93132500000,89652825000.0,5849600000,6225600000,,,50194800000,,,33141538747,-572900000.0,245700000.0,-2203300000.0,2962900000.0,-777600000.0,-45400000.0,-4109300000.0,-2746300000.0,3578800000.0,3000000.0,3465200000.0,3465200000.0,3465200000.0,0.0,1000000.0,0.093,5894900000.0,5929900000.0,8284800000,0.221,3.107,9.564,9.881,8576900000,0.0,91.1,0.894,0.901,31848300000,20931300000,37062400000.0,37062400000.0,1421800000.0,0.059,0.348,0.066,0.16,80400000.0,3480100000.0,1.0,363792961,366600000,369800000.0,101.098,59951600000,2458100000,1750000000.0,162000000,163.534,
31,DE,ART,2013-12-31,2014-02-27,2014-01-31,2021-08-26,-2809400000,57659200000,58418125000.0,,,0.651,27.576,-1422300000.0,3188600000,3188600000,25848000000.0,3569300000.0,,4.622,34413300000,,,34413300000,0,1206300000.0,0,0.024,2.04,6239000000.0,7445300000.0,0.196,7445300000.0,6239000000.0,5506100000.0,9.34,9.25,9.34,10255700000,9344050000.0,10255700000,62638252514,10.0,8.413,2335200000.0,6.279,1.0,12180000000.0,0.32,909200000,732900000.0,87974700000,88230275000.0,5554600000,5226800000,,,47401400000,,,31413552514,-483500000.0,242200000.0,-1801100000.0,2739100000.0,-766700000.0,149300000.0,-4364300000.0,-2952900000.0,3757500000.0,-26000000.0,3568700000.0,3568700000.0,3568700000.0,0.0,600000.0,0.094,5944900000.0,6235100000.0,7419100000,0.218,3.063,8.803,9.097,8377000000,0.0,84.97,0.826,0.831,30151900000,20136900000,38028000000.0,38028000000.0,1444500000.0,0.061,0.382,0.071,0.164,81600000.0,3589900000.0,1.0,369701689,371900000,375400000.0,102.253,56750000000,2323400000,1937400000.0,154800000,152.595,
32,DE,ART,2013-09-30,2013-12-16,2013-10-31,2021-08-26,-2693100000,59521300000,57795725000.0,,,0.654,26.644,-1438600000.0,3504000000,3504000000,25667300000.0,3537600000.0,,4.798,34475700000,,,34475700000,0,1140300000.0,0,0.022,1.99,6224500000.0,7364800000.0,0.195,7364800000.0,6224500000.0,5483200000.0,9.18,9.09,9.18,10265800000,8651050000.0,10265800000,64074381696,10.0,8.7,1815700000.0,4.712,1.0,12128100000.0,0.321,921900000,741300000.0,89571100000,86989300000.0,4934700000,5999300000,,,49253600000,,,33102681696,-1148200000.0,-61500000.0,-1356900000.0,2524900000.0,-752900000.0,406500000.0,-4820700000.0,-3106100000.0,3254300000.0,11700000.0,3537300000.0,3537300000.0,3537300000.0,0.0,300000.0,0.094,5903400000.0,6224700000.0,9080500000,0.217,3.225,9.358,9.681,8619100000,0.0,88.87,0.876,0.906,30886100000,19645600000,37795400000.0,37795400000.0,1477300000.0,0.061,0.409,0.072,0.165,80700000.0,3605500000.0,1.0,372484322,385300000,389200000.0,98.093,58599400000,2325400000,1945900000.0,160300000,152.088,
33,DE,ART,2013-06-30,2013-08-29,2013-07-31,2021-08-26,-4498800000,58336900000,56981850000.0,,,0.669,22.253,-1521500000.0,3090300000,3090300000,26176200000.0,3419400000.0,,5.791,33691800000,,,33691800000,0,1102700000.0,0,0.023,1.94,6105800000.0,7208500000.0,0.189,7208500000.0,6105800000.0,5352000000.0,8.8,8.71,8.8,8589800000,7795125000.0,8589800000,62683990694,10.0,8.696,1369400000.0,3.548,1.0,11960200000.0,0.314,1005400000,753800000.0,87933000000,85348475000.0,5594300000,5810700000,,,49745300000,,,32082490694,-307200000.0,21800000.0,-928000000.0,2932100000.0,-737900000.0,1272200000.0,-4491800000.0,-2901900000.0,2890900000.0,21500000.0,3418000000.0,3418000000.0,3418000000.0,0.0,1400000.0,0.09,5844800000.0,6115400000.0,8386800000,0.22,3.735,9.386,9.523,7933600000,0.0,83.8,0.841,0.848,30106400000,19031500000,38136400000.0,38136400000.0,1473300000.0,0.06,0.438,0.072,0.16,81100000.0,3605800000.0,1.0,382845951,386000000,389600000.0,98.799,57331500000,3468100000,1934000000.0,155500000,148.527,
34,DE,ART,2013-03-31,2013-05-30,2013-04-30,2021-08-26,-4454000000,58155100000,55697275000.0,,,0.677,21.236,-1424100000.0,3651400000,3651400000,26094300000.0,3213000000.0,,6.036,33955300000,,,33955300000,0,1059900000.0,0,0.022,1.89,5782900000.0,6842800000.0,0.181,6842800000.0,5782900000.0,5016800000.0,8.22,8.13,8.22,8264900000,7496625000.0,8264900000,64222862927,11.0,9.385,114500000.0,0.294,1.0,11622600000.0,0.308,1016700000,766100000.0,87442300000,83361700000.0,6173000000,5417300000,,,49888300000,,,33918962927,631600000.0,10000000.0,-947600000.0,4459100000.0,-722500000.0,2776900000.0,-3654300000.0,-2298500000.0,1538600000.0,-29600000.0,3209500000.0,3209500000.0,3209500000.0,0.0,3500000.0,0.085,5829500000.0,5793100000.0,8276100000,0.23,4.104,10.568,10.634,7689500000,0.0,87.41,0.899,0.902,29346100000,18231500000,37716900000.0,37716900000.0,1502400000.0,0.058,0.428,0.069,0.153,81800000.0,3564400000.0,1.0,388044422,389200000,393100000.0,96.909,57138400000,3373200000,1807300000.0,158600000,146.81,
35,DE,ART,2012-12-31,2013-02-28,2013-01-31,2021-08-26,-4479500000,55169600000,54009825000.0,,,0.682,19.268,-1398600000.0,3672100000,3672100000,25446600000.0,3186800000.0,,6.372,32545800000,,,32545800000,0,1038000000.0,0,0.021,1.84,5634500000.0,6672500000.0,0.181,6672500000.0,5634500000.0,4863700000.0,8.07,7.98,8.07,7483700000,7275125000.0,7483700000,63088419816,11.0,9.455,-253500000.0,-0.653,1.0,11365400000.0,0.309,1032500000,770800000.0,83010800000,80743300000.0,6242700000,4610000000,,,47684100000,,,34214719816,283800000.0,23300000.0,-1136500000.0,4754100000.0,-708800000.0,2887800000.0,-3750800000.0,-2457300000.0,1145100000.0,1700000.0,3181500000.0,3181500000.0,3181500000.0,0.0,5300000.0,0.086,5714400000.0,5651000000.0,7270800000,0.228,4.572,10.754,10.884,7494900000,0.0,87.83,0.929,0.927,27321900000,17346100000,36812000000.0,36812000000.0,1477600000.0,0.059,0.437,0.07,0.153,77300000.0,3489500000.0,1.0,389556186,388400000,393000000.0,94.779,54137100000,3311600000,1682200000.0,169400000,139.385,
36,DE,ART,2012-09-30,2012-12-17,2012-10-31,2021-08-26,-4571500000,56265800000,52361650000.0,,,0.691,17.23,-1321500000.0,4652200000,4652200000,25007800000.0,3071600000.0,,7.221,32420400000,,,32420400000,0,1004200000.0,0,0.021,1.79,5506900000.0,6511100000.0,0.18,6511100000.0,5506900000.0,4724100000.0,7.72,7.63,7.72,6842100000,7095050000.0,6842100000,61268555220,11.0,9.41,-153800000.0,-0.387,1.0,11149300000.0,0.308,1026200000,782800000.0,83007800000,78027725000.0,5170000000,5303000000,,,49403800000,,,33500355220,1005000000.0,30200000.0,-1526700000.0,6140900000.0,-697900000.0,3880200000.0,-4004100000.0,-2756000000.0,1167700000.0,-38800000.0,3064700000.0,3064700000.0,3064700000.0,0.0,6900000.0,0.085,5632100000.0,5517200000.0,9124100000,0.232,4.896,10.931,11.188,7539700000,0.0,86.37,0.927,0.949,27808800000,16875200000,36157100000.0,36157100000.0,1433600000.0,0.059,0.432,0.071,0.152,74500000.0,3417000000.0,1.0,387870270,397100000,401500000.0,91.053,55239600000,3280400000,1659400000.0,164400000,139.108,
37,DE,ART,2012-06-30,2012-08-30,2012-07-31,2021-08-26,-3814600000,53198600000,50347050000.0,,,0.695,18.738,-1178900000.0,3397500000,3397500000,24092700000.0,3054700000.0,,6.191,31226200000,,,31226200000,0,979700000.0,0,0.023,1.74,5427000000.0,6406700000.0,0.183,6406700000.0,5427000000.0,4664000000.0,7.59,7.51,7.59,7395800000,7084600000.0,7395800000,57019647845,11.0,8.9,-624100000.0,-1.581,1.0,10884500000.0,0.311,1041400000,763000000.0,79985900000,74781425000.0,5867500000,4927100000,,,45784000000,,,29190947845,-220800000.0,47100000.0,-1757900000.0,5738700000.0,-687200000.0,3248500000.0,-3969100000.0,-2872800000.0,554800000.0,-55000000.0,3046700000.0,3046700000.0,3046700000.0,0.0,8000000.0,0.087,5452500000.0,5432000000.0,8172900000,0.229,3.947,9.581,9.819,6713100000,0.0,74.53,0.835,0.841,26637500000,16366500000,34977200000.0,34977200000.0,1379100000.0,0.061,0.43,0.073,0.155,74300000.0,3328500000.0,1.0,391667085,394700000,398800000.0,88.617,52157200000,3029100000,1617300000.0,162700000,132.144,
38,DE,ART,2012-03-31,2012-05-31,2012-04-30,2021-08-26,-3674300000,51405300000,48831175000.0,,,0.691,18.438,-1087400000.0,3019800000,3019800000,23128900000.0,2979300000.0,,5.964,29662700000,,,29662700000,0,964900000.0,0,0.023,1.69,5283400000.0,6248300000.0,0.185,6248300000.0,5283400000.0,4531000000.0,7.3,7.22,7.3,7378900000,7117550000.0,7378900000,56023646944,11.0,8.966,376900000.0,0.942,1.0,10629800000.0,0.315,1079500000,752400000.0,76968700000,71925325000.0,6112400000,4688600000,,,44009300000,,,29380746944,-930000000.0,23600000.0,-1773900000.0,4065200000.0,-651100000.0,1608100000.0,-3959800000.0,-2801200000.0,1464300000.0,-42600000.0,2971000000.0,2971000000.0,2971000000.0,0.0,8300000.0,0.088,5344000000.0,5285800000.0,7821000000,0.232,3.982,9.889,10.119,6555600000,0.0,73.87,0.87,0.876,25648000000,15759400000,33758700000.0,33758700000.0,1323300000.0,0.061,0.417,0.073,0.157,73600000.0,3265900000.0,1.0,397735846,400200000,404700000.0,84.355,50325800000,2944600000,1560000000.0,164800000,125.752,
39,DE,ART,2011-12-31,2012-03-01,2012-01-31,2021-08-26,-3743900000,48576900000,47626225000.0,,,0.686,16.741,-1051700000.0,3388300000,3388300000,22401300000.0,2827900000.0,,6.18,28044200000,,,28044200000,0,939200000.0,0,0.019,1.58,5025700000.0,5964900000.0,0.183,5964900000.0,5025700000.0,4276700000.0,6.81,6.73,6.81,6763400000,7128650000.0,6763400000,58039616542,12.0,9.73,948100000.0,2.347,1.0,10258500000.0,0.314,1084300000,749000000.0,72148500000,69571125000.0,5677700000,4033300000,,,41797700000,,,33383716542,-49700000.0,12200000.0,-1652700000.0,3890700000.0,-633700000.0,1604700000.0,-3639900000.0,-2520200000.0,1999800000.0,-14300000.0,2819100000.0,2819100000.0,2819100000.0,0.0,8800000.0,0.086,5232400000.0,5026100000.0,6930200000,0.232,4.936,11.842,12.2,6356200000,0.0,83.08,1.022,1.028,23725900000,14887100000,32659800000.0,32659800000.0,1269800000.0,0.059,0.395,0.072,0.154,73500000.0,3212700000.0,1.0,401826150,404000000,408400000.0,80.841,47492600000,2879500000,1457600000.0,152800000,117.556,
40,DE,ART,2011-09-30,2011-12-19,2011-10-31,2021-08-26,-3678000000,48207400000,46205950000.0,,,0.693,16.292,-997400000.0,3647200000,3647200000,21919400000.0,2807800000.0,,6.087,26589600000,,,26589600000,0,914900000.0,0,0.021,1.52,4982900000.0,5897800000.0,0.184,5897800000.0,4982900000.0,4223500000.0,6.71,6.63,6.71,6800300000,7082450000.0,6800300000,52669892965,11.0,8.93,1328900000.0,3.184,1.0,10093100000.0,0.315,1127200000,759400000.0,70022600000,67156850000.0,4370600000,3894000000,,,41392500000,,,29727492965,-143400000.0,850300000.0,-1497000000.0,2208100000.0,-593100000.0,139600000.0,-2620700000.0,-2359900000.0,2326300000.0,11400000.0,2799900000.0,2799900000.0,2799900000.0,0.0,7900000.0,0.087,5110900000.0,4982200000.0,7922500000,0.227,4.371,10.617,10.963,6502300000,0.0,73.56,0.929,0.959,24596600000,14519400000,32012500000.0,32012500000.0,1226200000.0,0.061,0.395,0.074,0.156,69000000.0,3168700000.0,1.0,404125788,417400000,422400000.0,76.695,47080200000,2858600000,1423600000.0,168300000,112.794,
41,DE,ART,2011-06-30,2011-09-01,2011-07-31,2021-08-26,-2997300000,47135100000,44970800000.0,,,0.681,18.034,-871200000.0,3618300000,3618300000,20901700000.0,2595200000.0,,5.26,26201300000,,,26201300000,0,899800000.0,0,0.018,1.41,4695000000.0,5594800000.0,0.183,5594800000.0,4695000000.0,3923400000.0,6.17,6.07,6.17,7527600000,6954950000.0,7527600000,55651389399,12.0,9.947,959000000.0,2.298,1.0,9701100000.0,0.317,1156600000,771600000.0,68561500000,65328600000.0,4687700000,3164700000,,,39595100000,,,33068389399,-135400000.0,841100000.0,-1122200000.0,1788400000.0,-549500000.0,158100000.0,-2160000000.0,-1998400000.0,1830200000.0,36300000.0,2587600000.0,2587600000.0,2587600000.0,0.0,7600000.0,0.085,5013400000.0,4687700000.0,7265100000,0.229,4.393,12.78,12.948,6083900000,0.0,79.89,1.081,1.09,24274700000,14017700000,30602800000.0,30602800000.0,1173800000.0,0.058,0.372,0.072,0.153,60500000.0,3151100000.0,1.0,413924013,417400000,422000000.0,73.318,45978500000,2825100000,1335800000.0,160000000,110.155,
42,DE,ART,2011-03-31,2011-05-27,2011-04-30,2021-08-26,-3027200000,46585500000,43639600000.0,,,0.666,17.645,-825700000.0,3949800000,3949800000,19629100000.0,2499900000.0,,5.274,26085600000,,,26085600000,0,900100000.0,0,0.015,1.3,4547100000.0,5447200000.0,0.187,5447200000.0,4547100000.0,3766700000.0,5.91,5.82,5.91,7423300000,6601850000.0,7423300000,58121667751,13.0,10.67,374600000.0,0.89,1.0,9438700000.0,0.325,1169400000,780400000.0,67551900000,63387600000.0,4687000000,3331600000,,,39151900000,,,35985867751,334900000.0,872100000.0,-709900000.0,1909800000.0,-520900000.0,727100000.0,-1648500000.0,-1677300000.0,1200300000.0,56000000.0,2492300000.0,2492300000.0,2492300000.0,0.0,7600000.0,0.086,4899600000.0,4539100000.0,6970700000,0.22,4.848,14.439,14.508,5913700000,0.0,85.74,1.238,1.241,23486500000,13476300000,29067800000.0,29067800000.0,1118100000.0,0.057,0.378,0.072,0.156,52600000.0,3086500000.0,1.0,419709211,420700000,426400000.0,69.094,45416100000,2825800000,1274400000.0,162600000,107.954,
43,DE,ART,2010-12-31,2011-02-25,2011-01-31,2021-08-26,-3292000000,42895800000,42246750000.0,,,0.646,15.596,-743400000.0,3438000000,3438000000,18287400000.0,2143000000.0,,5.519,24164000000,,,24164000000,0,892400000.0,0,0.014,1.23,4214800000.0,5107200000.0,0.187,5107200000.0,4214800000.0,3419400000.0,5.05,4.98,5.05,6578600000,6158750000.0,6578600000,58826005972,14.0,11.518,956800000.0,2.268,1.0,9001600000.0,0.33,1130400000,795400000.0,62491400000,61474600000.0,4178400000,2217700000,,,36309100000,,,38100005972,-1605300000.0,847400000.0,-463700000.0,-849300000.0,-492200000.0,-1780500000.0,-1498800000.0,-1604600000.0,1700200000.0,-26200000.0,2135500000.0,2135500000.0,2135500000.0,0.0,7500000.0,0.078,4799300000.0,4202300000.0,6187400000,0.244,5.792,17.841,17.919,5626900000,0.0,90.49,1.396,1.399,22330100000,12719200000,27289000000.0,27289000000.0,1085600000.0,0.051,0.347,0.069,0.154,46100000.0,2991600000.0,1.0,421041065,421800000,427500000.0,64.697,41765400000,2664500000,1283900000.0,149800000,99.017,
44,DE,ART,2010-09-30,2010-12-17,2010-10-31,2021-08-26,-3379600000,43266800000,41717975000.0,,,0.623,14.836,-690900000.0,3790600000,3790600000,17398800000.0,1874300000.0,,5.876,24349000000,,,24349000000,0,914800000.0,0,0.014,1.16,3838000000.0,4752800000.0,0.183,4752800000.0,3838000000.0,3026600000.0,4.4,4.35,4.4,6290300000,5759000000.0,6290300000,55030494282,14.0,11.579,1591300000.0,3.753,1.0,8605800000.0,0.331,1115600000,811400000.0,62709600000,60693425000.0,3063000000,2710700000,,,36963400000,,,34472094282,-861100000.0,-10600000.0,-229700000.0,-298600000.0,-483500000.0,-1009700000.0,-2109100000.0,-1465500000.0,2282200000.0,-24500000.0,1865000000.0,1865000000.0,1865000000.0,0.0,9300000.0,0.072,4769200000.0,3836600000.0,6685200000,0.264,5.48,18.484,18.534,5726900000,0.0,81.55,1.326,1.33,22110800000,12353100000,26004600000.0,26004600000.0,1052400000.0,0.045,0.324,0.063,0.148,71200000.0,2968700000.0,1.0,422711150,424000000,428600000.0,61.332,42151200000,2477100000,1161600000.0,144300000,99.413,
45,DE,ART,2010-06-30,2010-08-27,2010-07-31,2021-08-26,-3384900000,41810300000,41184425000.0,,,0.586,14.406,-614600000.0,3753700000,3753700000,16389000000.0,1192200000.0,,5.835,23859900000,,,23859900000,0,913000000.0,0,0.018,1.14,3081000000.0,3994000000.0,0.165,3994000000.0,3081000000.0,2212900000.0,2.79,2.77,2.79,6115200000,5391100000.0,6115200000,47500468792,15.0,11.893,1975300000.0,4.653,1.0,7747700000.0,0.321,1119000000,868100000.0,60797500000,59980700000.0,3175400000,3096800000,,,35684500000,,,27394268792,-561100000.0,-20500000.0,-27800000.0,-1024400000.0,-474700000.0,-1552500000.0,-1556600000.0,-1003900000.0,2589900000.0,-41900000.0,1185000000.0,1185000000.0,1185000000.0,0.0,7200000.0,0.049,4659800000.0,3087900000.0,6016800000,0.409,4.48,23.118,23.165,6176500000,0.0,64.63,1.135,1.137,20488300000,12023100000,24136700000.0,24136700000.0,1016600000.0,0.029,0.22,0.051,0.128,68100000.0,2920800000.0,1.0,423863048,424500000,429000000.0,56.859,40691300000,2592500000,1027900000.0,133200000,95.857,
46,DE,ART,2010-03-31,2010-05-28,2010-04-30,2021-08-26,-3419100000,41014100000,41078525000.0,,,0.564,13.315,-629400000.0,3614900000,3614900000,15927000000.0,992700000.0,,6.256,23636400000,,,23636400000,0,906000000.0,0,0.019,1.12,2720000000.0,3626000000.0,0.156,3626000000.0,2720000000.0,1795700000.0,2.33,2.32,2.33,5650900000,5718200000.0,5650900000,44526149957,16.0,12.28,2952900000.0,6.958,1.0,7257400000.0,0.313,1135700000,924300000.0,59899900000,59882700000.0,3002900000,3545800000,,,35354700000,,,24504649957,-1182300000.0,-41300000.0,52100000.0,-2750200000.0,-356500000.0,-3085200000.0,-1651400000.0,-973900000.0,3582300000.0,-28000000.0,988000000.0,988000000.0,988000000.0,0.0,4700000.0,0.043,4525800000.0,2731600000.0,5777300000,0.481,4.336,24.802,24.755,6147700000,0.0,57.68,1.057,1.056,19702200000,11533400000,23184400000.0,23184400000.0,1003600000.0,0.024,0.173,0.045,0.117,65900000.0,2829100000.0,1.0,424837898,424400000,429000000.0,54.629,39878400000,2593400000,807700000.0,136500000,93.964,
47,DE,ART,2009-12-31,2010-03-01,2010-01-31,2021-08-26,-3624700000,40780700000,41275200000.0,,,0.552,11.755,-670300000.0,5043300000,5043300000,15918200000.0,915200000.0,,7.188,24770000000,,,24770000000,0,897800000.0,0,0.019,1.12,2395600000.0,3293400000.0,0.144,3293400000.0,2395600000.0,1409200000.0,2.16,2.15,2.16,4979600000,6022525000.0,4979600000,44442147479,19.0,13.494,2611700000.0,6.165,1.0,6883100000.0,0.302,1140700000,986400000.0,59366700000,60253125000.0,2752500000,3030700000,,,35794700000,,,24715447479,39200000.0,-21900000.0,34100000.0,-1833400000.0,-473700000.0,-2316300000.0,-956300000.0,-204700000.0,3282000000.0,29800000.0,912800000.0,912800000.0,912800000.0,0.0,2400000.0,0.04,4466300000.0,2416800000.0,4854700000,0.519,4.963,27.077,26.986,6037900000,0.0,58.29,1.084,1.083,18620100000,11105000000,22801300000.0,22801300000.0,993300000.0,0.022,0.152,0.04,0.105,64900000.0,2783800000.0,1.0,424008363,423600000,427500000.0,53.827,39640000000,2750200000,496400000.0,155400000,93.579,
48,DE,ART,2009-09-30,2009-12-17,2009-10-31,2021-08-26,-3593300000,41132600000,41414925000.0,,,0.558,11.397,-830800000.0,4651700000,4651700000,16255200000.0,873500000.0,,7.536,24550600000,,,24550600000,0,873300000.0,0,0.021,1.12,2375900000.0,3249200000.0,0.141,3249200000.0,2375900000.0,1333500000.0,2.07,2.06,2.07,4818700000,6416350000.0,4818700000,42780510925,18.0,13.166,1154000000.0,2.729,1.0,6857200000.0,0.297,1172800000,1042400000.0,59858700000,60624050000.0,2397300000,3513200000,,,36313900000,,,22881610925,2440300000.0,-49800000.0,13300000.0,1067700000.0,-473400000.0,470300000.0,-57000000.0,825600000.0,1984800000.0,42200000.0,873500000.0,873500000.0,873500000.0,0.0,0.0,0.038,4475000000.0,2382200000.0,5426400000,0.541,4.749,26.195,26.155,6265500000,0.0,54.14,0.99,0.99,18774500000,10980500000,23112400000.0,23112400000.0,977000000.0,0.021,0.136,0.039,0.103,70500000.0,2780600000.0,1.0,422637808,422800000,424400000.0,54.665,39959800000,2804800000,460000000.0,167300000,94.512,
49,DE,ART,2009-06-30,2009-08-28,2009-07-31,2021-08-26,-1312400000,41386700000,40815425000.0,,,0.617,17.554,-1151300000.0,4314800000,4314800000,17639000000.0,1441200000.0,,4.575,24769300000,,,24769300000,0,857300000.0,0,0.025,1.12,3044000000.0,3901300000.0,0.155,3901300000.0,3044000000.0,1962700000.0,3.41,3.39,3.41,7423600000,6844850000.0,7423600000,39246078174,13.0,10.06,338100000.0,0.799,1.0,7540500000.0,0.299,1435700000,1081300000.0,60405500000,60048425000.0,3020000000,4198300000,,,33963100000,,,18791578174,1492000000.0,-57400000.0,-311400000.0,1462700000.0,-475100000.0,544700000.0,-559100000.0,670900000.0,1489400000.0,17000000.0,1441200000.0,1441200000.0,1441200000.0,0.0,0.0,0.057,4503600000.0,3036900000.0,5665900000,0.328,2.531,13.039,13.029,6074500000,0.0,44.43,0.746,0.746,18085600000,11321700000,25179500000.0,25179500000.0,988900000.0,0.035,0.211,0.051,0.121,70800000.0,2755200000.0,1.0,422947967,422900000,424800000.0,59.54,39951000000,1555500000,521500000.0,161000000,94.469,
50,DE,ART,2009-03-31,2009-06-01,2009-04-30,2021-08-26,-1548300000,41800800000,40890675000.0,,,0.661,16.248,-1151100000.0,4797200000,4797200000,19003300000.0,1596400000.0,,5.086,25779900000,,,25779900000,0,853600000.0,0,0.024,1.12,3439300000.0,4292900000.0,0.159,4292900000.0,3439300000.0,2337100000.0,3.76,3.72,3.76,6868200000,6873950000.0,6868200000,40835135470,12.0,9.512,139600000.0,0.33,1.0,8030300000.0,0.297,1401900000,1102200000.0,61381600000,60162875000.0,3551000000,3560800000,,,34932600000,,,19852435470,2509400000.0,-259400000.0,-666500000.0,3241100000.0,-582800000.0,1881000000.0,-669600000.0,771300000.0,1290700000.0,7300000.0,1596400000.0,1596400000.0,1596400000.0,0.0,0.0,0.059,4612700000.0,3417600000.0,5690900000,0.298,2.89,12.436,12.489,5808000000,0.0,46.96,0.734,0.734,18568100000,11020000000,27033600000.0,27033600000.0,983700000.0,0.039,0.232,0.057,0.127,72800000.0,2867700000.0,1.0,422752033,422700000,423700000.0,63.955,40398900000,1571900000,740700000.0,173500000,95.573,
51,DE,ART,2008-12-31,2009-02-26,2009-01-31,2021-08-26,-1496700000,41339600000,40683450000.0,,,0.698,15.515,-1174200000.0,5004100000,5004100000,19755500000.0,1887600000.0,,5.307,25907900000,,,25907900000,0,848200000.0,0,0.04,1.09,4018700000.0,4866900000.0,0.171,4866900000.0,4018700000.0,2902300000.0,4.4,4.35,4.4,6554900000,6994300000.0,6554900000,32392041241,8.0,6.656,-15700000.0,-0.037,1.0,8627000000.0,0.304,1393000000,1116400000.0,60850400000,59929500000.0,3836600000,3713100000,,,34784700000,,,11488241241,3507800000.0,-235600000.0,-1156000000.0,4786400000.0,-455900000.0,3091600000.0,-811000000.0,602800000.0,1158500000.0,68700000.0,1887600000.0,1887600000.0,1887600000.0,0.0,0.0,0.067,4644600000.0,3982400000.0,5643100000,0.248,1.753,6.086,6.177,5693100000,0.0,27.18,0.405,0.405,17588800000,10666100000,28382500000.0,28382500000.0,958200000.0,0.046,0.27,0.067,0.142,70800000.0,2946300000.0,1.0,422672599,422500000,423700000.0,67.178,39946600000,1419900000,1014700000.0,166200000,94.548,
52,DE,ART,2008-09-30,2008-12-18,2008-10-31,2021-08-26,-1387300000,38734600000,39902375000.0,,,0.713,15.154,-1142500000.0,2211400000,2211400000,19574800000.0,2052800000.0,,4.929,22419000000,,,22419000000,0,831000000.0,0,0.027,1.06,4301000000.0,5132000000.0,0.18,5132000000.0,4301000000.0,3164000000.0,4.76,4.7,4.76,6532700000,7115175000.0,6532700000,36538238798,8.0,7.12,806500000.0,1.871,1.0,8862800000.0,0.312,1386000000,1137000000.0,57556200000,59003275000.0,3041800000,2846600000,,,32201900000,,,16330638798,-67200000.0,-210300000.0,-1568700000.0,1321800000.0,-448100000.0,-648500000.0,-1426000000.0,-53300000.0,1949000000.0,58300000.0,2052800000.0,2052800000.0,2052800000.0,0.0,0.0,0.072,4602000000.0,4260800000.0,6562800000,0.223,2.5,7.955,8.124,5766300000,0.0,38.67,0.574,0.586,19961200000,10580600000,28437600000.0,28437600000.0,943100000.0,0.051,0.289,0.073,0.151,70600000.0,2960200000.0,1.0,422307701,431100000,436300000.0,65.965,37348600000,1440600000,1111200000.0,171800000,86.636,
53,DE,ART,2008-06-30,2008-09-02,2008-07-31,2021-08-26,-467400000,41687700000,39862650000.0,,,0.682,17.563,-953100000.0,2822800000,2822800000,18346500000.0,2130000000.0,,4.529,23511600000,,,23511600000,0,817800000.0,0,0.015,1.03,4378800000.0,5196600000.0,0.191,5196600000.0,4378800000.0,3221000000.0,4.89,4.81,4.89,7540000000,7270950000.0,7540000000,50028379168,11.0,9.627,1463700000.0,3.41,1.0,8830700000.0,0.325,1513200000,1157800000.0,60863300000,58789075000.0,3474200000,3092900000,,,34147700000,,,29339579168,1049600000.0,-167500000.0,-1612500000.0,1515000000.0,-426200000.0,-440900000.0,-992400000.0,228600000.0,2416800000.0,66100000.0,2130000000.0,2130000000.0,2130000000.0,0.0,0.0,0.078,4491200000.0,4339500000.0,6237800000,0.211,3.891,13.774,14.051,5599500000,0.0,68.71,1.08,1.085,20729400000,10353800000,27177200000.0,27177200000.0,904000000.0,0.053,0.293,0.074,0.161,78000000.0,2945600000.0,1.0,427005955,429300000,434400000.0,63.306,40174500000,1564200000,1091000000.0,853800000,93.581,
54,DE,ART,2008-03-31,2008-05-29,2008-04-30,2021-08-26,-523500000,40971900000,38848375000.0,,,0.671,16.946,-955800000.0,2287800000,2287800000,17467500000.0,2092000000.0,,4.575,23169300000,,,23169300000,0,785100000.0,0,0.012,0.97,4327300000.0,5112400000.0,0.196,5112400000.0,4327300000.0,3148100000.0,4.75,4.69,4.75,7349600000,7401225000.0,7349600000,55934865550,13.0,10.941,1440700000.0,3.322,1.0,8604700000.0,0.33,1405300000,1179200000.0,60448100000,57526200000.0,3570800000,3350800000,,,33622300000,,,35053365550,304100000.0,-107300000.0,-1717000000.0,1235500000.0,-417700000.0,-811900000.0,-1355800000.0,-150200000.0,2396500000.0,75300000.0,2092000000.0,2092000000.0,2092000000.0,0.0,0.0,0.08,4310500000.0,4294200000.0,6032200000,0.204,4.769,16.756,17.124,5411200000,0.0,81.34,1.344,1.353,20570300000,9898700000,26072200000.0,26072200000.0,870200000.0,0.054,0.283,0.075,0.166,81100000.0,2839400000.0,1.0,430948679,433700000,439600000.0,60.116,39566600000,1533200000,1056100000.0,900900000,91.23,
55,DE,ART,2007-12-31,2008-02-28,2008-01-31,2021-08-26,-638000000,38215300000,37897425000.0,,,0.656,16.08,-1014100000.0,1496300000,1496300000,16664400000.0,1952100000.0,,4.43,21806000000,,,21806000000,0,758400000.0,0,0.011,0.94,4056200000.0,4814600000.0,0.194,4814600000.0,4056200000.0,2877000000.0,4.365,4.31,4.365,7038400000,7553725000.0,7038400000,58231745876,14.0,12.095,1606300000.0,3.67,1.0,8193600000.0,0.33,1379500000,1179200000.0,57145500000,56182875000.0,3288800000,3271300000,,,31176900000,,,37922045876,155200000.0,-127700000.0,-1523400000.0,1162800000.0,-408400000.0,-667400000.0,-1828800000.0,-692200000.0,2620400000.0,31000000.0,1952100000.0,1952100000.0,1952100000.0,0.0,0.0,0.079,4172800000.0,4020800000.0,5193600000,0.215,5.388,19.426,19.924,5280100000,0.0,86.97,1.526,1.531,19120300000,9243400000,24858000000.0,24858000000.0,844300000.0,0.052,0.258,0.072,0.163,84900000.0,2730100000.0,1.0,436035942,437700000,444200000.0,56.792,36835800000,1451400000,924900000.0,688500000,84.158,
56,DE,ART,2007-09-30,2007-12-20,2007-10-31,2021-08-26,-637500000,38575700000,36880375000.0,,,0.653,15.927,-1129000000.0,2278600000,2278600000,16252800000.0,1821700000.0,,4.391,21767600000,,,21767600000,0,744400000.0,0,0.011,0.91,3855900000.0,4600300000.0,0.191,4600300000.0,3855900000.0,2704700000.0,4.05,4.0,4.05,7155800000,7688100000.0,7155800000,57437646261,15.0,12.486,1630400000.0,3.629,1.0,7829400000.0,0.325,1365300000,1151200000.0,56699400000,54711525000.0,2337300000,4061800000,,,31419900000,,,37948646261,591100000.0,-112100000.0,-1232100000.0,1246800000.0,-386700000.0,-281000000.0,-1933300000.0,-704700000.0,2759400000.0,46000000.0,1821700000.0,1821700000.0,1821700000.0,0.0,0.0,0.076,4002700000.0,3826700000.0,5494400000,0.225,5.303,20.831,21.39,5239300000,0.0,86.63,1.576,1.616,19312100000,9031700000,24082200000.0,24082200000.0,816800000.0,0.049,0.237,0.07,0.16,82000000.0,2620800000.0,1.0,438054326,449300000,455000000.0,53.599,37210400000,1399500000,883000000.0,457700000,82.819,
57,DE,ART,2007-06-30,2007-08-31,2007-07-31,2021-08-26,255900000,37630600000,35916550000.0,,,0.642,18.01,-1061700000.0,1773200000,1773200000,15722800000.0,1676800000.0,,3.668,21275700000,,,21275700000,0,742400000.0,0,0.013,0.855,3582600000.0,4325000000.0,0.188,4325000000.0,3582600000.0,2465000000.0,3.715,3.685,3.715,8061100000,7771950000.0,8061100000,49691229252,14.0,11.489,1534600000.0,3.429,1.0,7336100000.0,0.318,1321300000,1117600000.0,55811800000,53429600000.0,2473700000,4729200000,,,29569500000,,,30188729252,487300000.0,-145500000.0,-1191500000.0,1404300000.0,-379400000.0,-95500000.0,-2058800000.0,-904500000.0,2596300000.0,45300000.0,1676800000.0,1676800000.0,1676800000.0,-700000.0,0.0,0.073,3794100000.0,3542000000.0,5224000000,0.23,3.745,18.004,18.312,4797000000,0.0,68.03,1.309,1.321,18636600000,8988100000,23058900000.0,23058900000.0,786500000.0,0.047,0.216,0.067,0.155,158400000.0,2486000000.0,1.0,443756126,447600000,453600000.0,51.517,36309300000,729800000,788200000.0,380200000,81.12,
58,DE,ART,2007-03-31,2007-06-01,2007-04-30,2021-08-26,179500000,37168100000,35200850000.0,,,0.645,17.571,-1071000000.0,1983700000,1983700000,15578700000.0,1575600000.0,,3.67,21085300000,,,21085300000,0,726900000.0,0,0.014,0.83,3427100000.0,4154000000.0,0.183,4154000000.0,3427100000.0,2339200000.0,3.45,3.41,3.45,7959600000,7649000000.0,7959600000,46045613182,13.0,11.085,1135400000.0,2.506,1.0,7113200000.0,0.313,1194900000,1087900000.0,55074800000,52390000000.0,2572800000,4769700000,,,29208500000,,,26944013182,781800000.0,-38200000.0,-1089800000.0,1713200000.0,-371500000.0,317900000.0,-1791800000.0,-815100000.0,2206400000.0,49300000.0,1575600000.0,1575600000.0,1575600000.0,-1000000.0,0.0,0.069,3722200000.0,3391000000.0,4929800000,0.241,3.385,17.101,17.357,4590600000,0.0,59.88,1.187,1.195,18145600000,8549300000,22691900000.0,22691900000.0,758100000.0,0.045,0.206,0.065,0.151,145700000.0,2443300000.0,1.0,449966820,453000000,458600000.0,50.092,35973200000,756500000,763600000.0,441400000,79.411,
59,DE,ART,2006-12-31,2007-03-01,2007-01-31,2021-08-26,68600000,34147100000,34432525000.0,,,0.65,16.672,-1014400000.0,1341100000,1341100000,15415900000.0,1696600000.0,,3.507,19624200000,,,19624200000,0,715900000.0,0,0.015,0.805,3504900000.0,4220800000.0,0.189,4220800000.0,3504900000.0,2450200000.0,3.655,3.615,3.655,7575900000,7549175000.0,7575900000,42833210552,12.0,10.148,235700000.0,0.519,1.0,6955000000.0,0.311,1170100000,1054700000.0,51260100000,51326450000.0,2484100000,3601600000,,,26571200000,,,24550110552,-136100000.0,399000000.0,-898700000.0,754400000.0,-363400000.0,-409200000.0,-1012700000.0,-419500000.0,1250100000.0,35700000.0,1696600000.0,1696600000.0,1696600000.0,-228600000.0,0.0,0.076,3701200000.0,3253800000.0,4099800000,0.22,3.241,14.47,14.804,4371800000,0.0,54.11,1.097,1.099,17304200000,8025300000,22370900000.0,22370900000.0,741600000.0,0.049,0.225,0.068,0.157,133300000.0,2399800000.0,1.0,453707458,454400000,459600000.0,49.232,32977000000,585200000,753600000.0,210400000,72.573,
60,DE,ART,2006-09-30,2006-12-19,2006-10-31,2021-08-26,74300000,34720400000,34160075000.0,,,0.648,16.048,-872500000.0,1687500000,1687500000,15362000000.0,1693800000.0,,3.635,19705200000,,,19705200000,0,691400000.0,0,0.016,0.78,3452900000.0,4144300000.0,0.187,4144300000.0,3452900000.0,2435400000.0,3.63,3.59,3.63,7491200000,7374975000.0,7491200000,40086044877,12.0,9.673,100700000.0,0.216,1.0,6785800000.0,0.306,1166400000,1017500000.0,51571700000,50808475000.0,1957300000,4311500000,,,27229200000,,,22068344877,-570700000.0,384400000.0,-971700000.0,828300000.0,-348400000.0,-416800000.0,-1148900000.0,-627700000.0,973200000.0,21800000.0,1693800000.0,1693800000.0,1693800000.0,-240600000.0,0.0,0.076,3594500000.0,3191300000.0,4513800000,0.215,2.946,13.029,13.36,4257500000,0.0,48.495,0.996,1.022,17512100000,7886800000,22147800000.0,22147800000.0,725800000.0,0.05,0.23,0.068,0.156,90700000.0,2323900000.0,1.0,455064334,466800000,471600000.0,47.446,33554000000,582200000,741600000.0,217400000,71.881,
61,DE,ART,2006-06-30,2006-08-31,2006-07-31,2021-08-26,41500000,34767800000,33889175000.0,,,0.655,16.194,-813200000.0,1285900000,1285900000,15575300000.0,1649400000.0,,3.593,19340500000,,,19340500000,0,667200000.0,0,0.019,0.74,3341000000.0,4008200000.0,0.18,4008200000.0,3341000000.0,2381500000.0,3.51,3.47,3.51,7569300000,7215050000.0,7569300000,36111114753,11.0,9.009,192600000.0,0.412,1.0,6631900000.0,0.299,1169000000,959500000.0,51653400000,50139150000.0,2404300000,4327200000,,,27198500000,,,18056514753,-853900000.0,343600000.0,-930300000.0,1272400000.0,-332200000.0,79000000.0,-1965000000.0,-1433700000.0,1005800000.0,26300000.0,1649400000.0,1649400000.0,1649400000.0,-239900000.0,0.0,0.074,3534000000.0,3097900000.0,4804100000,0.211,2.385,10.947,11.125,3954300000,0.0,39.05,0.813,0.822,17731800000,7697500000,22207200000.0,22207200000.0,716900000.0,0.049,0.229,0.067,0.15,0.0,2295900000.0,1.0,462394744,467400000,471800000.0,47.512,33598800000,628800000,732100000.0,327800000,71.884,
62,DE,ART,2006-03-31,2006-06-01,2006-04-30,2021-08-26,54200000,34094800000,33460225000.0,,,0.656,16.065,-693700000.0,1201900000,1201900000,15574300000.0,1600500000.0,,3.51,19064300000,,,19064300000,0,654600000.0,0,0.016,0.7,3178700000.0,3833300000.0,0.175,3833300000.0,3178700000.0,2284600000.0,3.375,3.335,3.375,7560300000,7056975000.0,7560300000,38168646828,12.0,9.957,-119500000.0,-0.254,1.0,6371300000.0,0.29,1136600000,894100000.0,50820600000,49150900000.0,2711800000,3569800000,,,26534500000,,,20306246828,-1854800000.0,263000000.0,-675800000.0,2202400000.0,-316800000.0,1265700000.0,-3679400000.0,-3153100000.0,574200000.0,-15300000.0,1600500000.0,1600500000.0,1600500000.0,-239600000.0,0.0,0.073,3436500000.0,2934800000.0,4518700000,0.207,2.686,12.687,12.787,3810800000,0.0,43.155,0.925,0.925,17872900000,7353000000,21945600000.0,21945600000.0,706400000.0,0.048,0.227,0.065,0.145,0.0,2240200000.0,1.0,470542158,470600000,476200000.0,46.633,32958200000,538100000,684100000.0,313200000,70.034,
63,DE,ART,2005-12-31,2006-02-24,2006-01-31,2021-08-26,4900000,33057300000,32859925000.0,,,0.67,14.581,-567000000.0,1477200000,1477200000,15715600000.0,1459900000.0,,3.805,18731600000,,,18731600000,0,637400000.0,0,0.017,0.66,2995100000.0,3632500000.0,0.165,3632500000.0,2995100000.0,2171300000.0,3.025,2.985,3.025,6879100000,6851825000.0,6879100000,35466511074,12.0,9.764,92400000.0,0.196,1.0,6289900000.0,0.286,1123500000,823800000.0,49188200000,47528350000.0,2731700000,3635500000,,,26178200000,,,18212111074,-1388300000.0,-128200000.0,-868500000.0,3785400000.0,-294100000.0,2620800000.0,-4631200000.0,-3825400000.0,659400000.0,-37300000.0,1459900000.0,1459900000.0,1459900000.0,-12000000.0,0.0,0.066,3315700000.0,2974200000.0,3909800000,0.218,2.647,12.475,12.833,3705100000,0.0,38.82,0.828,0.832,16091900000,6700000000,22005500000.0,22005500000.0,689000000.0,0.044,0.213,0.063,0.136,0.0,2224300000.0,1.0,469142480,471800000,477000000.0,46.642,31933800000,646300000,711400000.0,282000000,67.685,
64,DE,ART,2005-09-30,2005-12-20,2005-10-31,2021-08-26,-26400000,33636800000,31832625000.0,,,0.689,14.08,-455500000.0,2258200000,2258200000,15737300000.0,1446800000.0,,3.909,18622600000,,,18622600000,0,636500000.0,0,0.017,0.605,2922900000.0,3559400000.0,0.162,3559400000.0,2922900000.0,2161900000.0,2.975,2.935,2.975,6851500000,6756575000.0,6851500000,32901680335,11.0,9.244,761100000.0,1.564,1.0,6193200000.0,0.282,1106800000,761000000.0,48894400000,45232100000.0,2134900000,4014300000,,,26785300000,,,16537280335,-922900000.0,-119700000.0,-765300000.0,4110000000.0,-289700000.0,3053100000.0,-5173200000.0,-4568400000.0,1216600000.0,-19400000.0,1446800000.0,1446800000.0,1446800000.0,0.0,0.0,0.066,3276400000.0,2916800000.0,4525000000,0.203,2.414,11.43,11.76,3700400000,0.0,34.985,0.754,0.776,16566700000,6556100000,21930500000.0,21930500000.0,677300000.0,0.045,0.214,0.065,0.133,0.0,2218600000.0,1.0,472696308,486600000,492800000.0,45.069,32530000000,628100000,715100000.0,277000000,66.852,
65,DE,ART,2005-06-30,2005-09-01,2005-07-31,2021-08-26,-18100000,33052000000,30611925000.0,,,0.717,14.35,-457200000.0,2139800000,2139800000,15693100000.0,1570500000.0,,3.765,17854100000,,,17854100000,0,1092800000.0,0,0.018,0.59,3046500000.0,4139300000.0,0.188,4139300000.0,3046500000.0,2353400000.0,3.205,3.16,3.205,6937000000,6641900000.0,6937000000,31365326683,10.0,7.577,414500000.0,0.857,1.0,6267400000.0,0.285,1065900000,693100000.0,47700400000,42789875000.0,2560200000,3515600000,,,26115000000,,,15651026683,-1196600000.0,-92400000.0,-572900000.0,3407600000.0,-284500000.0,2549200000.0,-4626500000.0,-4009400000.0,871700000.0,9000000.0,1570500000.0,1570500000.0,1570500000.0,0.0,0.0,0.072,3225400000.0,3042000000.0,4398600000,0.184,2.256,9.966,10.123,3442400000,0.0,32.445,0.713,0.714,16358800000,6401000000,21960500000.0,21960500000.0,657800000.0,0.051,0.236,0.071,0.139,0.0,2203000000.0,1.0,482386398,483400000,,45.429,31986100000,681000000,782900000.0,294600000,66.169,
66,DE,ART,2005-03-31,2005-05-27,2005-04-30,2021-08-26,3700000,31693600000,29033650000.0,,,0.736,13.732,-506700000.0,3056700000,3056700000,15210700000.0,1584800000.0,,3.703,16688300000,,,16688300000,0,934800000.0,0,0.017,0.575,2995800000.0,3930600000.0,0.184,3930600000.0,2995800000.0,2355100000.0,3.21,3.16,3.21,6739700000,6161800000.0,6739700000,29695039091,10.0,7.555,813800000.0,1.658,1.0,6163100000.0,0.288,994800000,640700000.0,44330400000,39979775000.0,2890000000,985100000,,,24953900000,,,16063439091,61000000.0,22200000.0,-546400000.0,2436600000.0,-277600000.0,1612100000.0,-2888400000.0,-2358600000.0,1320500000.0,16800000.0,1584800000.0,1584800000.0,1584800000.0,0.0,0.0,0.074,3172300000.0,2990800000.0,4453500000,0.179,2.383,10.136,10.33,3392200000,0.0,33.16,0.752,0.761,16522500000,6106100000,21373800000.0,21373800000.0,642500000.0,0.055,0.257,0.075,0.14,0.0,2175800000.0,1.0,484422168,490800000,,43.549,30698800000,597300000,770300000.0,250500000,62.548,
67,DE,ART,2004-12-31,2005-03-14,2005-01-31,2021-08-26,-2800000,28948100000,27599575000.0,,,0.747,13.149,-513300000.0,2865500000,2865500000,14690700000.0,1458100000.0,,3.455,14926500000,,,14926500000,0,781300000.0,0,0.016,0.56,2805600000.0,3586900000.0,0.174,3586900000.0,2805600000.0,2193800000.0,2.945,2.885,2.945,6498100000,5662075000.0,6498100000,28946596952,10.0,8.07,469900000.0,0.951,1.0,5938700000.0,0.288,1005900000,611800000.0,40003200000,37830400000.0,2802000000,367200000,,,22450000000,,,16885596952,-1222300000.0,-74300000.0,-166600000.0,588200000.0,-262500000.0,158600000.0,-2413200000.0,-1793000000.0,983200000.0,49100000.0,1458100000.0,1458100000.0,1458100000.0,0.0,0.0,0.071,3129900000.0,2808800000.0,3738800000,0.19,2.599,11.581,11.63,3392200000,0.0,34.25,0.819,0.82,14868500000,5583700000,20629400000.0,20629400000.0,622700000.0,0.053,0.258,0.074,0.136,0.0,2161600000.0,1.0,493010130,494200000,,41.743,27942200000,551200000,735700000.0,249200000,56.54,
68,DE,ART,2004-09-30,2004-12-21,2004-10-31,2021-08-26,-42700000,28754000000,26884650000.0,,,0.743,12.896,-490500000.0,3181100000,3181100000,14217800000.0,1406100000.0,,3.498,14547900000,,,14547900000,0,621000000.0,0,0.014,0.53,2706700000.0,3327700000.0,0.167,3327700000.0,2706700000.0,2114600000.0,2.845,2.78,2.845,6392800000,5108675000.0,6392800000,29633516574,11.0,8.905,672000000.0,1.356,1.0,5768300000.0,0.289,995300000,592100000.0,39125500000,36582400000.0,1999100000,353600000,,,22361200000,,,18266716574,-1203400000.0,-102300000.0,57700000.0,-479200000.0,-246600000.0,-668500000.0,-1735500000.0,-1073900000.0,1162500000.0,38100000.0,1406100000.0,1406100000.0,1406100000.0,0.0,0.0,0.07,3062500000.0,2705800000.0,4115900000,0.186,2.857,12.991,12.953,3458500000,0.0,36.85,0.914,0.914,15120100000,5445100000,19986100000.0,19986100000.0,611600000.0,0.052,0.275,0.074,0.135,0.0,2117400000.0,1.0,495704656,495704656,,40.319,27758700000,528100000,708500000.0,241800000,55.998,
69,DE,ART,2004-06-30,2004-08-27,2004-07-31,2021-08-26,-1160400000,26738900000,26260650000.0,,,0.713,10.108,-393900000.0,3336400000,3336400000,13440100000.0,1120200000.0,,4.33,14246200000,,,14246200000,0,631400000.0,0,0.016,0.5,2290900000.0,2922300000.0,0.156,2922300000.0,2290900000.0,1694700000.0,2.265,2.205,2.265,5016600000,4511000000.0,5016600000,26461578717,12.0,9.055,1110500000.0,2.238,1.0,5278500000.0,0.282,1188700000,596200000.0,36460000000,35676000000.0,2218200000,364200000,,,21722300000,,,15551778717,-420800000.0,-88200000.0,277800000.0,-757000000.0,-229700000.0,-710100000.0,-1260000000.0,-792900000.0,1504400000.0,44900000.0,1120200000.0,1120200000.0,1120200000.0,0.0,0.0,0.06,2996500000.0,2282000000.0,3942200000,0.221,3.1,13.883,13.834,3280700000,0.0,31.335,0.831,0.831,14390300000,5161300000,18718600000.0,18718600000.0,611100000.0,0.043,0.248,0.064,0.122,0.0,2055300000.0,1.0,496306964,496306964,,37.716,25550200000,1287400000,574500000.0,231600000,51.481,
70,DE,ART,2004-03-31,2004-05-28,2004-04-30,2021-08-26,-1174200000,25957300000,26075375000.0,,,0.679,9.522,-335300000.0,2995700000,2995700000,12729000000.0,966300000.0,,4.475,13955200000,,,13955200000,0,631400000.0,0,0.014,0.47,2095000000.0,2726400000.0,0.154,2726400000.0,2095000000.0,1480500000.0,1.975,1.925,1.975,4740800000,4204900000.0,4740800000,27314645460,13.0,10.019,1184700000.0,2.38,1.0,4972800000.0,0.281,1183900000,614500000.0,35732900000,35620675000.0,2226200000,360000000,,,21216500000,,,16355145460,-328500000.0,-87200000.0,370400000.0,-1573100000.0,-212900000.0,-1416600000.0,-501700000.0,-77100000.0,1520000000.0,69800000.0,966300000.0,966300000.0,966300000.0,0.0,0.0,0.055,2886700000.0,2086100000.0,3758000000,0.238,3.45,16.926,16.633,3275800000,0.0,32.85,0.924,0.924,14001700000,4841400000,17701800000.0,17701800000.0,604300000.0,0.037,0.23,0.059,0.118,0.0,1962900000.0,1.0,497873530,497873530,,35.555,24773400000,1249200000,514200000.0,234300000,49.758,
71,DE,ART,2003-12-31,2004-02-27,2004-01-31,2021-08-26,-1137000000,26088400000,26132175000.0,,,0.621,8.675,-277000000.0,4087800000,4087800000,11756100000.0,745900000.0,,5.089,14204800000,,,14204800000,0,631400000.0,0,0.014,0.44,1761800000.0,2393200000.0,0.148,2393200000.0,1761800000.0,1137900000.0,1.55,1.52,1.55,4284500000,3902150000.0,4284500000,25978067960,15.0,10.855,1569700000.0,3.178,1.0,4468700000.0,0.275,1194200000,623900000.0,35011200000,36035675000.0,2169800000,376500000,,,21803900000,,,15861067960,534400000.0,-40700000.0,287700000.0,-853800000.0,-211400000.0,-778100000.0,-585200000.0,-216100000.0,1846700000.0,51000000.0,745900000.0,745900000.0,745900000.0,0.0,0.0,0.046,2716800000.0,1751900000.0,3144000000,0.284,3.702,21.264,20.719,3388100000,0.0,32.115,0.978,0.978,12610600000,4446200000,16224800000.0,16224800000.0,598000000.0,0.029,0.191,0.049,0.109,0.0,1804600000.0,1.0,493883480,493883480,,32.851,24894200000,1517100000,392000000.0,248700000,50.405,
72,DE,ART,2003-09-30,2003-12-22,2003-10-31,2021-08-26,-1168000000,26258000000,25848475000.0,,,0.601,8.191,-268800000.0,4384500000,4384500000,11288800000.0,643100000.0,,5.561,14751400000,,,14751400000,0,631400000.0,0,0.013,0.44,1608500000.0,2239900000.0,0.144,2239900000.0,1608500000.0,980000000.0,1.34,1.32,1.34,4002100000,3645250000.0,4002100000,26735877901,17.0,11.936,1266900000.0,2.593,1.0,4245800000.0,0.273,1125000000,628500000.0,35499900000,36062525000.0,1366100000,427300000,,,22255900000,,,16368977901,1569600000.0,11900000.0,174100000.0,897100000.0,-210500000.0,858900000.0,-896100000.0,-600000000.0,1535700000.0,71100000.0,643100000.0,643100000.0,643100000.0,0.0,0.0,0.041,2646000000.0,1599800000.0,3193300000,0.328,4.09,25.453,25.0,3457500000,0.0,33.5,1.054,1.054,13325000000,4329500000,15534600000.0,15534600000.0,577300000.0,0.025,0.176,0.045,0.104,0.0,1744200000.0,1.0,488626206,488626206,,31.792,25133000000,1476100000,336900000.0,257200000,51.436,
73,DE,ART,2003-06-30,2003-08-29,2003-07-31,2021-08-26,-1196000000,25997800000,25225975000.0,,,0.597,7.9,-250100000.0,3757200000,3757200000,10892400000.0,640300000.0,,5.856,14947800000,,,14947800000,0,725300000.0,0,0.016,0.44,1635000000.0,2360300000.0,0.157,2360300000.0,1635000000.0,999800000.0,1.335,1.33,1.335,3792200000,3435525000.0,3792200000,24753129803,15.0,10.487,1144600000.0,2.385,1.0,4172200000.0,0.277,949700000,635200000.0,36238700000,35549025000.0,1710500000,414300000,,,22205600000,,,13562529803,1429700000.0,11700000.0,49400000.0,1280100000.0,-210200000.0,1117900000.0,-1114400000.0,-923500000.0,1394700000.0,31500000.0,640300000.0,640300000.0,640300000.0,0.0,0.0,0.043,2535700000.0,1636500000.0,3270100000,0.33,3.576,21.182,21.165,3406000000,0.0,28.255,0.9,0.9,13544200000,4317300000,15064600000.0,15064600000.0,548500000.0,0.025,0.186,0.046,0.109,0.0,1665200000.0,1.0,480004594,480004594,,31.384,25048100000,1479700000,359500000.0,257300000,52.183,
74,DE,ART,2003-03-31,2003-05-29,2003-04-30,2021-08-26,-1241500000,26184500000,24598225000.0,,,0.595,7.373,-302600000.0,3324200000,3324200000,10577500000.0,540400000.0,,6.418,15469400000,,,15469400000,0,725300000.0,0,0.021,0.44,1539100000.0,2264400000.0,0.155,2264400000.0,1539100000.0,908000000.0,1.13,1.125,1.13,3529800000,3533450000.0,3529800000,22374005893,15.0,9.881,908100000.0,1.897,1.0,4054500000.0,0.277,936800000,631100000.0,37392900000,34885100000.0,2006800000,387800000,,,22654700000,,,10228805893,707700000.0,10600000.0,34600000.0,1502500000.0,-210100000.0,1325900000.0,-1854600000.0,-1613500000.0,1210700000.0,25700000.0,540400000.0,540400000.0,540400000.0,0.0,0.0,0.037,2503600000.0,1550900000.0,3279000000,0.389,2.898,18.928,18.907,3436000000,0.0,21.365,0.699,0.699,13757800000,4128400000,14632000000.0,14632000000.0,530400000.0,0.022,0.153,0.044,0.105,0.0,1623700000.0,1.0,478764610,478764610,,30.562,25247700000,1538500000,367600000.0,274300000,52.735,
75,DE,ART,2002-12-31,2003-03-04,2003-01-31,2021-08-26,-1308400000,24953600000,23911950000.0,,,0.595,6.804,-307600000.0,3553400000,3553400000,10277700000.0,425300000.0,,6.662,14639800000,,,14639800000,0,725300000.0,0,0.022,0.44,1372800000.0,2098100000.0,0.148,2098100000.0,1372800000.0,745600000.0,0.89,0.885,0.89,3256900000,3673525000.0,3256900000,20624315864,15.0,9.83,1376400000.0,2.875,1.0,3940800000.0,0.277,921400000,627200000.0,35118600000,33889925000.0,1929300000,363900000,,,21696700000,,,9537915864,1188600000.0,7300000.0,55700000.0,1312900000.0,-209700000.0,1157400000.0,-1674500000.0,-1247300000.0,1684000000.0,21700000.0,425300000.0,425300000.0,425300000.0,0.0,0.0,0.03,2551900000.0,1388900000.0,2898600000,0.494,2.929,22.426,22.388,3515800000,0.0,19.925,0.671,0.671,12383200000,3924400000,14218500000.0,14218500000.0,518100000.0,0.018,0.116,0.041,0.097,0.0,1648800000.0,1.0,478690884,478690884,,29.703,24032200000,1492800000,320300000.0,142000000,50.204,
76,DE,ART,2002-09-30,2002-12-20,2002-10-31,2021-08-26,-1366400000,23768000000,23275100000.0,,,0.599,6.61,-351400000.0,2814900000,2814900000,10111800000.0,319200000.0,,6.514,13387700000,,,13387700000,0,725300000.0,0,0.018,0.44,1214600000.0,1939900000.0,0.139,1939900000.0,1214600000.0,577500000.0,0.67,0.665,0.67,3163200000,3844900000.0,3163200000,21954374938,18.0,11.317,1526900000.0,3.191,1.0,3835200000.0,0.275,894900000,637100000.0,33445900000,33120450000.0,1371800000,369800000,,,20604800000,,,11381574938,1784900000.0,34500000.0,46800000.0,389500000.0,-208900000.0,225900000.0,-314000000.0,-12900000.0,1878300000.0,-5300000.0,319200000.0,319200000.0,319200000.0,0.0,0.0,0.023,2595400000.0,1239800000.0,3206200000,0.657,3.598,35.657,35.5,3607500000,0.0,23.785,0.816,0.816,12493300000,3912600000,13947000000.0,13947000000.0,527800000.0,0.014,0.083,0.037,0.087,0.0,1657300000.0,1.0,478519022,478519022,,29.146,22873100000,1490100000,258300000.0,111900000,47.8,
77,DE,ART,2002-06-30,2002-09-10,2002-07-31,2021-08-26,-312100000,23486800000,22998875000.0,,,0.597,8.767,-518300000.0,2327500000,2327500000,10298100000.0,-68700000.0,,4.614,13284700000,,,13284700000,0,718300000.0,0,0.019,0.44,631800000.0,1350100000.0,0.098,1350100000.0,631800000.0,-22200000.0,-0.15,-0.155,-0.15,4183900000,4052150000.0,4183900000,22190835968,35.0,16.436,1490700000.0,3.124,1.0,3431600000.0,0.25,861000000,654000000.0,33583000000,33138550000.0,1606500000,398300000,,,19302900000,,,11233635968,2074800000.0,-16400000.0,49300000.0,775000000.0,-208100000.0,613800000.0,-549800000.0,-17900000.0,2009000000.0,1800000.0,-68700000.0,-68700000.0,-68700000.0,0.0,0.0,-0.005,2770800000.0,660800000.0,3009400000,-2.933,2.685,-163.517,-156.933,3671600000,0.0,23.54,0.818,0.818,12201000000,3899500000,13729700000.0,13729700000.0,544900000.0,-0.003,-0.017,0.019,0.046,0.0,1782200000.0,1.0,477214782,477214782,,28.77,22625800000,1030000000,46500000.0,146100000,47.412,
78,DE,ART,2002-03-31,2002-06-06,2002-04-30,2021-08-26,-303700000,23439400000,22638125000.0,,,0.589,8.578,-631800000.0,2616500000,2616500000,10036100000.0,-144500000.0,,4.731,13442900000,,,13442900000,0,718300000.0,0,0.019,0.44,510800000.0,1229100000.0,0.092,1229100000.0,510800000.0,-172400000.0,-0.31,-0.31,-0.31,4090100000,4088800000.0,4090100000,21795614332,43.0,17.733,1488100000.0,3.121,1.0,3308900000.0,0.248,853600000,683200000.0,33412200000,33055450000.0,1806700000,404200000,,,19349300000,,,10969214332,2132100000.0,-26500000.0,44100000.0,1273300000.0,-207300000.0,1106900000.0,-902800000.0,-115900000.0,2119900000.0,-7700000.0,-144500000.0,-144500000.0,-144500000.0,0.0,0.0,-0.011,2771000000.0,537900000.0,2942400000,-1.419,2.682,-75.912,-74.21,3724000000,0.0,23.005,0.822,0.822,11847400000,3808600000,13345000000.0,13345000000.0,561500000.0,-0.006,-0.035,0.015,0.038,0.0,1774400000.0,1.0,476818706,476818706,,27.988,22585800000,971800000,-27900000.0,156100000,47.368,
79,DE,ART,2001-12-31,2002-03-12,2002-01-31,2021-08-26,-339700000,22406200000,22303250000.0,,,0.589,8.292,-825800000.0,2364800000,2364800000,9858900000.0,-158500000.0,,4.683,12863300000,,,12863300000,0,718300000.0,0,0.019,0.44,530400000.0,1248700000.0,0.095,1248700000.0,530400000.0,-197900000.0,-0.335,-0.335,-0.335,3942400000,4151475000.0,3942400000,21726446149,41.0,17.399,935900000.0,1.968,1.0,3275700000.0,0.249,864000000,728300000.0,32040700000,32930775000.0,1830700000,396300000,,,18463800000,,,11227946149,2053200000.0,-48200000.0,23300000.0,1884700000.0,-206600000.0,1698100000.0,-1390100000.0,-475900000.0,1761700000.0,-16500000.0,-158500000.0,-158500000.0,-158500000.0,0.0,0.0,-0.012,2718200000.0,557500000.0,2741000000,-1.313,2.848,-70.839,-70.493,3833200000,0.0,23.615,0.855,0.855,11032600000,3734900000,13134600000.0,13134600000.0,583000000.0,-0.007,-0.038,0.016,0.04,0.0,1726900000.0,1.0,475458232,475458232,,27.625,21542200000,908100000,-39400000.0,84300000,45.308,
80,DE,ART,2001-09-30,2001-12-21,2001-10-31,2021-08-26,-368900000,22663100000,21887525000.0,,,0.607,8.409,-874500000.0,1030000000,1030000000,9852400000.0,-64000000.0,,4.677,12759200000,,,12759200000,0,718300000.0,0,0.021,0.44,719400000.0,1437700000.0,0.108,1437700000.0,719400000.0,-46300000.0,-0.135,-0.135,-0.135,3992200000,4246350000.0,3992200000,21817906950,30.0,15.176,238900000.0,0.503,1.0,3440500000.0,0.259,874000000,765700000.0,33518300000,32580125000.0,1505700000,374600000,,,18670900000,,,10088706950,738300000.0,-315200000.0,16500000.0,2193200000.0,-206500000.0,2000400000.0,-2364900000.0,-1144700000.0,1113400000.0,-10600000.0,-64000000.0,-64000000.0,-64000000.0,0.0,0.0,-0.005,2699600000.0,740900000.0,3113700000,-3.259,2.527,-157.636,-157.407,3991600000,0.0,21.25,0.759,0.759,12826900000,3834800000,13292900000.0,13292900000.0,590100000.0,-0.003,-0.015,0.022,0.054,0.0,1716800000.0,1.0,474762680,474762680,,27.999,21789100000,883100000,17700000.0,57000000,45.895,
81,DE,ART,2001-06-30,2001-09-13,2001-07-31,2021-08-26,-307300000,22043800000,21339100000.0,,,0.629,9.221,-991200000.0,252700000,252700000,9538000000.0,327100000.0,,4.09,12237400000,,,12237400000,0,647900000.0,0,0.021,0.44,1299900000.0,1947800000.0,0.145,1947800000.0,1299900000.0,523700000.0,0.695,0.695,0.695,4330500000,4323775000.0,4330500000,21964368822,17.0,11.277,85000000.0,0.181,1.0,3878500000.0,0.289,777900000,776200000.0,33250600000,31712625000.0,1924900000,369500000,,,17713300000,,,9979668822,-99000000.0,-285500000.0,5600000.0,2073400000.0,-206500000.0,1869800000.0,-2621600000.0,-1234600000.0,1076200000.0,-9000000.0,327100000.0,327100000.0,327100000.0,0.0,0.0,0.024,2563400000.0,1315100000.0,2816900000,0.633,2.305,30.51,30.576,3899500000,0.0,21.25,0.744,0.744,12790500000,4216400000,13416500000.0,13416500000.0,598400000.0,0.015,0.076,0.041,0.097,0.0,1599000000.0,1.0,469631474,469631474,,28.568,21265900000,827000000,196600000.0,120700000,45.282,
82,DE,ART,2001-03-31,2001-06-07,2001-04-30,2021-08-26,-283700000,22099900000,20853800000.0,,,0.646,9.245,-940000000.0,484400000,484400000,9493000000.0,427700000.0,,4.091,12093600000,,,12093600000,0,647900000.0,0,0.029,0.545,1436100000.0,2084000000.0,0.155,2084000000.0,1436100000.0,665400000.0,0.915,0.905,0.915,4340800000,4329100000.0,4340800000,20549227625,14.0,9.86,-637000000.0,-1.357,1.0,3971300000.0,0.295,795600000,770700000.0,32913500000,30723525000.0,2173200000,346300000,,,17759100000,,,8940027625,114000000.0,-325400000.0,14000000.0,1618500000.0,-206300000.0,1423600000.0,-1791500000.0,-473800000.0,303000000.0,-5300000.0,427700000.0,427700000.0,427700000.0,0.0,0.0,0.032,2529000000.0,1442300000.0,3035700000,0.596,2.06,20.903,20.809,3844200000,0.0,19.04,0.664,0.664,12479800000,4196700000,13464300000.0,13464300000.0,587600000.0,0.021,0.099,0.047,0.107,0.0,1585000000.0,1.0,469539266,469539266,,28.676,21304300000,792500000,237700000.0,89100000,45.373,
83,DE,ART,2000-12-31,2001-03-05,2001-01-31,2021-08-26,-223500000,20743300000,20380125000.0,,,0.661,9.207,-957000000.0,311600000,311600000,9479200000.0,504200000.0,,3.8,11026000000,,,11026000000,0,647900000.0,0,0.026,0.545,1538800000.0,2186700000.0,0.162,2186700000.0,1538800000.0,809800000.0,1.075,1.07,1.075,4321900000,4297950000.0,4321900000,20668689275,13.0,9.452,-414100000.0,-0.882,1.0,3998700000.0,0.297,819600000,729000000.0,30638100000,29906350000.0,2185800000,331600000,,,16421400000,,,9954289275,14100000.0,-849700000.0,14500000.0,2112700000.0,-206200000.0,1919000000.0,-2338100000.0,-551000000.0,542900000.0,-2900000.0,504200000.0,504200000.0,504200000.0,0.0,0.0,0.037,2459500000.0,1539200000.0,2792400000,0.507,2.303,19.743,19.726,3836900000,0.0,21.205,0.739,0.739,11438300000,4122300000,13477900000.0,13477900000.0,573800000.0,0.025,0.117,0.051,0.114,0.0,1545200000.0,1.0,469431232,469431232,,28.711,19923700000,741000000,305600000.0,61600000,42.442,
84,DE,ART,2000-09-30,2001-01-16,2000-10-31,2021-08-26,-229800000,20469400000,19730400000.0,,,0.666,9.166,-1032000000.0,291700000,291700000,9316600000.0,485500000.0,,3.758,10522800000,,,10522800000,0,647900000.0,0,0.026,0.545,1455800000.0,2103700000.0,0.16,2103700000.0,1455800000.0,779300000.0,1.035,1.03,1.035,4301900000,4241175000.0,4301900000,20086662920,14.0,9.548,48000000.0,0.102,1.0,3820200000.0,0.291,652200000,676500000.0,30048300000,28872575000.0,1552900000,318100000,,,16167500000,,,9855562920,-3800000.0,-643300000.0,15300000.0,2222400000.0,-206000000.0,2030400000.0,-3110300000.0,-1307200000.0,1080000000.0,-3900000.0,485500000.0,485500000.0,485500000.0,0.0,0.0,0.037,2366200000.0,1454000000.0,3009100000,0.527,2.291,20.3,20.29,3866800000,0.0,21.0,0.75,0.75,12071100000,4117200000,13136800000.0,13136800000.0,542100000.0,0.025,0.114,0.05,0.111,0.0,1504900000.0,1.0,469312520,469312520,,27.992,19817200000,740400000,293800000.0,132100000,42.226,
85,DE,ART,2000-06-30,2000-09-05,2000-07-31,2021-08-26,-156900000,20102600000,19007600000.0,,,0.66,9.275,-800500000.0,351700000,351700000,9046900000.0,384900000.0,,3.619,10252100000,,,10252100000,0,513300000.0,0,0.032,0.545,1250900000.0,1764200000.0,0.141,1764200000.0,1250900000.0,621200000.0,0.82,0.81,0.82,4351800000,4189275000.0,4351800000,17890600761,14.0,10.141,76200000.0,0.162,1.0,3502600000.0,0.279,708800000,629700000.0,29294200000,27681000000.0,1725100000,301500000,,,15750800000,,,7990200761,-600000.0,-491300000.0,13300000.0,966500000.0,-205800000.0,775000000.0,-1796900000.0,-228200000.0,876700000.0,-1100000.0,384900000.0,384900000.0,384900000.0,0.0,0.0,0.031,2257300000.0,1245300000.0,2728900000,0.665,1.836,20.759,20.768,3658600000,0.0,17.03,0.637,0.637,11647900000,4101900000,12549500000.0,12549500000.0,508000000.0,0.02,0.092,0.045,0.1,0.0,1443900000.0,1.0,469183838,469183838,,26.748,19393800000,744800000,236300000.0,220800000,41.335,
86,DE,ART,2000-03-31,2000-06-08,2000-04-30,2021-08-26,-160500000,20205200000,18664600000.0,,,0.64,8.999,-870200000.0,370400000,370400000,8716800000.0,281400000.0,,3.792,10523100000,,,10523100000,0,513300000.0,0,0.021,0.44,1063800000.0,1577100000.0,0.132,1577100000.0,1063800000.0,477200000.0,0.6,0.595,0.6,4216200000,4147450000.0,4216200000,20050455527,19.0,12.713,637000000.0,1.36,1.0,3236200000.0,0.271,713100000,586600000.0,29644800000,27123500000.0,1876900000,278200000,,,15989000000,,,9897755527,75100000.0,-542700000.0,4100000.0,68400000.0,-205600000.0,-132100000.0,-1097200000.0,461600000.0,1507200000.0,-3000000.0,281400000.0,281400000.0,281400000.0,0.0,0.0,0.024,2178600000.0,1057600000.0,2783700000,0.733,2.348,35.173,35.208,3596000000,0.0,21.125,0.828,0.828,11739100000,3990500000,11953000000.0,11953000000.0,491700000.0,0.015,0.068,0.039,0.089,0.0,1398300000.0,1.0,468532806,468532806,,25.512,19492100000,686700000,195800000.0,140800000,41.602,
87,DE,ART,1999-12-31,2000-03-13,2000-01-31,2021-08-26,-120200000,18144400000,18578125000.0,,,0.626,8.748,-962700000.0,297500000,297500000,8607500000.0,227200000.0,,3.431,8950200000,,,8950200000,0,513300000.0,0,0.025,0.44,925500000.0,1438800000.0,0.124,1438800000.0,925500000.0,356200000.0,0.49,0.485,0.49,4094800000,4137050000.0,4094800000,16916626800,18.0,11.757,464300000.0,0.992,1.0,3024200000.0,0.26,294100000,569300000.0,26503000000,27068325000.0,1781000000,281500000,,,14049600000,,,8263926800,-28000000.0,-51600000.0,5400000.0,-921600000.0,-205100000.0,-1121400000.0,-389000000.0,727600000.0,1427000000.0,-1700000.0,227200000.0,227200000.0,227200000.0,0.0,0.0,0.02,2106300000.0,917900000.0,2359200000,0.898,2.018,36.373,36.031,3504000000,0.0,17.655,0.71,0.71,10457000000,3841500000,11631700000.0,11631700000.0,465100000.0,0.012,0.055,0.034,0.08,0.0,1375700000.0,1.0,468078550,468078550,,24.85,17850300000,625800000,129000000.0,181800000,38.135,
88,DE,ART,1999-09-30,2000-01-26,1999-10-31,2021-08-26,-120700000,17578200000,18667825000.0,,,0.629,8.751,-957700000.0,295500000,295500000,8772400000.0,239200000.0,,3.293,8294400000,,,8294400000,0,513300000.0,0,0.019,0.44,930500000.0,1443800000.0,0.123,1443800000.0,930500000.0,373900000.0,0.515,0.51,0.515,4094300000,4120475000.0,4094300000,18673425324,20.0,12.934,476800000.0,1.019,1.0,2978500000.0,0.253,295100000,556600000.0,25282000000,27220725000.0,1294300000,467000000,,,13483900000,,,10674525324,-14200000.0,-36700000.0,-44800000.0,-544800000.0,-205400000.0,-795100000.0,-651800000.0,335000000.0,1434500000.0,-1800000.0,239200000.0,239200000.0,239200000.0,0.0,0.0,0.02,2056800000.0,921700000.0,2448300000,0.854,2.607,44.626,44.301,3437000000,0.0,22.815,0.908,0.908,10297800000,3855300000,11750900000.0,11750900000.0,458400000.0,0.013,0.058,0.034,0.079,0.0,1362100000.0,1.0,467873124,467873124,,25.116,17283100000,598100000,134700000.0,207800000,36.94,
89,DE,ART,1999-09-30,2000-01-25,1999-10-31,2021-08-26,-120700000,17578200000,18667825000.0,,,0.629,8.751,-957700000.0,295500000,295500000,8772400000.0,239200000.0,,3.293,8294400000,,,8294400000,0,513300000.0,0,0.02,0.44,930500000.0,1443800000.0,0.123,1443800000.0,930500000.0,373900000.0,0.515,0.51,0.515,4094300000,4120475000.0,4094300000,18409077009,20.0,12.75,476800000.0,1.019,1.0,2978500000.0,0.253,295100000,556600000.0,25282000000,27220725000.0,1294300000,467000000,,,13483900000,,,10410177009,-14200000.0,-36700000.0,-44800000.0,-544800000.0,-205400000.0,-795100000.0,-651800000.0,335000000.0,1434500000.0,-1800000.0,239200000.0,239200000.0,239200000.0,0.0,0.0,0.02,2056800000.0,921700000.0,2448300000,0.854,2.543,43.521,43.204,3437000000,0.0,22.25,0.886,0.886,10297800000,3855300000,11750900000.0,11750900000.0,458400000.0,0.013,0.058,0.034,0.079,0.0,1362100000.0,1.0,467873124,467873124,,25.116,17283100000,598100000,134700000.0,207800000,36.94,
90,DE,ART,1999-06-30,1999-09-03,1999-07-31,2021-08-26,-106700000,18730600000,18773650000.0,,,0.649,8.953,-990300000.0,352300000,352300000,8953400000.0,430800000.0,,3.476,8986800000,,,8986800000,0,700600000.0,0,0.022,0.44,1230000000.0,1930600000.0,0.159,1930600000.0,1230000000.0,677100000.0,0.935,0.93,0.935,4184500000,4116850000.0,4184500000,17981949720,15.0,9.314,888900000.0,1.902,1.0,3221500000.0,0.265,300900000,552900000.0,27064200000,27297225000.0,1428000000,990900000,,,14546100000,,,9347449720,21200000.0,-218600000.0,-260000000.0,-380200000.0,-207100000.0,-850900000.0,-416500000.0,713500000.0,1879200000.0,0.0,430800000.0,430800000.0,430800000.0,0.0,0.0,0.035,2002000000.0,1219500000.0,2570800000,0.471,2.234,21.698,21.39,3234900000,0.0,20.0,0.768,0.768,10955300000,3939200000,12174900000.0,12174900000.0,448600000.0,0.023,0.105,0.045,0.101,0.0,1342300000.0,1.0,467372486,467372486,,26.05,18429700000,568900000,246300000.0,177300000,39.433,
91,DE,ART,1999-03-31,1999-06-08,1999-04-30,2021-08-26,-84100000,19859300000,18747475000.0,,,0.685,8.948,-1031900000.0,295300000,295300000,9330000000.0,652700000.0,,3.757,10134000000,,,10134000000,0,700600000.0,0,0.023,0.44,1545100000.0,2245700000.0,0.175,2245700000.0,1545100000.0,992800000.0,1.385,1.38,1.385,4174600000,4111600000.0,4174600000,18907947983,12.0,8.42,68500000.0,0.147,1.0,3502700000.0,0.273,273900000,552300000.0,29424100000,27271150000.0,1584400000,1039400000,,,15684700000,,,9069247983,-39100000.0,-116800000.0,-580100000.0,1194900000.0,-157600000.0,453900000.0,-1223000000.0,-111600000.0,1100400000.0,-1700000.0,652700000.0,652700000.0,652700000.0,0.0,0.0,0.051,1971600000.0,1531100000.0,2637700000,0.318,2.172,13.895,14.036,3090200000,0.0,19.44,0.707,0.707,12243100000,3922900000,12832700000.0,12832700000.0,444600000.0,0.035,0.159,0.057,0.12,0.0,1328100000.0,1.0,466525102,466525102,,27.507,19585400000,456800000,340100000.0,112900000,41.981,
92,DE,ART,1998-12-31,1999-03-10,1999-01-31,2021-08-26,-79300000,18503200000,18420950000.0,,,0.729,8.693,-1021800000.0,325500000,325500000,9615300000.0,867800000.0,,3.593,9146900000,,,9146900000,0,700600000.0,0,0.026,0.44,1869200000.0,2569800000.0,0.191,2569800000.0,1869200000.0,1330400000.0,1.8,1.78,1.8,4028500000,4134275000.0,4028500000,16699655362,9.0,6.498,-242700000.0,-0.524,1.0,3818600000.0,0.284,212000000,538800000.0,27112600000,26550800000.0,1614700000,1044600000,,,14474700000,,,7878255362,6300000.0,-64500000.0,-782700000.0,1489800000.0,-213900000.0,492000000.0,-1110600000.0,-79200000.0,779100000.0,-600000.0,867800000.0,867800000.0,867800000.0,0.0,0.0,0.065,1964400000.0,1854200000.0,2391400000,0.244,1.956,9.078,9.444,2930800000,0.0,17.0,0.586,0.586,11093200000,3824300000,13433900000.0,13433900000.0,445600000.0,0.047,0.21,0.07,0.139,0.0,1328100000.0,1.0,463426786,463426786,,28.988,18291200000,400200000,462600000.0,160000000,39.469,
93,DE,ART,1998-09-30,1999-01-26,1998-10-31,2021-08-26,-74700000,18001500000,18091975000.0,,,0.764,8.804,-1032600000.0,309700000,309700000,9812700000.0,1021400000.0,,3.412,8113800000,,,8113800000,0,700600000.0,0,0.027,0.44,2094700000.0,2795300000.0,0.202,2795300000.0,2094700000.0,1575300000.0,2.1,2.08,2.1,4079800000,4163650000.0,4079800000,15494659714,7.0,5.543,-615700000.0,-1.329,1.0,4008800000.0,0.29,217600000,519400000.0,25588000000,25837800000.0,1286700000,1039300000,,,13921700000,,,7690559714,-20300000.0,-103000000.0,-863200000.0,1763500000.0,-212400000.0,686700000.0,-1121900000.0,-13900000.0,416900000.0,-2000000.0,1021400000.0,1021400000.0,1021400000.0,0.0,0.0,0.074,1929400000.0,2079400000.0,2884300000,0.21,1.885,7.529,7.902,2909500000,0.0,16.595,0.556,0.556,10964900000,3839500000,13821500000.0,13821500000.0,444400000.0,0.056,0.245,0.081,0.152,0.0,1309400000.0,1.0,463426316,463426316,,29.825,17783900000,396300000,553900000.0,164600000,38.375,
94,DE,ART,1998-06-30,1998-09-02,1998-07-31,2021-08-26,-88000000,18625900000,17671550000.0,,,,8.728,,331100000,331100000,,,,3.474,8856400000,,,8856400000,0,,0,0.025,0.43,,,,,,,,,,4163500000,4180500000.0,4163500000,16873180205,,,,,1.0,,,191300000,,26959900000,24998150000.0,1337300000,1031900000,,,14462400000,,,8347880205,,,,,,,,,,,,,,,,,,,2754400000,,2.005,,,2690000000,,17.5,,,11632200000,3732900000,,,,,,,,,,1.0,477021726,477021726,,,18434600000,534200000,,129800000,38.645,
95,DE,ART,1998-03-31,1998-06-09,1998-04-30,2021-08-26,-70600000,18553200000,,,,,8.71,,334400000,334400000,,,,3.35,8510300000,,,8510300000,0,,0,0.016,0.42,,,,,,,,,,4265300000,,4265300000,20695295093,,,,,1.0,,,186400000,,26542700000,,1511100000,1021600000,,,14287900000,,,12519395093,,,,,,,,,,,,,,,,,,,2738300000,,2.935,,,2542900000,,25.565,,,11660400000,3502700000,,,,,,,,,,1.0,489708394,489708394,,,18366800000,529600000,,250900000,37.506,
96,DE,ART,1997-12-31,1998-03-06,1998-01-31,2021-08-26,-74900000,17187300000,,,,,8.357,,319200000,319200000,,,,3.146,7576300000,,,7576300000,0,,0,0.014,0.41,,,,,,,,,,4146000000,,4146000000,21644646004,,,,,1.0,,,183800000,,24260600000,,1464300000,1015800000,,,13041300000,,,14387546004,,,,,,,,,,,,,,,,,,,2501300000,,3.47,,,2355600000,,29.0,,,10550200000,3194300000,,,,,,,,,,1.0,496122276,496122276,,,17003500000,528900000,,199600000,34.273,
97,DE,ART,1997-09-30,1998-01-23,1997-10-31,2021-08-26,-49200000,16319800000,,,,,8.305,-923800000.0,330000000,330000000,8499300000.0,960100000.0,,2.935,6397400000,,,6397400000,0,365600000.0,0,0.016,0.41,1516100000.0,1881700000.0,0.167,1881700000.0,1516100000.0,1435300000.0,9.5,,9.5,4147200000,,4147200000,18910322537,12.0,10.05,232900000.0,0.466,1.0,2744800000.0,0.244,157800000,80800000.0,22229400000,,1072700000,969500000,,,12172600000,,,12842922537,38500000.0,-45700000.0,-384300000.0,857700000.0,-204300000.0,268900000.0,-1384100000.0,-453600000.0,1156700000.0,-3000000.0,960100000.0,960100000.0,960100000.0,0.0,0.0,0.085,1372100000.0,1372700000.0,2888400000,0.043,3.097,13.377,2.707,2298700000,0.0,25.72,1.142,1.142,10165800000,3048400000,11244100000.0,11244100000.0,412300000.0,,,,0.135,0.0,940300000.0,1.0,499336024,499336024,,22.518,16162000000,543600000,475200000.0,138900000,32.367,
