None,ticker,dimension,calendardate,datekey,reportperiod,lastupdated,accoci,assets,assetsavg,assetsc,assetsnc,assetturnover,bvps,capex,cashneq,cashnequsd,cor,consolinc,currentratio,de,debt,debtc,debtnc,debtusd,deferredrev,depamor,deposits,divyield,dps,ebit,ebitda,ebitdamargin,ebitdausd,ebitusd,ebt,eps,epsdil,epsusd,equity,equityavg,equityusd,ev,evebit,evebitda,fcf,fcfps,fxusd,gp,grossmargin,intangibles,intexp,invcap,invcapavg,inventory,investments,investmentsc,investmentsnc,liabilities,liabilitiesc,liabilitiesnc,marketcap,ncf,ncfbus,ncfcommon,ncfdebt,ncfdiv,ncff,ncfi,ncfinv,ncfo,ncfx,netinc,netinccmn,netinccmnusd,netincdis,netincnci,netmargin,opex,opinc,payables,payoutratio,pb,pe,pe1,ppnenet,prefdivis,price,ps,ps1,receivables,retearn,revenue,revenueusd,rnd,roa,roe,roic,ros,sbcomp,sgna,sharefactor,sharesbas,shareswa,shareswadil,sps,tangibles,taxassets,taxexp,taxliabilities,tbvps,workingcapital
0,CTAS,MRY,2021-12-31,2021-05-31,2021-05-31,2021-10-07,30888000.0,8236823000.0,8270613500.0,2843309000.0,5393514000.0,0.86,35.105,-143470000.0,493640000.0,493640000.0,3801689000.0,1110968000.0,1.47,1.234,2716527000.0,942920000.0,1773607000.0,2716527000.0,0.0,387951000.0,0.0,0.014,5.01,1385959000.0,1773910000.0,0.249,1773910000.0,1385959000.0,1287749000.0,10.52,10.24,10.52,3687847000.0,3676780250.0,3687847000.0,39291088267.0,28.0,22.149,1217270000.0,11.587,1.0,3314651000.0,0.466,3321514000.0,98210000.0,5204111000.0,5661966250.0,481797000.0,274616000.0,0.0,274616000.0,4548976000.0,1934085000.0,2614891000.0,37140507267.0,348238000.0,21667000.0,-424164000.0,0.0,-451327000.0,-879868000.0,-137215000.0,-4299000.0,1360740000.0,4581000.0,1110968000.0,1110968000.0,1110968000.0,0.0,0.0,0.156,1929159000.0,1385492000.0,230786000.0,0.476,10.071,33.431,33.606,1486970000.0,0.0,353.54,5.219,5.219,901710000.0,7877015000.0,7116340000.0,7116340000.0,0.0,0.134,0.302,0.245,0.195,112035000.0,1929159000.0,1.0,105053197.0,105053197,,67.74,4915309000.0,22282000.0,176781000.0,386647000.0,46.789,909224000.0
1,CTAS,MRY,2020-12-31,2020-05-31,2020-05-31,2021-10-07,-153380000.0,7669885000.0,7780275500.0,2309699000.0,5360186000.0,0.911,31.093,-230289000.0,145402000.0,145402000.0,3851372000.0,876037000.0,2.609,1.371,2705431000.0,43031000.0,2662400000.0,2705431000.0,0.0,379053000.0,0.0,0.01,2.55,1163361000.0,1542414000.0,0.218,1542414000.0,1163361000.0,1057968000.0,8.36,8.11,8.36,3235202000.0,3178796750.0,3235202000.0,28475840088.0,24.0,18.462,1061194000.0,10.199,1.0,3233748000.0,0.456,3321549000.0,105393000.0,6023170000.0,6074771500.0,408898000.0,214847000.0,0.0,214847000.0,4434683000.0,885195000.0,3549488000.0,25800288088.0,48757000.0,-40420000.0,-373999000.0,-312500000.0,-267956000.0,-955207000.0,-285398000.0,-10031000.0,1291483000.0,-2121000.0,876037000.0,876037000.0,876037000.0,323000.0,0.0,0.124,2071052000.0,1162696000.0,230995000.0,0.305,7.975,29.451,29.66,1563032000.0,0.0,247.96,3.641,3.641,870369000.0,7296509000.0,7085120000.0,7085120000.0,0.0,0.113,0.276,0.192,0.164,115435000.0,2071052000.0,1.0,104050202.0,104050202,,68.093,4348336000.0,0.0,181931000.0,415678000.0,41.791,1424504000.0
2,CTAS,MRY,2019-12-31,2019-05-31,2019-05-31,2021-10-07,-39152000.0,7436662000.0,7390655500.0,2236280000.0,5200382000.0,0.933,28.715,-276719000.0,96645000.0,96645000.0,3763715000.0,884981000.0,1.983,1.477,2849771000.0,312264000.0,2537507000.0,2849771000.0,0.0,360093000.0,0.0,0.009,2.05,1206481000.0,1566574000.0,0.227,1566574000.0,1206481000.0,1104745000.0,8.25,7.99,8.25,3002721000.0,3138856250.0,3002721000.0,25870554205.0,21.0,16.514,791143000.0,7.566,1.0,3128588000.0,0.454,3337036000.0,101736000.0,5725019000.0,5666624500.0,334589000.0,192346000.0,0.0,192346000.0,4433941000.0,1127733000.0,3306208000.0,23196955205.0,-42079000.0,-6613000.0,-950929000.0,312500000.0,-220764000.0,-873305000.0,-235638000.0,55501000.0,1067862000.0,-998000.0,884981000.0,884981000.0,884981000.0,-2346000.0,0.0,0.128,1995054000.0,1133534000.0,226020000.0,0.248,7.725,26.212,26.888,1430685000.0,0.0,221.83,3.366,3.366,910120000.0,6691236000.0,6892303000.0,6892303000.0,0.0,0.12,0.282,0.213,0.175,139210000.0,1980644000.0,1.0,104570866.0,104570866,,65.91,4099626000.0,7475000.0,219764000.0,438179000.0,39.204,1108547000.0
3,CTAS,MRY,2018-12-31,2018-05-31,2018-05-31,2021-10-07,16343000.0,6958214000.0,6929303500.0,1977932000.0,4980282000.0,0.935,28.266,-271699000.0,138724000.0,138724000.0,3568109000.0,842586000.0,2.549,1.307,2535309000.0,0.0,2535309000.0,2535309000.0,0.0,279416000.0,0.0,0.009,1.62,1009830000.0,1289246000.0,0.199,1289246000.0,1009830000.0,899655000.0,7.78,7.56,7.78,3016526000.0,2757359250.0,3016526000.0,22019581390.0,22.0,17.079,692461000.0,6.489,1.0,2908523000.0,0.449,3392656000.0,110175000.0,5186286000.0,5124830750.0,280347000.0,175581000.0,0.0,175581000.0,3941688000.0,775857000.0,3165831000.0,19449884390.0,-30542000.0,108489000.0,-85471000.0,-600500000.0,-175589000.0,-864140000.0,-135698000.0,26149000.0,964160000.0,5136000.0,842586000.0,842586000.0,842586000.0,-58654000.0,0.0,0.13,1958689000.0,949834000.0,215074000.0,0.208,6.448,23.084,23.425,1382730000.0,0.0,182.25,3.003,3.003,804583000.0,5837827000.0,6476632000.0,6476632000.0,0.0,0.122,0.306,0.197,0.156,112835000.0,1916792000.0,1.0,106720902.0,106720902,,60.688,3565558000.0,19634000.0,57069000.0,352581000.0,33.41,1202075000.0
4,CTAS,MRY,2017-12-31,2017-05-31,2017-05-31,2021-10-07,-3029000.0,6844057000.0,4874236250.0,1954478000.0,4889579000.0,1.092,21.864,-273317000.0,169266000.0,169266000.0,2943086000.0,480708000.0,1.728,1.972,3133524000.0,362900000.0,2770624000.0,3133524000.0,0.0,196595000.0,0.0,0.011,1.33,797350000.0,993945000.0,0.187,993945000.0,797350000.0,710826000.0,4.49,4.38,4.49,2302793000.0,2123539500.0,2302793000.0,14255298972.0,18.0,14.342,490570000.0,4.658,1.0,2380295000.0,0.447,3369323000.0,86524000.0,5308140000.0,3618596750.0,278218000.0,187007000.0,22219000.0,164788000.0,4541264000.0,1130852000.0,3410412000.0,13258002972.0,29909000.0,-2074095000.0,11146000.0,1732729000.0,-142433000.0,1578502000.0,-2310349000.0,37259000.0,763887000.0,-2131000.0,480708000.0,480708000.0,480708000.0,-23422000.0,0.0,0.09,1606604000.0,773691000.0,177051000.0,0.296,5.757,27.58,28.036,1323501000.0,0.0,125.88,2.491,2.491,736008000.0,5170830000.0,5323381000.0,5323381000.0,0.0,0.099,0.226,0.22,0.15,88868000.0,1527380000.0,1.0,105322553.0,105322553,,50.544,3474734000.0,44320000.0,230118000.0,469328000.0,32.991,823626000.0
5,CTAS,MRY,2016-12-31,2016-05-31,2016-05-31,2021-10-07,-24874000.0,4098815000.0,4225941500.0,1590579000.0,2508236000.0,1.135,17.221,-275385000.0,139357000.0,139357000.0,2694432000.0,693520000.0,1.95,1.224,1294422000.0,250000000.0,1044422000.0,1294422000.0,0.0,165279000.0,0.0,0.011,1.05,1014752000.0,1180031000.0,0.246,1180031000.0,1014752000.0,950230000.0,6.3,6.21,6.3,1842659000.0,1891490500.0,1842659000.0,11128787455.0,11.0,9.431,190460000.0,1.78,1.0,2101340000.0,0.438,1354270000.0,64522000.0,3084055000.0,2927183500.0,249362000.0,195357000.0,70405000.0,124952000.0,2256156000.0,815555000.0,1440601000.0,10143903455.0,-277716000.0,424258000.0,-751925000.0,-16000.0,-115273000.0,-866724000.0,128381000.0,-59967000.0,465845000.0,-5218000.0,693520000.0,693520000.0,693520000.0,-244915000.0,0.0,0.145,1332399000.0,768941000.0,110940000.0,0.167,5.505,14.627,15.048,993692000.0,0.0,94.8,2.115,2.115,546488000.0,4805867000.0,4795772000.0,4795772000.0,0.0,0.164,0.367,0.347,0.212,79293000.0,1332399000.0,1.0,107003201.0,107003201,,44.819,2744545000.0,1712000.0,256710000.0,259475000.0,25.649,775024000.0
6,CTAS,MRY,2015-12-31,2015-05-31,2015-05-31,2021-10-07,-8471000.0,4192460000.0,4428161750.0,1735807000.0,2456653000.0,0.987,16.893,-217720000.0,417073000.0,417073000.0,2476754000.0,430618000.0,3.412,1.169,1300000000.0,0.0,1300000000.0,1300000000.0,0.0,155082000.0,0.0,0.01,0.85,733782000.0,888864000.0,0.203,888864000.0,733782000.0,668621000.0,3.68,3.63,3.68,1932455000.0,2113857250.0,1932455000.0,10789922392.0,15.0,12.139,362556000.0,3.169,1.0,1892923000.0,0.433,1238046000.0,65161000.0,3328672000.0,3302760000.0,226211000.0,345773000.0,16081000.0,329692000.0,2260005000.0,508669000.0,1751336000.0,9848242392.0,-96215000.0,259677000.0,-511740000.0,-518000.0,-201891000.0,-712560000.0,44987000.0,1647000.0,580276000.0,-8918000.0,430618000.0,430618000.0,430618000.0,-28065000.0,0.0,0.099,1209284000.0,683639000.0,109607000.0,0.231,5.096,22.87,23.394,871421000.0,0.0,86.09,2.254,2.254,496130000.0,4227620000.0,4369677000.0,4369677000.0,0.0,0.097,0.204,0.222,0.168,47002000.0,1209284000.0,1.0,114394731.0,114394731,,38.198,2954414000.0,936000.0,238003000.0,339327000.0,25.826,1227138000.0
7,CTAS,MRY,2014-12-31,2014-05-31,2014-05-31,2021-10-07,28428000.0,4462452000.0,4384867000.0,1805681000.0,2656771000.0,0.956,18.245,-145580000.0,513288000.0,513288000.0,2444085000.0,374442000.0,2.866,1.035,1300980000.0,503000.0,1300477000.0,1300980000.0,0.0,190862000.0,0.0,0.012,0.77,639619000.0,830481000.0,0.198,830481000.0,639619000.0,573797000.0,3.08,3.05,3.08,2192858000.0,2195218500.0,2192858000.0,8418658951.0,13.0,10.137,460389000.0,3.83,1.0,1749759000.0,0.417,1323086000.0,65822000.0,3296927000.0,3200871500.0,251239000.0,458357000.0,0.0,458357000.0,2269594000.0,630131000.0,1639463000.0,7466361951.0,161015000.0,145918000.0,-328697000.0,-8187000.0,-93320000.0,-429735000.0,-14543000.0,-9662000.0,605969000.0,-676000.0,374442000.0,374442000.0,374442000.0,-36670000.0,0.0,0.089,1147039000.0,602720000.0,150070000.0,0.25,3.405,19.94,20.169,855702000.0,0.0,62.12,1.78,1.78,508427000.0,3998893000.0,4193844000.0,4193844000.0,0.0,0.085,0.171,0.2,0.153,29875000.0,1147039000.0,1.0,120192562.0,120192562,,34.893,3139366000.0,0.0,199355000.0,252004000.0,26.119,1175550000.0
8,CTAS,MRY,2013-12-31,2013-05-31,2013-05-31,2021-10-07,38123000.0,4345632000.0,4234262000.0,1624826000.0,2720806000.0,1.003,17.968,-196486000.0,352273000.0,352273000.0,2492655000.0,315442000.0,2.921,0.974,1309166000.0,8187000.0,1300979000.0,1309166000.0,0.0,189377000.0,0.0,0.014,0.64,565243000.0,754620000.0,0.178,754620000.0,565243000.0,499531000.0,2.53,2.52,2.53,2201492000.0,2141699250.0,2201492000.0,6685536715.0,12.0,8.859,356262000.0,2.908,1.0,1753309000.0,0.413,1609713000.0,65712000.0,3136556000.0,3162343000.0,240440000.0,107205000.0,5680000.0,101525000.0,2144140000.0,556256000.0,1587884000.0,5593676715.0,12448000.0,-69370000.0,-200874000.0,24364000.0,-79744000.0,-256058000.0,-284181000.0,-16986000.0,552748000.0,-61000.0,315442000.0,315442000.0,315442000.0,1144000.0,0.0,0.074,1187331000.0,565978000.0,121029000.0,0.253,2.541,17.733,18.045,986703000.0,0.0,45.655,1.317,1.317,496049000.0,3717771000.0,4245964000.0,4245964000.0,0.0,0.074,0.147,0.179,0.133,23310000.0,1187331000.0,1.0,122520572.0,122520572,,34.655,2735919000.0,9102000.0,184089000.0,210483000.0,22.33,1068570000.0
9,CTAS,MRY,2012-12-31,2012-05-31,2012-05-31,2021-10-07,36295000.0,4165706000.0,4190519250.0,1538086000.0,2627620000.0,0.979,16.481,-160802000.0,339825000.0,339825000.0,2363392000.0,297637000.0,2.276,0.947,1284802000.0,225636000.0,1059166000.0,1284802000.0,0.0,194165000.0,0.0,0.015,0.54,541569000.0,735734000.0,0.179,735734000.0,541569000.0,470944000.0,2.27,2.27,2.27,2139135000.0,2138216500.0,2139135000.0,5856377847.0,11.0,7.96,309060000.0,2.381,1.0,1738608000.0,0.424,1562197000.0,70625000.0,2872795000.0,3010123250.0,251205000.0,0.0,0.0,0.0,2026571000.0,675691000.0,1350880000.0,4789451847.0,-98281000.0,-24864000.0,-388987000.0,-1323000.0,-70820000.0,-460575000.0,-104294000.0,79361000.0,469862000.0,-3274000.0,297637000.0,297637000.0,297637000.0,0.0,0.0,0.073,1198981000.0,539627000.0,94840000.0,0.238,2.239,16.092,16.256,952587000.0,0.0,36.9,1.168,1.168,450861000.0,3482073000.0,4102000000.0,4102000000.0,0.0,0.071,0.139,0.18,0.132,20312000.0,1198981000.0,1.0,129795443.0,129795443,,31.604,2603509000.0,22188000.0,173307000.0,204581000.0,20.059,862395000.0
10,CTAS,MRY,2011-12-31,2011-05-31,2011-05-31,2021-10-07,57888000.0,4351940000.0,4035802250.0,1700777000.0,2651163000.0,0.944,15.847,-182592000.0,438106000.0,438106000.0,2201097000.0,246989000.0,3.918,0.89,1286125000.0,1335000.0,1284790000.0,1286125000.0,0.0,193467000.0,0.0,0.015,0.49,442373000.0,635840000.0,0.167,635840000.0,442373000.0,392669000.0,1.68,1.68,1.68,2302649000.0,2410170500.0,2302649000.0,5396561161.0,12.0,8.487,158294000.0,1.089,1.0,1609287000.0,0.422,1590194000.0,49704000.0,3175626000.0,2687770500.0,249658000.0,87220000.0,87220000.0,0.0,2049291000.0,434139000.0,1615152000.0,4773214161.0,26825000.0,-171552000.0,-443690000.0,500073000.0,-71812000.0,-20038000.0,-298593000.0,60749000.0,340886000.0,4570000.0,246989000.0,246989000.0,246989000.0,0.0,0.0,0.065,1168944000.0,440343000.0,110279000.0,0.292,2.073,19.326,19.554,946218000.0,0.0,32.85,1.253,1.253,429131000.0,3255256000.0,3810384000.0,3810384000.0,0.0,0.061,0.102,0.165,0.116,15203000.0,1168944000.0,1.0,145303323.0,145303323,,26.224,2761746000.0,79355000.0,145680000.0,196321000.0,19.007,1266638000.0
11,CTAS,MRY,2010-12-31,2010-05-31,2010-05-31,2021-10-07,35873000.0,3969736000.0,3898765750.0,1520862000.0,2448874000.0,0.91,16.576,-111078000.0,411281000.0,411281000.0,2049522000.0,215620000.0,3.964,0.567,786053000.0,609000.0,785444000.0,786053000.0,0.0,193141000.0,0.0,0.018,0.48,392504000.0,585645000.0,0.165,585645000.0,392504000.0,343892000.0,1.4,1.4,1.4,2534029000.0,2482585750.0,2534029000.0,4354306048.0,11.0,7.435,454576000.0,2.974,1.0,1497817000.0,0.422,1460370000.0,48612000.0,2500456000.0,2513127000.0,169484000.0,154806000.0,154806000.0,0.0,1435707000.0,383682000.0,1052025000.0,3974616048.0,281536000.0,-50444000.0,-969000.0,-603000.0,-73960000.0,-76509000.0,-207582000.0,-46557000.0,565654000.0,-27000.0,215620000.0,215620000.0,215620000.0,0.0,0.0,0.061,1107008000.0,390809000.0,71747000.0,0.343,1.568,18.433,18.571,894522000.0,0.0,26.0,1.12,1.12,362219000.0,3080079000.0,3547339000.0,3547339000.0,0.0,0.055,0.087,0.156,0.111,15349000.0,1086359000.0,1.0,152869848.0,152869848,,23.205,2509366000.0,68106000.0,128272000.0,150560000.0,16.415,1137180000.0
12,CTAS,MRY,2009-12-31,2009-05-31,2009-05-31,2021-10-07,25299000.0,3720951000.0,3758446250.0,1270273000.0,2450678000.0,1.004,15.495,-160092000.0,129745000.0,129745000.0,2223814000.0,226357000.0,4.222,0.572,786656000.0,598000.0,786058000.0,786656000.0,0.0,200106000.0,0.0,0.02,0.47,411829000.0,611935000.0,0.162,611935000.0,411829000.0,361593000.0,1.48,1.48,1.48,2367409000.0,2325748000.0,2367409000.0,4291028059.0,10.0,7.012,363430000.0,2.379,1.0,1550871000.0,0.411,1455718000.0,50236000.0,2621275000.0,2735669000.0,202351000.0,120393000.0,120393000.0,0.0,1353542000.0,300869000.0,1052673000.0,3558483059.0,63521000.0,-30909000.0,-25847000.0,-157149000.0,-72207000.0,-254348000.0,-203221000.0,-11969000.0,523522000.0,-2432000.0,226357000.0,226357000.0,226357000.0,0.0,0.0,0.06,1141806000.0,409065000.0,69965000.0,0.318,1.503,15.721,15.736,914627000.0,0.0,23.29,0.943,0.943,357678000.0,2938419000.0,3774685000.0,3774685000.0,0.0,0.06,0.097,0.151,0.109,11953000.0,1082709000.0,1.0,152790170.0,152790170,,24.705,2265233000.0,91880000.0,135236000.0,149032000.0,14.826,969404000.0
13,CTAS,MRY,2008-12-31,2008-05-31,2008-05-31,2021-10-07,52280000.0,3808601000.0,3722822750.0,1282336000.0,2526265000.0,1.058,14.667,-190333000.0,66224000.0,66224000.0,2256300000.0,335405000.0,3.492,0.69,943806000.0,1070000.0,942736000.0,943806000.0,0.0,191903000.0,0.0,0.016,0.46,583527000.0,775430000.0,0.197,775430000.0,583527000.0,530704000.0,2.15,2.15,2.15,2254131000.0,2202795750.0,2254131000.0,5446471961.0,9.0,7.024,352407000.0,2.293,1.0,1681600000.0,0.427,1468326000.0,52823000.0,2850615000.0,2803239250.0,238669000.0,125471000.0,125471000.0,0.0,1554470000.0,367242000.0,1187228000.0,4536739961.0,30864000.0,-111535000.0,-183108000.0,62591000.0,-70831000.0,-202704000.0,-310975000.0,-8707000.0,542740000.0,1803000.0,335405000.0,335405000.0,335405000.0,0.0,0.0,0.085,1104145000.0,577455000.0,94755000.0,0.214,2.013,13.526,13.73,974575000.0,0.0,29.52,1.152,1.152,430078000.0,2784302000.0,3937900000.0,3937900000.0,0.0,0.09,0.152,0.208,0.148,7456000.0,1104145000.0,1.0,153683603.0,153683603,,25.623,2340275000.0,39410000.0,195299000.0,137071000.0,15.228,915094000.0
14,CTAS,MRY,2007-12-31,2007-05-31,2007-05-31,2021-10-07,37121000.0,3570480000.0,3474313500.0,1156736000.0,2413744000.0,1.067,13.663,-180824000.0,35360000.0,35360000.0,2125545000.0,334538000.0,2.87,0.647,881215000.0,4141000.0,877074000.0,881215000.0,0.0,175926000.0,0.0,0.01,0.39,583877000.0,759803000.0,0.205,759803000.0,583877000.0,533553000.0,2.09,2.09,2.09,2167738000.0,2092842000.0,2167738000.0,6937877487.0,12.0,9.131,267614000.0,1.687,1.0,1581355000.0,0.427,1417238000.0,50324000.0,2596059000.0,2338809500.0,231741000.0,120053000.0,120053000.0,0.0,1402742000.0,403038000.0,999704000.0,6085920487.0,-3554000.0,-160707000.0,-188086000.0,82473000.0,-61996000.0,-179237000.0,-273708000.0,69659000.0,448438000.0,953000.0,334538000.0,334538000.0,334538000.0,0.0,0.0,0.09,1003958000.0,577397000.0,64622000.0,0.187,2.807,18.192,18.354,920243000.0,0.0,38.36,1.642,1.642,408870000.0,2533459000.0,3706900000.0,3706900000.0,0.0,0.096,0.16,0.25,0.158,4500000.0,1003958000.0,1.0,158652776.0,158652776,,23.365,2153242000.0,0.0,199015000.0,193393000.0,13.572,753698000.0
15,CTAS,MRY,2006-12-31,2006-05-31,2006-05-31,2021-10-07,42384000.0,3425237000.0,3237823500.0,1178008000.0,2247229000.0,1.051,12.431,-156632000.0,38914000.0,38914000.0,1948816000.0,323382000.0,2.871,0.639,798742000.0,4288000.0,794454000.0,798742000.0,0.0,160653000.0,0.0,0.008,0.35,549801000.0,710454000.0,0.209,710454000.0,549801000.0,518019000.0,1.93,1.92,1.93,2090192000.0,2132519500.0,2090192000.0,7713222675.0,14.0,10.857,304393000.0,1.81,1.0,1454792000.0,0.427,1316140000.0,31782000.0,2458578000.0,2232647250.0,198000000.0,202539000.0,202539000.0,0.0,1335045000.0,410347000.0,924698000.0,7122788675.0,-4282000.0,-346363000.0,-309007000.0,326197000.0,-58823000.0,-25261000.0,-440046000.0,55545000.0,461025000.0,0.0,323382000.0,323382000.0,323382000.0,0.0,0.0,0.095,911750000.0,543042000.0,71635000.0,0.181,3.408,22.026,21.948,863783000.0,0.0,42.36,2.093,2.093,389905000.0,2260917000.0,3403608000.0,3403608000.0,0.0,0.1,0.152,0.246,0.162,4725000.0,911750000.0,1.0,168148930.0,168148930,,20.242,2109097000.0,0.0,194637000.0,225607000.0,12.543,767661000.0
16,CTAS,MRY,2005-12-31,2005-05-31,2005-05-31,2021-10-07,12176000.0,3059744000.0,2989094000.0,1166544000.0,1893200000.0,1.026,12.227,-140727000.0,43196000.0,43196000.0,1762524000.0,292547000.0,3.272,0.454,472591000.0,7300000.0,465291000.0,472591000.0,0.0,148175000.0,0.0,0.008,0.32,493470000.0,641645000.0,0.209,641645000.0,493470000.0,469022000.0,1.7,1.69,1.7,2104135000.0,2051631250.0,2104135000.0,7347765996.0,15.0,11.451,273171000.0,1.587,1.0,1304759000.0,0.425,1036134000.0,24448000.0,2096524000.0,2050891250.0,216412000.0,266232000.0,266232000.0,0.0,955609000.0,356481000.0,599128000.0,6947261996.0,-44161000.0,-109076000.0,-48211000.0,-10575000.0,-54968000.0,-107325000.0,-350734000.0,-98950000.0,413898000.0,0.0,292547000.0,292547000.0,292547000.0,0.0,0.0,0.095,818203000.0,486556000.0,69296000.0,0.188,3.302,23.748,23.747,817198000.0,0.0,40.37,2.265,2.265,326896000.0,2035992000.0,3067283000.0,3067283000.0,0.0,0.098,0.143,0.241,0.161,6806000.0,818203000.0,1.0,172089720.0,172089720,,17.824,2023610000.0,0.0,176475000.0,208584000.0,11.759,810063000.0
17,CTAS,MRY,2004-12-31,2004-05-31,2004-05-31,2021-10-07,2853000.0,2810297000.0,2714092500.0,1034243000.0,1776054000.0,1.037,11.029,-112888000.0,87357000.0,87357000.0,1627567000.0,272205000.0,3.176,0.489,484208000.0,10523000.0,473685000.0,484208000.0,0.0,143259000.0,0.0,0.006,0.29,457181000.0,600440000.0,0.213,600440000.0,457181000.0,432080000.0,1.59,1.58,1.59,1887969000.0,1799274250.0,1887969000.0,8151035151.0,18.0,13.575,396821000.0,2.318,1.0,1186492000.0,0.422,950105000.0,25101000.0,1931357000.0,1929928750.0,188688000.0,166964000.0,166964000.0,0.0,922328000.0,325686000.0,596642000.0,7759961151.0,55118000.0,-101654000.0,5868000.0,-68764000.0,-49634000.0,-110787000.0,-343804000.0,-141544000.0,509709000.0,0.0,272205000.0,272205000.0,272205000.0,0.0,0.0,0.097,727618000.0,458874000.0,53451000.0,0.182,4.11,28.508,28.509,785310000.0,0.0,45.33,2.758,2.758,285592000.0,1790547000.0,2814059000.0,2814059000.0,0.0,0.1,0.151,0.237,0.162,0.0,727618000.0,1.0,171188201.0,171188201,,16.438,1860192000.0,0.0,159875000.0,206639000.0,10.866,708557000.0
18,CTAS,MRY,2003-12-31,2003-05-31,2003-05-31,2021-10-07,2137000.0,2582946000.0,2570238000.0,877544000.0,1705402000.0,1.045,9.658,-115019000.0,32239000.0,32239000.0,1567377000.0,249253000.0,2.879,0.569,563014000.0,28251000.0,534763000.0,563014000.0,0.0,143061000.0,0.0,0.007,0.27,426676000.0,569737000.0,0.212,569737000.0,426676000.0,395759000.0,1.46,1.45,1.46,1646332000.0,1563098000.0,1646332000.0,6851321114.0,16.0,12.025,215668000.0,1.265,1.0,1119208000.0,0.417,866754000.0,30917000.0,1942128000.0,1965363750.0,228410000.0,25420000.0,25420000.0,0.0,936614000.0,304839000.0,631775000.0,6310536114.0,-8389000.0,-37173000.0,5699000.0,-172891000.0,-46003000.0,-202854000.0,-136222000.0,19038000.0,330687000.0,0.0,249253000.0,249253000.0,249253000.0,0.0,0.0,0.093,695437000.0,423771000.0,53909000.0,0.185,3.833,25.318,25.356,777432000.0,0.0,37.02,2.349,2.349,278147000.0,1568071000.0,2686585000.0,2686585000.0,0.0,0.097,0.159,0.217,0.159,0.0,695437000.0,1.0,170462888.0,170462888,,15.761,1716192000.0,0.0,146506000.0,166557000.0,10.068,572705000.0
19,CTAS,MRY,2002-12-31,2002-05-31,2002-05-31,2021-10-07,-7885000.0,2519234000.0,2019516250.0,853250000.0,1665984000.0,1.125,8.382,-107284000.0,40628000.0,40628000.0,1313682000.0,234251000.0,2.729,0.769,721619000.0,18369000.0,703250000.0,721619000.0,0.0,120025000.0,0.0,0.005,0.25,382537000.0,502562000.0,0.221,502562000.0,382537000.0,371585000.0,1.38,1.36,1.38,1423759000.0,1353966000.0,1423759000.0,8986294890.0,23.0,17.881,270149000.0,1.59,1.0,957370000.0,0.422,837127000.0,10952000.0,2050464000.0,1705663500.0,193821000.0,44458000.0,44458000.0,0.0,1095475000.0,312634000.0,782841000.0,8868269890.0,-33096000.0,-732227000.0,3247000.0,479633000.0,-42454000.0,438817000.0,-849346000.0,-7953000.0,377433000.0,0.0,234251000.0,234251000.0,234251000.0,0.0,0.0,0.103,580469000.0,376901000.0,60393000.0,0.181,6.229,37.858,37.833,778402000.0,0.0,52.21,3.905,3.905,283234000.0,1365136000.0,2271052000.0,2271052000.0,0.0,0.116,0.173,0.224,0.168,0.0,580469000.0,1.0,169857688.0,169857688,,13.37,1682107000.0,0.0,137334000.0,152754000.0,9.903,540616000.0
20,CTAS,MRY,2001-12-31,2001-05-31,2001-05-31,2021-10-07,-5424000.0,1752224000.0,1687687500.0,819670000.0,932554000.0,1.28,7.284,-147444000.0,73724000.0,73724000.0,1264433000.0,222451000.0,3.267,0.423,241545000.0,20605000.0,220940000.0,241545000.0,0.0,112089000.0,0.0,0.005,0.22,371573000.0,483662000.0,0.224,483662000.0,371573000.0,356454000.0,1.32,1.3,1.32,1231315000.0,1170149000.0,1231315000.0,8092781182.0,22.0,16.732,99514000.0,0.589,1.0,896267000.0,0.415,123753000.0,15119000.0,1545389000.0,1634335250.0,214349000.0,36505000.0,36505000.0,0.0,520909000.0,250903000.0,270006000.0,7883730182.0,21542000.0,-29135000.0,5992000.0,-33404000.0,-37173000.0,-64007000.0,-161409000.0,21135000.0,246958000.0,0.0,222451000.0,222451000.0,222451000.0,0.0,0.0,0.103,529063000.0,367204000.0,42495000.0,0.167,6.403,35.44,35.333,702132000.0,0.0,46.64,3.649,3.649,244450000.0,1174330000.0,2160700000.0,2160700000.0,0.0,0.132,0.19,0.227,0.172,0.0,529063000.0,1.0,169033666.0,169033666,,12.783,1628471000.0,0.0,134003000.0,120181000.0,9.634,568767000.0
21,CTAS,MRY,2000-12-31,2000-05-31,2000-05-31,2021-10-07,-4312000.0,1581342000.0,1510248500.0,721470000.0,859872000.0,1.259,6.228,-161432000.0,52182000.0,52182000.0,1122439000.0,193387000.0,3.065,0.516,270982000.0,16604000.0,254378000.0,270982000.0,0.0,99513000.0,0.0,0.004,0.187,327666000.0,427179000.0,0.225,427179000.0,327666000.0,311759000.0,1.16,1.14,1.16,1042876000.0,987324250.0,1042876000.0,7598755056.0,23.0,17.788,96600000.0,0.577,1.0,779552000.0,0.41,0.0,15907000.0,1564750000.0,1529014000.0,164906000.0,57640000.0,57640000.0,0.0,538466000.0,235392000.0,303074000.0,7368142056.0,36379000.0,740000.0,3399000.0,-36912000.0,-31249000.0,-64715000.0,-156938000.0,14675000.0,258032000.0,0.0,193387000.0,193387000.0,193387000.0,0.0,0.0,0.102,456628000.0,322924000.0,50976000.0,0.161,7.065,38.101,37.931,642507000.0,0.0,44.0,3.874,3.874,225735000.0,992450000.0,1901991000.0,1901991000.0,0.0,0.128,0.196,0.214,0.172,0.0,456628000.0,1.0,167457774.0,167457774,,11.358,1581342000.0,0.0,118372000.0,98310000.0,9.443,486078000.0
22,CTAS,MRY,1999-12-31,1999-05-31,1999-05-31,2021-10-07,-3819000.0,1407818000.0,1176688750.0,634485000.0,773333000.0,1.489,5.494,-171248000.0,15803000.0,15803000.0,1050799000.0,138939000.0,2.991,0.616,299951000.0,16370000.0,283581000.0,299951000.0,0.0,90228000.0,0.0,0.003,0.147,240436000.0,330664000.0,0.189,330664000.0,240436000.0,223994000.0,0.84,0.82,0.84,871423000.0,764142250.0,871423000.0,6860618182.0,29.0,20.748,31814000.0,0.201,1.0,700769000.0,0.4,0.0,16442000.0,1479869000.0,1179523500.0,137983000.0,72315000.0,72315000.0,0.0,536395000.0,212097000.0,324298000.0,6714807182.0,2380000.0,4323000.0,2309000.0,-19724000.0,-24942000.0,-41183000.0,-159499000.0,10211000.0,203062000.0,0.0,138939000.0,138939000.0,138939000.0,0.0,0.0,0.079,465004000.0,235765000.0,46783000.0,0.175,7.706,48.329,50.397,573087000.0,0.0,42.333,3.834,3.834,202079000.0,825268000.0,1751568000.0,1751568000.0,0.0,0.118,0.182,0.204,0.137,0.0,419487000.0,1.0,158617492.0,158617492,,11.043,1407818000.0,0.0,85055000.0,80931000.0,8.876,422388000.0
23,CTAS,MRY,1998-12-31,1998-05-31,1998-05-31,2021-10-07,-2516000.0,1305400000.0,946230500.0,604109000.0,701291000.0,1.561,5.144,-128566000.0,13423000.0,13423000.0,891720000.0,133654000.0,2.989,0.725,319374000.0,11741000.0,307633000.0,319374000.0,0.0,75333000.0,0.0,0.004,0.12,212680000.0,288013000.0,0.195,288013000.0,212680000.0,196856000.0,0.83,0.82,0.83,756795000.0,607830750.0,756795000.0,4606486084.0,22.0,15.994,14109000.0,0.096,1.0,585225000.0,0.396,0.0,15824000.0,1409212000.0,959032250.0,129655000.0,88154000.0,88154000.0,0.0,548605000.0,202139000.0,346466000.0,4481676084.0,-4209000.0,-27456000.0,-4715000.0,47821000.0,-19082000.0,9536000.0,-156420000.0,501000.0,142675000.0,0.0,133654000.0,133654000.0,133654000.0,0.0,0.0,0.09,377370000.0,207855000.0,54275000.0,0.145,5.922,33.532,36.699,488971000.0,0.0,30.46,3.034,3.034,185938000.0,712249000.0,1476945000.0,1476945000.0,0.0,0.141,0.22,0.222,0.144,0.0,360254000.0,1.0,147133161.0,147133161,,10.038,1305400000.0,0.0,63202000.0,82578000.0,8.872,401970000.0
24,CTAS,MRY,1997-12-31,1997-05-31,1997-05-31,2021-10-07,-1042000.0,843290000.0,756026000.0,424168000.0,419122000.0,1.669,3.848,-86209000.0,16362000.0,16362000.0,780087000.0,118557000.0,2.904,0.534,133888000.0,8322000.0,125566000.0,133888000.0,0.0,66355000.0,0.0,0.005,0.1,198045000.0,264400000.0,0.21,264400000.0,198045000.0,182012000.0,0.753,0.747,0.753,549825000.0,489661000.0,549825000.0,3103270874.0,16.0,11.737,75801000.0,0.53,1.0,481812000.0,0.382,0.0,16033000.0,814776000.0,748197000.0,80344000.0,88655000.0,88655000.0,0.0,293465000.0,146040000.0,147425000.0,2992158874.0,4678000.0,-18981000.0,2298000.0,-8449000.0,-15634000.0,-37238000.0,-120094000.0,-15178000.0,162010000.0,0.0,118557000.0,118557000.0,118557000.0,0.0,0.0,0.094,288216000.0,193596000.0,32675000.0,0.133,5.442,25.238,27.446,299182000.0,0.0,20.667,2.371,2.34,122975000.0,505568000.0,1261899000.0,1261899000.0,0.0,0.157,0.242,0.265,0.157,0.0,287663000.0,1.0,144781881.0,142893000,,8.831,843290000.0,0.0,63455000.0,54748000.0,5.902,278128000.0
25,CTAS,MRY,1996-12-31,1996-05-31,1996-05-31,2021-10-07,-833000.0,668762000.0,632471500.0,297502000.0,371260000.0,1.385,3.04,-59850000.0,9066000.0,9066000.0,528575000.0,87744000.0,2.9,0.557,124516000.0,6592000.0,117924000.0,124516000.0,0.0,44896000.0,0.0,0.005,0.083,145034000.0,189930000.0,0.217,189930000.0,145034000.0,134791000.0,0.593,0.587,0.593,429497000.0,396920500.0,429497000.0,,,,67911000.0,0.481,1.0,347258000.0,0.396,0.0,10243000.0,681618000.0,653203500.0,34678000.0,73477000.0,73477000.0,0.0,239265000.0,102594000.0,136671000.0,,3079000.0,-2307000.0,768000.0,1246000.0,-28697000.0,-25714000.0,-98968000.0,-34680000.0,127761000.0,0.0,87744000.0,87744000.0,87744000.0,0.0,0.0,0.1,204882000.0,142376000.0,19363000.0,0.14,,,30.495,252597000.0,0.0,18.083,,2.917,78244000.0,386673000.0,875833000.0,875833000.0,0.0,0.139,0.221,0.222,0.166,0.0,204826000.0,1.0,,141297000,,6.199,668762000.0,0.0,47047000.0,46218000.0,4.733,194908000.0
26,CTAS,MRY,1995-12-31,1995-05-31,1995-05-31,2021-10-07,-975000.0,596181000.0,,241422000.0,354759000.0,,2.59,-56546000.0,6685000.0,6685000.0,371265000.0,62743000.0,2.541,0.636,130305000.0,10030000.0,120275000.0,130305000.0,0.0,37706000.0,0.0,0.006,0.067,108306000.0,146012000.0,0.237,146012000.0,108306000.0,100961000.0,0.447,,0.447,364344000.0,,364344000.0,,,,18704000.0,0.133,1.0,243833000.0,0.396,0.0,7345000.0,624789000.0,,36883000.0,38797000.0,38797000.0,0.0,231837000.0,95012000.0,136825000.0,,-1764000.0,-50095000.0,-6206000.0,30379000.0,-9398000.0,14965000.0,-91979000.0,13536000.0,75250000.0,0.0,62743000.0,62743000.0,62743000.0,0.0,0.0,0.102,137675000.0,106158000.0,17265000.0,0.15,,,25.727,227997000.0,0.0,11.5,,2.63,69032000.0,323284000.0,615098000.0,615098000.0,0.0,,,,0.176,0.0,137675000.0,1.0,,140673000,,4.373,596181000.0,0.0,38218000.0,42109000.0,4.238,146410000.0
27,CTAS,MRY,1994-12-31,1994-05-31,1994-05-31,2021-10-07,,,,,,,,-35838000.0,,,313345000.0,52170000.0,,,,,,,,35060000.0,,0.005,0.057,92115000.0,127175000.0,0.243,127175000.0,92115000.0,85451000.0,0.373,,0.373,,,,,,,35592000.0,0.254,1.0,209871000.0,0.401,,6664000.0,,,,,,,,,,,-5743000.0,-11796000.0,750000.0,-8347000.0,-7953000.0,-15230000.0,-61943000.0,-11556000.0,71430000.0,0.0,52170000.0,52170000.0,52170000.0,0.0,0.0,0.1,119446000.0,90425000.0,,0.153,,,27.873,,0.0,10.397,,2.784,,,523216000.0,523216000.0,0.0,,,,0.176,0.0,119446000.0,1.0,,140118000,,3.734,,,33281000.0,,,
0,CTAS,MRQ,2021-09-30,2021-08-31,2021-08-31,2021-10-07,-30266000.0,7857750000.0,,2477666000.0,5380084000.0,,32.138,-48748000.0,79749000.0,79749000.0,994194000.0,331179000.0,1.092,1.375,2783988000.0,1318475000.0,1465513000.0,2783988000.0,0.0,97949000.0,0.0,0.015,0.95,394157000.0,492106000.0,0.259,492106000.0,394157000.0,372303000.0,3.19,3.11,3.19,3309203000.0,,3309203000.0,42974233554.0,30.0,23.611,213393000.0,2.072,1.0,902756000.0,0.476,3328975000.0,21854000.0,4963975000.0,,463692000.0,295268000.0,0.0,295268000.0,4548547000.0,2269039000.0,2279508000.0,40751346554.0,-413891000.0,-20655000.0,-586339000.0,76000000.0,-79135000.0,-590084000.0,-84321000.0,-8738000.0,262141000.0,-1627000.0,331179000.0,331179000.0,331179000.0,0.0,0.0,0.175,508655000.0,394101000.0,202968000.0,0.298,12.315,35.68,36.476,1460522000.0,0.0,395.77,5.608,5.608,927360000.0,8109368000.0,1896950000.0,1896950000.0,0.0,,,,,36496000.0,508655000.0,1.0,102967245.0,102967245,,18.423,4528775000.0,11249000.0,41124000.0,395599000.0,43.983,208627000.0
1,CTAS,MRQ,2021-06-30,2021-05-31,2021-05-31,2021-10-07,30888000.0,8236823000.0,,2843309000.0,5393514000.0,,35.105,-43060000.0,493640000.0,493640000.0,976612000.0,267722000.0,1.47,1.234,2716527000.0,942920000.0,1773607000.0,2716527000.0,0.0,98130000.0,0.0,0.014,0.75,356544000.0,454674000.0,0.248,454674000.0,356544000.0,331993000.0,2.53,2.46,2.53,3687847000.0,,3687847000.0,39291088267.0,28.0,22.149,412865000.0,3.93,1.0,859050000.0,0.468,3321514000.0,24551000.0,5204111000.0,,481797000.0,274616000.0,0.0,274616000.0,4548976000.0,1934085000.0,2614891000.0,37140507267.0,-59971000.0,-3253000.0,-389723000.0,0.0,-79509000.0,-469773000.0,-48551000.0,3574000.0,455925000.0,2428000.0,267722000.0,267722000.0,267722000.0,0.0,0.0,0.146,502604000.0,356446000.0,230786000.0,0.296,10.071,33.431,33.606,1486970000.0,0.0,353.54,5.219,5.219,901710000.0,7877015000.0,1835662000.0,1835662000.0,0.0,,,,,28614000.0,502604000.0,1.0,105053197.0,105053197,,17.474,4915309000.0,22282000.0,64271000.0,386647000.0,46.789,909224000.0
2,CTAS,MRQ,2021-03-31,2021-02-28,2021-02-28,2021-10-07,-12968000.0,8347497000.0,,2978556000.0,5368941000.0,,36.337,-42751000.0,553611000.0,553611000.0,967540000.0,258384000.0,2.345,1.187,2704192000.0,293703000.0,2410489000.0,2704192000.0,0.0,97167000.0,0.0,0.013,0.75,326555000.0,423722000.0,0.238,423722000.0,326555000.0,302003000.0,2.44,2.37,2.44,3816510000.0,,3816510000.0,36063223199.0,29.0,22.214,289100000.0,2.753,1.0,809516000.0,0.456,3313569000.0,24552000.0,5914149000.0,,533211000.0,264581000.0,0.0,264581000.0,4530987000.0,1270360000.0,3260627000.0,34065418199.0,-149564000.0,8426000.0,-70589000.0,0.0,-371818000.0,-444556000.0,-37422000.0,-668000.0,331851000.0,563000.0,258384000.0,258384000.0,258384000.0,0.0,0.0,0.145,483048000.0,326468000.0,237857000.0,0.307,8.926,34.485,34.615,1486780000.0,0.0,324.34,4.937,4.937,929492000.0,7688425000.0,1777056000.0,1777056000.0,0.0,,,,,25819000.0,483048000.0,1.0,105029963.0,105029963,,16.92,5033928000.0,57929000.0,43619000.0,389553000.0,47.928,1708196000.0
3,CTAS,MRQ,2020-12-31,2020-11-30,2020-11-30,2021-10-07,-97407000.0,8454753000.0,,3102773000.0,5351980000.0,,34.389,-26783000.0,703175000.0,703175000.0,937164000.0,284857000.0,2.057,1.35,2700980000.0,292554000.0,2408426000.0,2700980000.0,0.0,96475000.0,0.0,0.01,3.51,353090000.0,449565000.0,0.256,449565000.0,353090000.0,328533000.0,2.69,2.62,2.69,3597960000.0,,3597960000.0,39457252935.0,32.0,24.494,233889000.0,2.235,1.0,819884000.0,0.467,3320677000.0,24557000.0,5623409000.0,,534128000.0,252454000.0,0.0,252454000.0,4856793000.0,1508472000.0,3348321000.0,37173398935.0,281633000.0,18478000.0,33036000.0,0.0,0.0,32218000.0,-11300000.0,-2265000.0,260672000.0,43000.0,284857000.0,284857000.0,284857000.0,0.0,0.0,0.162,467012000.0,352872000.0,274021000.0,1.305,10.332,38.563,38.788,1498355000.0,0.0,355.3,5.361,5.361,910266000.0,7509544000.0,1757048000.0,1757048000.0,0.0,,,,,28547000.0,467012000.0,1.0,104625384.0,104625384,,16.794,5134076000.0,56802000.0,43676000.0,376414000.0,49.071,1594301000.0
4,CTAS,MRQ,2020-09-30,2020-08-31,2020-08-31,2021-10-07,-115950000.0,8043381000.0,,2666177000.0,5377204000.0,,34.829,-30876000.0,421542000.0,421542000.0,920374000.0,300005000.0,2.439,1.231,2705396000.0,293222000.0,2412174000.0,2705396000.0,0.0,96179000.0,0.0,0.008,0.0,349770000.0,445949000.0,0.255,445949000.0,349770000.0,325220000.0,2.86,2.78,2.86,3604804000.0,,3604804000.0,37050039759.0,31.0,23.301,281416000.0,2.719,1.0,826201000.0,0.473,3327689000.0,24550000.0,5906196000.0,,488165000.0,240431000.0,0.0,240431000.0,4438577000.0,1093350000.0,3345227000.0,34490010759.0,276140000.0,-1984000.0,3112000.0,0.0,0.0,2243000.0,-39942000.0,-4940000.0,312292000.0,1547000.0,300005000.0,300005000.0,300005000.0,0.0,0.0,0.172,476495000.0,349706000.0,252513000.0,0.0,9.568,37.277,37.782,1537505000.0,0.0,333.24,4.913,4.913,866414000.0,7596514000.0,1746575000.0,1746575000.0,0.0,,,,,29055000.0,476495000.0,1.0,103499012.0,103499012,,16.875,4715692000.0,0.0,25215000.0,408400000.0,45.563,1572827000.0
5,CTAS,MRQ,2020-06-30,2020-05-31,2020-05-31,2021-10-07,-153380000.0,7669885000.0,,2309699000.0,5360186000.0,,31.093,-40910000.0,145402000.0,145402000.0,911764000.0,144585000.0,2.609,1.371,2705431000.0,43031000.0,2662400000.0,2705431000.0,0.0,96560000.0,0.0,0.01,0.0,207630000.0,304190000.0,0.188,304190000.0,207630000.0,181678000.0,1.38,1.35,1.38,3235202000.0,,3235202000.0,28475840088.0,24.0,18.462,316024000.0,3.037,1.0,707820000.0,0.437,3321549000.0,25952000.0,6023170000.0,,408898000.0,214847000.0,0.0,214847000.0,4434683000.0,885195000.0,3549488000.0,25800288088.0,-89039000.0,-5870000.0,-194219000.0,-200000000.0,86000.0,-394915000.0,-48918000.0,430000.0,356934000.0,-2140000.0,144585000.0,144585000.0,144585000.0,0.0,0.0,0.089,500386000.0,207434000.0,230995000.0,0.0,7.975,29.451,29.66,1563032000.0,0.0,247.96,3.641,3.641,870369000.0,7296509000.0,1619584000.0,1619584000.0,0.0,,,,,19007000.0,500386000.0,1.0,104050202.0,104050202,,15.565,4348336000.0,0.0,37093000.0,415678000.0,41.791,1424504000.0
6,CTAS,MRQ,2020-03-31,2020-02-29,2020-02-29,2021-10-07,-94814000.0,7901980000.0,,2497706000.0,5404274000.0,,32.041,-63212000.0,234441000.0,234441000.0,986253000.0,234520000.0,2.342,1.377,2909993000.0,243843000.0,2666150000.0,2909993000.0,0.0,96163000.0,0.0,0.01,0.0,314999000.0,411162000.0,0.227,411162000.0,314999000.0,289056000.0,2.23,2.16,2.23,3324309000.0,,3324309000.0,30361189859.0,24.0,18.439,299986000.0,2.891,1.0,824395000.0,0.455,3338848000.0,25943000.0,6172038000.0,,352924000.0,212798000.0,0.0,212798000.0,4577671000.0,1066646000.0,3511025000.0,27674487859.0,7906000.0,-41268000.0,15760000.0,0.0,-268042000.0,-250300000.0,-104807000.0,-340000.0,363198000.0,-185000.0,234520000.0,234520000.0,234520000.0,0.0,0.0,0.13,509743000.0,314652000.0,243248000.0,0.0,8.325,28.901,29.28,1600035000.0,0.0,266.74,3.812,3.812,942853000.0,7151838000.0,1810648000.0,1810648000.0,0.0,,,,,27030000.0,509743000.0,1.0,103750798.0,103750798,,17.452,4563132000.0,23485000.0,54536000.0,423677000.0,43.982,1431060000.0
7,CTAS,MRQ,2019-12-31,2019-11-30,2019-11-30,2021-10-07,-36835000.0,7887337000.0,,2490287000.0,5397050000.0,,30.0,-61424000.0,226535000.0,226535000.0,991358000.0,246120000.0,1.92,1.54,2913237000.0,244051000.0,2669186000.0,2913237000.0,0.0,94336000.0,0.0,0.01,2.55,334424000.0,428760000.0,0.233,428760000.0,334424000.0,308247000.0,2.35,2.27,2.35,3104970000.0,,3104970000.0,29549016286.0,24.0,18.378,233026000.0,2.251,1.0,852391000.0,0.462,3322734000.0,26177000.0,5954054000.0,,348304000.0,218873000.0,0.0,218873000.0,4782367000.0,1297251000.0,3485116000.0,26605620286.0,124404000.0,10614000.0,23375000.0,-139000000.0,0.0,-116385000.0,-53534000.0,-730000.0,294450000.0,-127000.0,246120000.0,246120000.0,246120000.0,323000.0,0.0,0.133,517927000.0,334464000.0,254611000.0,1.085,8.569,28.72,29.245,1594817000.0,0.0,257.06,3.731,3.731,949122000.0,6917310000.0,1843749000.0,1843749000.0,0.0,,,,,29003000.0,517927000.0,1.0,103499651.0,103499651,,17.814,4564603000.0,24878000.0,62127000.0,443857000.0,44.103,1193036000.0
8,CTAS,MRQ,2019-09-30,2019-08-31,2019-08-31,2021-10-07,-60651000.0,7661900000.0,,2289818000.0,5372082000.0,,29.767,-64743000.0,102131000.0,102131000.0,961997000.0,250812000.0,2.039,1.512,3045527000.0,381786000.0,2663741000.0,3045527000.0,0.0,91994000.0,0.0,0.008,0.0,306308000.0,398302000.0,0.22,398302000.0,306308000.0,278987000.0,2.4,2.32,2.4,3050706000.0,,3050706000.0,29789206888.0,24.0,18.469,212158000.0,2.07,1.0,849142000.0,0.469,3332590000.0,27321000.0,6149824000.0,,336290000.0,208987000.0,0.0,208987000.0,4611194000.0,1122882000.0,3488312000.0,27036080888.0,5486000.0,-3896000.0,-218915000.0,26500000.0,0.0,-193607000.0,-78139000.0,-9391000.0,276901000.0,331000.0,250812000.0,250812000.0,250812000.0,0.0,0.0,0.138,542996000.0,306146000.0,237242000.0,0.0,8.862,29.283,30.357,1585440000.0,0.0,263.8,3.859,3.859,917535000.0,6939240000.0,1811139000.0,1811139000.0,0.0,,,,,40395000.0,542996000.0,1.0,102487039.0,102487039,,17.672,4329310000.0,0.0,28175000.0,445993000.0,42.243,1166936000.0
9,CTAS,MRQ,2019-06-30,2019-05-31,2019-05-31,2021-10-07,-39152000.0,7436662000.0,,2236280000.0,5200382000.0,,28.715,-68914000.0,96645000.0,96645000.0,970165000.0,226119000.0,1.983,1.477,2849771000.0,312264000.0,2537507000.0,2849771000.0,0.0,93764000.0,0.0,0.009,0.0,314630000.0,408394000.0,0.228,408394000.0,314630000.0,288848000.0,2.13,2.06,2.13,3002721000.0,,3002721000.0,25870554205.0,21.0,16.514,328231000.0,3.139,1.0,823565000.0,0.459,3337036000.0,25782000.0,5725019000.0,,334589000.0,192346000.0,0.0,192346000.0,4433941000.0,1127733000.0,3306208000.0,23196955205.0,15786000.0,-2410000.0,-396979000.0,95000000.0,-4000.0,-308007000.0,-72624000.0,-297000.0,397145000.0,-728000.0,226119000.0,226119000.0,226119000.0,-2346000.0,0.0,0.126,509154000.0,314411000.0,226020000.0,0.0,7.725,26.212,26.888,1430685000.0,0.0,221.83,3.366,3.366,910120000.0,6691236000.0,1793730000.0,1793730000.0,0.0,,,,,33657000.0,508240000.0,1.0,104570866.0,104570866,,17.153,4099626000.0,7475000.0,62729000.0,438179000.0,39.204,1108547000.0
10,CTAS,MRQ,2019-03-31,2019-02-28,2019-02-28,2021-10-07,412000.0,7433673000.0,,2223756000.0,5209917000.0,,30.413,-70191000.0,80859000.0,80859000.0,927177000.0,203334000.0,2.236,1.338,2754458000.0,217500000.0,2536958000.0,2754458000.0,0.0,91658000.0,0.0,0.01,0.0,280736000.0,372394000.0,0.221,372394000.0,280736000.0,253966000.0,1.91,1.85,1.91,3179492000.0,,3179492000.0,24220197707.0,21.0,16.196,255959000.0,2.448,1.0,755153000.0,0.449,3356185000.0,26770000.0,5756736000.0,,339805000.0,191818000.0,0.0,191818000.0,4254181000.0,994351000.0,3259830000.0,21598768707.0,-7620000.0,2377000.0,-78433000.0,44000000.0,-220760000.0,-257919000.0,-76374000.0,-3473000.0,326150000.0,523000.0,203334000.0,203334000.0,203334000.0,0.0,0.0,0.121,476898000.0,278255000.0,214567000.0,0.0,6.793,25.56,26.386,1424063000.0,0.0,206.6,3.191,3.191,878037000.0,6465121000.0,1682330000.0,1682330000.0,0.0,,,,,30769000.0,476099000.0,1.0,104543895.0,104543895,,16.092,4077488000.0,42552000.0,50632000.0,439011000.0,39.003,1229405000.0
11,CTAS,MRQ,2018-12-31,2018-11-30,2018-11-30,2021-10-07,3865000.0,7405083000.0,,2215870000.0,5189213000.0,,28.32,-73086000.0,88479000.0,88479000.0,943110000.0,243013000.0,1.988,1.446,2709908000.0,173500000.0,2536408000.0,2709908000.0,0.0,88376000.0,0.0,0.011,2.05,345423000.0,433799000.0,0.252,433799000.0,345423000.0,320543000.0,2.25,2.18,2.25,3027244000.0,,3027244000.0,22447628260.0,21.0,16.082,108496000.0,1.015,1.0,775158000.0,0.451,3366749000.0,24880000.0,5545077000.0,,321874000.0,183548000.0,0.0,183548000.0,4377839000.0,1114686000.0,3263153000.0,20030125260.0,-29877000.0,1033000.0,-363561000.0,173500000.0,0.0,-194871000.0,-15855000.0,57713000.0,181582000.0,-733000.0,243013000.0,243013000.0,243013000.0,-19000.0,0.0,0.141,499518000.0,275640000.0,211900000.0,0.911,6.617,21.223,21.513,1410530000.0,0.0,187.38,3.001,3.001,904062000.0,6261756000.0,1718268000.0,1718268000.0,0.0,,,,,28612000.0,491671000.0,1.0,106895748.0,106895748,,16.074,4038334000.0,36595000.0,77530000.0,435461000.0,37.778,1101184000.0
12,CTAS,MRQ,2018-09-30,2018-08-31,2018-08-31,2021-10-07,9861000.0,7287204000.0,,2104378000.0,5182826000.0,,31.483,-64528000.0,118356000.0,118356000.0,923263000.0,212515000.0,3.099,1.178,2535859000.0,0.0,2535859000.0,2535859000.0,0.0,86295000.0,0.0,0.008,0.0,265692000.0,351987000.0,0.207,351987000.0,265692000.0,241388000.0,1.96,1.89,1.96,3345968000.0,,3345968000.0,25073400735.0,26.0,19.786,98457000.0,0.926,1.0,774712000.0,0.456,3385947000.0,24304000.0,5639666000.0,,303770000.0,180262000.0,0.0,180262000.0,3941236000.0,679094000.0,3262142000.0,22676815735.0,-20368000.0,-7613000.0,-111956000.0,0.0,0.0,-112508000.0,-70785000.0,1558000.0,162985000.0,-60000.0,212515000.0,212515000.0,212515000.0,32000.0,0.0,0.125,509484000.0,265228000.0,214011000.0,0.0,6.777,27.064,27.639,1394634000.0,0.0,213.37,3.455,3.455,838192000.0,6239535000.0,1697975000.0,1697975000.0,0.0,,,,,46172000.0,504634000.0,1.0,106279307.0,106279307,,15.977,3901257000.0,6878000.0,28873000.0,424344000.0,36.708,1425284000.0
13,CTAS,MRQ,2018-06-30,2018-05-31,2018-05-31,2021-10-07,16343000.0,6958214000.0,,1977932000.0,4980282000.0,,28.266,-75659000.0,138724000.0,138724000.0,917212000.0,186171000.0,2.549,1.307,2535309000.0,0.0,2535309000.0,2535309000.0,0.0,74514000.0,0.0,0.009,0.0,262743000.0,337257000.0,0.202,337257000.0,262743000.0,237915000.0,1.71,1.66,1.71,3016526000.0,,3016526000.0,22019581390.0,22.0,17.079,227637000.0,2.133,1.0,752338000.0,0.451,3392656000.0,24828000.0,5186286000.0,,280347000.0,175581000.0,0.0,175581000.0,3941688000.0,775857000.0,3165831000.0,19449884390.0,-13839000.0,-7048000.0,-84259000.0,-187500000.0,0.0,-271850000.0,-45715000.0,37375000.0,303296000.0,430000.0,186171000.0,186171000.0,186171000.0,3127000.0,0.0,0.112,486838000.0,265500000.0,215074000.0,0.0,6.448,23.084,23.425,1382730000.0,0.0,182.25,3.003,3.003,804583000.0,5837827000.0,1669550000.0,1669550000.0,0.0,,,,,26791000.0,471807000.0,1.0,106720902.0,106720902,,15.644,3565558000.0,19634000.0,51744000.0,352581000.0,33.41,1202075000.0
14,CTAS,MRQ,2018-03-31,2018-02-28,2018-02-28,2021-10-07,22517000.0,6928593000.0,,1979576000.0,4949017000.0,,27.177,-63574000.0,152563000.0,152563000.0,888675000.0,302095000.0,2.157,1.394,2722260000.0,187500000.0,2534760000.0,2722260000.0,0.0,66063000.0,0.0,0.009,0.0,206714000.0,272777000.0,0.172,272777000.0,206714000.0,180813000.0,2.79,2.71,2.79,2893997000.0,,2893997000.0,20771598437.0,22.0,17.362,218281000.0,2.05,1.0,700463000.0,0.441,3377344000.0,25901000.0,5203373000.0,,274819000.0,212220000.0,33693000.0,178527000.0,4034596000.0,917573000.0,3117023000.0,18173378437.0,-83439000.0,-11199000.0,5927000.0,-112500000.0,-175589000.0,-282769000.0,-83765000.0,-11608000.0,281855000.0,1240000.0,302095000.0,302095000.0,302095000.0,-6306000.0,0.0,0.19,500439000.0,200024000.0,172181000.0,0.0,6.28,24.537,24.914,1367580000.0,0.0,170.66,2.868,2.868,779220000.0,5651656000.0,1589138000.0,1589138000.0,0.0,,,,,30840000.0,490618000.0,1.0,106488799.0,106488799,,14.923,3551249000.0,21651000.0,-121282000.0,376665000.0,33.349,1062003000.0
15,CTAS,MRQ,2017-12-31,2017-11-30,2017-11-30,2021-10-07,20437000.0,6978801000.0,,2043449000.0,4935352000.0,,24.016,-69949000.0,236002000.0,236002000.0,890072000.0,137109000.0,1.77,1.734,2834222000.0,300000000.0,2534222000.0,2834222000.0,0.0,70330000.0,0.0,0.01,1.62,234874000.0,305204000.0,0.19,305204000.0,234874000.0,205745000.0,1.26,1.23,1.26,2553033000.0,,2553033000.0,19386270374.0,21.0,16.693,54694000.0,0.515,1.0,716369000.0,0.446,3377370000.0,29129000.0,5045280000.0,,272830000.0,198395000.0,22732000.0,175663000.0,4425768000.0,1154371000.0,3271397000.0,16736562374.0,44588000.0,-1473000.0,10645000.0,-7500000.0,0.0,1912000.0,-78840000.0,-6852000.0,124643000.0,-3127000.0,137109000.0,137109000.0,137109000.0,628000.0,0.0,0.085,481158000.0,235211000.0,162981000.0,1.286,6.556,30.071,30.512,1353159000.0,0.0,157.44,2.788,2.788,763555000.0,5349539000.0,1606441000.0,1606441000.0,0.0,,,,,26574000.0,468084000.0,1.0,106304385.0,106304385,,15.112,3601431000.0,35700000.0,68636000.0,539043000.0,33.878,889078000.0
16,CTAS,MRQ,2017-09-30,2017-08-31,2017-08-31,2021-10-07,32003000.0,6851606000.0,,1924553000.0,4927053000.0,,24.336,-62517000.0,191414000.0,191414000.0,872150000.0,217211000.0,1.842,1.67,2841122000.0,307450000.0,2533672000.0,2841122000.0,0.0,68509000.0,0.0,0.01,0.0,305499000.0,374008000.0,0.232,374008000.0,305499000.0,275182000.0,2.02,1.96,2.02,2565881000.0,,2565881000.0,17199154134.0,19.0,15.371,191849000.0,1.82,1.0,739353000.0,0.459,3392135000.0,30317000.0,5064384000.0,,283197000.0,185257000.0,21626000.0,163631000.0,4285725000.0,1044795000.0,3240930000.0,14234896134.0,22148000.0,128209000.0,-17784000.0,-293000000.0,0.0,-311433000.0,72622000.0,7234000.0,254366000.0,6593000.0,217211000.0,217211000.0,217211000.0,-56103000.0,0.0,0.135,490254000.0,249099000.0,189571000.0,0.0,5.548,25.427,25.864,1340660000.0,0.0,135.01,2.511,2.511,731577000.0,5388040000.0,1611503000.0,1611503000.0,0.0,,,,,28630000.0,486283000.0,1.0,105435865.0,105435865,,15.284,3459471000.0,0.0,57971000.0,547326000.0,32.811,879758000.0
17,CTAS,MRQ,2017-06-30,2017-05-31,2017-05-31,2021-10-07,-3029000.0,6844057000.0,,1954478000.0,4889579000.0,,21.864,-54696000.0,169266000.0,169266000.0,851561000.0,84235000.0,1.728,1.972,3133524000.0,362900000.0,2770624000.0,3133524000.0,0.0,64881000.0,0.0,0.011,0.0,179498000.0,244379000.0,0.16,244379000.0,179498000.0,134109000.0,0.78,0.76,0.78,2302793000.0,,2302793000.0,14255298972.0,18.0,14.342,225433000.0,2.14,1.0,678726000.0,0.444,3369323000.0,45389000.0,5308140000.0,,278218000.0,187007000.0,22219000.0,164788000.0,4541264000.0,1130852000.0,3410412000.0,13258002972.0,22022000.0,-2080341000.0,6086000.0,1883229000.0,11000.0,1886136000.0,-2144874000.0,-9613000.0,280129000.0,631000.0,84235000.0,84235000.0,84235000.0,-2061000.0,0.0,0.055,501419000.0,177307000.0,177051000.0,0.0,5.757,27.58,28.036,1323501000.0,0.0,125.88,2.491,2.491,736008000.0,5170830000.0,1530287000.0,1530287000.0,0.0,,,,,25290000.0,437673000.0,1.0,105322553.0,105322553,,14.53,3474734000.0,44320000.0,49874000.0,469328000.0,32.991,823626000.0
18,CTAS,MRQ,2017-03-31,2017-02-28,2017-02-28,2021-10-07,-11941000.0,4271164000.0,,1629941000.0,2641223000.0,,20.738,-63448000.0,147244000.0,147244000.0,695443000.0,118005000.0,1.727,0.961,1144540000.0,399351000.0,745189000.0,1144540000.0,0.0,44664000.0,0.0,0.011,0.0,193053000.0,237717000.0,0.189,237717000.0,193053000.0,179357000.0,1.1,1.07,1.1,2178258000.0,,2178258000.0,13362928495.0,16.0,13.312,118589000.0,1.129,1.0,559924000.0,0.446,1386758000.0,13696000.0,2937734000.0,,272181000.0,148168000.0,0.0,148168000.0,2092906000.0,943968000.0,1148938000.0,12395667495.0,3671000.0,-1852000.0,5065000.0,33500000.0,-142444000.0,-104562000.0,-73430000.0,-7826000.0,182037000.0,-374000.0,118005000.0,118005000.0,118005000.0,-1051000.0,0.0,0.094,367933000.0,191991000.0,127940000.0,0.0,5.691,23.505,23.937,1090209000.0,0.0,118.01,2.502,2.502,598863000.0,5086584000.0,1255367000.0,1255367000.0,0.0,,,,,23996000.0,358589000.0,1.0,105039128.0,105039128,,11.951,2884406000.0,20560000.0,61352000.0,267065000.0,27.46,685973000.0
19,CTAS,MRQ,2016-12-31,2016-11-30,2016-11-30,2021-10-07,-17286000.0,4214579000.0,,1600662000.0,2613917000.0,,19.304,-76593000.0,143573000.0,143573000.0,705859000.0,140377000.0,2.138,1.081,1110834000.0,66000000.0,1044834000.0,1110834000.0,0.0,43882000.0,0.0,0.012,1.33,218914000.0,262796000.0,0.207,262796000.0,218914000.0,205647000.0,1.32,1.29,1.32,2025705000.0,,2025705000.0,13134844605.0,16.0,13.118,67540000.0,0.644,1.0,565218000.0,0.445,1386908000.0,13267000.0,3046175000.0,,263301000.0,140530000.0,0.0,140530000.0,2188874000.0,748757000.0,1440117000.0,12025625605.0,44364000.0,19089000.0,2583000.0,-97800000.0,0.0,-106044000.0,8561000.0,64815000.0,144133000.0,-2286000.0,140377000.0,140377000.0,140377000.0,-18427000.0,0.0,0.11,364762000.0,200456000.0,127815000.0,1.008,5.937,22.832,23.388,1067214000.0,0.0,114.6,2.446,2.446,607452000.0,4968437000.0,1271077000.0,1271077000.0,0.0,,,,,18803000.0,361415000.0,1.0,104935651.0,104935651,,12.113,2827671000.0,1228000.0,65270000.0,265091000.0,26.947,851905000.0
20,CTAS,MRQ,2016-09-30,2016-08-31,2016-08-31,2021-10-07,-36412000.0,4167145000.0,,1594748000.0,2572397000.0,,19.072,-78580000.0,99209000.0,99209000.0,690223000.0,138091000.0,2.243,1.097,1208428000.0,163800000.0,1044628000.0,1208428000.0,0.0,43168000.0,0.0,0.009,0.0,205885000.0,249053000.0,0.197,249053000.0,205885000.0,191713000.0,1.29,1.26,1.29,1987402000.0,,1987402000.0,13406065267.0,13.0,11.082,79008000.0,0.758,1.0,576427000.0,0.455,1383167000.0,14172000.0,3182338000.0,,262156000.0,205434000.0,64558000.0,140876000.0,2179743000.0,710859000.0,1468884000.0,12245422267.0,-40148000.0,-10991000.0,-2588000.0,-86200000.0,0.0,-97028000.0,-100606000.0,-10117000.0,157588000.0,-102000.0,138091000.0,138091000.0,138091000.0,-1883000.0,0.0,0.109,372490000.0,203937000.0,129650000.0,0.0,6.162,16.742,17.565,1033160000.0,0.0,117.51,2.518,2.518,586372000.0,4970647000.0,1266650000.0,1266650000.0,0.0,,,,,20779000.0,369703000.0,1.0,104207491.0,104207491,,12.155,2783978000.0,0.0,53622000.0,294209000.0,26.716,883889000.0
21,CTAS,MRQ,2016-06-30,2016-05-31,2016-05-31,2021-10-07,-24874000.0,4098815000.0,,1590579000.0,2508236000.0,,17.221,-67883000.0,139357000.0,139357000.0,636531000.0,130898000.0,1.95,1.224,1294422000.0,250000000.0,1044422000.0,1294422000.0,0.0,42608000.0,0.0,0.011,0.0,211687000.0,254295000.0,0.219,254295000.0,211687000.0,195911000.0,1.22,1.21,1.22,1842659000.0,,1842659000.0,11128787455.0,11.0,9.431,100808000.0,0.942,1.0,525188000.0,0.452,1354270000.0,15776000.0,3084055000.0,,249362000.0,195357000.0,70405000.0,124952000.0,2256156000.0,815555000.0,1440601000.0,10143903455.0,-175759000.0,-2268000.0,-271746000.0,0.0,0.0,-272409000.0,-73397000.0,-2950000.0,168691000.0,1356000.0,130898000.0,130898000.0,130898000.0,-21223000.0,0.0,0.113,335055000.0,190133000.0,110940000.0,0.0,5.505,14.627,15.048,993692000.0,0.0,94.8,2.115,2.115,546488000.0,4805867000.0,1161719000.0,1161719000.0,0.0,,,,,22124000.0,335055000.0,1.0,107003201.0,107003201,,10.857,2744545000.0,1712000.0,65013000.0,259475000.0,25.649,775024000.0
22,CTAS,MRQ,2016-03-31,2016-02-29,2016-02-29,2021-10-07,-33674000.0,4231210000.0,,1758824000.0,2472386000.0,,18.035,-85685000.0,315116000.0,315116000.0,691475000.0,117341000.0,2.048,1.17,1300000000.0,250000000.0,1050000000.0,1300000000.0,0.0,41777000.0,0.0,0.013,0.0,193349000.0,235126000.0,0.193,235126000.0,193349000.0,177186000.0,1.07,1.05,1.07,1950106000.0,,1950106000.0,9775091747.0,10.0,8.556,-53568000.0,-0.495,1.0,524608000.0,0.431,1370814000.0,16163000.0,2986476000.0,,255203000.0,190310000.0,71703000.0,118607000.0,2281104000.0,858804000.0,1422300000.0,9081876747.0,-291669000.0,-30494000.0,-95330000.0,0.0,-115273000.0,-210096000.0,-111490000.0,2243000.0,32117000.0,-2200000.0,117341000.0,117341000.0,117341000.0,-62000.0,0.0,0.096,331656000.0,192952000.0,151833000.0,0.0,4.657,13.599,14.045,964680000.0,0.0,83.99,1.945,1.945,550748000.0,4674975000.0,1216083000.0,1216083000.0,0.0,,,,,16928000.0,331656000.0,1.0,108130453.0,108130453,,11.246,2860396000.0,0.0,59845000.0,293255000.0,26.453,900020000.0
23,CTAS,MRQ,2015-12-31,2015-11-30,2015-11-30,2021-10-07,-17680000.0,4450792000.0,,2043280000.0,2407512000.0,,17.826,-59186000.0,606785000.0,606785000.0,691680000.0,345100000.0,1.807,1.313,1300000000.0,250000000.0,1050000000.0,1300000000.0,0.0,41126000.0,0.0,0.011,1.05,430107000.0,471233000.0,0.387,471233000.0,430107000.0,413936000.0,3.11,3.06,3.11,1924528000.0,,1924528000.0,11041151612.0,12.0,9.915,62768000.0,0.581,1.0,527400000.0,0.433,1343777000.0,16171000.0,2669249000.0,,251477000.0,192373000.0,65826000.0,126547000.0,2526264000.0,1130981000.0,1395283000.0,9888011612.0,459925000.0,554059000.0,-175095000.0,0.0,0.0,-174500000.0,515130000.0,-16147000.0,121954000.0,-2659000.0,345100000.0,345100000.0,345100000.0,-229647000.0,0.0,0.283,327051000.0,200349000.0,134843000.0,0.338,5.138,15.321,16.012,916544000.0,0.0,91.59,2.167,2.167,549190000.0,4557245000.0,1219080000.0,1219080000.0,0.0,,,,,16324000.0,327051000.0,1.0,107959511.0,107959511,,11.292,3107015000.0,0.0,68836000.0,464004000.0,28.779,912299000.0
24,CTAS,MRQ,2015-09-30,2015-08-31,2015-08-31,2021-10-07,-20004000.0,4122949000.0,,1733952000.0,2388997000.0,,16.774,-62631000.0,146860000.0,146860000.0,674746000.0,100181000.0,1.807,1.23,1300000000.0,250000000.0,1050000000.0,1300000000.0,0.0,39768000.0,0.0,0.01,0.0,179609000.0,219377000.0,0.183,219377000.0,179609000.0,163197000.0,0.89,0.88,0.89,1848669000.0,,1848669000.0,10249790401.0,14.0,11.659,80452000.0,0.73,1.0,524144000.0,0.437,1347809000.0,16412000.0,2968954000.0,,240046000.0,176848000.0,53354000.0,123494000.0,2274280000.0,959326000.0,1314954000.0,9366863401.0,-270213000.0,-97039000.0,-209754000.0,-16000.0,0.0,-209719000.0,-201862000.0,-43113000.0,143083000.0,-1715000.0,100181000.0,100181000.0,100181000.0,6017000.0,0.0,0.084,338637000.0,185507000.0,131956000.0,0.0,5.067,22.265,23.413,896786000.0,0.0,84.99,2.097,2.097,531127000.0,4327807000.0,1198890000.0,1198890000.0,0.0,,,,,23917000.0,338637000.0,1.0,110211359.0,110211359,,10.878,2775140000.0,0.0,63016000.0,274890000.0,25.18,774626000.0
25,CTAS,MRQ,2015-06-30,2015-05-31,2015-05-31,2021-10-07,-8471000.0,4192460000.0,,1735807000.0,2456653000.0,,16.893,-54680000.0,417073000.0,417073000.0,577128000.0,105215000.0,3.412,1.169,1300000000.0,0.0,1300000000.0,1300000000.0,0.0,39042000.0,0.0,0.01,0.0,177721000.0,216763000.0,0.209,216763000.0,177721000.0,161326000.0,0.91,0.9,0.91,1932455000.0,,1932455000.0,10789922392.0,15.0,12.139,147950000.0,1.293,1.0,458246000.0,0.443,1238046000.0,16395000.0,3328672000.0,,226211000.0,345773000.0,16081000.0,329692000.0,2260005000.0,508669000.0,1751336000.0,9848242392.0,58753000.0,115240000.0,-229048000.0,-62000.0,50000.0,-230610000.0,88063000.0,27703000.0,202630000.0,-1330000.0,105215000.0,105215000.0,105215000.0,-12599000.0,0.0,0.102,293295000.0,164951000.0,109607000.0,0.0,5.096,22.87,23.394,871421000.0,0.0,86.09,2.254,2.254,496130000.0,4227620000.0,1035374000.0,1035374000.0,0.0,,,,,10986000.0,293295000.0,1.0,114394731.0,114394731,,9.051,2954414000.0,936000.0,56111000.0,339327000.0,25.826,1227138000.0
26,CTAS,MRQ,2015-03-31,2015-02-28,2015-02-28,2021-10-07,-4263000.0,4266346000.0,,1710125000.0,2556221000.0,,17.453,-50015000.0,358320000.0,358320000.0,633540000.0,94883000.0,2.952,1.084,1300000000.0,0.0,1300000000.0,1300000000.0,0.0,37887000.0,0.0,0.01,0.0,168265000.0,206152000.0,0.186,206152000.0,168265000.0,152011000.0,0.81,0.8,0.81,2047666000.0,,2047666000.0,10267808257.0,14.0,11.226,35058000.0,0.299,1.0,475307000.0,0.429,1239213000.0,16254000.0,3389582000.0,,234641000.0,490412000.0,44874000.0,445538000.0,2218680000.0,579231000.0,1639449000.0,9794532257.0,-468404000.0,-9888000.0,-241591000.0,-92000.0,-201941000.0,-442243000.0,-109259000.0,-49258000.0,85073000.0,-1975000.0,94883000.0,94883000.0,94883000.0,5448000.0,0.0,0.086,301690000.0,173617000.0,111952000.0,0.0,4.783,21.639,21.911,853391000.0,0.0,83.48,2.336,2.336,497978000.0,4122354000.0,1108847000.0,1108847000.0,0.0,,,,,11231000.0,301690000.0,1.0,117327890.0,117327890,,9.451,3027133000.0,6633000.0,57128000.0,232232000.0,25.801,1130894000.0
27,CTAS,MRQ,2014-12-31,2014-11-30,2014-11-30,2021-10-07,17510000.0,4697571000.0,,2145980000.0,2551591000.0,,18.835,-44975000.0,826724000.0,826724000.0,641955000.0,120412000.0,2.519,1.132,1300000000.0,0.0,1300000000.0,1300000000.0,0.0,38499000.0,0.0,0.012,0.85,198313000.0,236812000.0,0.211,236812000.0,198313000.0,182384000.0,1.02,1.0,1.02,2203334000.0,,2203334000.0,9275568750.0,13.0,10.229,99397000.0,0.85,1.0,481424000.0,0.429,1230950000.0,15929000.0,3088133000.0,,235860000.0,456864000.0,0.0,456864000.0,2494237000.0,851764000.0,1642473000.0,8557021750.0,245271000.0,153309000.0,6715000.0,-184000.0,0.0,1491000.0,105002000.0,-4997000.0,144372000.0,-5594000.0,120412000.0,120412000.0,120412000.0,-16711000.0,0.0,0.107,299841000.0,181583000.0,171629000.0,0.833,3.884,19.345,19.77,845127000.0,0.0,73.15,2.04,2.04,510153000.0,4027464000.0,1123379000.0,1123379000.0,0.0,,,,,12505000.0,299841000.0,1.0,116979108.0,116979108,,9.603,3466621000.0,0.0,61972000.0,251056000.0,29.635,1294216000.0
28,CTAS,MRQ,2014-09-30,2014-08-31,2014-08-31,2021-10-07,26818000.0,4556270000.0,,2012949000.0,2543321000.0,,19.518,-68050000.0,581453000.0,581453000.0,624131000.0,110108000.0,3.165,1.005,1300000000.0,0.0,1300000000.0,1300000000.0,0.0,39654000.0,0.0,0.012,0.0,189483000.0,229137000.0,0.208,229137000.0,189483000.0,172900000.0,0.94,0.93,0.94,2271974000.0,,2271974000.0,8486631924.0,12.0,9.741,80151000.0,0.689,1.0,477946000.0,0.434,1234153000.0,16583000.0,3404653000.0,,249817000.0,451897000.0,0.0,451897000.0,2284296000.0,636011000.0,1648285000.0,7698939924.0,68165000.0,1016000.0,-47816000.0,-180000.0,0.0,-41198000.0,-38819000.0,28199000.0,148201000.0,-19000.0,110108000.0,110108000.0,110108000.0,-4203000.0,0.0,0.1,314458000.0,163488000.0,141795000.0,0.0,3.389,18.926,19.51,838493000.0,0.0,66.14,1.835,1.835,489211000.0,4109001000.0,1102077000.0,1102077000.0,0.0,,,,,12280000.0,314458000.0,1.0,116403688.0,116403688,,9.468,3322117000.0,0.0,62792000.0,297054000.0,28.54,1376938000.0
29,CTAS,MRQ,2014-06-30,2014-05-31,2014-05-31,2021-10-07,28428000.0,4462452000.0,,1805681000.0,2656771000.0,,18.245,-31965000.0,513288000.0,513288000.0,501743000.0,127224000.0,2.866,1.035,1300980000.0,503000.0,1300477000.0,1300980000.0,0.0,45577000.0,0.0,0.012,0.0,196959000.0,242536000.0,0.282,242536000.0,196959000.0,180563000.0,1.04,1.03,1.04,2192858000.0,,2192858000.0,8418658951.0,13.0,10.137,188231000.0,1.566,1.0,356951000.0,0.416,1323086000.0,16396000.0,3296927000.0,,251239000.0,458357000.0,0.0,458357000.0,2269594000.0,630131000.0,1639463000.0,7466361951.0,164429000.0,178883000.0,-193521000.0,-177000.0,-6000.0,-203574000.0,146605000.0,4038000.0,220196000.0,1202000.0,127224000.0,127224000.0,127224000.0,-35632000.0,0.0,0.148,195657000.0,161294000.0,150070000.0,0.0,3.405,19.94,20.169,855702000.0,0.0,62.12,1.78,1.78,508427000.0,3998893000.0,858694000.0,858694000.0,0.0,,,,,7627000.0,197815000.0,1.0,120192562.0,120192562,,7.144,3139366000.0,0.0,53339000.0,252004000.0,26.119,1175550000.0
30,CTAS,MRQ,2014-03-31,2014-02-28,2014-02-28,2021-10-07,35552000.0,4400441000.0,,1664909000.0,2735532000.0,,18.724,-36830000.0,348859000.0,348859000.0,641339000.0,84602000.0,3.012,0.961,1301156000.0,633000.0,1300523000.0,1301156000.0,0.0,48364000.0,0.0,0.013,0.0,149923000.0,198287000.0,0.178,198287000.0,149923000.0,133505000.0,0.7,0.69,0.7,2244033000.0,,2244033000.0,8262097880.0,14.0,10.462,126663000.0,1.057,1.0,469634000.0,0.423,1616540000.0,16418000.0,3183396000.0,,256132000.0,4840000.0,4840000.0,0.0,2156408000.0,552802000.0,1603606000.0,7270102880.0,39525000.0,-451000.0,7713000.0,-173000.0,-93314000.0,-81758000.0,-40621000.0,-3401000.0,163493000.0,-1589000.0,84602000.0,84602000.0,84602000.0,-276000.0,0.0,0.076,320031000.0,149603000.0,117336000.0,0.0,3.24,21.819,22.22,981197000.0,0.0,60.66,1.655,1.655,529668000.0,3871675000.0,1110973000.0,1110973000.0,0.0,,,,,7624000.0,317873000.0,1.0,119850031.0,119850031,,9.27,2783901000.0,0.0,48903000.0,218933000.0,23.228,1112107000.0
31,CTAS,MRQ,2013-12-31,2013-11-30,2013-11-30,2021-10-07,40286000.0,4365398000.0,,1618782000.0,2746616000.0,,17.916,-39323000.0,309334000.0,309334000.0,656852000.0,84862000.0,2.634,1.032,1301329000.0,714000.0,1300615000.0,1301329000.0,0.0,48527000.0,0.0,0.014,0.77,152701000.0,201228000.0,0.179,201228000.0,152701000.0,136216000.0,0.71,0.7,0.71,2147972000.0,,2147972000.0,7684176104.0,13.0,9.948,100398000.0,0.837,1.0,467079000.0,0.416,1621355000.0,16485000.0,3121477000.0,,249486000.0,4156000.0,4156000.0,0.0,2217426000.0,614561000.0,1602865000.0,6653847104.0,30664000.0,-298000.0,-49997000.0,-7670000.0,0.0,-55470000.0,-53523000.0,-12591000.0,139721000.0,-64000.0,84862000.0,84862000.0,84862000.0,-406000.0,0.0,0.076,314868000.0,152211000.0,103242000.0,1.085,3.098,20.581,21.103,988897000.0,0.0,55.5,1.527,1.527,520523000.0,3787067000.0,1123931000.0,1123931000.0,0.0,,,,,7640000.0,314868000.0,1.0,119889137.0,119889137,,9.375,2744043000.0,0.0,51354000.0,214425000.0,22.888,1004221000.0
32,CTAS,MRQ,2013-09-30,2013-08-31,2013-08-31,2021-10-07,37951000.0,4311177000.0,,1572289000.0,2738888000.0,,17.953,-37462000.0,278670000.0,278670000.0,644151000.0,77754000.0,3.049,0.963,1308999000.0,8200000.0,1300799000.0,1308999000.0,0.0,48394000.0,0.0,0.013,0.0,140036000.0,188430000.0,0.171,188430000.0,140036000.0,123513000.0,0.63,0.63,0.63,2196011000.0,,2196011000.0,6798915686.0,12.0,8.979,45097000.0,0.369,1.0,456095000.0,0.415,1624125000.0,16523000.0,3201686000.0,,245470000.0,4189000.0,4189000.0,0.0,2115166000.0,515695000.0,1599471000.0,5842022686.0,-73603000.0,-32216000.0,-92892000.0,-167000.0,0.0,-88933000.0,-67004000.0,2292000.0,82559000.0,-225000.0,77754000.0,77754000.0,77754000.0,-356000.0,0.0,0.071,316483000.0,139612000.0,124952000.0,0.0,2.66,18.46,18.729,991331000.0,0.0,47.76,1.36,1.36,511642000.0,3795525000.0,1100246000.0,1100246000.0,0.0,,,,,6984000.0,316483000.0,1.0,122320408.0,122320408,,8.995,2687052000.0,0.0,45759000.0,237588000.0,21.967,1056594000.0
33,CTAS,MRQ,2013-06-30,2013-05-31,2013-05-31,2021-10-07,38123000.0,4345632000.0,,1624826000.0,2720806000.0,,17.968,-44687000.0,352273000.0,352273000.0,625122000.0,85977000.0,2.921,0.974,1309166000.0,8187000.0,1300979000.0,1309166000.0,0.0,48251000.0,0.0,0.014,0.0,153545000.0,201796000.0,0.191,201796000.0,153545000.0,137027000.0,0.69,0.69,0.69,2201492000.0,,2201492000.0,6685536715.0,12.0,8.859,139718000.0,1.14,1.0,433457000.0,0.409,1609713000.0,16518000.0,3136556000.0,,240440000.0,107205000.0,5680000.0,101525000.0,2144140000.0,556256000.0,1587884000.0,5593676715.0,134803000.0,-4745000.0,-20954000.0,-164000.0,0.0,-19537000.0,-29348000.0,20761000.0,184405000.0,-717000.0,85977000.0,85977000.0,85977000.0,1144000.0,0.0,0.081,278819000.0,154638000.0,121029000.0,0.0,2.541,17.733,18.045,986703000.0,0.0,45.655,1.317,1.317,496049000.0,3717771000.0,1058579000.0,1058579000.0,0.0,,,,,6650000.0,278819000.0,1.0,122520572.0,122520572,,8.64,2735919000.0,9102000.0,51050000.0,210483000.0,22.33,1068570000.0
34,CTAS,MRQ,2013-03-31,2013-02-28,2013-02-28,2021-10-07,38448000.0,4221299000.0,,1509452000.0,2711847000.0,,17.279,-52737000.0,217470000.0,217470000.0,633733000.0,74705000.0,3.014,0.982,1309330000.0,674000.0,1308656000.0,1309330000.0,0.0,47832000.0,0.0,0.015,0.0,133155000.0,180987000.0,0.168,180987000.0,133155000.0,116853000.0,0.6,0.6,0.6,2130246000.0,,2130246000.0,6479268190.0,12.0,8.714,88343000.0,0.717,1.0,441941000.0,0.411,1613560000.0,16302000.0,3198847000.0,,246957000.0,28216000.0,28216000.0,0.0,2091053000.0,500752000.0,1590301000.0,5412265190.0,-25017000.0,-11382000.0,-23102000.0,-160000.0,-79744000.0,-101915000.0,-63254000.0,854000.0,141080000.0,-928000.0,74705000.0,74705000.0,74705000.0,0.0,0.0,0.069,308918000.0,133023000.0,109064000.0,0.0,2.541,17.568,17.992,976844000.0,0.0,43.9,1.276,1.276,495124000.0,3631793000.0,1075674000.0,1075674000.0,0.0,,,,,5576000.0,308918000.0,1.0,123286223.0,123286223,,8.725,2607739000.0,15331000.0,42148000.0,209455000.0,21.152,1008700000.0
35,CTAS,MRQ,2012-12-31,2012-11-30,2012-11-30,2021-10-07,46168000.0,4217882000.0,,1519662000.0,2698220000.0,,16.658,-51624000.0,242487000.0,242487000.0,628350000.0,78027000.0,2.737,1.027,1309490000.0,661000.0,1308829000.0,1309490000.0,0.0,46852000.0,0.0,0.015,0.64,139172000.0,186024000.0,0.175,186024000.0,139172000.0,122878000.0,0.63,0.63,0.63,2080644000.0,,2080644000.0,6166402493.0,11.0,8.238,80774000.0,0.647,1.0,432036000.0,0.407,1612891000.0,16294000.0,3116815000.0,,236195000.0,33862000.0,33862000.0,0.0,2137238000.0,555179000.0,1582059000.0,5175971493.0,-76730000.0,-51113000.0,-79984000.0,-158000.0,0.0,-79127000.0,-130338000.0,-26351000.0,132398000.0,337000.0,78027000.0,78027000.0,78027000.0,0.0,0.0,0.074,293013000.0,139023000.0,118534000.0,1.016,2.488,16.729,17.124,967260000.0,0.0,41.44,1.239,1.239,479106000.0,3557088000.0,1060386000.0,1060386000.0,0.0,,,,,5636000.0,293013000.0,1.0,124902787.0,124902787,,8.49,2604991000.0,20976000.0,44851000.0,206782000.0,20.856,964483000.0
36,CTAS,MRQ,2012-09-30,2012-08-31,2012-08-31,2021-10-07,44015000.0,4152235000.0,,1523877000.0,2628358000.0,,17.027,-47438000.0,319217000.0,319217000.0,605450000.0,76733000.0,3.967,0.927,1309648000.0,636000.0,1309012000.0,1309648000.0,0.0,46442000.0,0.0,0.013,0.0,139371000.0,185813000.0,0.177,185813000.0,139371000.0,122773000.0,0.61,0.6,0.61,2154415000.0,,2154415000.0,6059314062.0,11.0,8.143,47427000.0,0.375,1.0,445875000.0,0.424,1561401000.0,16598000.0,3197154000.0,,241699000.0,10948000.0,10948000.0,0.0,1997820000.0,384111000.0,1613709000.0,5114337062.0,-20608000.0,-2130000.0,-76834000.0,24846000.0,0.0,-55479000.0,-61241000.0,-12250000.0,94865000.0,1247000.0,76733000.0,76733000.0,76733000.0,0.0,0.0,0.073,306581000.0,139294000.0,110906000.0,0.0,2.374,16.728,17.127,953761000.0,0.0,40.42,1.236,1.236,459302000.0,3558806000.0,1051325000.0,1051325000.0,0.0,,,,,5448000.0,306581000.0,1.0,126529863.0,126529863,,8.309,2590834000.0,0.0,46040000.0,214786000.0,20.476,1139766000.0
37,CTAS,MRQ,2012-06-30,2012-05-31,2012-05-31,2021-10-07,36295000.0,4165706000.0,,1538086000.0,2627620000.0,,16.481,-43086000.0,339825000.0,339825000.0,609714000.0,78614000.0,2.276,0.947,1284802000.0,225636000.0,1059166000.0,1284802000.0,0.0,49079000.0,0.0,0.015,0.0,141633000.0,190712000.0,0.181,190712000.0,141633000.0,123289000.0,0.6,0.6,0.6,2139135000.0,,2139135000.0,5856377847.0,11.0,7.96,119062000.0,0.917,1.0,443868000.0,0.421,1562197000.0,18344000.0,2872795000.0,,251205000.0,0.0,0.0,0.0,2026571000.0,675691000.0,1350880000.0,4789451847.0,121842000.0,-3982000.0,-126661000.0,-107000.0,0.0,-127603000.0,88900000.0,135810000.0,162148000.0,-1603000.0,78614000.0,78614000.0,78614000.0,0.0,0.0,0.075,303036000.0,140832000.0,94840000.0,0.0,2.239,16.092,16.256,952587000.0,0.0,36.9,1.168,1.168,450861000.0,3482073000.0,1053582000.0,1053582000.0,0.0,,,,,5289000.0,303036000.0,1.0,129795443.0,129795443,,8.117,2603509000.0,22188000.0,44675000.0,204581000.0,20.059,862395000.0
38,CTAS,MRQ,2012-03-31,2012-02-29,2012-02-29,2021-10-07,51076000.0,4253167000.0,,1625536000.0,2627631000.0,,16.932,-37884000.0,217983000.0,217983000.0,586209000.0,76035000.0,2.506,0.936,1284909000.0,225633000.0,1059276000.0,1284909000.0,0.0,48060000.0,0.0,0.014,0.0,137909000.0,185969000.0,0.184,185969000.0,137909000.0,120690000.0,0.58,0.58,0.58,2196627000.0,,2196627000.0,6079945688.0,11.0,8.399,93872000.0,0.724,1.0,425903000.0,0.421,1568131000.0,17219000.0,3103401000.0,,275673000.0,134631000.0,134631000.0,0.0,2056540000.0,648561000.0,1407979000.0,5002495688.0,10211000.0,-6331000.0,278000.0,-313000.0,-70820000.0,-70919000.0,-51218000.0,-3084000.0,131756000.0,592000.0,76035000.0,76035000.0,76035000.0,0.0,0.0,0.075,288367000.0,137536000.0,115566000.0,0.0,2.277,17.262,17.852,944034000.0,0.0,38.56,1.232,1.232,439650000.0,3403459000.0,1012112000.0,1012112000.0,0.0,,,,,5267000.0,288367000.0,1.0,129732772.0,129732772,,7.802,2685036000.0,93808000.0,44655000.0,206047000.0,20.697,976975000.0
39,CTAS,MRQ,2011-12-31,2011-11-30,2011-11-30,2021-10-07,39221000.0,4215312000.0,,1591868000.0,2623444000.0,,16.208,-35411000.0,207772000.0,207772000.0,589329000.0,74350000.0,2.21,1.005,1285222000.0,225732000.0,1059490000.0,1285222000.0,0.0,48516000.0,0.0,0.018,0.54,133088000.0,181604000.0,0.178,181604000.0,133088000.0,115360000.0,0.57,0.57,0.57,2102619000.0,,2102619000.0,5078955982.0,10.0,7.302,83985000.0,0.647,1.0,429797000.0,0.422,1570296000.0,17728000.0,3002265000.0,,287950000.0,129833000.0,129833000.0,0.0,2112693000.0,720201000.0,1392492000.0,3943586982.0,57460000.0,-13681000.0,35000.0,-459000.0,0.0,104000.0,-59640000.0,-9781000.0,119396000.0,-2400000.0,74350000.0,74350000.0,74350000.0,0.0,0.0,0.073,297112000.0,132685000.0,111136000.0,0.947,1.876,14.454,15.276,938664000.0,0.0,30.4,0.989,0.989,447350000.0,3327111000.0,1019126000.0,1019126000.0,0.0,,,,,5234000.0,297112000.0,1.0,129723256.0,129723256,,7.856,2645016000.0,68582000.0,41010000.0,194432000.0,20.39,871667000.0
40,CTAS,MRQ,2011-09-30,2011-08-31,2011-08-31,2021-10-07,59573000.0,4127892000.0,,1482615000.0,2645277000.0,,16.116,-44421000.0,150312000.0,150312000.0,578140000.0,68638000.0,2.397,0.952,1285681000.0,226033000.0,1059648000.0,1285681000.0,0.0,48510000.0,0.0,0.015,0.0,128939000.0,177449000.0,0.174,177449000.0,128939000.0,111605000.0,0.52,0.52,0.52,2114485000.0,,2114485000.0,5043947161.0,11.0,7.589,12141000.0,0.093,1.0,439040000.0,0.432,1582583000.0,17334000.0,3062032000.0,,280214000.0,126728000.0,126728000.0,0.0,2013407000.0,618646000.0,1394761000.0,4195928161.0,-287794000.0,-870000.0,-262639000.0,-444000.0,0.0,-262157000.0,-82336000.0,-43584000.0,56562000.0,137000.0,68638000.0,68638000.0,68638000.0,0.0,0.0,0.067,310466000.0,128574000.0,100745000.0,0.0,1.984,16.497,17.767,946466000.0,0.0,31.98,1.075,1.075,439090000.0,3323894000.0,1017180000.0,1017180000.0,0.0,,,,,4522000.0,310466000.0,1.0,131204758.0,131204758,,7.753,2545309000.0,51823000.0,42967000.0,208871000.0,19.4,863969000.0
41,CTAS,MRQ,2011-06-30,2011-05-31,2011-05-31,2021-10-07,57888000.0,4351940000.0,,1700777000.0,2651163000.0,,15.847,-40294000.0,438106000.0,438106000.0,579040000.0,70776000.0,3.918,0.89,1286125000.0,1335000.0,1284790000.0,1286125000.0,0.0,49175000.0,0.0,0.015,0.0,129655000.0,178830000.0,0.177,178830000.0,129655000.0,116906000.0,0.49,0.49,0.49,2302649000.0,,2302649000.0,5396561161.0,12.0,8.487,92637000.0,0.638,1.0,433047000.0,0.428,1590194000.0,12749000.0,3175626000.0,,249658000.0,87220000.0,87220000.0,0.0,2049291000.0,434139000.0,1615152000.0,4773214161.0,253375000.0,-13035000.0,-240476000.0,478047000.0,0.0,232032000.0,-109638000.0,-53956000.0,132931000.0,-1950000.0,70776000.0,70776000.0,70776000.0,0.0,0.0,0.07,304170000.0,128877000.0,110279000.0,0.0,2.073,19.326,19.554,946218000.0,0.0,32.85,1.253,1.253,429131000.0,3255256000.0,1012087000.0,1012087000.0,0.0,,,,,5390000.0,304170000.0,1.0,145303323.0,145303323,,6.965,2761746000.0,79355000.0,46130000.0,196321000.0,19.007,1266638000.0
42,CTAS,MRQ,2011-03-31,2011-02-28,2011-02-28,2021-10-07,64795000.0,3972070000.0,,1322938000.0,2649132000.0,,17.019,-54164000.0,184731000.0,184731000.0,545906000.0,59070000.0,3.378,0.606,808078000.0,1631000.0,806447000.0,808078000.0,0.0,48547000.0,0.0,0.017,0.0,109156000.0,157703000.0,0.168,157703000.0,109156000.0,96636000.0,0.41,0.41,0.41,2472942000.0,,2472942000.0,4611952173.0,11.0,7.588,44562000.0,0.307,1.0,391921000.0,0.418,1598576000.0,12520000.0,2605205000.0,,232294000.0,31974000.0,31974000.0,0.0,1499128000.0,391636000.0,1107492000.0,4085866173.0,-76222000.0,-69718000.0,-7000.0,21039000.0,-71812000.0,-51549000.0,-127975000.0,-8106000.0,98726000.0,4576000.0,59070000.0,59070000.0,59070000.0,0.0,0.0,0.063,283045000.0,108876000.0,101935000.0,0.0,1.652,17.635,18.142,941773000.0,0.0,28.12,1.102,1.102,416295000.0,3184480000.0,937827000.0,937827000.0,0.0,,,,,4014000.0,283045000.0,1.0,145301073.0,145301073,,6.454,2373494000.0,57501000.0,37566000.0,165271000.0,16.335,931302000.0
43,CTAS,MRQ,2010-12-31,2010-11-30,2010-11-30,2021-10-07,49293000.0,3928295000.0,,1354846000.0,2573449000.0,,16.484,-39934000.0,260953000.0,260953000.0,545918000.0,55866000.0,2.89,0.64,787039000.0,1817000.0,785222000.0,787039000.0,0.0,47954000.0,0.0,0.036,0.49,102738000.0,150692000.0,0.161,150692000.0,102738000.0,90577000.0,0.38,0.38,0.38,2395113000.0,,2395113000.0,4382797962.0,11.0,7.524,33997000.0,0.234,1.0,390648000.0,0.417,1540103000.0,12161000.0,2445483000.0,,208380000.0,23624000.0,23624000.0,0.0,1533182000.0,468795000.0,1064387000.0,3885996962.0,-29693000.0,-40975000.0,-71871000.0,-407000.0,0.0,-72760000.0,-33431000.0,51574000.0,73931000.0,2567000.0,55866000.0,55866000.0,55866000.0,0.0,0.0,0.06,288304000.0,102344000.0,92206000.0,1.289,1.622,17.536,18.318,923535000.0,0.0,26.745,1.07,1.07,402369000.0,3125411000.0,936566000.0,936566000.0,0.0,,,,,2753000.0,288304000.0,1.0,145298073.0,145298073,,6.446,2388192000.0,67111000.0,34711000.0,145079000.0,16.437,886051000.0
44,CTAS,MRQ,2010-09-30,2010-08-31,2010-08-31,2021-10-07,39095000.0,3890904000.0,,1372153000.0,2518751000.0,,16.157,-48200000.0,290646000.0,290646000.0,530233000.0,61277000.0,3.817,0.575,787447000.0,1765000.0,785682000.0,787447000.0,0.0,47791000.0,0.0,0.019,0.0,100824000.0,148615000.0,0.161,148615000.0,100824000.0,88550000.0,0.4,0.4,0.4,2469978000.0,,2469978000.0,4271424426.0,11.0,7.288,-12902000.0,-0.084,1.0,393671000.0,0.426,1503458000.0,12274000.0,2524768000.0,,184363000.0,78803000.0,78803000.0,0.0,1420926000.0,359479000.0,1061447000.0,3896652426.0,-120635000.0,-47824000.0,-131336000.0,1394000.0,0.0,-127761000.0,-27549000.0,71237000.0,35298000.0,-623000.0,61277000.0,61277000.0,61277000.0,0.0,0.0,0.066,293425000.0,100246000.0,81307000.0,0.0,1.578,17.481,17.579,915358000.0,0.0,25.49,1.089,1.089,383943000.0,3141356000.0,923904000.0,923904000.0,0.0,,,,,3046000.0,293425000.0,1.0,152869848.0,152869848,,6.044,2387446000.0,52907000.0,27273000.0,159008000.0,15.618,1012674000.0
45,CTAS,MRQ,2010-06-30,2010-05-31,2010-05-31,2021-10-07,35873000.0,3969736000.0,,1520862000.0,2448874000.0,,16.576,-32150000.0,411281000.0,411281000.0,523881000.0,55478000.0,3.964,0.567,786053000.0,609000.0,785444000.0,786053000.0,0.0,48701000.0,0.0,0.018,0.0,102118000.0,150819000.0,0.166,150819000.0,102118000.0,89698000.0,0.36,0.36,0.36,2534029000.0,,2534029000.0,4354306048.0,11.0,7.435,104315000.0,0.682,1.0,385568000.0,0.424,1460370000.0,12420000.0,2500456000.0,,169484000.0,154806000.0,154806000.0,0.0,1435707000.0,383682000.0,1052025000.0,3974616048.0,4778000.0,-9069000.0,-9000.0,-139000.0,-73960000.0,-74691000.0,-55275000.0,-10749000.0,136465000.0,-1721000.0,55478000.0,55478000.0,55478000.0,0.0,0.0,0.061,284050000.0,101518000.0,71747000.0,0.0,1.568,18.433,18.571,894522000.0,0.0,26.0,1.12,1.12,362219000.0,3080079000.0,909449000.0,909449000.0,0.0,,,,,4026000.0,286930000.0,1.0,152869848.0,152869848,,5.949,2509366000.0,68106000.0,34220000.0,150560000.0,16.415,1137180000.0
46,CTAS,MRQ,2010-03-31,2010-02-28,2010-02-28,2021-10-07,36399000.0,3959909000.0,,1515745000.0,2444164000.0,,16.192,-30836000.0,406503000.0,406503000.0,502205000.0,48982000.0,3.451,0.6,786193000.0,598000.0,785595000.0,786193000.0,0.0,47973000.0,0.0,0.019,0.48,84433000.0,132406000.0,0.154,132406000.0,84433000.0,72858000.0,0.32,0.32,0.32,2475188000.0,,2475188000.0,4233949964.0,14.0,8.356,104178000.0,0.681,1.0,359607000.0,0.417,1461498000.0,11575000.0,2438852000.0,,167814000.0,145593000.0,145593000.0,0.0,1484721000.0,439249000.0,1045472000.0,3789627964.0,64489000.0,-34774000.0,-1000.0,-143000.0,0.0,179000.0,-71459000.0,-8600000.0,135014000.0,755000.0,48982000.0,48982000.0,48982000.0,0.0,0.0,0.057,275596000.0,84011000.0,80406000.0,1.5,1.531,23.077,23.168,894578000.0,0.0,24.79,1.078,1.078,356453000.0,3024601000.0,861812000.0,861812000.0,0.0,,,,,3752000.0,275596000.0,1.0,152869220.0,152869220,,5.638,2498411000.0,84253000.0,23876000.0,162989000.0,16.343,1076496000.0
47,CTAS,MRQ,2009-12-31,2009-11-30,2009-11-30,2021-10-07,36203000.0,3886348000.0,,1465170000.0,2421178000.0,,16.329,-23273000.0,342014000.0,342014000.0,514662000.0,57176000.0,4.24,0.557,786336000.0,588000.0,785748000.0,786336000.0,0.0,47562000.0,0.0,0.017,0.0,106703000.0,154265000.0,0.174,154265000.0,106703000.0,94124000.0,0.37,0.37,0.37,2496085000.0,,2496085000.0,4853157052.0,14.0,8.915,126008000.0,0.824,1.0,369847000.0,0.418,1444877000.0,12579000.0,2540233000.0,,166373000.0,138226000.0,138226000.0,0.0,1390263000.0,345560000.0,1044703000.0,4293991052.0,114703000.0,-3968000.0,0.0,-142000.0,0.0,-1375000.0,-34112000.0,-7949000.0,149281000.0,909000.0,57176000.0,57176000.0,57176000.0,0.0,0.0,0.065,263458000.0,106389000.0,73574000.0,0.0,1.72,22.957,23.025,888005000.0,0.0,28.09,1.205,1.205,377151000.0,3049579000.0,884509000.0,884509000.0,0.0,,,,,3941000.0,259406000.0,1.0,152865470.0,152865470,,5.786,2441471000.0,78464000.0,36948000.0,157143000.0,15.971,1119610000.0
48,CTAS,MRQ,2009-09-30,2009-08-31,2009-08-31,2021-10-07,26276000.0,3779070000.0,,1340254000.0,2438816000.0,,15.872,-24819000.0,227311000.0,227311000.0,508774000.0,53984000.0,4.26,0.558,786477000.0,578000.0,785899000.0,786477000.0,0.0,48905000.0,0.0,0.017,0.0,99250000.0,148155000.0,0.166,148155000.0,99250000.0,87212000.0,0.35,0.35,0.35,2425041000.0,,2425041000.0,4849473265.0,13.0,8.488,120075000.0,0.786,1.0,382795000.0,0.429,1450656000.0,12038000.0,2572967000.0,,185349000.0,130568000.0,130568000.0,0.0,1354029000.0,314613000.0,1039416000.0,4192562265.0,97566000.0,-2633000.0,-959000.0,-179000.0,0.0,-622000.0,-46736000.0,-19259000.0,144894000.0,30000.0,53984000.0,53984000.0,53984000.0,0.0,0.0,0.061,283904000.0,98891000.0,73362000.0,0.0,1.729,20.786,20.788,901286000.0,0.0,27.44,1.144,1.144,359142000.0,2992403000.0,891569000.0,891569000.0,0.0,,,,,3630000.0,264427000.0,1.0,152790170.0,152790170,,5.835,2328414000.0,70772000.0,33228000.0,159798000.0,15.239,1025641000.0
49,CTAS,MRQ,2009-06-30,2009-05-31,2009-05-31,2021-10-07,25299000.0,3720951000.0,,1270273000.0,2450678000.0,,15.495,-27309000.0,129745000.0,129745000.0,544332000.0,4072000.0,4.222,0.572,786656000.0,598000.0,786058000.0,786656000.0,0.0,49964000.0,0.0,0.02,0.0,21906000.0,71870000.0,0.082,71870000.0,21906000.0,9876000.0,0.03,0.03,0.03,2367409000.0,,2367409000.0,4291028059.0,10.0,7.012,156494000.0,1.024,1.0,334351000.0,0.381,1455718000.0,12030000.0,2621275000.0,,202351000.0,120393000.0,120393000.0,0.0,1353542000.0,300869000.0,1052673000.0,3558483059.0,75494000.0,-1528000.0,0.0,-139000.0,-72207000.0,-72227000.0,-37705000.0,-9045000.0,183803000.0,1623000.0,4072000.0,4072000.0,4072000.0,0.0,0.0,0.005,312774000.0,21577000.0,69965000.0,0.0,1.503,15.721,15.736,914627000.0,0.0,23.29,0.943,0.943,357678000.0,2938419000.0,878683000.0,878683000.0,0.0,,,,,3049000.0,253677000.0,1.0,152790170.0,152790170,,5.751,2265233000.0,91880000.0,5804000.0,149032000.0,14.826,969404000.0
50,CTAS,MRQ,2009-03-31,2009-02-28,2009-02-28,2021-10-07,-15007000.0,3719444000.0,,1201922000.0,2517522000.0,,15.184,-36826000.0,54251000.0,54251000.0,532202000.0,71811000.0,3.212,0.603,786796000.0,592000.0,786204000.0,786796000.0,0.0,50248000.0,0.0,0.023,0.47,119848000.0,170096000.0,0.187,170096000.0,119848000.0,107441000.0,0.47,0.47,0.47,2319986000.0,,2319986000.0,3908256549.0,7.0,5.252,127752000.0,0.836,1.0,376437000.0,0.414,1456665000.0,12407000.0,2621115000.0,,252483000.0,97653000.0,97653000.0,0.0,1399458000.0,374209000.0,1025249000.0,3100112549.0,-8162000.0,-11050000.0,0.0,-83761000.0,0.0,-83438000.0,-90021000.0,-41364000.0,164578000.0,719000.0,71811000.0,71811000.0,71811000.0,0.0,0.0,0.079,257129000.0,119308000.0,75677000.0,1.0,1.336,9.938,9.995,980646000.0,0.0,20.29,0.794,0.794,384912000.0,2934354000.0,908639000.0,908639000.0,0.0,,,,,1993000.0,257129000.0,1.0,152790170.0,152790170,,5.947,2262779000.0,42840000.0,35630000.0,135978000.0,14.81,827713000.0
51,CTAS,MRQ,2008-12-31,2008-11-30,2008-11-30,2021-10-07,-8642000.0,3766791000.0,,1245281000.0,2521510000.0,,15.215,-41496000.0,62413000.0,62413000.0,570184000.0,71838000.0,3.836,0.62,870557000.0,836000.0,869721000.0,870557000.0,0.0,50009000.0,0.0,0.019,0.0,131222000.0,181231000.0,0.184,181231000.0,131222000.0,118454000.0,0.47,0.47,0.47,2324746000.0,,2324746000.0,4562280425.0,8.0,5.984,45307000.0,0.297,1.0,415000000.0,0.421,1458391000.0,12768000.0,2791946000.0,,251864000.0,64933000.0,64933000.0,0.0,1442045000.0,324598000.0,1117447000.0,3669978425.0,4170000.0,-6225000.0,0.0,-79988000.0,0.0,-79862000.0,653000.0,48648000.0,86803000.0,-3424000.0,71838000.0,71838000.0,71838000.0,0.0,0.0,0.073,284608000.0,130392000.0,101060000.0,0.0,1.579,11.399,11.493,982331000.0,0.0,24.02,0.924,0.924,433831000.0,2934775000.0,985184000.0,985184000.0,0.0,,,,,3376000.0,284608000.0,1.0,152788444.0,152788444,,6.448,2308400000.0,44821000.0,46616000.0,118017000.0,15.108,920683000.0
52,CTAS,MRQ,2008-09-30,2008-08-31,2008-08-31,2021-10-07,32676000.0,3826599000.0,,1286948000.0,2539651000.0,,14.906,-54461000.0,58243000.0,58243000.0,577096000.0,78636000.0,3.743,0.67,950545000.0,957000.0,949588000.0,950545000.0,0.0,49885000.0,0.0,0.015,0.0,138853000.0,188738000.0,0.188,188738000.0,138853000.0,125822000.0,0.51,0.51,0.51,2290851000.0,,2290851000.0,5611267972.0,10.0,7.233,33877000.0,0.22,1.0,425083000.0,0.424,1466698000.0,13031000.0,2908340000.0,,242094000.0,122652000.0,122652000.0,0.0,1535748000.0,343863000.0,1191885000.0,4733685972.0,-7981000.0,-12106000.0,-25847000.0,6739000.0,0.0,-18821000.0,-76148000.0,-10208000.0,88338000.0,-1350000.0,78636000.0,78636000.0,78636000.0,0.0,0.0,0.078,287295000.0,137788000.0,87418000.0,0.0,2.066,14.216,14.326,987582000.0,0.0,30.8,1.192,1.192,431681000.0,2862938000.0,1002179000.0,1002179000.0,0.0,,,,,3535000.0,287295000.0,1.0,153691103.0,153691103,,6.521,2359901000.0,40656000.0,47186000.0,169082000.0,15.355,943085000.0
53,CTAS,MRQ,2008-06-30,2008-05-31,2008-05-31,2021-10-07,52280000.0,3808601000.0,,1282336000.0,2526265000.0,,14.667,-45485000.0,66224000.0,66224000.0,576520000.0,89661000.0,3.492,0.69,943806000.0,1070000.0,942736000.0,943806000.0,0.0,49456000.0,0.0,0.016,0.0,154623000.0,204079000.0,0.202,204079000.0,154623000.0,141252000.0,0.58,0.58,0.58,2254131000.0,,2254131000.0,5446471961.0,9.0,7.024,129325000.0,0.842,1.0,432435000.0,0.429,1468326000.0,13371000.0,2850615000.0,,238669000.0,125471000.0,125471000.0,0.0,1554470000.0,367242000.0,1187228000.0,4536739961.0,10549000.0,-9432000.0,341000.0,-21601000.0,-70831000.0,-91992000.0,-72781000.0,-18666000.0,174810000.0,512000.0,89661000.0,89661000.0,89661000.0,0.0,0.0,0.089,279116000.0,153319000.0,94755000.0,0.0,2.013,13.526,13.73,974575000.0,0.0,29.52,1.152,1.152,430078000.0,2784302000.0,1008955000.0,1008955000.0,0.0,,,,,50000.0,279116000.0,1.0,153683603.0,153683603,,6.565,2340275000.0,39410000.0,51591000.0,137071000.0,15.228,915094000.0
54,CTAS,MRQ,2008-03-31,2008-02-29,2008-02-29,2021-10-07,53562000.0,3762278000.0,,1238818000.0,2523460000.0,,14.091,-51641000.0,55675000.0,55675000.0,564727000.0,81828000.0,3.155,0.737,965407000.0,1342000.0,964065000.0,965407000.0,0.0,48835000.0,0.0,0.016,0.46,139541000.0,188376000.0,0.193,188376000.0,139541000.0,125919000.0,0.53,0.53,0.53,2165463000.0,,2165463000.0,5315009207.0,9.0,6.857,47171000.0,0.307,1.0,411225000.0,0.421,1469604000.0,13622000.0,2809731000.0,,241326000.0,107971000.0,107971000.0,0.0,1596815000.0,392675000.0,1204140000.0,4422852207.0,-965000.0,-46072000.0,278000.0,16610000.0,0.0,9233000.0,-108757000.0,-9110000.0,98812000.0,-253000.0,81828000.0,81828000.0,81828000.0,0.0,0.0,0.084,273194000.0,138031000.0,64472000.0,0.868,2.042,13.161,13.449,968584000.0,0.0,28.78,1.136,1.136,413781000.0,2694630000.0,975952000.0,975952000.0,0.0,,,,,2597000.0,273194000.0,1.0,153677978.0,153677978,,6.351,2292674000.0,39971000.0,44091000.0,144667000.0,14.919,846143000.0
55,CTAS,MRQ,2007-12-31,2007-11-30,2007-11-30,2021-10-07,49489000.0,3699582000.0,,1227663000.0,2471919000.0,,13.519,-47863000.0,56640000.0,56640000.0,563297000.0,82853000.0,3.38,0.723,948797000.0,1324000.0,947473000.0,948797000.0,0.0,47390000.0,0.0,0.012,0.0,147239000.0,194629000.0,0.198,194629000.0,147239000.0,134246000.0,0.53,0.53,0.53,2147628000.0,,2147628000.0,5921941443.0,10.0,7.74,164190000.0,1.034,1.0,420568000.0,0.427,1438698000.0,12993000.0,2789853000.0,,238944000.0,97627000.0,97627000.0,0.0,1551954000.0,363188000.0,1188766000.0,5082099443.0,15799000.0,-23401000.0,-190957000.0,68114000.0,0.0,-123178000.0,-74559000.0,-3850000.0,212053000.0,1483000.0,82853000.0,82853000.0,82853000.0,0.0,0.0,0.084,275125000.0,145443000.0,73837000.0,0.0,2.366,15.355,15.306,949396000.0,0.0,31.99,1.33,1.33,420667000.0,2683644000.0,983865000.0,983865000.0,0.0,,,,,2677000.0,275125000.0,1.0,158865253.0,158865253,,6.193,2260884000.0,33672000.0,51393000.0,193435000.0,14.231,864475000.0
56,CTAS,MRQ,2007-09-30,2007-08-31,2007-08-31,2021-10-07,40148000.0,3620830000.0,,1173902000.0,2446928000.0,,14.14,-45344000.0,40841000.0,40841000.0,551756000.0,81063000.0,4.499,0.614,880683000.0,4161000.0,876522000.0,880683000.0,0.0,46222000.0,0.0,0.011,0.0,142124000.0,188346000.0,0.194,188346000.0,142124000.0,129287000.0,0.51,0.51,0.51,2243961000.0,,2243961000.0,6662265671.0,12.0,8.795,11721000.0,0.074,1.0,417372000.0,0.431,1437003000.0,12837000.0,2762758000.0,,236102000.0,97431000.0,97431000.0,0.0,1376869000.0,260911000.0,1115958000.0,5816410671.0,5481000.0,-32630000.0,7230000.0,-532000.0,0.0,3233000.0,-54878000.0,22919000.0,57065000.0,61000.0,81063000.0,81063000.0,81063000.0,0.0,0.0,0.084,276710000.0,140662000.0,70093000.0,0.0,2.592,17.591,17.705,933233000.0,0.0,36.65,1.546,1.546,409441000.0,2600792000.0,969128000.0,969128000.0,0.0,,,,,2132000.0,276710000.0,1.0,158701519.0,158701519,,6.107,2183827000.0,19912000.0,48224000.0,150850000.0,13.761,912991000.0
57,CTAS,MRQ,2007-06-30,2007-05-31,2007-05-31,2021-10-07,37121000.0,3570480000.0,,1156736000.0,2413744000.0,,13.663,-52188000.0,35360000.0,35360000.0,550101000.0,90322000.0,2.87,0.647,881215000.0,4141000.0,877074000.0,881215000.0,0.0,45875000.0,0.0,0.01,0.0,157892000.0,203767000.0,0.211,203767000.0,157892000.0,144067000.0,0.57,0.57,0.57,2167738000.0,,2167738000.0,6937877487.0,12.0,9.131,74173000.0,0.468,1.0,413974000.0,0.429,1417238000.0,13825000.0,2596059000.0,,231741000.0,120053000.0,120053000.0,0.0,1402742000.0,403038000.0,999704000.0,6085920487.0,3802000.0,-25696000.0,1334000.0,-2300000.0,-61996000.0,-51784000.0,-71728000.0,8409000.0,126361000.0,953000.0,90322000.0,90322000.0,90322000.0,0.0,0.0,0.094,258074000.0,155900000.0,64622000.0,0.0,2.807,18.192,18.354,920243000.0,0.0,38.36,1.642,1.642,408870000.0,2533459000.0,964075000.0,964075000.0,0.0,,,,,1754000.0,258074000.0,1.0,158652776.0,158652776,,6.077,2153242000.0,0.0,53745000.0,193393000.0,13.572,753698000.0
58,CTAS,MRQ,2007-03-31,2007-02-28,2007-02-28,2021-10-07,18254000.0,3507489000.0,,1131739000.0,2375750000.0,,12.875,-47315000.0,31558000.0,31558000.0,519571000.0,76727000.0,1.662,0.706,883515000.0,229139000.0,654376000.0,883515000.0,0.0,44298000.0,0.0,0.01,0.39,134038000.0,178336000.0,0.197,178336000.0,134038000.0,122454000.0,0.48,0.48,0.48,2056159000.0,,2056159000.0,7201336418.0,12.0,9.545,47428000.0,0.297,1.0,385827000.0,0.426,1399018000.0,11584000.0,2279332000.0,,227083000.0,125935000.0,125935000.0,0.0,1451330000.0,681096000.0,770234000.0,6449002418.0,-7381000.0,-81229000.0,-53241000.0,92242000.0,0.0,32280000.0,-134404000.0,-7326000.0,94743000.0,0.0,76727000.0,76727000.0,76727000.0,0.0,0.0,0.085,253128000.0,132699000.0,69540000.0,0.812,3.136,19.208,19.507,900772000.0,0.0,40.38,1.766,1.766,393155000.0,2443139000.0,905398000.0,905398000.0,0.0,,,,,1496000.0,253128000.0,1.0,159707836.0,159707836,,5.669,2108471000.0,0.0,45727000.0,206421000.0,13.202,450643000.0
59,CTAS,MRQ,2006-12-31,2006-11-30,2006-11-30,2021-10-07,19242000.0,3435064000.0,,1155453000.0,2279611000.0,,13.057,-44825000.0,38939000.0,38939000.0,532193000.0,82527000.0,1.751,0.639,791273000.0,229477000.0,561796000.0,791273000.0,0.0,42985000.0,0.0,0.008,0.0,144068000.0,187053000.0,0.203,187053000.0,144068000.0,131585000.0,0.51,0.51,0.51,2096412000.0,,2096412000.0,7597596677.0,13.0,10.169,126665000.0,0.789,1.0,391073000.0,0.424,1341871000.0,12483000.0,2185562000.0,,217575000.0,133282000.0,133282000.0,0.0,1338652000.0,659965000.0,678687000.0,6775642677.0,3974000.0,-28681000.0,-25164000.0,-65646000.0,0.0,-100804000.0,-66712000.0,5889000.0,171490000.0,0.0,82527000.0,82527000.0,82527000.0,0.0,0.0,0.089,248628000.0,142445000.0,79144000.0,0.0,3.232,20.189,20.585,880955000.0,0.0,42.2,1.892,1.892,405042000.0,2428406000.0,923266000.0,923266000.0,0.0,,,,,1848000.0,248628000.0,1.0,160560253.0,160560253,,5.75,2093193000.0,0.0,49058000.0,255270000.0,13.037,495488000.0
60,CTAS,MRQ,2006-09-30,2006-08-31,2006-08-31,2021-10-07,31771000.0,3384221000.0,,1127013000.0,2257208000.0,,12.766,-36496000.0,34965000.0,34965000.0,523680000.0,84962000.0,1.933,0.65,856919000.0,229526000.0,627393000.0,856919000.0,0.0,42768000.0,0.0,0.009,0.0,147879000.0,190647000.0,0.209,190647000.0,147879000.0,135447000.0,0.53,0.53,0.53,2051059000.0,,2051059000.0,6709183260.0,12.0,9.189,19348000.0,0.12,1.0,390481000.0,0.427,1328887000.0,12432000.0,2294285000.0,,210381000.0,139929000.0,139929000.0,0.0,1333162000.0,583003000.0,750159000.0,5949355260.0,-3949000.0,-25101000.0,-111015000.0,58177000.0,0.0,-58929000.0,-864000.0,62687000.0,55844000.0,0.0,84962000.0,84962000.0,84962000.0,0.0,0.0,0.093,244128000.0,146353000.0,59865000.0,0.0,2.901,18.033,18.515,867631000.0,0.0,37.03,1.703,1.703,391411000.0,2345879000.0,914161000.0,914161000.0,0.0,,,,,-598000.0,244128000.0,1.0,160663118.0,160663118,,5.69,2055334000.0,0.0,50485000.0,239158000.0,12.793,544010000.0
61,CTAS,MRQ,2006-06-30,2006-05-31,2006-05-31,2021-10-07,42384000.0,3425237000.0,,1178008000.0,2247229000.0,,12.431,-54552000.0,38914000.0,38914000.0,512054000.0,91527000.0,2.871,0.639,798742000.0,4288000.0,794454000.0,798742000.0,0.0,42509000.0,0.0,0.008,0.0,155937000.0,198446000.0,0.219,198446000.0,155937000.0,146214000.0,0.55,0.55,0.55,2090192000.0,,2090192000.0,7713222675.0,14.0,10.857,95552000.0,0.568,1.0,395873000.0,0.436,1316140000.0,9723000.0,2458578000.0,,198000000.0,202539000.0,202539000.0,0.0,1335045000.0,410347000.0,924698000.0,7122788675.0,-9129000.0,-18380000.0,-206241000.0,160265000.0,-58823000.0,-99606000.0,-59627000.0,-7929000.0,150104000.0,0.0,91527000.0,91527000.0,91527000.0,0.0,0.0,0.101,241736000.0,154137000.0,71635000.0,0.0,3.408,22.026,21.948,863783000.0,0.0,42.36,2.093,2.093,389905000.0,2260917000.0,907927000.0,907927000.0,0.0,,,,,924000.0,241736000.0,1.0,168148930.0,168148930,,5.4,2109097000.0,0.0,54687000.0,225607000.0,12.543,767661000.0
62,CTAS,MRQ,2006-03-31,2006-02-28,2006-02-28,2021-10-07,23434000.0,3362364000.0,,1147960000.0,2214404000.0,,13.002,-31899000.0,48043000.0,48043000.0,483451000.0,76594000.0,2.805,0.539,638477000.0,4284000.0,634193000.0,638477000.0,0.0,40484000.0,0.0,0.009,0.35,130475000.0,170959000.0,0.204,170959000.0,130475000.0,123236000.0,0.46,0.45,0.46,2184531000.0,,2184531000.0,7317307661.0,14.0,10.767,73123000.0,0.435,1.0,352970000.0,0.422,1303899000.0,7239000.0,2239601000.0,,207921000.0,202758000.0,202758000.0,0.0,1177833000.0,409298000.0,768535000.0,6903761661.0,-4553000.0,-240905000.0,4252000.0,172335000.0,0.0,179590000.0,-289165000.0,580000.0,105022000.0,0.0,76594000.0,76594000.0,76594000.0,0.0,0.0,0.092,224420000.0,128550000.0,62031000.0,0.761,3.16,22.499,22.702,848899000.0,0.0,41.09,2.089,2.089,358033000.0,2212419000.0,836421000.0,836421000.0,0.0,,,,,1057000.0,224420000.0,1.0,168015616.0,168015616,,4.978,2058465000.0,0.0,46642000.0,220622000.0,12.252,738662000.0
63,CTAS,MRQ,2005-12-31,2005-11-30,2005-11-30,2021-10-07,23109000.0,3120967000.0,,1152575000.0,1968392000.0,,12.875,-34037000.0,52596000.0,52596000.0,485324000.0,76839000.0,3.17,0.443,466142000.0,4252000.0,461890000.0,466142000.0,0.0,39307000.0,0.0,0.007,0.0,130749000.0,170056000.0,0.203,170056000.0,130749000.0,123265000.0,0.46,0.46,0.46,2162534000.0,,2162534000.0,7985616075.0,16.0,12.0,124987000.0,0.744,1.0,350461000.0,0.419,1102233000.0,7484000.0,2068669000.0,,213807000.0,203338000.0,203338000.0,0.0,958433000.0,363611000.0,594822000.0,7511223075.0,9159000.0,-66110000.0,-10259000.0,-52166000.0,0.0,-60314000.0,-89551000.0,10972000.0,159024000.0,0.0,76839000.0,76839000.0,76839000.0,0.0,0.0,0.092,221044000.0,129417000.0,58557000.0,0.0,3.473,24.906,25.266,829258000.0,0.0,44.72,2.33,2.33,359696000.0,2193498000.0,835785000.0,835785000.0,0.0,,,,,1320000.0,221044000.0,1.0,167961160.0,167961160,,4.976,2018734000.0,0.0,46426000.0,264895000.0,12.019,788964000.0
64,CTAS,MRQ,2005-09-30,2005-08-31,2005-08-31,2021-10-07,20399000.0,3042726000.0,,1136507000.0,1906219000.0,,12.15,-36144000.0,43437000.0,43437000.0,467987000.0,78422000.0,3.719,0.454,517830000.0,7258000.0,510572000.0,517830000.0,0.0,38353000.0,0.0,0.008,0.0,132640000.0,170993000.0,0.208,170993000.0,132640000.0,125304000.0,0.46,0.46,0.46,2092821000.0,,2092821000.0,7534683410.0,15.0,11.502,10731000.0,0.062,1.0,355488000.0,0.432,1047780000.0,7336000.0,2163741000.0,,222030000.0,214310000.0,214310000.0,0.0,949905000.0,305598000.0,644307000.0,7105288410.0,241000.0,-20968000.0,-96759000.0,45763000.0,0.0,-44931000.0,-1703000.0,51922000.0,46875000.0,0.0,78422000.0,78422000.0,78422000.0,0.0,0.0,0.095,224550000.0,130938000.0,65781000.0,0.0,3.395,23.819,23.707,823678000.0,0.0,41.25,2.259,2.259,337930000.0,2115527000.0,823475000.0,823475000.0,0.0,,,,,1424000.0,224550000.0,1.0,172249416.0,172249416,,4.781,1994946000.0,0.0,46882000.0,231370000.0,11.582,830909000.0
65,CTAS,MRQ,2005-06-30,2005-05-31,2005-05-31,2021-10-07,12176000.0,3059744000.0,,1166544000.0,1893200000.0,,12.227,-39771000.0,43196000.0,43196000.0,460734000.0,74989000.0,3.272,0.454,472591000.0,7300000.0,465291000.0,472591000.0,0.0,37990000.0,0.0,0.008,0.0,129590000.0,167580000.0,0.207,167580000.0,129590000.0,123692000.0,0.43,0.43,0.43,2104135000.0,,2104135000.0,7347765996.0,15.0,11.451,85902000.0,0.499,1.0,348512000.0,0.431,1036134000.0,5898000.0,2096524000.0,,216412000.0,266232000.0,266232000.0,0.0,955609000.0,356481000.0,599128000.0,6947261996.0,-28664000.0,-26890000.0,-52055000.0,-3311000.0,-54968000.0,-117588000.0,-36749000.0,30016000.0,125673000.0,0.0,74989000.0,74989000.0,74989000.0,0.0,0.0,0.093,221051000.0,127461000.0,69296000.0,0.0,3.302,23.748,23.747,817198000.0,0.0,40.37,2.265,2.265,326896000.0,2035992000.0,809246000.0,809246000.0,0.0,,,,,6806000.0,221051000.0,1.0,172089720.0,172089720,,4.702,2023610000.0,0.0,48703000.0,208584000.0,11.759,810063000.0
66,CTAS,MRQ,2005-03-31,2005-02-28,2005-02-28,2021-10-07,14410000.0,3055523000.0,,1192253000.0,1863270000.0,,12.118,-27093000.0,71860000.0,71860000.0,433787000.0,71332000.0,3.094,0.468,472364000.0,10162000.0,462202000.0,472364000.0,0.0,37121000.0,0.0,0.007,0.32,119691000.0,156812000.0,0.208,156812000.0,119691000.0,113192000.0,0.42,0.41,0.42,2080904000.0,,2080904000.0,7880020630.0,16.0,12.481,64508000.0,0.376,1.0,321454000.0,0.426,1016670000.0,6499000.0,2053999000.0,,216363000.0,295929000.0,295929000.0,0.0,974619000.0,385358000.0,589261000.0,7518082630.0,-41535000.0,-48494000.0,1190000.0,-604000.0,0.0,-4003000.0,-129133000.0,-53161000.0,91601000.0,0.0,71332000.0,71332000.0,71332000.0,0.0,0.0,0.094,203912000.0,117542000.0,57064000.0,0.762,3.613,25.899,25.905,807222000.0,0.0,43.78,2.509,2.509,300819000.0,1953137000.0,755241000.0,755241000.0,0.0,,,,,0.0,203912000.0,1.0,171724135.0,171724135,,4.398,2038853000.0,0.0,41860000.0,229479000.0,11.873,806895000.0
67,CTAS,MRQ,2004-12-31,2004-11-30,2004-11-30,2021-10-07,19495000.0,2994095000.0,,1185510000.0,1808585000.0,,11.973,-38527000.0,113395000.0,113395000.0,440885000.0,73560000.0,3.445,0.457,475333000.0,10155000.0,465178000.0,475333000.0,0.0,36636000.0,0.0,0.006,0.0,123038000.0,159674000.0,0.211,159674000.0,123038000.0,116820000.0,0.43,0.43,0.43,2055121000.0,,2055121000.0,8078971678.0,17.0,12.99,105262000.0,0.613,1.0,315955000.0,0.417,970819000.0,6218000.0,2041131000.0,,202115000.0,242769000.0,242769000.0,0.0,938974000.0,344083000.0,594891000.0,7676182678.0,31446000.0,-19118000.0,1140000.0,-6478000.0,0.0,8718000.0,-121061000.0,-60741000.0,143789000.0,0.0,73560000.0,73560000.0,73560000.0,0.0,0.0,0.097,194431000.0,121524000.0,65750000.0,0.0,3.735,26.892,26.94,799873000.0,0.0,44.72,2.613,2.613,308996000.0,1936773000.0,756840000.0,756840000.0,0.0,,,,,0.0,194431000.0,1.0,171649881.0,171649881,,4.409,2023276000.0,0.0,43260000.0,264055000.0,11.787,841427000.0
68,CTAS,MRQ,2004-09-30,2004-08-31,2004-08-31,2021-10-07,7016000.0,2847014000.0,,1059451000.0,1787563000.0,,11.467,-35336000.0,81949000.0,81949000.0,427118000.0,72666000.0,3.784,0.448,484738000.0,10472000.0,474266000.0,484738000.0,0.0,36428000.0,0.0,0.007,0.0,121151000.0,157579000.0,0.211,157579000.0,121151000.0,115318000.0,0.42,0.42,0.42,1966365000.0,,1966365000.0,7429054324.0,16.0,12.076,17499000.0,0.102,1.0,318838000.0,0.427,957928000.0,5833000.0,2011911000.0,,187239000.0,182028000.0,182028000.0,0.0,880649000.0,279964000.0,600685000.0,7032203324.0,-5408000.0,-14574000.0,1514000.0,-182000.0,0.0,5548000.0,-63791000.0,-15064000.0,52835000.0,0.0,72666000.0,72666000.0,72666000.0,0.0,0.0,0.097,198809000.0,120029000.0,55326000.0,0.0,3.576,24.977,25.006,790804000.0,0.0,41.01,2.44,2.44,291277000.0,1863213000.0,745956000.0,745956000.0,0.0,,,,,0.0,198809000.0,1.0,171475331.0,171475331,,4.35,1889086000.0,0.0,42652000.0,232023000.0,11.017,779487000.0
69,CTAS,MRQ,2004-06-30,2004-05-31,2004-05-31,2021-10-07,2853000.0,2810297000.0,,1034243000.0,1776054000.0,,11.029,-27869000.0,87357000.0,87357000.0,428258000.0,72728000.0,3.176,0.489,484208000.0,10523000.0,473685000.0,484208000.0,0.0,36064000.0,0.0,0.006,0.0,121252000.0,157316000.0,0.213,157316000.0,121252000.0,115457000.0,0.42,0.42,0.42,1887969000.0,,1887969000.0,8151035151.0,18.0,13.575,121404000.0,0.709,1.0,309896000.0,0.42,950105000.0,5795000.0,1931357000.0,,188688000.0,166964000.0,166964000.0,0.0,922328000.0,325686000.0,596642000.0,7759961151.0,-26395000.0,-51818000.0,-492000.0,-15430000.0,-49634000.0,-66710000.0,-108958000.0,-31858000.0,149273000.0,0.0,72728000.0,72728000.0,72728000.0,0.0,0.0,0.099,189515000.0,120381000.0,53451000.0,0.0,4.11,28.508,28.509,785310000.0,0.0,45.33,2.758,2.758,285592000.0,1790547000.0,738154000.0,738154000.0,0.0,,,,,0.0,189515000.0,1.0,171188201.0,171188201,,4.312,1860192000.0,0.0,42729000.0,206639000.0,10.866,708557000.0
70,CTAS,MRQ,2004-03-31,2004-02-29,2004-02-29,2021-10-07,5034000.0,2755004000.0,,1033032000.0,1721972000.0,,10.586,-27998000.0,113752000.0,113752000.0,401229000.0,66493000.0,2.994,0.521,504826000.0,22250000.0,482576000.0,504826000.0,0.0,35861000.0,0.0,0.007,0.29,111498000.0,147359000.0,0.211,147359000.0,111498000.0,105540000.0,0.39,0.39,0.39,1810732000.0,,1810732000.0,7713384010.0,17.0,13.111,82908000.0,0.485,1.0,295711000.0,0.424,894106000.0,5958000.0,1906927000.0,,204196000.0,135106000.0,135106000.0,0.0,944272000.0,345045000.0,599227000.0,7305638010.0,15156000.0,-36241000.0,3306000.0,-2061000.0,0.0,-1906000.0,-93844000.0,-37587000.0,110906000.0,0.0,66493000.0,66493000.0,66493000.0,0.0,0.0,0.095,185019000.0,110692000.0,48902000.0,0.744,4.035,27.601,27.555,782318000.0,0.0,42.71,2.655,2.655,276718000.0,1717914000.0,696940000.0,696940000.0,0.0,,,,,0.0,185019000.0,1.0,171052166.0,171052166,,4.074,1860898000.0,0.0,39047000.0,204269000.0,10.879,687987000.0
71,CTAS,MRQ,2003-12-31,2003-11-30,2003-11-30,2021-10-07,8185000.0,2694943000.0,,997457000.0,1697486000.0,,10.472,-26014000.0,98596000.0,98596000.0,407872000.0,69657000.0,3.095,0.507,506342000.0,23492000.0,482850000.0,506342000.0,0.0,35899000.0,0.0,0.006,0.0,117043000.0,152942000.0,0.218,152942000.0,117043000.0,110575000.0,0.41,0.4,0.41,1788418000.0,,1788418000.0,8472937517.0,19.0,14.667,151458000.0,0.887,1.0,293437000.0,0.418,868351000.0,6468000.0,1912087000.0,,212910000.0,97519000.0,97519000.0,0.0,906525000.0,322251000.0,584274000.0,7973484517.0,43682000.0,-7115000.0,1648000.0,-49476000.0,0.0,-40693000.0,-93097000.0,-60148000.0,177472000.0,0.0,69657000.0,69657000.0,69657000.0,0.0,0.0,0.099,176954000.0,116483000.0,56271000.0,0.0,4.458,30.995,30.921,776814000.0,0.0,46.69,2.933,2.933,279588000.0,1701055000.0,701309000.0,701309000.0,0.0,,,,,0.0,176954000.0,1.0,170774995.0,170774995,,4.107,1826592000.0,0.0,40918000.0,227073000.0,10.696,675206000.0
72,CTAS,MRQ,2003-09-30,2003-08-31,2003-08-31,2021-10-07,1050000.0,2596126000.0,,897381000.0,1698745000.0,,10.016,-31007000.0,54914000.0,54914000.0,390208000.0,63327000.0,3.461,0.518,554367000.0,26653000.0,527714000.0,554367000.0,0.0,35435000.0,0.0,0.007,0.0,107388000.0,142823000.0,0.211,142823000.0,107388000.0,100508000.0,0.37,0.37,0.37,1709978000.0,,1709978000.0,7345834526.0,17.0,12.92,41051000.0,0.24,1.0,287448000.0,0.424,866940000.0,6880000.0,1969344000.0,,224845000.0,37371000.0,37371000.0,0.0,886148000.0,259295000.0,626853000.0,6815059526.0,22675000.0,-6480000.0,1406000.0,-1797000.0,0.0,-1478000.0,-47905000.0,-11951000.0,72058000.0,0.0,63327000.0,63327000.0,63327000.0,0.0,0.0,0.093,176130000.0,111318000.0,48839000.0,0.0,3.985,27.159,27.156,779552000.0,0.0,39.92,2.525,2.525,271766000.0,1631398000.0,677656000.0,677656000.0,0.0,,,,,0.0,176130000.0,1.0,170717924.0,170717924,,3.969,1729186000.0,0.0,37181000.0,197038000.0,10.129,638086000.0
73,CTAS,MRQ,2003-06-30,2003-05-31,2003-05-31,2021-10-07,2137000.0,2582946000.0,,877544000.0,1705402000.0,,9.658,-34572000.0,32239000.0,32239000.0,397188000.0,65211000.0,2.879,0.569,563014000.0,28251000.0,534763000.0,563014000.0,0.0,34067000.0,0.0,0.007,0.0,111118000.0,145185000.0,0.215,145185000.0,111118000.0,103671000.0,0.38,0.38,0.38,1646332000.0,,1646332000.0,6851321114.0,16.0,12.025,44187000.0,0.259,1.0,278956000.0,0.413,866754000.0,7447000.0,1942128000.0,,228410000.0,25420000.0,25420000.0,0.0,936614000.0,304839000.0,631775000.0,6310536114.0,-9936000.0,-12638000.0,1712000.0,-22799000.0,-46003000.0,-60753000.0,-27942000.0,9604000.0,78759000.0,0.0,65211000.0,65211000.0,65211000.0,0.0,0.0,0.096,168567000.0,110389000.0,53909000.0,0.0,3.833,25.318,25.356,777432000.0,0.0,37.02,2.349,2.349,278147000.0,1568071000.0,676144000.0,676144000.0,0.0,,,,,0.0,168567000.0,1.0,170462888.0,170462888,,3.967,1716192000.0,0.0,38460000.0,166557000.0,10.068,572705000.0
74,CTAS,MRQ,2003-03-31,2003-02-28,2003-02-28,2021-10-07,-4689000.0,2577213000.0,,891148000.0,1686065000.0,,9.218,-29065000.0,42175000.0,42175000.0,389341000.0,59055000.0,2.527,0.642,582960000.0,16223000.0,566737000.0,582960000.0,0.0,35682000.0,0.0,0.008,0.27,101049000.0,136731000.0,0.206,136731000.0,101049000.0,93615000.0,0.35,0.34,0.35,1569788000.0,,1569788000.0,6293998631.0,15.0,11.248,40715000.0,0.239,1.0,274416000.0,0.413,854877000.0,7434000.0,1910466000.0,,230171000.0,35024000.0,35024000.0,0.0,1007425000.0,352655000.0,654770000.0,5716658631.0,-8734000.0,-7568000.0,761000.0,-48220000.0,0.0,-42082000.0,-36432000.0,3291000.0,69780000.0,0.0,59055000.0,59055000.0,59055000.0,0.0,0.0,0.089,174192000.0,100224000.0,49912000.0,0.771,3.642,23.034,22.993,772614000.0,0.0,33.57,2.187,2.187,273372000.0,1503174000.0,663757000.0,663757000.0,0.0,,,,,0.0,174192000.0,1.0,170290695.0,170290695,,3.898,1722336000.0,0.0,34560000.0,186611000.0,10.114,538493000.0
75,CTAS,MRQ,2002-12-31,2002-11-30,2002-11-30,2021-10-07,-10066000.0,2584841000.0,,906476000.0,1678365000.0,,9.112,-29735000.0,50909000.0,50909000.0,397135000.0,63340000.0,2.677,0.667,628249000.0,17355000.0,610894000.0,628249000.0,0.0,35246000.0,0.0,0.005,0.0,108589000.0,143835000.0,0.211,143835000.0,108589000.0,100577000.0,0.37,0.37,0.37,1550599000.0,,1550599000.0,9235219883.0,23.0,16.984,82434000.0,0.484,1.0,283823000.0,0.417,849767000.0,8012000.0,1973840000.0,,219964000.0,38315000.0,38315000.0,0.0,1034242000.0,338574000.0,695668000.0,8588300883.0,17502000.0,-1036000.0,1155000.0,-53074000.0,0.0,-51488000.0,-43179000.0,-2562000.0,112169000.0,0.0,63340000.0,63340000.0,63340000.0,0.0,0.0,0.093,175846000.0,107977000.0,65357000.0,0.0,5.539,35.095,35.049,772014000.0,0.0,50.47,3.441,3.441,287476000.0,1490123000.0,680958000.0,680958000.0,0.0,,,,,0.0,175846000.0,1.0,170166453.0,170166453,,4.002,1735074000.0,0.0,37237000.0,206147000.0,10.196,567902000.0
76,CTAS,MRQ,2002-09-30,2002-08-31,2002-08-31,2021-10-07,-9689000.0,2535952000.0,,864044000.0,1671908000.0,,8.733,-21647000.0,33407000.0,33407000.0,383713000.0,61647000.0,2.847,0.707,680326000.0,16736000.0,663590000.0,680326000.0,0.0,38066000.0,0.0,0.006,0.0,105920000.0,143986000.0,0.216,143986000.0,105920000.0,97896000.0,0.36,0.36,0.36,1485673000.0,,1485673000.0,8168162103.0,21.0,15.577,48332000.0,0.284,1.0,282013000.0,0.424,844404000.0,8024000.0,2035021000.0,,209513000.0,35753000.0,35753000.0,0.0,1050279000.0,303446000.0,746833000.0,7487171103.0,-7221000.0,-15931000.0,2071000.0,-48798000.0,0.0,-48531000.0,-28669000.0,8705000.0,69979000.0,0.0,61647000.0,61647000.0,61647000.0,0.0,0.0,0.093,176832000.0,105181000.0,70854000.0,0.0,5.04,31.28,31.213,770291000.0,0.0,44.01,3.156,3.156,282351000.0,1426783000.0,665726000.0,665726000.0,0.0,,,,,0.0,176832000.0,1.0,170124315.0,170124315,,3.913,1691548000.0,0.0,36249000.0,183766000.0,9.943,560598000.0
77,CTAS,MRQ,2002-06-30,2002-05-31,2002-05-31,2021-10-07,-7885000.0,2519234000.0,,853250000.0,1665984000.0,,8.382,-22307000.0,40628000.0,40628000.0,345960000.0,64142000.0,2.729,0.769,721619000.0,18369000.0,703250000.0,721619000.0,0.0,30669000.0,0.0,0.005,0.0,104322000.0,134991000.0,0.224,134991000.0,104322000.0,101566000.0,0.38,0.37,0.38,1423759000.0,,1423759000.0,8986294890.0,23.0,17.881,74335000.0,0.438,1.0,257853000.0,0.427,837127000.0,2756000.0,2050464000.0,,193821000.0,44458000.0,44458000.0,0.0,1095475000.0,312634000.0,782841000.0,8868269890.0,-45629000.0,-701878000.0,805000.0,516896000.0,-42454000.0,475949000.0,-618220000.0,108427000.0,96642000.0,0.0,64142000.0,64142000.0,64142000.0,0.0,0.0,0.106,155099000.0,102754000.0,60393000.0,0.0,6.229,37.858,37.833,778402000.0,0.0,52.21,3.905,3.905,283234000.0,1365136000.0,603813000.0,603813000.0,0.0,,,,,0.0,155099000.0,1.0,169857688.0,169857688,,3.555,1682107000.0,0.0,37424000.0,152754000.0,9.903,540616000.0
78,CTAS,MRQ,2002-03-31,2002-02-28,2002-02-28,2021-10-07,-8249000.0,1898362000.0,,936804000.0,961558000.0,,8.001,-23937000.0,86257000.0,86257000.0,316151000.0,55584000.0,3.14,0.398,204282000.0,18139000.0,186143000.0,204282000.0,0.0,30328000.0,0.0,0.006,0.25,90604000.0,120932000.0,0.222,120932000.0,90604000.0,88215000.0,0.33,0.32,0.33,1358295000.0,,1358295000.0,7647801892.0,20.0,15.4,76092000.0,0.448,1.0,229340000.0,0.42,145845000.0,2389000.0,1572167000.0,,194360000.0,152885000.0,152885000.0,0.0,540067000.0,298375000.0,241692000.0,7518981892.0,-15022000.0,-14664000.0,802000.0,-25817000.0,0.0,-25817000.0,-89234000.0,-51232000.0,100029000.0,0.0,55584000.0,55584000.0,55584000.0,0.0,0.0,0.102,140263000.0,89077000.0,38205000.0,0.758,5.536,32.653,32.566,712688000.0,0.0,44.29,3.371,3.371,237694000.0,1301179000.0,545491000.0,545491000.0,0.0,,,,,0.0,140263000.0,1.0,169767033.0,169767033,,3.213,1752517000.0,0.0,32631000.0,144003000.0,10.323,638429000.0
79,CTAS,MRQ,2001-12-31,2001-11-30,2001-11-30,2021-10-07,-7447000.0,1875199000.0,,920393000.0,954806000.0,,7.926,-28309000.0,101279000.0,101279000.0,322993000.0,57985000.0,3.45,0.394,230099000.0,21068000.0,209031000.0,230099000.0,0.0,29623000.0,0.0,0.005,0.0,94826000.0,124449000.0,0.223,124449000.0,94826000.0,92105000.0,0.34,0.34,0.34,1345146000.0,,1345146000.0,7427074425.0,20.0,14.98,92023000.0,0.542,1.0,234155000.0,0.42,139579000.0,2721000.0,1597637000.0,,200065000.0,101653000.0,101653000.0,0.0,530053000.0,266803000.0,263250000.0,7253547425.0,36528000.0,-5846000.0,570000.0,-8179000.0,0.0,-9322000.0,-74482000.0,-39754000.0,120332000.0,0.0,57985000.0,57985000.0,57985000.0,0.0,0.0,0.104,140619000.0,93536000.0,46336000.0,0.0,5.392,31.593,31.659,713751000.0,0.0,42.74,3.265,3.265,252487000.0,1288030000.0,557148000.0,557148000.0,0.0,,,,,0.0,140619000.0,1.0,169713323.0,169713323,,3.283,1735620000.0,0.0,34120000.0,166589000.0,10.227,653590000.0
80,CTAS,MRQ,2001-09-30,2001-08-31,2001-08-31,2021-10-07,-5914000.0,1785270000.0,,838709000.0,946561000.0,,7.595,-32731000.0,64751000.0,64751000.0,328578000.0,56540000.0,3.717,0.385,238278000.0,20540000.0,217738000.0,238278000.0,0.0,29405000.0,0.0,0.005,0.0,92785000.0,122190000.0,0.216,122190000.0,92785000.0,89699000.0,0.33,0.33,0.33,1288664000.0,,1288664000.0,8068208681.0,21.0,16.377,27699000.0,0.163,1.0,236022000.0,0.418,130745000.0,3086000.0,1602386000.0,,204208000.0,61899000.0,61899000.0,0.0,496606000.0,225666000.0,270940000.0,7900387681.0,-8973000.0,-9839000.0,1070000.0,-3267000.0,0.0,-1993000.0,-67410000.0,-25394000.0,60430000.0,0.0,56540000.0,56540000.0,56540000.0,0.0,0.0,0.1,144488000.0,91534000.0,42541000.0,0.0,6.131,34.629,34.489,710590000.0,0.0,46.56,3.586,3.586,248283000.0,1230405000.0,564600000.0,564600000.0,0.0,,,,,0.0,144488000.0,1.0,169681866.0,169681866,,3.327,1654525000.0,0.0,33159000.0,118777000.0,9.751,613043000.0
81,CTAS,MRQ,2001-06-30,2001-05-31,2001-05-31,2021-10-07,-5424000.0,1752224000.0,,819670000.0,932554000.0,,7.284,-33635000.0,73724000.0,73724000.0,327256000.0,60158000.0,3.267,0.423,241545000.0,20605000.0,220940000.0,241545000.0,0.0,29142000.0,0.0,0.005,0.0,99908000.0,129050000.0,0.229,129050000.0,99908000.0,96508000.0,0.36,0.35,0.36,1231315000.0,,1231315000.0,8092781182.0,22.0,16.732,65773000.0,0.389,1.0,235710000.0,0.419,123753000.0,3400000.0,1545389000.0,,214349000.0,36505000.0,36505000.0,0.0,520909000.0,250903000.0,270006000.0,7883730182.0,34545000.0,3701000.0,1392000.0,-7093000.0,-37173000.0,-42890000.0,-21973000.0,-8022000.0,99408000.0,0.0,60158000.0,60158000.0,60158000.0,0.0,0.0,0.107,136860000.0,98850000.0,42495000.0,0.0,6.403,35.44,35.333,702132000.0,0.0,46.64,3.649,3.649,244450000.0,1174330000.0,562966000.0,562966000.0,0.0,,,,,0.0,136860000.0,1.0,169033666.0,169033666,,3.33,1628471000.0,0.0,36350000.0,120181000.0,9.634,568767000.0
82,CTAS,MRQ,2001-03-31,2001-02-28,2001-02-28,2021-10-07,-5126000.0,1724951000.0,,778558000.0,946393000.0,,7.152,-35768000.0,39179000.0,39179000.0,316807000.0,54910000.0,3.39,0.429,248230000.0,15609000.0,232621000.0,248230000.0,0.0,28610000.0,0.0,0.006,0.22,91492000.0,120102000.0,0.224,120102000.0,91492000.0,87743000.0,0.32,0.32,0.32,1206904000.0,,1206904000.0,6299222274.0,17.0,13.431,32478000.0,0.192,1.0,219916000.0,0.41,0.0,3749000.0,1704317000.0,,223330000.0,28483000.0,28483000.0,0.0,518047000.0,229685000.0,288362000.0,6078609274.0,5003000.0,-17792000.0,3629000.0,-7162000.0,0.0,-5145000.0,-58098000.0,8828000.0,68246000.0,0.0,54910000.0,54910000.0,54910000.0,0.0,0.0,0.102,129348000.0,90568000.0,49244000.0,0.688,5.037,28.257,28.141,690886000.0,0.0,36.02,2.891,2.891,246669000.0,1151285000.0,536723000.0,536723000.0,0.0,,,,,0.0,129348000.0,1.0,168756504.0,168756504,,3.18,1724951000.0,0.0,32833000.0,114439000.0,10.222,548873000.0
83,CTAS,MRQ,2000-12-31,2000-11-30,2000-11-30,2021-10-07,-5336000.0,1670773000.0,,763122000.0,907651000.0,,6.821,-35771000.0,34176000.0,34176000.0,315675000.0,56533000.0,3.345,0.452,254789000.0,15850000.0,238939000.0,254789000.0,0.0,26721000.0,0.0,0.004,0.0,94583000.0,121304000.0,0.225,121304000.0,94583000.0,90700000.0,0.34,0.33,0.34,1150352000.0,,1150352000.0,8824239787.0,25.0,19.344,15218000.0,0.09,1.0,223377000.0,0.414,0.0,3883000.0,1663248000.0,,200449000.0,37311000.0,37311000.0,0.0,520421000.0,228138000.0,292283000.0,8591230787.0,3667000.0,-14472000.0,284000.0,-8729000.0,0.0,-6932000.0,-40390000.0,10443000.0,50989000.0,0.0,56533000.0,56533000.0,56533000.0,0.0,0.0,0.105,129921000.0,93456000.0,55362000.0,0.0,7.468,41.054,40.752,678065000.0,0.0,50.94,4.212,4.212,252537000.0,1096750000.0,539052000.0,539052000.0,0.0,,,,,0.0,129921000.0,1.0,168653922.0,168653922,,3.196,1670773000.0,0.0,34167000.0,113482000.0,9.907,534984000.0
84,CTAS,MRQ,2000-09-30,2000-08-31,2000-08-31,2021-10-07,-3667000.0,1602802000.0,,719247000.0,883555000.0,,6.481,-42270000.0,30509000.0,30509000.0,304694000.0,50849000.0,3.402,0.468,263518000.0,16201000.0,247317000.0,263518000.0,0.0,27616000.0,0.0,0.004,0.0,85589000.0,113205000.0,0.217,113205000.0,85589000.0,81502000.0,0.3,0.3,0.3,1092025000.0,,1092025000.0,7221934379.0,21.0,16.308,-13955000.0,-0.083,1.0,217265000.0,0.416,0.0,4087000.0,1624387000.0,,175549000.0,47754000.0,47754000.0,0.0,510777000.0,211424000.0,299353000.0,7003134379.0,-21673000.0,-572000.0,687000.0,-10420000.0,0.0,-9040000.0,-40948000.0,9886000.0,28315000.0,0.0,50849000.0,50849000.0,50849000.0,0.0,0.0,0.097,132936000.0,84329000.0,47030000.0,0.0,6.413,34.829,34.633,663541000.0,0.0,41.56,3.561,3.561,239023000.0,1040220000.0,521959000.0,521959000.0,0.0,,,,,0.0,132936000.0,1.0,168506602.0,168506602,,3.098,1602802000.0,0.0,30653000.0,111359000.0,9.512,507823000.0
85,CTAS,MRQ,2000-06-30,2000-05-31,2000-05-31,2021-10-07,-4312000.0,1581342000.0,,721470000.0,859872000.0,,6.228,-37198000.0,52182000.0,52182000.0,294316000.0,52825000.0,3.065,0.516,270982000.0,16604000.0,254378000.0,270982000.0,0.0,25809000.0,0.0,0.004,0.0,88583000.0,114392000.0,0.227,114392000.0,88583000.0,84691000.0,0.32,0.31,0.32,1042876000.0,,1042876000.0,7598755056.0,23.0,17.788,44490000.0,0.266,1.0,210522000.0,0.417,0.0,3892000.0,1564750000.0,,164906000.0,57640000.0,57640000.0,0.0,538466000.0,235392000.0,303074000.0,7368142056.0,11370000.0,916000.0,413000.0,-8363000.0,-31249000.0,-40253000.0,-30065000.0,16425000.0,81688000.0,0.0,52825000.0,52825000.0,52825000.0,0.0,0.0,0.105,123206000.0,87316000.0,50976000.0,0.0,7.065,38.101,37.931,642507000.0,0.0,44.0,3.874,3.874,225735000.0,992450000.0,504838000.0,504838000.0,0.0,,,,,0.0,123206000.0,1.0,167457774.0,167457774,,3.015,1581342000.0,0.0,31866000.0,98310000.0,9.443,486078000.0
86,CTAS,MRQ,2000-03-31,2000-02-29,2000-02-29,2021-10-07,-3104000.0,1543884000.0,,716784000.0,827100000.0,,6.096,-42320000.0,40812000.0,40812000.0,279354000.0,49062000.0,3.214,0.513,271425000.0,16035000.0,255390000.0,271425000.0,0.0,24148000.0,0.0,0.007,0.187,83133000.0,107281000.0,0.226,107281000.0,83133000.0,79135000.0,0.29,0.29,0.29,1020153000.0,,1020153000.0,4705604123.0,17.0,12.607,26033000.0,0.156,1.0,194575000.0,0.411,0.0,3998000.0,1551445000.0,,153466000.0,74065000.0,74065000.0,0.0,523731000.0,223052000.0,300679000.0,4455917123.0,14382000.0,-1630000.0,616000.0,-4691000.0,0.0,-3512000.0,-50459000.0,-6718000.0,68353000.0,0.0,49062000.0,49062000.0,49062000.0,0.0,0.0,0.104,112701000.0,81874000.0,52406000.0,0.645,4.368,27.808,27.736,617856000.0,0.0,26.627,2.406,2.406,231510000.0,969296000.0,473929000.0,473929000.0,0.0,,,,,0.0,112701000.0,1.0,167347914.0,167347914,,2.832,1543884000.0,0.0,30073000.0,101243000.0,9.226,493732000.0
87,CTAS,MRQ,1999-12-31,1999-11-30,1999-11-30,2021-10-07,-3667000.0,1486565000.0,,673950000.0,812615000.0,,5.819,-29111000.0,26430000.0,26430000.0,275683000.0,48335000.0,3.162,0.533,276117000.0,16117000.0,260000000.0,276117000.0,0.0,26053000.0,0.0,0.005,0.0,81918000.0,107971000.0,0.232,107971000.0,81918000.0,78010000.0,0.29,0.29,0.29,969669000.0,,969669000.0,5354589973.0,21.0,15.106,19241000.0,0.115,1.0,190166000.0,0.408,0.0,3908000.0,1523081000.0,,136091000.0,67347000.0,67347000.0,0.0,516896000.0,213171000.0,303725000.0,5103539973.0,-5370000.0,3786000.0,476000.0,-6757000.0,0.0,-5859000.0,-47863000.0,-16925000.0,48352000.0,0.0,48335000.0,48335000.0,48335000.0,0.0,0.0,0.104,109334000.0,80832000.0,49692000.0,0.0,5.263,34.067,34.03,615121000.0,0.0,30.627,2.817,2.817,226996000.0,919991000.0,465849000.0,465849000.0,0.0,,,,,0.0,109334000.0,1.0,166637134.0,166637134,,2.796,1486565000.0,0.0,29675000.0,96925000.0,8.921,460779000.0
88,CTAS,MRQ,1999-09-30,1999-08-31,1999-08-31,2021-10-07,-4062000.0,1429203000.0,,630095000.0,799108000.0,,5.502,-52803000.0,31800000.0,31800000.0,273086000.0,43165000.0,3.097,0.559,282850000.0,16200000.0,266650000.0,282850000.0,0.0,23503000.0,0.0,0.004,0.0,74032000.0,97535000.0,0.213,97535000.0,74032000.0,69923000.0,0.26,0.25,0.26,916599000.0,,916599000.0,5990199114.0,24.0,17.514,6836000.0,0.041,1.0,184289000.0,0.403,0.0,4109000.0,1476780000.0,,134741000.0,50422000.0,50422000.0,0.0,512604000.0,203473000.0,309131000.0,5706051114.0,15997000.0,-2332000.0,1894000.0,-17101000.0,0.0,-15091000.0,-28551000.0,21893000.0,59639000.0,0.0,43165000.0,43165000.0,43165000.0,0.0,0.0,0.094,111387000.0,72902000.0,47476000.0,0.0,6.225,39.122,39.057,599727000.0,0.0,34.253,3.201,3.201,204967000.0,868434000.0,457375000.0,457375000.0,0.0,,,,,0.0,111387000.0,1.0,166583820.0,166583820,,2.746,1429203000.0,0.0,26758000.0,100875000.0,8.579,426622000.0
89,CTAS,MRQ,1999-06-30,1999-05-31,1999-05-31,2021-10-07,-3819000.0,1407818000.0,,634485000.0,773333000.0,,5.494,-43139000.0,15803000.0,15803000.0,272995000.0,19679000.0,2.991,0.616,299951000.0,16370000.0,283581000.0,299951000.0,0.0,25924000.0,0.0,0.003,0.0,34537000.0,60461000.0,0.133,60461000.0,34537000.0,30682000.0,0.12,0.12,0.12,871423000.0,,871423000.0,6860618182.0,29.0,20.748,-196000.0,-0.001,1.0,181976000.0,0.4,0.0,3855000.0,1479869000.0,,137983000.0,72315000.0,72315000.0,0.0,536395000.0,212097000.0,324298000.0,6714807182.0,-14388000.0,-6055000.0,827000.0,23472000.0,-23250000.0,3698000.0,-61029000.0,-4208000.0,42943000.0,0.0,19679000.0,19679000.0,19679000.0,0.0,0.0,0.043,148521000.0,33455000.0,46783000.0,0.0,7.706,48.329,50.397,573087000.0,0.0,42.333,3.834,3.834,202079000.0,825268000.0,454971000.0,454971000.0,0.0,,,,,0.0,103004000.0,1.0,158617492.0,158617492,,2.868,1407818000.0,0.0,11003000.0,80931000.0,8.876,422388000.0
90,CTAS,MRQ,1999-03-31,1999-02-28,1999-02-28,2021-10-07,-4478000.0,1145089000.0,,557968000.0,587121000.0,,4.855,-38905000.0,28258000.0,28258000.0,256991000.0,38631000.0,3.112,0.489,174069000.0,5673000.0,168396000.0,174069000.0,0.0,22647000.0,0.0,0.003,0.147,65861000.0,88508000.0,0.204,88508000.0,65861000.0,62150000.0,0.23,0.22,0.23,769058000.0,,769058000.0,7641252130.0,28.0,20.723,34471000.0,0.218,1.0,176678000.0,0.407,0.0,3711000.0,1111591000.0,,122340000.0,73735000.0,73735000.0,0.0,376031000.0,179309000.0,196722000.0,7470814130.0,25725000.0,-4567000.0,128000.0,-4389000.0,-1692000.0,-3731000.0,-43920000.0,1114000.0,73376000.0,0.0,38631000.0,38631000.0,38631000.0,0.0,0.0,0.089,111929000.0,64749000.0,39876000.0,0.639,9.714,46.221,49.806,449847000.0,0.0,47.167,3.921,3.921,172300000.0,724850000.0,433669000.0,433669000.0,0.0,,,,,0.0,111929000.0,1.0,158391819.0,158391819,,2.738,1145089000.0,0.0,23519000.0,70035000.0,7.229,378659000.0
91,CTAS,MRQ,1998-12-31,1998-11-30,1998-11-30,2021-10-07,-5370000.0,1103002000.0,,541745000.0,561257000.0,,4.634,-46246000.0,4441000.0,4441000.0,262058000.0,44378000.0,3.058,0.511,174879000.0,6353000.0,168526000.0,174879000.0,0.0,19082000.0,0.0,0.003,0.0,76442000.0,95524000.0,0.219,95524000.0,76442000.0,71959000.0,0.267,0.26,0.267,730018000.0,,730018000.0,5936290205.0,23.0,17.194,-13073000.0,-0.083,1.0,174440000.0,0.4,0.0,4483000.0,1096287000.0,,117637000.0,74849000.0,74849000.0,0.0,372984000.0,177153000.0,195831000.0,5776745205.0,-14110000.0,16654000.0,398000.0,-27976000.0,846000.0,-28531000.0,-18752000.0,5895000.0,33173000.0,0.0,44378000.0,44378000.0,44378000.0,0.0,0.0,0.102,99226000.0,75214000.0,41619000.0,0.0,7.913,37.685,39.985,422891000.0,0.0,36.667,3.257,3.257,187108000.0,687206000.0,436498000.0,436498000.0,0.0,,,,,0.0,99226000.0,1.0,157547596.0,157547596,,2.771,1103002000.0,0.0,27581000.0,73067000.0,7.001,364592000.0
92,CTAS,MRQ,1998-09-30,1998-08-31,1998-08-31,2021-10-07,-6007000.0,1050846000.0,,520283000.0,530563000.0,,4.361,-42958000.0,17904000.0,17904000.0,258755000.0,36250000.0,2.89,0.532,177449000.0,18682000.0,158767000.0,177449000.0,0.0,22575000.0,0.0,0.004,0.0,63595000.0,86170000.0,0.202,86170000.0,63595000.0,59202000.0,0.22,0.22,0.22,686070000.0,,686070000.0,4449251189.0,19.0,14.12,10612000.0,0.067,1.0,167675000.0,0.393,0.0,4393000.0,1030347000.0,,114292000.0,80744000.0,80744000.0,0.0,364776000.0,180044000.0,184732000.0,4273844189.0,5153000.0,-1709000.0,956000.0,-10831000.0,-846000.0,-12619000.0,-35798000.0,7410000.0,53570000.0,0.0,36250000.0,36250000.0,36250000.0,0.0,0.0,0.085,105329000.0,62346000.0,37666000.0,0.0,6.229,30.173,31.479,392231000.0,0.0,27.167,2.621,2.621,164000000.0,644293000.0,426430000.0,426430000.0,0.0,,,,,0.0,105329000.0,1.0,157319418.0,157319418,,2.711,1050846000.0,0.0,22952000.0,75241000.0,6.68,340239000.0
93,CTAS,MRQ,1998-06-30,1998-05-31,1998-05-31,2021-10-07,-2516000.0,1305400000.0,,604109000.0,701291000.0,,5.144,-58979000.0,13423000.0,13423000.0,376691000.0,42372000.0,2.989,0.725,319374000.0,11741000.0,307633000.0,319374000.0,0.0,32169000.0,0.0,0.004,0.0,66363000.0,98532000.0,0.162,98532000.0,66363000.0,57014000.0,0.23,0.227,0.23,756795000.0,,756795000.0,4606486084.0,22.0,15.994,-14013000.0,-0.095,1.0,231863000.0,0.381,0.0,9349000.0,1409212000.0,,129655000.0,88154000.0,88154000.0,0.0,548605000.0,202139000.0,346466000.0,4481676084.0,-5308000.0,5589000.0,-4183000.0,25277000.0,6837000.0,14433000.0,-64707000.0,-12400000.0,44966000.0,0.0,42372000.0,42372000.0,42372000.0,0.0,0.0,0.07,166764000.0,65099000.0,54275000.0,0.0,5.922,33.532,36.699,488971000.0,0.0,30.46,3.034,3.034,185938000.0,712249000.0,608554000.0,608554000.0,0.0,,,,,0.0,149648000.0,1.0,147133161.0,147133161,,4.136,1305400000.0,0.0,14642000.0,82578000.0,8.872,401970000.0
94,CTAS,MRQ,1998-03-31,1998-02-28,1998-02-28,2021-10-07,-2097000.0,871969000.0,,401485000.0,470484000.0,,3.918,-26926000.0,15875000.0,15875000.0,178934000.0,30290000.0,2.894,0.517,140685000.0,6654000.0,134031000.0,140685000.0,0.0,15653000.0,0.0,0.008,0.12,49378000.0,65031000.0,0.215,65031000.0,49378000.0,47285000.0,0.2,0.193,0.2,574788000.0,,574788000.0,4256348002.0,18.0,13.798,17076000.0,0.116,1.0,122955000.0,0.407,0.0,2093000.0,858027000.0,,61181000.0,75754000.0,75754000.0,0.0,297181000.0,138752000.0,158429000.0,4156532002.0,-1333000.0,-26318000.0,-1054000.0,25025000.0,-25919000.0,2755000.0,-48090000.0,8071000.0,44002000.0,0.0,30290000.0,30290000.0,30290000.0,0.0,0.0,0.1,74800000.0,48155000.0,28660000.0,0.6,7.231,28.668,31.481,332765000.0,0.0,28.333,2.736,2.736,117860000.0,530651000.0,301889000.0,301889000.0,0.0,,,,,0.0,74800000.0,1.0,146701130.0,146701130,,2.058,871969000.0,0.0,16995000.0,68598000.0,5.944,262733000.0
95,CTAS,MRQ,1997-12-31,1997-11-30,1997-11-30,2021-10-07,-1749000.0,822996000.0,,392368000.0,430628000.0,,3.855,-22254000.0,16020000.0,16020000.0,175045000.0,32732000.0,3.095,0.46,115836000.0,6872000.0,108964000.0,115836000.0,0.0,13625000.0,0.0,0.004,0.0,51755000.0,65380000.0,0.223,65380000.0,51755000.0,49652000.0,0.213,0.213,0.213,563653000.0,,563653000.0,3893603728.0,17.0,13.219,3428000.0,0.023,1.0,118652000.0,0.404,0.0,2103000.0,796023000.0,,51599000.0,83825000.0,83825000.0,0.0,259343000.0,126789000.0,132554000.0,3789559728.0,5168000.0,-2169000.0,292000.0,-2967000.0,2633000.0,-5136000.0,-15378000.0,8410000.0,25682000.0,0.0,32732000.0,32732000.0,32732000.0,0.0,0.0,0.111,68113000.0,50539000.0,28282000.0,0.0,6.723,27.63,30.387,313175000.0,0.0,25.92,2.656,2.656,113041000.0,519742000.0,293697000.0,293697000.0,0.0,,,,,0.0,68113000.0,1.0,146202150.0,146208000,,2.009,822996000.0,0.0,16920000.0,67765000.0,5.629,265579000.0
96,CTAS,MRQ,1997-09-30,1997-08-31,1997-08-31,2021-10-07,-1380000.0,784557000.0,,368215000.0,416342000.0,,3.692,-20407000.0,12385000.0,12385000.0,161050000.0,28260000.0,3.182,0.463,116429000.0,6688000.0,109741000.0,116429000.0,0.0,13886000.0,0.0,0.004,0.0,45184000.0,59070000.0,0.217,59070000.0,45184000.0,42905000.0,0.187,0.187,0.187,536087000.0,,536087000.0,3491286587.0,17.0,12.543,7618000.0,0.052,1.0,111755000.0,0.41,0.0,2279000.0,772867000.0,,45622000.0,92234000.0,92234000.0,0.0,248470000.0,115734000.0,132736000.0,3387317587.0,-2736000.0,-4558000.0,230000.0,486000.0,-2633000.0,-2516000.0,-28245000.0,-3580000.0,28025000.0,0.0,28260000.0,28260000.0,28260000.0,0.0,0.0,0.104,67693000.0,44062000.0,22589000.0,0.0,6.319,26.647,29.062,297776000.0,0.0,23.25,2.524,2.516,100896000.0,492198000.0,272805000.0,272805000.0,0.0,,,,,0.0,67693000.0,1.0,145691079.0,145218000,,1.879,784557000.0,0.0,14645000.0,68683000.0,5.403,252481000.0
97,CTAS,MRQ,1997-06-30,1997-05-31,1997-05-31,2021-10-07,-1042000.0,843290000.0,,424168000.0,419122000.0,,3.797,-37502000.0,16362000.0,16362000.0,415490000.0,53708000.0,2.904,0.534,133888000.0,8322000.0,125566000.0,133888000.0,0.0,31567000.0,0.0,0.005,0.1,87419000.0,118986000.0,0.183,118986000.0,87419000.0,77404000.0,0.3,0.3,0.3,549825000.0,,549825000.0,3103270874.0,16.0,11.737,35958000.0,0.248,1.0,235103000.0,0.361,0.0,10015000.0,814776000.0,,80344000.0,88655000.0,88655000.0,0.0,293465000.0,146040000.0,147425000.0,2992158874.0,5741000.0,-10411000.0,1272000.0,-3048000.0,-15634000.0,-33068000.0,-34651000.0,9780000.0,73460000.0,0.0,53708000.0,53708000.0,53708000.0,0.0,0.0,0.083,149062000.0,86041000.0,32675000.0,0.333,5.442,25.238,27.446,299182000.0,0.0,20.667,2.371,2.34,122975000.0,505568000.0,650593000.0,650593000.0,0.0,,,,,0.0,148509000.0,1.0,144781881.0,144792000,,4.493,843290000.0,0.0,23696000.0,54748000.0,5.824,278128000.0
98,CTAS,MRQ,1997-03-31,1997-02-28,1997-02-28,2021-10-07,-627000.0,741847000.0,,343595000.0,398252000.0,,3.48,-17236000.0,8003000.0,8003000.0,125353000.0,22454000.0,3.042,0.493,119115000.0,6666000.0,112449000.0,119115000.0,0.0,12784000.0,0.0,0.005,0.0,38321000.0,51105000.0,0.243,51105000.0,38321000.0,36314000.0,0.153,0.153,0.153,496814000.0,,496814000.0,2672174980.0,17.0,12.733,16188000.0,0.113,1.0,84599000.0,0.403,0.0,2007000.0,739991000.0,,42504000.0,98436000.0,98436000.0,0.0,245033000.0,112968000.0,132065000.0,2563534980.0,-3025000.0,-4826000.0,132000.0,-553000.0,0.0,-582000.0,-35867000.0,-11473000.0,33424000.0,0.0,22454000.0,22454000.0,22454000.0,0.0,0.0,0.107,47439000.0,37160000.0,20321000.0,0.0,5.16,25.912,26.987,277130000.0,0.0,18.0,2.694,2.701,85642000.0,452735000.0,209952000.0,209952000.0,0.0,,,,,0.0,47439000.0,1.0,142418610.0,142752000,,1.471,741847000.0,0.0,13860000.0,54998000.0,5.197,230627000.0
99,CTAS,MRQ,1996-12-31,1996-11-30,1996-11-30,2021-10-07,-465000.0,720941000.0,,334344000.0,386597000.0,,3.335,-17224000.0,11028000.0,11028000.0,124697000.0,22698000.0,2.959,0.52,119668000.0,6424000.0,113244000.0,119668000.0,0.0,10753000.0,0.0,0.004,0.0,38433000.0,49186000.0,0.236,49186000.0,38433000.0,36411000.0,0.16,,0.16,474389000.0,,474389000.0,,,,11968000.0,0.084,1.0,83871000.0,0.402,0.0,2022000.0,716593000.0,,39274000.0,86962000.0,86962000.0,0.0,246552000.0,112988000.0,133564000.0,2883976852.0,-548000.0,-3384000.0,647000.0,-4398000.0,0.0,-3367000.0,-26373000.0,-5166000.0,29192000.0,0.0,22698000.0,22698000.0,22698000.0,0.0,0.0,0.109,46494000.0,37377000.0,27617000.0,0.0,6.079,30.356,31.493,268908000.0,0.0,20.25,3.12,3.116,88719000.0,430280000.0,208568000.0,208568000.0,0.0,,,,,0.0,46494000.0,1.0,142418610.0,142258500,,1.466,720941000.0,0.0,13713000.0,55811000.0,5.068,221356000.0
100,CTAS,MRQ,1996-09-30,1996-08-31,1996-08-31,2021-10-07,,,,,,,,-14247000.0,,,114547000.0,19697000.0,,,,,,,,11251000.0,,0.005,0.0,33872000.0,45123000.0,0.234,45123000.0,33872000.0,31883000.0,0.14,,0.14,,,,,,,11687000.0,0.082,1.0,78239000.0,0.406,,1989000.0,,,,,,,,,,,2510000.0,-360000.0,247000.0,-450000.0,0.0,-221000.0,-23203000.0,-8319000.0,25934000.0,0.0,19697000.0,19697000.0,19697000.0,0.0,0.0,0.102,45221000.0,33018000.0,,0.0,,,29.849,,0.0,18.417,,2.907,,,192786000.0,192786000.0,0.0,,,,,0.0,45221000.0,1.0,,141798000,,1.36,,,12186000.0,,,
101,CTAS,MRQ,1996-06-30,1996-05-31,1996-05-31,2021-10-07,-833000.0,668762000.0,,297502000.0,371260000.0,,3.034,-18221000.0,9066000.0,9066000.0,208223000.0,34085000.0,2.9,0.557,124516000.0,6592000.0,117924000.0,124516000.0,0.0,14152000.0,0.0,0.005,0.083,50301000.0,64453000.0,0.189,64453000.0,50301000.0,47181000.0,0.213,,0.213,429497000.0,,429497000.0,,,,29173000.0,0.206,1.0,131921000.0,0.388,0.0,3120000.0,681618000.0,,34678000.0,73477000.0,73477000.0,0.0,239265000.0,102594000.0,136671000.0,,-1791000.0,-18000.0,86000.0,5336000.0,-28697000.0,-23156000.0,-26029000.0,-7489000.0,47394000.0,0.0,34085000.0,34085000.0,34085000.0,0.0,0.0,0.1,82593000.0,49328000.0,19363000.0,0.39,,,30.495,252597000.0,0.0,18.083,,2.917,78244000.0,386673000.0,340144000.0,340144000.0,0.0,,,,,0.0,82537000.0,1.0,,141567000,,2.403,668762000.0,0.0,13096000.0,46218000.0,4.724,194908000.0
102,CTAS,MRQ,1996-03-31,1996-02-29,1996-02-29,2021-10-07,,,,,,,,-13618000.0,,,109855000.0,18524000.0,,,,,,,,10432000.0,,0.004,0.0,32620000.0,43052000.0,0.235,43052000.0,32620000.0,30300000.0,0.13,,0.13,,,,,,,19793000.0,0.14,1.0,73122000.0,0.4,,2320000.0,,,,,,,,,,,4940000.0,0.0,259000.0,-2563000.0,0.0,-1462000.0,-27009000.0,-12189000.0,33411000.0,0.0,18524000.0,18524000.0,18524000.0,0.0,0.0,0.101,41319000.0,31803000.0,,0.0,,,,,0.0,16.167,,,,,182977000.0,182977000.0,0.0,,,,,0.0,41319000.0,1.0,,141366000,,1.294,,,11776000.0,,,
103,CTAS,MRQ,1995-12-31,1995-11-30,1995-11-30,2021-10-07,,,,,,,,,,,109410000.0,18847000.0,,,,,,,,,,0.004,0.0,33154000.0,,,,33154000.0,30861000.0,0.133,,0.133,,,,,,,,,1.0,72959000.0,0.4,,2293000.0,,,,,,,,,,,,,,,,,,,,,18847000.0,18847000.0,18847000.0,0.0,0.0,0.103,40252000.0,32707000.0,,0.0,,,,,0.0,15.333,,,,,182369000.0,182369000.0,0.0,,,,,,40252000.0,1.0,,141159000,,1.292,,,12014000.0,,,
104,CTAS,MRQ,1995-06-30,1995-05-31,1995-05-31,2021-10-07,-975000.0,596181000.0,,241422000.0,354759000.0,,2.59,,6685000.0,6685000.0,,,2.541,0.636,130305000.0,10030000.0,120275000.0,130305000.0,0.0,,0.0,0.006,0.067,,,,,,,,,,364344000.0,,364344000.0,,,,,,1.0,,,0.0,,624789000.0,,36883000.0,38797000.0,38797000.0,0.0,231837000.0,95012000.0,136825000.0,,,,,,,,,,,,,,,,,,,,17265000.0,,,,25.727,227997000.0,,11.5,,2.63,69032000.0,323284000.0,,,,,,,,,,1.0,,140673000,,,596181000.0,0.0,,42109000.0,4.238,146410000.0
0,CTAS,MRT,2021-09-30,2021-08-31,2021-08-31,2021-10-07,-30266000.0,7857750000.0,8224205750.0,2477666000.0,5380084000.0,0.884,32.138,-161342000.0,79749000.0,79749000.0,3875510000.0,1142142000.0,1.092,1.375,2783988000.0,1318475000.0,1465513000.0,2783988000.0,0.0,389721000.0,0.0,0.015,5.96,1430346000.0,1820067000.0,0.25,1820067000.0,1430346000.0,1334832000.0,10.85,10.56,10.85,3309203000.0,3602880000.0,3309203000.0,42974233554.0,30.0,23.611,1149247000.0,11.161,1.0,3391206000.0,0.467,3328975000.0,95514000.0,4963975000.0,5426411000.0,463692000.0,295268000.0,0.0,295268000.0,4548547000.0,2269039000.0,2279508000.0,40751346554.0,-341793000.0,2996000.0,-1013615000.0,76000000.0,-530462000.0,-1472195000.0,-181594000.0,-8097000.0,1310589000.0,1407000.0,1142142000.0,1142142000.0,1142142000.0,0.0,0.0,0.157,1961319000.0,1429887000.0,202968000.0,0.549,12.315,35.68,36.476,1460522000.0,0.0,395.77,5.608,5.608,927360000.0,8109368000.0,7266716000.0,7266716000.0,0.0,0.139,0.317,0.264,0.197,119476000.0,1961319000.0,1.0,102967245.0,102967245,,70.573,4528775000.0,11249000.0,192690000.0,395599000.0,43.983,208627000.0
1,CTAS,MRT,2021-06-30,2021-05-31,2021-05-31,2021-10-07,30888000.0,8236823000.0,8270613500.0,2843309000.0,5393514000.0,0.86,35.105,-143470000.0,493640000.0,493640000.0,3801689000.0,1110968000.0,1.47,1.234,2716527000.0,942920000.0,1773607000.0,2716527000.0,0.0,387951000.0,0.0,0.014,5.01,1385959000.0,1773910000.0,0.249,1773910000.0,1385959000.0,1287749000.0,10.52,10.24,10.52,3687847000.0,3676780250.0,3687847000.0,39291088267.0,28.0,22.149,1217270000.0,11.587,1.0,3314651000.0,0.466,3321514000.0,98210000.0,5204111000.0,5661966250.0,481797000.0,274616000.0,0.0,274616000.0,4548976000.0,1934085000.0,2614891000.0,37140507267.0,348238000.0,21667000.0,-424164000.0,0.0,-451327000.0,-879868000.0,-137215000.0,-4299000.0,1360740000.0,4581000.0,1110968000.0,1110968000.0,1110968000.0,0.0,0.0,0.156,1929159000.0,1385492000.0,230786000.0,0.476,10.071,33.431,33.606,1486970000.0,0.0,353.54,5.219,5.219,901710000.0,7877015000.0,7116340000.0,7116340000.0,0.0,0.134,0.302,0.245,0.195,112035000.0,1929159000.0,1.0,105053197.0,105053197,,67.74,4915309000.0,22282000.0,176781000.0,386647000.0,46.789,909224000.0
2,CTAS,MRT,2021-03-31,2021-02-28,2021-02-28,2021-10-07,-12968000.0,8347497000.0,8128879000.0,2978556000.0,5368941000.0,0.849,36.337,-141320000.0,553611000.0,553611000.0,3736842000.0,987831000.0,2.345,1.187,2704192000.0,293703000.0,2410489000.0,2704192000.0,0.0,386381000.0,0.0,0.013,4.26,1237045000.0,1623426000.0,0.235,1623426000.0,1237045000.0,1137434000.0,9.37,9.12,9.37,3816510000.0,3563619000.0,3816510000.0,36063223199.0,29.0,22.214,1120429000.0,10.668,1.0,3163421000.0,0.458,3313569000.0,99611000.0,5914149000.0,5866731000.0,533211000.0,264581000.0,0.0,264581000.0,4530987000.0,1270360000.0,3260627000.0,34065418199.0,319170000.0,19050000.0,-228660000.0,-200000000.0,-371732000.0,-805010000.0,-137582000.0,-7443000.0,1261749000.0,13000.0,987831000.0,987831000.0,987831000.0,0.0,0.0,0.143,1926941000.0,1236480000.0,237857000.0,0.455,8.926,34.485,34.615,1486780000.0,0.0,324.34,4.937,4.937,929492000.0,7688425000.0,6900263000.0,6900263000.0,0.0,0.122,0.277,0.211,0.179,102428000.0,1926941000.0,1.0,105029963.0,105029963,,65.698,5033928000.0,57929000.0,149603000.0,389553000.0,47.928,1708196000.0
3,CTAS,MRT,2020-12-31,2020-11-30,2020-11-30,2021-10-07,-97407000.0,8454753000.0,8017499750.0,3102773000.0,5351980000.0,0.865,34.389,-161781000.0,703175000.0,703175000.0,3755555000.0,963967000.0,2.057,1.35,2700980000.0,292554000.0,2408426000.0,2700980000.0,0.0,385377000.0,0.0,0.01,3.51,1225489000.0,1610866000.0,0.232,1610866000.0,1225489000.0,1124487000.0,9.16,8.91,9.16,3597960000.0,3440568750.0,3597960000.0,39457252935.0,32.0,24.494,1131315000.0,10.813,1.0,3178300000.0,0.458,3320677000.0,101002000.0,5623409000.0,5931203250.0,534128000.0,252454000.0,0.0,252454000.0,4856793000.0,1508472000.0,3348321000.0,37173398935.0,476640000.0,-30644000.0,-142311000.0,-200000000.0,-267956000.0,-610754000.0,-204967000.0,-7115000.0,1293096000.0,-735000.0,963967000.0,963967000.0,963967000.0,0.0,0.0,0.139,1953636000.0,1224664000.0,274021000.0,0.383,10.332,38.563,38.788,1498355000.0,0.0,355.3,5.361,5.361,910266000.0,7509544000.0,6933855000.0,6933855000.0,0.0,0.12,0.28,0.207,0.177,103639000.0,1953636000.0,1.0,104625384.0,104625384,,66.273,5134076000.0,56802000.0,160520000.0,376414000.0,49.071,1594301000.0
4,CTAS,MRT,2020-09-30,2020-08-31,2020-08-31,2021-10-07,-115950000.0,8043381000.0,7875645750.0,2666177000.0,5377204000.0,0.891,34.829,-196422000.0,421542000.0,421542000.0,3809749000.0,925230000.0,2.439,1.231,2705396000.0,293222000.0,2412174000.0,2705396000.0,0.0,383238000.0,0.0,0.008,2.55,1206823000.0,1590061000.0,0.226,1590061000.0,1206823000.0,1104201000.0,8.82,8.56,8.82,3604804000.0,3317321250.0,3604804000.0,37050039759.0,31.0,23.301,1130452000.0,10.922,1.0,3210807000.0,0.457,3327689000.0,102622000.0,5906196000.0,6013864500.0,488165000.0,240431000.0,0.0,240431000.0,4438577000.0,1093350000.0,3345227000.0,34490010759.0,319411000.0,-38508000.0,-151972000.0,-339000000.0,-267956000.0,-759357000.0,-247201000.0,-5580000.0,1326874000.0,-905000.0,925230000.0,925230000.0,925230000.0,323000.0,0.0,0.132,2004551000.0,1206256000.0,252513000.0,0.289,9.568,37.277,37.782,1537505000.0,0.0,333.24,4.913,4.913,866414000.0,7596514000.0,7020556000.0,7020556000.0,0.0,0.117,0.279,0.201,0.172,104095000.0,2004551000.0,1.0,103499012.0,103499012,,67.832,4715692000.0,0.0,178971000.0,408400000.0,45.563,1572827000.0
5,CTAS,MRT,2020-06-30,2020-05-31,2020-05-31,2021-10-07,-153380000.0,7669885000.0,7780275500.0,2309699000.0,5360186000.0,0.911,31.093,-230289000.0,145402000.0,145402000.0,3851372000.0,876037000.0,2.609,1.371,2705431000.0,43031000.0,2662400000.0,2705431000.0,0.0,379053000.0,0.0,0.01,2.55,1163361000.0,1542414000.0,0.218,1542414000.0,1163361000.0,1057968000.0,8.36,8.11,8.36,3235202000.0,3178796750.0,3235202000.0,28475840088.0,24.0,18.462,1061194000.0,10.199,1.0,3233748000.0,0.456,3321549000.0,105393000.0,6023170000.0,6074771500.0,408898000.0,214847000.0,0.0,214847000.0,4434683000.0,885195000.0,3549488000.0,25800288088.0,48757000.0,-40420000.0,-373999000.0,-312500000.0,-267956000.0,-955207000.0,-285398000.0,-10031000.0,1291483000.0,-2121000.0,876037000.0,876037000.0,876037000.0,323000.0,0.0,0.124,2071052000.0,1162696000.0,230995000.0,0.305,7.975,29.451,29.66,1563032000.0,0.0,247.96,3.641,3.641,870369000.0,7296509000.0,7085120000.0,7085120000.0,0.0,0.113,0.276,0.192,0.164,115435000.0,2071052000.0,1.0,104050202.0,104050202,,68.093,4348336000.0,0.0,181931000.0,415678000.0,41.791,1424504000.0
6,CTAS,MRT,2020-03-31,2020-02-29,2020-02-29,2021-10-07,-94814000.0,7901980000.0,7721969750.0,2497706000.0,5404274000.0,0.94,32.041,-258293000.0,234441000.0,234441000.0,3909773000.0,957571000.0,2.342,1.377,2909993000.0,243843000.0,2666150000.0,2909993000.0,0.0,376257000.0,0.0,0.01,2.55,1270361000.0,1646618000.0,0.227,1646618000.0,1270361000.0,1165138000.0,9.11,8.81,9.11,3324309000.0,3120676500.0,3324309000.0,30361189859.0,24.0,18.439,1073401000.0,10.346,1.0,3349493000.0,0.461,3338848000.0,105223000.0,6172038000.0,6000233750.0,352924000.0,212798000.0,0.0,212798000.0,4577671000.0,1066646000.0,3511025000.0,27674487859.0,153582000.0,-36960000.0,-576759000.0,-17500000.0,-268046000.0,-868299000.0,-309104000.0,-10758000.0,1331694000.0,-709000.0,957571000.0,957571000.0,957571000.0,-2023000.0,0.0,0.132,2079820000.0,1269673000.0,243248000.0,0.28,8.325,28.901,29.28,1600035000.0,0.0,266.74,3.812,3.812,942853000.0,7151838000.0,7259266000.0,7259266000.0,0.0,0.124,0.307,0.212,0.175,130085000.0,2078906000.0,1.0,103750798.0,103750798,,69.968,4563132000.0,23485000.0,207567000.0,423677000.0,43.982,1431060000.0
7,CTAS,MRT,2019-12-31,2019-11-30,2019-11-30,2021-10-07,-36835000.0,7887337000.0,7604893000.0,2490287000.0,5397050000.0,0.938,30.0,-265272000.0,226535000.0,226535000.0,3850697000.0,926385000.0,1.92,1.54,2913237000.0,244051000.0,2669186000.0,2913237000.0,0.0,371752000.0,0.0,0.01,2.55,1236098000.0,1607850000.0,0.225,1607850000.0,1236098000.0,1130048000.0,8.79,8.5,8.79,3104970000.0,3084472250.0,3104970000.0,29549016286.0,24.0,18.378,1029374000.0,9.946,1.0,3280251000.0,0.46,3322734000.0,106050000.0,5954054000.0,5896408250.0,348304000.0,218873000.0,0.0,218873000.0,4782367000.0,1297251000.0,3485116000.0,26605620286.0,138056000.0,6685000.0,-670952000.0,26500000.0,-220764000.0,-875918000.0,-280671000.0,-13891000.0,1294646000.0,-1000.0,926385000.0,926385000.0,926385000.0,-2023000.0,0.0,0.13,2046975000.0,1233276000.0,254611000.0,0.29,8.569,28.72,29.245,1594817000.0,0.0,257.06,3.731,3.731,949122000.0,6917310000.0,7130948000.0,7130948000.0,0.0,0.122,0.3,0.21,0.173,133824000.0,2045262000.0,1.0,103499651.0,103499651,,68.898,4564603000.0,24878000.0,203663000.0,443857000.0,44.103,1193036000.0
8,CTAS,MRT,2019-09-30,2019-08-31,2019-08-31,2021-10-07,-60651000.0,7661900000.0,7484329500.0,2289818000.0,5372082000.0,0.936,29.767,-276934000.0,102131000.0,102131000.0,3802449000.0,923278000.0,2.039,1.512,3045527000.0,381786000.0,2663741000.0,3045527000.0,0.0,365792000.0,0.0,0.008,2.05,1247097000.0,1612889000.0,0.23,1612889000.0,1247097000.0,1142344000.0,8.69,8.41,8.69,3050706000.0,3065040750.0,3050706000.0,29789206888.0,24.0,18.469,904844000.0,8.829,1.0,3203018000.0,0.457,3332590000.0,104753000.0,6149824000.0,5794164000.0,336290000.0,208987000.0,0.0,208987000.0,4611194000.0,1122882000.0,3488312000.0,27036080888.0,-16225000.0,-2896000.0,-1057888000.0,339000000.0,-220764000.0,-954404000.0,-242992000.0,44552000.0,1181778000.0,-607000.0,923278000.0,923278000.0,923278000.0,-2365000.0,0.0,0.132,2028566000.0,1174452000.0,237242000.0,0.236,8.862,29.283,30.357,1585440000.0,0.0,263.8,3.859,3.859,917535000.0,6939240000.0,7005467000.0,7005467000.0,0.0,0.123,0.301,0.215,0.178,133433000.0,2019006000.0,1.0,102487039.0,102487039,,68.355,4329310000.0,0.0,219066000.0,445993000.0,42.243,1166936000.0
9,CTAS,MRT,2019-06-30,2019-05-31,2019-05-31,2021-10-07,-39152000.0,7436662000.0,7390655500.0,2236280000.0,5200382000.0,0.933,28.715,-276719000.0,96645000.0,96645000.0,3763715000.0,884981000.0,1.983,1.477,2849771000.0,312264000.0,2537507000.0,2849771000.0,0.0,360093000.0,0.0,0.009,2.05,1206481000.0,1566574000.0,0.227,1566574000.0,1206481000.0,1104745000.0,8.25,7.99,8.25,3002721000.0,3138856250.0,3002721000.0,25870554205.0,21.0,16.514,791143000.0,7.566,1.0,3128588000.0,0.454,3337036000.0,101736000.0,5725019000.0,5666624500.0,334589000.0,192346000.0,0.0,192346000.0,4433941000.0,1127733000.0,3306208000.0,23196955205.0,-42079000.0,-6613000.0,-950929000.0,312500000.0,-220764000.0,-873305000.0,-235638000.0,55501000.0,1067862000.0,-998000.0,884981000.0,884981000.0,884981000.0,-2346000.0,0.0,0.128,1995054000.0,1133534000.0,226020000.0,0.248,7.725,26.212,26.888,1430685000.0,0.0,221.83,3.366,3.366,910120000.0,6691236000.0,6892303000.0,6892303000.0,0.0,0.12,0.282,0.213,0.175,139210000.0,1980644000.0,1.0,104570866.0,104570866,,65.91,4099626000.0,7475000.0,219764000.0,438179000.0,39.204,1108547000.0
10,CTAS,MRT,2019-03-31,2019-02-28,2019-02-28,2021-10-07,412000.0,7433673000.0,7271043500.0,2223756000.0,5209917000.0,0.931,30.413,-283464000.0,80859000.0,80859000.0,3710762000.0,845033000.0,2.236,1.338,2754458000.0,217500000.0,2536958000.0,2754458000.0,0.0,340843000.0,0.0,0.01,2.05,1154594000.0,1495437000.0,0.221,1495437000.0,1154594000.0,1053812000.0,7.83,7.58,7.83,3179492000.0,3142307500.0,3179492000.0,24220197707.0,21.0,16.196,690549000.0,6.605,1.0,3057361000.0,0.452,3356185000.0,100782000.0,5756736000.0,5531941250.0,339805000.0,191818000.0,0.0,191818000.0,4254181000.0,994351000.0,3259830000.0,21598768707.0,-71704000.0,-11251000.0,-638209000.0,30000000.0,-220760000.0,-837148000.0,-208729000.0,93173000.0,974013000.0,160000.0,845033000.0,845033000.0,845033000.0,3140000.0,0.0,0.125,1972738000.0,1084623000.0,214567000.0,0.262,6.793,25.56,26.386,1424063000.0,0.0,206.6,3.191,3.191,878037000.0,6465121000.0,6768123000.0,6768123000.0,0.0,0.116,0.269,0.209,0.171,132344000.0,1944211000.0,1.0,104543895.0,104543895,,64.74,4077488000.0,42552000.0,208779000.0,439011000.0,39.003,1229405000.0
11,CTAS,MRT,2018-12-31,2018-11-30,2018-11-30,2021-10-07,3865000.0,7405083000.0,7144773500.0,2215870000.0,5189213000.0,0.934,28.32,-276847000.0,88479000.0,88479000.0,3672260000.0,943794000.0,1.988,1.446,2709908000.0,173500000.0,2536408000.0,2709908000.0,0.0,315248000.0,0.0,0.011,2.05,1080572000.0,1395820000.0,0.209,1395820000.0,1080572000.0,980659000.0,8.71,8.44,8.71,3027244000.0,3070933750.0,3027244000.0,22447628260.0,21.0,16.082,652871000.0,6.108,1.0,3002671000.0,0.45,3366749000.0,99913000.0,5545077000.0,5393600500.0,321874000.0,183548000.0,0.0,183548000.0,4377839000.0,1114686000.0,3263153000.0,20030125260.0,-147523000.0,-24827000.0,-553849000.0,-126500000.0,-175589000.0,-861998000.0,-216120000.0,85038000.0,929718000.0,877000.0,943794000.0,943794000.0,943794000.0,-3166000.0,0.0,0.141,1996279000.0,1006392000.0,211900000.0,0.235,6.617,21.223,21.513,1410530000.0,0.0,187.38,3.001,3.001,904062000.0,6261756000.0,6674931000.0,6674931000.0,0.0,0.132,0.307,0.2,0.162,132415000.0,1958730000.0,1.0,106895748.0,106895748,,62.443,4038334000.0,36595000.0,36865000.0,435461000.0,37.778,1101184000.0
12,CTAS,MRT,2018-09-30,2018-08-31,2018-08-31,2021-10-07,9861000.0,7287204000.0,7038203000.0,2104378000.0,5182826000.0,0.932,31.483,-273710000.0,118356000.0,118356000.0,3619222000.0,837890000.0,3.099,1.178,2535859000.0,0.0,2535859000.0,2535859000.0,0.0,297202000.0,0.0,0.008,1.62,970023000.0,1267225000.0,0.193,1267225000.0,970023000.0,865861000.0,7.72,7.49,7.72,3345968000.0,2952381000.0,3345968000.0,25073400735.0,26.0,19.786,599069000.0,5.637,1.0,2943882000.0,0.449,3385947000.0,104162000.0,5639666000.0,5268651250.0,303770000.0,180262000.0,0.0,180262000.0,3941236000.0,679094000.0,3262142000.0,22676815735.0,-73058000.0,-27333000.0,-179643000.0,-307500000.0,-175589000.0,-665215000.0,-279105000.0,20473000.0,872779000.0,-1517000.0,837890000.0,837890000.0,837890000.0,-2519000.0,0.0,0.128,1977919000.0,965963000.0,214011000.0,0.21,6.777,27.064,27.639,1394634000.0,0.0,213.37,3.455,3.455,838192000.0,6239535000.0,6563104000.0,6563104000.0,0.0,0.119,0.284,0.184,0.148,130377000.0,1935143000.0,1.0,106279307.0,106279307,,61.753,3901257000.0,6878000.0,27971000.0,424344000.0,36.708,1425284000.0
13,CTAS,MRT,2018-06-30,2018-05-31,2018-05-31,2021-10-07,16343000.0,6958214000.0,6929303500.0,1977932000.0,4980282000.0,0.935,28.266,-271699000.0,138724000.0,138724000.0,3568109000.0,842586000.0,2.549,1.307,2535309000.0,0.0,2535309000.0,2535309000.0,0.0,279416000.0,0.0,0.009,1.62,1009830000.0,1289246000.0,0.199,1289246000.0,1009830000.0,899655000.0,7.78,7.56,7.78,3016526000.0,2757359250.0,3016526000.0,22019581390.0,22.0,17.079,692461000.0,6.489,1.0,2908523000.0,0.449,3392656000.0,110175000.0,5186286000.0,5124830750.0,280347000.0,175581000.0,0.0,175581000.0,3941688000.0,775857000.0,3165831000.0,19449884390.0,-30542000.0,108489000.0,-85471000.0,-600500000.0,-175589000.0,-864140000.0,-135698000.0,26149000.0,964160000.0,5136000.0,842586000.0,842586000.0,842586000.0,-58654000.0,0.0,0.13,1958689000.0,949834000.0,215074000.0,0.208,6.448,23.084,23.425,1382730000.0,0.0,182.25,3.003,3.003,804583000.0,5837827000.0,6476632000.0,6476632000.0,0.0,0.122,0.306,0.197,0.156,112835000.0,1916792000.0,1.0,106720902.0,106720902,,60.688,3565558000.0,19634000.0,57069000.0,352581000.0,33.41,1202075000.0
14,CTAS,MRT,2018-03-31,2018-02-28,2018-02-28,2021-10-07,22517000.0,6928593000.0,6900764250.0,1979576000.0,4949017000.0,0.918,27.177,-250736000.0,152563000.0,152563000.0,3502458000.0,740650000.0,2.157,1.394,2722260000.0,187500000.0,2534760000.0,2722260000.0,0.0,269783000.0,0.0,0.009,1.62,926585000.0,1196368000.0,0.189,1196368000.0,926585000.0,795849000.0,6.85,6.66,6.85,2893997000.0,2578926000.0,2893997000.0,20771598437.0,22.0,17.362,690257000.0,6.482,1.0,2834911000.0,0.447,3377344000.0,130736000.0,5203373000.0,5155294250.0,274819000.0,212220000.0,33693000.0,178527000.0,4034596000.0,917573000.0,3117023000.0,18173378437.0,5319000.0,-1964804000.0,4874000.0,1470229000.0,-175578000.0,1293846000.0,-2234857000.0,-20839000.0,940993000.0,5337000.0,740650000.0,740650000.0,740650000.0,-63842000.0,0.0,0.117,1973270000.0,861641000.0,172181000.0,0.236,6.28,24.537,24.914,1367580000.0,0.0,170.66,2.868,2.868,779220000.0,5651656000.0,6337369000.0,6337369000.0,0.0,0.107,0.287,0.18,0.146,111334000.0,1882658000.0,1.0,106488799.0,106488799,,59.512,3551249000.0,21651000.0,55199000.0,376665000.0,33.349,1062003000.0
15,CTAS,MRT,2017-12-31,2017-11-30,2017-11-30,2021-10-07,20437000.0,6978801000.0,6236407000.0,2043449000.0,4935352000.0,0.963,24.016,-250610000.0,236002000.0,236002000.0,3309226000.0,556560000.0,1.77,1.734,2834222000.0,300000000.0,2534222000.0,2834222000.0,0.0,248384000.0,0.0,0.01,1.62,912924000.0,1161308000.0,0.193,1161308000.0,912924000.0,794393000.0,5.16,5.02,5.16,2553033000.0,2399991250.0,2553033000.0,19386270374.0,21.0,16.693,590565000.0,5.555,1.0,2694372000.0,0.449,3377370000.0,118531000.0,5045280000.0,4588884500.0,272830000.0,198395000.0,22732000.0,175663000.0,4425768000.0,1154371000.0,3271397000.0,16736562374.0,92429000.0,-1955457000.0,4012000.0,1616229000.0,-142433000.0,1472053000.0,-2224522000.0,-17057000.0,841175000.0,3723000.0,556560000.0,556560000.0,556560000.0,-58587000.0,0.0,0.093,1840764000.0,853608000.0,162981000.0,0.314,6.556,30.071,30.512,1353159000.0,0.0,157.44,2.788,2.788,763555000.0,5349539000.0,6003598000.0,6003598000.0,0.0,0.089,0.232,0.199,0.152,104490000.0,1750629000.0,1.0,106304385.0,106304385,,56.476,3601431000.0,35700000.0,237833000.0,539043000.0,33.878,889078000.0
16,CTAS,MRT,2017-09-30,2017-08-31,2017-08-31,2021-10-07,32003000.0,6851606000.0,5545351500.0,1924553000.0,4927053000.0,1.022,24.336,-257254000.0,191414000.0,191414000.0,3125013000.0,559828000.0,1.842,1.67,2841122000.0,307450000.0,2533672000.0,2841122000.0,0.0,221936000.0,0.0,0.01,1.33,896964000.0,1118900000.0,0.197,1118900000.0,896964000.0,794295000.0,5.22,5.08,5.22,2565881000.0,2268159250.0,2565881000.0,17199154134.0,19.0,15.371,603411000.0,5.723,1.0,2543221000.0,0.449,3392135000.0,102669000.0,5064384000.0,4089108250.0,283197000.0,185257000.0,21626000.0,163631000.0,4285725000.0,1044795000.0,3240930000.0,14234896134.0,92205000.0,-1934895000.0,-4050000.0,1525929000.0,-142433000.0,1364097000.0,-2137121000.0,54610000.0,860665000.0,4564000.0,559828000.0,559828000.0,559828000.0,-77642000.0,0.0,0.099,1724368000.0,818853000.0,189571000.0,0.255,5.548,25.427,25.864,1340660000.0,0.0,135.01,2.511,2.511,731577000.0,5388040000.0,5668234000.0,5668234000.0,0.0,0.101,0.247,0.219,0.158,96719000.0,1643960000.0,1.0,105435865.0,105435865,,53.76,3459471000.0,0.0,234467000.0,547326000.0,32.811,879758000.0
17,CTAS,MRT,2017-06-30,2017-05-31,2017-05-31,2021-10-07,-3029000.0,6844057000.0,4874236250.0,1954478000.0,4889579000.0,1.092,21.864,-273317000.0,169266000.0,169266000.0,2943086000.0,480708000.0,1.728,1.972,3133524000.0,362900000.0,2770624000.0,3133524000.0,0.0,196595000.0,0.0,0.011,1.33,797350000.0,993945000.0,0.187,993945000.0,797350000.0,710826000.0,4.49,4.38,4.49,2302793000.0,2123539500.0,2302793000.0,14255298972.0,18.0,14.342,490570000.0,4.658,1.0,2380295000.0,0.447,3369323000.0,86524000.0,5308140000.0,3618596750.0,278218000.0,187007000.0,22219000.0,164788000.0,4541264000.0,1130852000.0,3410412000.0,13258002972.0,29909000.0,-2074095000.0,11146000.0,1732729000.0,-142433000.0,1578502000.0,-2310349000.0,37259000.0,763887000.0,-2131000.0,480708000.0,480708000.0,480708000.0,-23422000.0,0.0,0.09,1606604000.0,773691000.0,177051000.0,0.296,5.757,27.58,28.036,1323501000.0,0.0,125.88,2.491,2.491,736008000.0,5170830000.0,5323381000.0,5323381000.0,0.0,0.099,0.226,0.22,0.15,88868000.0,1527380000.0,1.0,105322553.0,105322553,,50.544,3474734000.0,44320000.0,230118000.0,469328000.0,32.991,823626000.0
18,CTAS,MRT,2017-03-31,2017-02-28,2017-02-28,2021-10-07,-11941000.0,4271164000.0,4187925750.0,1629941000.0,2641223000.0,1.183,20.738,-286504000.0,147244000.0,147244000.0,2728056000.0,527371000.0,1.727,0.961,1144540000.0,399351000.0,745189000.0,1144540000.0,0.0,174322000.0,0.0,0.011,1.33,829539000.0,1003861000.0,0.203,1003861000.0,829539000.0,772628000.0,4.93,4.83,4.93,2178258000.0,2008506000.0,2178258000.0,13362928495.0,16.0,13.312,365945000.0,3.484,1.0,2226757000.0,0.449,1386758000.0,56911000.0,2937734000.0,3062575500.0,272181000.0,148168000.0,0.0,148168000.0,2092906000.0,943968000.0,1148938000.0,12395667495.0,-167872000.0,3978000.0,-266686000.0,-150500000.0,-142444000.0,-580043000.0,-238872000.0,43922000.0,652449000.0,-1406000.0,527371000.0,527371000.0,527371000.0,-42584000.0,0.0,0.106,1440240000.0,786517000.0,127940000.0,0.27,5.691,23.505,23.937,1090209000.0,0.0,118.01,2.502,2.502,598863000.0,5086584000.0,4954813000.0,4954813000.0,0.0,0.126,0.263,0.271,0.167,85702000.0,1424762000.0,1.0,105039128.0,105039128,,47.171,2884406000.0,20560000.0,245257000.0,267065000.0,27.46,685973000.0
19,CTAS,MRT,2016-12-31,2016-11-30,2016-11-30,2021-10-07,-17286000.0,4214579000.0,4177937250.0,1600662000.0,2613917000.0,1.177,19.304,-308741000.0,143573000.0,143573000.0,2724088000.0,526707000.0,2.138,1.081,1110834000.0,66000000.0,1044834000.0,1110834000.0,0.0,171435000.0,0.0,0.012,1.33,829835000.0,1001270000.0,0.204,1001270000.0,829835000.0,770457000.0,4.9,4.81,4.9,2025705000.0,1951468000.0,2025705000.0,13134844605.0,16.0,13.118,193788000.0,1.847,1.0,2191441000.0,0.446,1386908000.0,59378000.0,3046175000.0,3074761000.0,263301000.0,140530000.0,0.0,140530000.0,2188874000.0,748757000.0,1440117000.0,12025625605.0,-463212000.0,-24664000.0,-367081000.0,-184000000.0,-115273000.0,-685577000.0,-276932000.0,53991000.0,502529000.0,-3232000.0,526707000.0,526707000.0,526707000.0,-41595000.0,0.0,0.107,1403963000.0,787478000.0,127815000.0,0.271,5.937,22.832,23.388,1067214000.0,0.0,114.6,2.446,2.446,607452000.0,4968437000.0,4915529000.0,4915529000.0,0.0,0.126,0.27,0.27,0.169,78634000.0,1397829000.0,1.0,104935651.0,104935651,,46.843,2827671000.0,1228000.0,243750000.0,265091000.0,26.947,851905000.0
20,CTAS,MRT,2016-09-30,2016-08-31,2016-08-31,2021-10-07,-36412000.0,4167145000.0,4236990500.0,1594748000.0,2572397000.0,1.148,19.072,-291334000.0,99209000.0,99209000.0,2709909000.0,731430000.0,2.243,1.097,1208428000.0,163800000.0,1044628000.0,1208428000.0,0.0,168679000.0,0.0,0.009,1.05,1041028000.0,1209707000.0,0.249,1209707000.0,1041028000.0,978746000.0,6.69,6.58,6.69,1987402000.0,1926173750.0,1987402000.0,13406065267.0,13.0,11.082,189016000.0,1.814,1.0,2153623000.0,0.443,1383167000.0,62282000.0,3182338000.0,2980529500.0,262156000.0,205434000.0,64558000.0,140876000.0,2179743000.0,710859000.0,1468884000.0,12245422267.0,-47651000.0,510306000.0,-544759000.0,-86200000.0,-115273000.0,-754033000.0,229637000.0,-26971000.0,480350000.0,-3605000.0,731430000.0,731430000.0,731430000.0,-252815000.0,0.0,0.15,1366252000.0,787371000.0,129650000.0,0.157,6.162,16.742,17.565,1033160000.0,0.0,117.51,2.518,2.518,586372000.0,4970647000.0,4863532000.0,4863532000.0,0.0,0.173,0.38,0.349,0.214,76155000.0,1363465000.0,1.0,104207491.0,104207491,,46.672,2783978000.0,0.0,247316000.0,294209000.0,26.716,883889000.0
21,CTAS,MRT,2016-06-30,2016-05-31,2016-05-31,2021-10-07,-24874000.0,4098815000.0,4225941500.0,1590579000.0,2508236000.0,1.135,17.221,-275385000.0,139357000.0,139357000.0,2694432000.0,693520000.0,1.95,1.224,1294422000.0,250000000.0,1044422000.0,1294422000.0,0.0,165279000.0,0.0,0.011,1.05,1014752000.0,1180031000.0,0.246,1180031000.0,1014752000.0,950230000.0,6.3,6.21,6.3,1842659000.0,1891490500.0,1842659000.0,11128787455.0,11.0,9.431,190460000.0,1.78,1.0,2101340000.0,0.438,1354270000.0,64522000.0,3084055000.0,2927183500.0,249362000.0,195357000.0,70405000.0,124952000.0,2256156000.0,815555000.0,1440601000.0,10143903455.0,-277716000.0,424258000.0,-751925000.0,-16000.0,-115273000.0,-866724000.0,128381000.0,-59967000.0,465845000.0,-5218000.0,693520000.0,693520000.0,693520000.0,-244915000.0,0.0,0.145,1332399000.0,768941000.0,110940000.0,0.167,5.505,14.627,15.048,993692000.0,0.0,94.8,2.115,2.115,546488000.0,4805867000.0,4795772000.0,4795772000.0,0.0,0.164,0.367,0.347,0.212,79293000.0,1332399000.0,1.0,107003201.0,107003201,,44.819,2744545000.0,1712000.0,256710000.0,259475000.0,25.649,775024000.0
22,CTAS,MRT,2016-03-31,2016-02-29,2016-02-29,2021-10-07,-33674000.0,4231210000.0,4249352750.0,1758824000.0,2472386000.0,1.099,18.035,-262182000.0,315116000.0,315116000.0,2635029000.0,667837000.0,2.048,1.17,1300000000.0,250000000.0,1050000000.0,1300000000.0,0.0,161713000.0,0.0,0.013,1.05,980786000.0,1142499000.0,0.245,1142499000.0,980786000.0,915645000.0,5.98,5.89,5.98,1950106000.0,1913939500.0,1950106000.0,9775091747.0,10.0,8.556,237602000.0,2.197,1.0,2034398000.0,0.436,1370814000.0,65141000.0,2986476000.0,2988337750.0,255203000.0,190310000.0,71703000.0,118607000.0,2281104000.0,858804000.0,1422300000.0,9081876747.0,-43204000.0,541766000.0,-709227000.0,-78000.0,-115223000.0,-824925000.0,289841000.0,-29314000.0,499784000.0,-7904000.0,667837000.0,667837000.0,667837000.0,-236291000.0,0.0,0.143,1290639000.0,743759000.0,151833000.0,0.176,4.657,13.599,14.045,964680000.0,0.0,83.99,1.945,1.945,550748000.0,4674975000.0,4669427000.0,4669427000.0,0.0,0.157,0.349,0.328,0.21,68155000.0,1290639000.0,1.0,108130453.0,108130453,,43.183,2860396000.0,0.0,247808000.0,293255000.0,26.453,900020000.0
23,CTAS,MRT,2015-12-31,2015-11-30,2015-11-30,2021-10-07,-17680000.0,4450792000.0,4258136750.0,2043280000.0,2407512000.0,1.071,17.826,-226512000.0,606785000.0,606785000.0,2577094000.0,645379000.0,1.807,1.313,1300000000.0,250000000.0,1050000000.0,1300000000.0,0.0,157823000.0,0.0,0.011,1.05,955702000.0,1113525000.0,0.244,1113525000.0,955702000.0,890470000.0,5.72,5.64,5.72,1924528000.0,1938329500.0,1924528000.0,11041151612.0,12.0,9.915,326228000.0,3.022,1.0,1985097000.0,0.435,1343777000.0,65232000.0,2669249000.0,3089114250.0,251477000.0,192373000.0,65826000.0,126547000.0,2526264000.0,1130981000.0,1395283000.0,9888011612.0,-219939000.0,562372000.0,-855488000.0,-170000.0,-201891000.0,-1057072000.0,292072000.0,-80815000.0,552740000.0,-7679000.0,645379000.0,645379000.0,645379000.0,-230781000.0,0.0,0.141,1260673000.0,724424000.0,134843000.0,0.184,5.138,15.321,16.012,916544000.0,0.0,91.59,2.167,2.167,549190000.0,4557245000.0,4562191000.0,4562191000.0,0.0,0.152,0.333,0.309,0.209,62458000.0,1260673000.0,1.0,107959511.0,107959511,,42.258,3107015000.0,0.0,245091000.0,464004000.0,28.779,912299000.0
24,CTAS,MRT,2015-09-30,2015-08-31,2015-08-31,2021-10-07,-20004000.0,4122949000.0,4319831500.0,1733952000.0,2388997000.0,1.034,16.774,-212301000.0,146860000.0,146860000.0,2527369000.0,420691000.0,1.807,1.23,1300000000.0,250000000.0,1050000000.0,1300000000.0,0.0,155196000.0,0.0,0.01,0.85,723908000.0,879104000.0,0.197,879104000.0,723908000.0,658918000.0,3.63,3.58,3.63,1848669000.0,2008031000.0,1848669000.0,10249790401.0,14.0,11.659,362857000.0,3.292,1.0,1939121000.0,0.434,1347809000.0,64990000.0,2968954000.0,3193835250.0,240046000.0,176848000.0,53354000.0,123494000.0,2274280000.0,959326000.0,1314954000.0,9366863401.0,-434593000.0,161622000.0,-673678000.0,-354000.0,-201891000.0,-881081000.0,-118056000.0,-69665000.0,575158000.0,-10614000.0,420691000.0,420691000.0,420691000.0,-17845000.0,0.0,0.094,1233463000.0,705658000.0,131956000.0,0.234,5.067,22.265,23.413,896786000.0,0.0,84.99,2.097,2.097,531127000.0,4327807000.0,4466490000.0,4466490000.0,0.0,0.097,0.21,0.227,0.162,58639000.0,1233463000.0,1.0,110211359.0,110211359,,40.527,2775140000.0,0.0,238227000.0,274890000.0,25.18,774626000.0
25,CTAS,MRT,2015-06-30,2015-05-31,2015-05-31,2021-10-07,-8471000.0,4192460000.0,4428161750.0,1735807000.0,2456653000.0,0.987,16.893,-217720000.0,417073000.0,417073000.0,2476754000.0,430618000.0,3.412,1.169,1300000000.0,0.0,1300000000.0,1300000000.0,0.0,155082000.0,0.0,0.01,0.85,733782000.0,888864000.0,0.203,888864000.0,733782000.0,668621000.0,3.68,3.63,3.68,1932455000.0,2113857250.0,1932455000.0,10789922392.0,15.0,12.139,362556000.0,3.169,1.0,1892923000.0,0.433,1238046000.0,65161000.0,3328672000.0,3302760000.0,226211000.0,345773000.0,16081000.0,329692000.0,2260005000.0,508669000.0,1751336000.0,9848242392.0,-96215000.0,259677000.0,-511740000.0,-518000.0,-201891000.0,-712560000.0,44987000.0,1647000.0,580276000.0,-8918000.0,430618000.0,430618000.0,430618000.0,-28065000.0,0.0,0.099,1209284000.0,683639000.0,109607000.0,0.231,5.096,22.87,23.394,871421000.0,0.0,86.09,2.254,2.254,496130000.0,4227620000.0,4369677000.0,4369677000.0,0.0,0.097,0.204,0.222,0.168,47002000.0,1209284000.0,1.0,114394731.0,114394731,,38.198,2954414000.0,936000.0,238003000.0,339327000.0,25.826,1227138000.0
26,CTAS,MRT,2015-03-31,2015-02-28,2015-02-28,2021-10-07,-4263000.0,4266346000.0,4495659750.0,1710125000.0,2556221000.0,0.933,17.453,-195005000.0,358320000.0,358320000.0,2401369000.0,452627000.0,2.952,1.084,1300000000.0,0.0,1300000000.0,1300000000.0,0.0,161617000.0,0.0,0.01,0.85,753020000.0,914637000.0,0.218,914637000.0,753020000.0,687858000.0,3.81,3.76,3.81,2047666000.0,2178958000.0,2047666000.0,10267808257.0,14.0,11.226,402837000.0,3.433,1.0,1791628000.0,0.427,1239213000.0,65162000.0,3389582000.0,3294823750.0,234641000.0,490412000.0,44874000.0,445538000.0,2218680000.0,579231000.0,1639449000.0,9794532257.0,9461000.0,323320000.0,-476213000.0,-633000.0,-201947000.0,-685524000.0,103529000.0,-22018000.0,597842000.0,-6386000.0,452627000.0,452627000.0,452627000.0,-51098000.0,0.0,0.108,1111646000.0,679982000.0,111952000.0,0.223,4.783,21.639,21.911,853391000.0,0.0,83.48,2.336,2.336,497978000.0,4122354000.0,4192997000.0,4192997000.0,0.0,0.101,0.208,0.229,0.18,43643000.0,1113804000.0,1.0,117327890.0,117327890,,35.737,3027133000.0,6633000.0,235231000.0,232232000.0,25.801,1130894000.0
27,CTAS,MRT,2014-12-31,2014-11-30,2014-11-30,2021-10-07,17510000.0,4697571000.0,4529183500.0,2145980000.0,2551591000.0,0.926,18.835,-181820000.0,826724000.0,826724000.0,2409168000.0,442346000.0,2.519,1.132,1300000000.0,0.0,1300000000.0,1300000000.0,0.0,172094000.0,0.0,0.012,0.85,734678000.0,906772000.0,0.216,906772000.0,734678000.0,669352000.0,3.7,3.65,3.7,2203334000.0,2228049750.0,2203334000.0,9275568750.0,13.0,10.229,494442000.0,4.227,1.0,1785955000.0,0.426,1230950000.0,65326000.0,3088133000.0,3243277250.0,235860000.0,456864000.0,0.0,456864000.0,2494237000.0,851764000.0,1642473000.0,8557021750.0,517390000.0,332757000.0,-226909000.0,-714000.0,-93320000.0,-325039000.0,172167000.0,23839000.0,676262000.0,-6000000.0,442346000.0,442346000.0,442346000.0,-56822000.0,0.0,0.105,1129987000.0,655968000.0,171629000.0,0.23,3.884,19.345,19.77,845127000.0,0.0,73.15,2.04,2.04,510153000.0,4027464000.0,4195123000.0,4195123000.0,0.0,0.098,0.199,0.227,0.175,40036000.0,1129987000.0,1.0,116979108.0,116979108,,35.862,3466621000.0,0.0,227006000.0,251056000.0,29.635,1294216000.0
28,CTAS,MRT,2014-09-30,2014-08-31,2014-08-31,2021-10-07,26818000.0,4556270000.0,4446140250.0,2012949000.0,2543321000.0,0.944,19.518,-176168000.0,581453000.0,581453000.0,2424065000.0,406796000.0,3.165,1.005,1300000000.0,0.0,1300000000.0,1300000000.0,0.0,182122000.0,0.0,0.012,0.77,689066000.0,871188000.0,0.208,871188000.0,689066000.0,623184000.0,3.39,3.35,3.39,2271974000.0,2214209250.0,2271974000.0,8486631924.0,12.0,9.741,495443000.0,4.256,1.0,1771610000.0,0.422,1234153000.0,65882000.0,3404653000.0,3251613250.0,249817000.0,451897000.0,0.0,451897000.0,2284296000.0,636011000.0,1648285000.0,7698939924.0,302783000.0,179150000.0,-283621000.0,-8200000.0,-93320000.0,-382000000.0,13642000.0,16245000.0,671611000.0,-470000.0,406796000.0,406796000.0,406796000.0,-40517000.0,0.0,0.097,1145014000.0,626596000.0,141795000.0,0.227,3.389,18.926,19.51,838493000.0,0.0,66.14,1.835,1.835,489211000.0,4109001000.0,4195675000.0,4195675000.0,0.0,0.091,0.184,0.212,0.164,35171000.0,1145014000.0,1.0,116403688.0,116403688,,36.044,3322117000.0,0.0,216388000.0,297054000.0,28.54,1376938000.0
29,CTAS,MRT,2014-06-30,2014-05-31,2014-05-31,2021-10-07,28428000.0,4462452000.0,4384867000.0,1805681000.0,2656771000.0,0.956,18.245,-145580000.0,513288000.0,513288000.0,2444085000.0,374442000.0,2.866,1.035,1300980000.0,503000.0,1300477000.0,1300980000.0,0.0,190862000.0,0.0,0.012,0.77,639619000.0,830481000.0,0.198,830481000.0,639619000.0,573797000.0,3.08,3.05,3.08,2192858000.0,2195218500.0,2192858000.0,8418658951.0,13.0,10.137,460389000.0,3.83,1.0,1749759000.0,0.417,1323086000.0,65822000.0,3296927000.0,3200871500.0,251239000.0,458357000.0,0.0,458357000.0,2269594000.0,630131000.0,1639463000.0,7466361951.0,161015000.0,145918000.0,-328697000.0,-8187000.0,-93320000.0,-429735000.0,-14543000.0,-9662000.0,605969000.0,-676000.0,374442000.0,374442000.0,374442000.0,-36670000.0,0.0,0.089,1147039000.0,602720000.0,150070000.0,0.25,3.405,19.94,20.169,855702000.0,0.0,62.12,1.78,1.78,508427000.0,3998893000.0,4193844000.0,4193844000.0,0.0,0.085,0.171,0.2,0.153,29875000.0,1147039000.0,1.0,120192562.0,120192562,,34.893,3139366000.0,0.0,199355000.0,252004000.0,26.119,1175550000.0
30,CTAS,MRT,2014-03-31,2014-02-28,2014-02-28,2021-10-07,35552000.0,4400441000.0,4355662000.0,1664909000.0,2735532000.0,1.009,18.724,-158302000.0,348859000.0,348859000.0,2567464000.0,333195000.0,3.012,0.961,1301156000.0,633000.0,1300523000.0,1301156000.0,0.0,193536000.0,0.0,0.013,0.77,596205000.0,789741000.0,0.18,789741000.0,596205000.0,530261000.0,2.73,2.71,2.73,2244033000.0,2197377000.0,2244033000.0,8262097880.0,14.0,10.462,411876000.0,3.437,1.0,1826265000.0,0.416,1616540000.0,65944000.0,3183396000.0,3160778750.0,256132000.0,4840000.0,4840000.0,0.0,2156408000.0,552802000.0,1603606000.0,7270102880.0,131389000.0,-37710000.0,-156130000.0,-8174000.0,-93314000.0,-245698000.0,-190496000.0,7061000.0,570178000.0,-2595000.0,333195000.0,333195000.0,333195000.0,106000.0,0.0,0.076,1230201000.0,596064000.0,117336000.0,0.282,3.24,21.819,22.22,981197000.0,0.0,60.66,1.655,1.655,529668000.0,3871675000.0,4393729000.0,4393729000.0,0.0,0.076,0.152,0.189,0.136,28898000.0,1228043000.0,1.0,119850031.0,119850031,,36.66,2783901000.0,0.0,197066000.0,218933000.0,23.228,1112107000.0
31,CTAS,MRT,2013-12-31,2013-11-30,2013-11-30,2021-10-07,40286000.0,4365398000.0,4310876500.0,1618782000.0,2746616000.0,1.011,17.916,-174209000.0,309334000.0,309334000.0,2559858000.0,323298000.0,2.634,1.032,1301329000.0,714000.0,1300615000.0,1301329000.0,0.0,193004000.0,0.0,0.014,0.77,579437000.0,772441000.0,0.177,772441000.0,579437000.0,513609000.0,2.63,2.62,2.63,2147972000.0,2168930250.0,2147972000.0,7684176104.0,13.0,9.948,373556000.0,3.116,1.0,1798572000.0,0.413,1621355000.0,65828000.0,3121477000.0,3164641500.0,249486000.0,4156000.0,4156000.0,0.0,2217426000.0,614561000.0,1602865000.0,6653847104.0,66847000.0,-48641000.0,-186945000.0,-8161000.0,-79744000.0,-265855000.0,-213129000.0,11316000.0,547765000.0,-1934000.0,323298000.0,323298000.0,323298000.0,382000.0,0.0,0.074,1219088000.0,579484000.0,103242000.0,0.293,3.098,20.581,21.103,988897000.0,0.0,55.5,1.527,1.527,520523000.0,3787067000.0,4358430000.0,4358430000.0,0.0,0.075,0.149,0.183,0.133,26850000.0,1219088000.0,1.0,119889137.0,119889137,,36.354,2744043000.0,0.0,190311000.0,214425000.0,22.888,1004221000.0
32,CTAS,MRT,2013-09-30,2013-08-31,2013-08-31,2021-10-07,37951000.0,4311177000.0,4273997500.0,1572289000.0,2738888000.0,1.005,17.953,-186510000.0,278670000.0,278670000.0,2531356000.0,316463000.0,3.049,0.963,1308999000.0,8200000.0,1300799000.0,1308999000.0,0.0,191329000.0,0.0,0.013,0.64,565908000.0,757237000.0,0.176,757237000.0,565908000.0,500271000.0,2.55,2.55,2.55,2196011000.0,2152098250.0,2196011000.0,6798915686.0,12.0,8.979,353932000.0,2.893,1.0,1763529000.0,0.411,1624125000.0,65637000.0,3201686000.0,3163476000.0,245470000.0,4189000.0,4189000.0,0.0,2115166000.0,515695000.0,1599471000.0,5842022686.0,-40547000.0,-99456000.0,-216932000.0,-649000.0,-79744000.0,-289512000.0,-289944000.0,-2444000.0,540442000.0,-1533000.0,316463000.0,316463000.0,316463000.0,788000.0,0.0,0.074,1197233000.0,566296000.0,124952000.0,0.251,2.66,18.46,18.729,991331000.0,0.0,47.76,1.36,1.36,511642000.0,3795525000.0,4294885000.0,4294885000.0,0.0,0.074,0.147,0.179,0.132,24846000.0,1197233000.0,1.0,122320408.0,122320408,,35.112,2687052000.0,0.0,183808000.0,237588000.0,21.967,1056594000.0
33,CTAS,MRT,2013-06-30,2013-05-31,2013-05-31,2021-10-07,38123000.0,4345632000.0,4234262000.0,1624826000.0,2720806000.0,1.003,17.968,-196486000.0,352273000.0,352273000.0,2492655000.0,315442000.0,2.921,0.974,1309166000.0,8187000.0,1300979000.0,1309166000.0,0.0,189377000.0,0.0,0.014,0.64,565243000.0,754620000.0,0.178,754620000.0,565243000.0,499531000.0,2.53,2.52,2.53,2201492000.0,2141699250.0,2201492000.0,6685536715.0,12.0,8.859,356262000.0,2.908,1.0,1753309000.0,0.413,1609713000.0,65712000.0,3136556000.0,3162343000.0,240440000.0,107205000.0,5680000.0,101525000.0,2144140000.0,556256000.0,1587884000.0,5593676715.0,12448000.0,-69370000.0,-200874000.0,24364000.0,-79744000.0,-256058000.0,-284181000.0,-16986000.0,552748000.0,-61000.0,315442000.0,315442000.0,315442000.0,1144000.0,0.0,0.074,1187331000.0,565978000.0,121029000.0,0.253,2.541,17.733,18.045,986703000.0,0.0,45.655,1.317,1.317,496049000.0,3717771000.0,4245964000.0,4245964000.0,0.0,0.074,0.147,0.179,0.133,23310000.0,1187331000.0,1.0,122520572.0,122520572,,34.655,2735919000.0,9102000.0,184089000.0,210483000.0,22.33,1068570000.0
34,CTAS,MRT,2013-03-31,2013-02-28,2013-02-28,2021-10-07,38448000.0,4221299000.0,4189280500.0,1509452000.0,2711847000.0,1.012,17.279,-194885000.0,217470000.0,217470000.0,2477247000.0,308079000.0,3.014,0.982,1309330000.0,674000.0,1308656000.0,1309330000.0,0.0,190205000.0,0.0,0.015,0.64,553331000.0,743536000.0,0.175,743536000.0,553331000.0,485793000.0,2.44,2.43,2.44,2130246000.0,2126110000.0,2130246000.0,6479268190.0,12.0,8.714,335606000.0,2.722,1.0,1763720000.0,0.416,1613560000.0,67538000.0,3198847000.0,3096402750.0,246957000.0,28216000.0,28216000.0,0.0,2091053000.0,500752000.0,1590301000.0,5412265190.0,-513000.0,-68607000.0,-306581000.0,24421000.0,-79744000.0,-364124000.0,-165933000.0,98063000.0,530491000.0,-947000.0,308079000.0,308079000.0,308079000.0,0.0,0.0,0.073,1211548000.0,552172000.0,109064000.0,0.262,2.541,17.568,17.992,976844000.0,0.0,43.9,1.276,1.276,495124000.0,3631793000.0,4240967000.0,4240967000.0,0.0,0.074,0.145,0.179,0.13,21949000.0,1211548000.0,1.0,123286223.0,123286223,,34.399,2607739000.0,15331000.0,177714000.0,209455000.0,21.152,1008700000.0
35,CTAS,MRT,2012-12-31,2012-11-30,2012-11-30,2021-10-07,46168000.0,4217882000.0,4197247500.0,1519662000.0,2698220000.0,0.995,16.658,-180032000.0,242487000.0,242487000.0,2429723000.0,309409000.0,2.737,1.027,1309490000.0,661000.0,1308829000.0,1309490000.0,0.0,190433000.0,0.0,0.015,0.64,558085000.0,748518000.0,0.179,748518000.0,558085000.0,489630000.0,2.42,2.41,2.42,2080644000.0,2142705250.0,2080644000.0,6166402493.0,11.0,8.238,341135000.0,2.731,1.0,1747682000.0,0.418,1612891000.0,68455000.0,3116815000.0,3072541250.0,236195000.0,33862000.0,33862000.0,0.0,2137238000.0,555179000.0,1582059000.0,5175971493.0,34715000.0,-63556000.0,-283201000.0,24268000.0,-70820000.0,-333128000.0,-153897000.0,94125000.0,521167000.0,573000.0,309409000.0,309409000.0,309409000.0,0.0,0.0,0.074,1190997000.0,556685000.0,118534000.0,0.264,2.488,16.729,17.124,967260000.0,0.0,41.44,1.239,1.239,479106000.0,3557088000.0,4177405000.0,4177405000.0,0.0,0.074,0.144,0.182,0.134,21640000.0,1190997000.0,1.0,124902787.0,124902787,,33.445,2604991000.0,20976000.0,180221000.0,206782000.0,20.856,964483000.0
36,CTAS,MRT,2012-09-30,2012-08-31,2012-08-31,2021-10-07,44015000.0,4152235000.0,4196605000.0,1523877000.0,2628358000.0,0.986,17.027,-163819000.0,319217000.0,319217000.0,2390702000.0,305732000.0,3.967,0.927,1309648000.0,636000.0,1309012000.0,1309648000.0,0.0,192097000.0,0.0,0.013,0.54,552001000.0,744098000.0,0.18,744098000.0,552001000.0,482112000.0,2.36,2.35,2.36,2154415000.0,2148199000.0,2154415000.0,6059314062.0,11.0,8.143,344346000.0,2.721,1.0,1745443000.0,0.422,1561401000.0,69889000.0,3197154000.0,3043903750.0,241699000.0,10948000.0,10948000.0,0.0,1997820000.0,384111000.0,1613709000.0,5114337062.0,168905000.0,-26124000.0,-203182000.0,23967000.0,-70820000.0,-253897000.0,-83199000.0,110695000.0,508165000.0,-2164000.0,305732000.0,305732000.0,305732000.0,0.0,0.0,0.074,1195096000.0,550347000.0,110906000.0,0.229,2.374,16.728,17.127,953761000.0,0.0,40.42,1.236,1.236,459302000.0,3558806000.0,4136145000.0,4136145000.0,0.0,0.073,0.142,0.181,0.133,21238000.0,1195096000.0,1.0,126529863.0,126529863,,32.689,2590834000.0,0.0,176380000.0,214786000.0,20.476,1139766000.0
37,CTAS,MRT,2012-06-30,2012-05-31,2012-05-31,2021-10-07,36295000.0,4165706000.0,4190519250.0,1538086000.0,2627620000.0,0.979,16.481,-160802000.0,339825000.0,339825000.0,2363392000.0,297637000.0,2.276,0.947,1284802000.0,225636000.0,1059166000.0,1284802000.0,0.0,194165000.0,0.0,0.015,0.54,541569000.0,735734000.0,0.179,735734000.0,541569000.0,470944000.0,2.27,2.27,2.27,2139135000.0,2138216500.0,2139135000.0,5856377847.0,11.0,7.96,309060000.0,2.381,1.0,1738608000.0,0.424,1562197000.0,70625000.0,2872795000.0,3010123250.0,251205000.0,0.0,0.0,0.0,2026571000.0,675691000.0,1350880000.0,4789451847.0,-98281000.0,-24864000.0,-388987000.0,-1323000.0,-70820000.0,-460575000.0,-104294000.0,79361000.0,469862000.0,-3274000.0,297637000.0,297637000.0,297637000.0,0.0,0.0,0.073,1198981000.0,539627000.0,94840000.0,0.238,2.239,16.092,16.256,952587000.0,0.0,36.9,1.168,1.168,450861000.0,3482073000.0,4102000000.0,4102000000.0,0.0,0.071,0.139,0.18,0.132,20312000.0,1198981000.0,1.0,129795443.0,129795443,,31.604,2603509000.0,22188000.0,173307000.0,204581000.0,20.059,862395000.0
38,CTAS,MRT,2012-03-31,2012-02-29,2012-02-29,2021-10-07,51076000.0,4253167000.0,4237077750.0,1625536000.0,2627631000.0,0.958,16.932,-158010000.0,217983000.0,217983000.0,2332718000.0,289799000.0,2.506,0.936,1284909000.0,225633000.0,1059276000.0,1284909000.0,0.0,194261000.0,0.0,0.014,0.54,529591000.0,723852000.0,0.178,723852000.0,529591000.0,464561000.0,2.16,2.16,2.16,2196627000.0,2179095000.0,2196627000.0,6079945688.0,11.0,8.399,282635000.0,2.179,1.0,1727787000.0,0.426,1568131000.0,65030000.0,3103401000.0,3085831000.0,275673000.0,134631000.0,134631000.0,0.0,2056540000.0,648561000.0,1407979000.0,5002495688.0,33252000.0,-33917000.0,-502802000.0,476831000.0,-70820000.0,-100940000.0,-302832000.0,-110405000.0,440645000.0,-3621000.0,289799000.0,289799000.0,289799000.0,0.0,0.0,0.071,1200115000.0,527672000.0,115566000.0,0.25,2.277,17.262,17.852,944034000.0,0.0,38.56,1.232,1.232,439650000.0,3403459000.0,4060505000.0,4060505000.0,0.0,0.068,0.133,0.172,0.13,20413000.0,1200115000.0,1.0,129732772.0,129732772,,31.299,2685036000.0,93808000.0,174762000.0,206047000.0,20.697,976975000.0
39,CTAS,MRT,2011-12-31,2011-11-30,2011-11-30,2021-10-07,39221000.0,4215312000.0,4166803500.0,1591868000.0,2623444000.0,0.957,16.208,-174290000.0,207772000.0,207772000.0,2292415000.0,272834000.0,2.21,1.005,1285222000.0,225732000.0,1059490000.0,1285222000.0,0.0,194748000.0,0.0,0.018,0.54,500838000.0,695586000.0,0.174,695586000.0,500838000.0,440507000.0,1.99,1.99,1.99,2102619000.0,2248173750.0,2102619000.0,5078955982.0,10.0,7.302,233325000.0,1.799,1.0,1693805000.0,0.425,1570296000.0,60331000.0,3002265000.0,2961282000.0,287950000.0,129833000.0,129833000.0,0.0,2112693000.0,720201000.0,1392492000.0,3943586982.0,-53181000.0,-97304000.0,-503087000.0,498183000.0,-71812000.0,-81570000.0,-379589000.0,-115427000.0,407615000.0,363000.0,272834000.0,272834000.0,272834000.0,0.0,0.0,0.068,1194793000.0,499012000.0,111136000.0,0.271,1.876,14.454,15.276,938664000.0,0.0,30.4,0.989,0.989,447350000.0,3327111000.0,3986220000.0,3986220000.0,0.0,0.065,0.121,0.169,0.126,19160000.0,1194793000.0,1.0,129723256.0,129723256,,30.729,2645016000.0,68582000.0,167673000.0,194432000.0,20.39,871667000.0
40,CTAS,MRT,2011-09-30,2011-08-31,2011-08-31,2021-10-07,59573000.0,4127892000.0,4095049250.0,1482615000.0,2645277000.0,0.953,16.116,-178813000.0,150312000.0,150312000.0,2249004000.0,254350000.0,2.397,0.952,1285681000.0,226033000.0,1059648000.0,1285681000.0,0.0,194186000.0,0.0,0.015,0.49,470488000.0,664674000.0,0.17,664674000.0,470488000.0,415724000.0,1.8,1.8,1.8,2114485000.0,2321297250.0,2114485000.0,5043947161.0,11.0,7.589,183337000.0,1.397,1.0,1654656000.0,0.424,1582583000.0,54764000.0,3062032000.0,2822086500.0,280214000.0,126728000.0,126728000.0,0.0,2013407000.0,618646000.0,1394761000.0,4195928161.0,-140334000.0,-124598000.0,-574993000.0,498235000.0,-71812000.0,-154434000.0,-353380000.0,-54072000.0,362150000.0,5330000.0,254350000.0,254350000.0,254350000.0,0.0,0.0,0.065,1185985000.0,468671000.0,100745000.0,0.272,1.984,16.497,17.767,946466000.0,0.0,31.98,1.075,1.075,439090000.0,3323894000.0,3903660000.0,3903660000.0,0.0,0.062,0.11,0.167,0.121,16679000.0,1185985000.0,1.0,131204758.0,131204758,,29.752,2545309000.0,51823000.0,161374000.0,208871000.0,19.4,863969000.0
41,CTAS,MRT,2011-06-30,2011-05-31,2011-05-31,2021-10-07,57888000.0,4351940000.0,4035802250.0,1700777000.0,2651163000.0,0.944,15.847,-182592000.0,438106000.0,438106000.0,2201097000.0,246989000.0,3.918,0.89,1286125000.0,1335000.0,1284790000.0,1286125000.0,0.0,193467000.0,0.0,0.015,0.49,442373000.0,635840000.0,0.167,635840000.0,442373000.0,392669000.0,1.68,1.68,1.68,2302649000.0,2410170500.0,2302649000.0,5396561161.0,12.0,8.487,158294000.0,1.089,1.0,1609287000.0,0.422,1590194000.0,49704000.0,3175626000.0,2687770500.0,249658000.0,87220000.0,87220000.0,0.0,2049291000.0,434139000.0,1615152000.0,4773214161.0,26825000.0,-171552000.0,-443690000.0,500073000.0,-71812000.0,-20038000.0,-298593000.0,60749000.0,340886000.0,4570000.0,246989000.0,246989000.0,246989000.0,0.0,0.0,0.065,1168944000.0,440343000.0,110279000.0,0.292,2.073,19.326,19.554,946218000.0,0.0,32.85,1.253,1.253,429131000.0,3255256000.0,3810384000.0,3810384000.0,0.0,0.061,0.102,0.165,0.116,15203000.0,1168944000.0,1.0,145303323.0,145303323,,26.224,2761746000.0,79355000.0,145680000.0,196321000.0,19.007,1266638000.0
42,CTAS,MRT,2011-03-31,2011-02-28,2011-02-28,2021-10-07,64795000.0,3972070000.0,3940251250.0,1322938000.0,2649132000.0,0.941,17.019,-174448000.0,184731000.0,184731000.0,2145938000.0,231691000.0,3.378,0.606,808078000.0,1631000.0,806447000.0,808078000.0,0.0,192993000.0,0.0,0.017,0.49,414836000.0,607829000.0,0.164,607829000.0,414836000.0,365461000.0,1.55,1.55,1.55,2472942000.0,2468015500.0,2472942000.0,4611952173.0,11.0,7.588,169972000.0,1.17,1.0,1561808000.0,0.421,1598576000.0,49375000.0,2605205000.0,2518978000.0,232294000.0,31974000.0,31974000.0,0.0,1499128000.0,391636000.0,1107492000.0,4085866173.0,-221772000.0,-167586000.0,-203223000.0,21887000.0,-145772000.0,-326761000.0,-244230000.0,103956000.0,344420000.0,4799000.0,231691000.0,231691000.0,231691000.0,0.0,0.0,0.062,1148824000.0,412984000.0,101935000.0,0.316,1.652,17.635,18.142,941773000.0,0.0,28.12,1.102,1.102,416295000.0,3184480000.0,3707746000.0,3707746000.0,0.0,0.059,0.094,0.165,0.112,13839000.0,1151704000.0,1.0,145301073.0,145301073,,25.518,2373494000.0,57501000.0,133770000.0,165271000.0,16.335,931302000.0
43,CTAS,MRT,2010-12-31,2010-11-30,2010-11-30,2021-10-07,49293000.0,3928295000.0,3937211000.0,1354846000.0,2573449000.0,0.922,16.484,-151120000.0,260953000.0,260953000.0,2102237000.0,221603000.0,2.89,0.64,787039000.0,1817000.0,785222000.0,787039000.0,0.0,192419000.0,0.0,0.036,0.97,390113000.0,582532000.0,0.16,582532000.0,390113000.0,341683000.0,1.46,1.46,1.46,2395113000.0,2468577000.0,2395113000.0,4382797962.0,11.0,7.524,229588000.0,1.58,1.0,1529494000.0,0.421,1540103000.0,48430000.0,2445483000.0,2477389750.0,208380000.0,23624000.0,23624000.0,0.0,1533182000.0,468795000.0,1064387000.0,3885996962.0,-81061000.0,-132642000.0,-203217000.0,705000.0,-73960000.0,-275033000.0,-187714000.0,103462000.0,380708000.0,978000.0,221603000.0,221603000.0,221603000.0,0.0,0.0,0.061,1141375000.0,388119000.0,92206000.0,0.664,1.622,17.536,18.318,923535000.0,0.0,26.745,1.07,1.07,402369000.0,3125411000.0,3631731000.0,3631731000.0,0.0,0.056,0.09,0.157,0.107,13577000.0,1144255000.0,1.0,145298073.0,145298073,,24.995,2388192000.0,67111000.0,120080000.0,145079000.0,16.437,886051000.0
44,CTAS,MRT,2010-09-30,2010-08-31,2010-08-31,2021-10-07,39095000.0,3890904000.0,3926724250.0,1372153000.0,2518751000.0,0.912,16.157,-134459000.0,290646000.0,290646000.0,2070981000.0,222913000.0,3.817,0.575,787447000.0,1765000.0,785682000.0,787447000.0,0.0,192027000.0,0.0,0.019,0.48,394078000.0,586105000.0,0.164,586105000.0,394078000.0,345230000.0,1.45,1.45,1.45,2469978000.0,2493820000.0,2469978000.0,4271424426.0,11.0,7.288,321599000.0,2.104,1.0,1508693000.0,0.421,1503458000.0,48848000.0,2524768000.0,2501077250.0,184363000.0,78803000.0,78803000.0,0.0,1420926000.0,359479000.0,1061447000.0,3896652426.0,63335000.0,-95635000.0,-131346000.0,970000.0,-73960000.0,-203648000.0,-188395000.0,43939000.0,456058000.0,-680000.0,222913000.0,222913000.0,222913000.0,0.0,0.0,0.062,1116529000.0,392164000.0,81307000.0,0.331,1.578,17.481,17.579,915358000.0,0.0,25.49,1.089,1.089,383943000.0,3141356000.0,3579674000.0,3579674000.0,0.0,0.057,0.089,0.158,0.11,14765000.0,1115357000.0,1.0,152869848.0,152869848,,23.416,2387446000.0,52907000.0,122317000.0,159008000.0,15.618,1012674000.0
45,CTAS,MRT,2010-06-30,2010-05-31,2010-05-31,2021-10-07,35873000.0,3969736000.0,3898765750.0,1520862000.0,2448874000.0,0.91,16.576,-111078000.0,411281000.0,411281000.0,2049522000.0,215620000.0,3.964,0.567,786053000.0,609000.0,785444000.0,786053000.0,0.0,193141000.0,0.0,0.018,0.48,392504000.0,585645000.0,0.165,585645000.0,392504000.0,343892000.0,1.4,1.4,1.4,2534029000.0,2482585750.0,2534029000.0,4354306048.0,11.0,7.435,454576000.0,2.974,1.0,1497817000.0,0.422,1460370000.0,48612000.0,2500456000.0,2513127000.0,169484000.0,154806000.0,154806000.0,0.0,1435707000.0,383682000.0,1052025000.0,3974616048.0,281536000.0,-50444000.0,-969000.0,-603000.0,-73960000.0,-76509000.0,-207582000.0,-46557000.0,565654000.0,-27000.0,215620000.0,215620000.0,215620000.0,0.0,0.0,0.061,1107008000.0,390809000.0,71747000.0,0.343,1.568,18.433,18.571,894522000.0,0.0,26.0,1.12,1.12,362219000.0,3080079000.0,3547339000.0,3547339000.0,0.0,0.055,0.087,0.156,0.111,15349000.0,1086359000.0,1.0,152869848.0,152869848,,23.205,2509366000.0,68106000.0,128272000.0,150560000.0,16.415,1137180000.0
46,CTAS,MRT,2010-03-31,2010-02-28,2010-02-28,2021-10-07,36399000.0,3959909000.0,3836569500.0,1515745000.0,2444164000.0,0.917,16.192,-106237000.0,406503000.0,406503000.0,2069973000.0,164214000.0,3.451,0.6,786193000.0,598000.0,785595000.0,786193000.0,0.0,194404000.0,0.0,0.019,0.48,312292000.0,506696000.0,0.144,506696000.0,312292000.0,264070000.0,1.07,1.07,1.07,2475188000.0,2440930750.0,2475188000.0,4233949964.0,14.0,8.356,506755000.0,3.315,1.0,1446600000.0,0.411,1461498000.0,48222000.0,2438852000.0,2543331750.0,167814000.0,145593000.0,145593000.0,0.0,1484721000.0,439249000.0,1045472000.0,3789627964.0,352252000.0,-42903000.0,-960000.0,-603000.0,-72207000.0,-74045000.0,-190012000.0,-44853000.0,612992000.0,3317000.0,164214000.0,164214000.0,164214000.0,0.0,0.0,0.047,1135732000.0,310868000.0,80406000.0,0.449,1.531,23.077,23.168,894578000.0,0.0,24.79,1.078,1.078,356453000.0,3024601000.0,3516573000.0,3516573000.0,0.0,0.043,0.067,0.123,0.089,14372000.0,1053106000.0,1.0,152869220.0,152869220,,23.004,2498411000.0,84253000.0,99856000.0,162989000.0,16.343,1076496000.0
47,CTAS,MRT,2009-12-31,2009-11-30,2009-11-30,2021-10-07,36203000.0,3886348000.0,3776453250.0,1465170000.0,2421178000.0,0.944,16.329,-112227000.0,342014000.0,342014000.0,2099970000.0,187043000.0,4.24,0.557,786336000.0,588000.0,785748000.0,786336000.0,0.0,196679000.0,0.0,0.017,0.47,347707000.0,544386000.0,0.153,544386000.0,347707000.0,298653000.0,1.22,1.22,1.22,2496085000.0,2402130250.0,2496085000.0,4853157052.0,14.0,8.915,530329000.0,3.469,1.0,1463430000.0,0.411,1444877000.0,49054000.0,2540233000.0,2588897500.0,166373000.0,138226000.0,138226000.0,0.0,1390263000.0,345560000.0,1044703000.0,4293991052.0,279601000.0,-19179000.0,-959000.0,-84221000.0,-72207000.0,-157662000.0,-208574000.0,-77617000.0,642556000.0,3281000.0,187043000.0,187043000.0,187043000.0,0.0,0.0,0.052,1117265000.0,346165000.0,73574000.0,0.385,1.72,22.957,23.025,888005000.0,0.0,28.09,1.205,1.205,377151000.0,3049579000.0,3563400000.0,3563400000.0,0.0,0.05,0.078,0.134,0.098,12613000.0,1034639000.0,1.0,152865470.0,152865470,,23.311,2441471000.0,78464000.0,111610000.0,157143000.0,15.971,1119610000.0
48,CTAS,MRT,2009-09-30,2009-08-31,2009-08-31,2021-10-07,26276000.0,3779070000.0,3746564000.0,1340254000.0,2438816000.0,0.978,15.872,-130450000.0,227311000.0,227311000.0,2155492000.0,201705000.0,4.26,0.558,786477000.0,578000.0,785899000.0,786477000.0,0.0,199126000.0,0.0,0.017,0.47,372226000.0,571352000.0,0.156,571352000.0,372226000.0,322983000.0,1.32,1.32,1.32,2425041000.0,2359295500.0,2425041000.0,4849473265.0,13.0,8.488,449628000.0,2.943,1.0,1508583000.0,0.412,1450656000.0,49243000.0,2572967000.0,2651825750.0,185349000.0,130568000.0,130568000.0,0.0,1354029000.0,314613000.0,1039416000.0,4192562265.0,169068000.0,-21436000.0,-959000.0,-164067000.0,-72207000.0,-236149000.0,-173809000.0,-21020000.0,580078000.0,-1052000.0,201705000.0,201705000.0,201705000.0,0.0,0.0,0.055,1138415000.0,370168000.0,73362000.0,0.356,1.729,20.786,20.788,901286000.0,0.0,27.44,1.144,1.144,359142000.0,2992403000.0,3664075000.0,3664075000.0,0.0,0.054,0.085,0.14,0.102,12048000.0,1059841000.0,1.0,152790170.0,152790170,,23.981,2328414000.0,70772000.0,121278000.0,159798000.0,15.239,1025641000.0
49,CTAS,MRT,2009-06-30,2009-05-31,2009-05-31,2021-10-07,25299000.0,3720951000.0,3758446250.0,1270273000.0,2450678000.0,1.004,15.495,-160092000.0,129745000.0,129745000.0,2223814000.0,226357000.0,4.222,0.572,786656000.0,598000.0,786058000.0,786656000.0,0.0,200106000.0,0.0,0.02,0.47,411829000.0,611935000.0,0.162,611935000.0,411829000.0,361593000.0,1.48,1.48,1.48,2367409000.0,2325748000.0,2367409000.0,4291028059.0,10.0,7.012,363430000.0,2.379,1.0,1550871000.0,0.411,1455718000.0,50236000.0,2621275000.0,2735669000.0,202351000.0,120393000.0,120393000.0,0.0,1353542000.0,300869000.0,1052673000.0,3558483059.0,63521000.0,-30909000.0,-25847000.0,-157149000.0,-72207000.0,-254348000.0,-203221000.0,-11969000.0,523522000.0,-2432000.0,226357000.0,226357000.0,226357000.0,0.0,0.0,0.06,1141806000.0,409065000.0,69965000.0,0.318,1.503,15.721,15.736,914627000.0,0.0,23.29,0.943,0.943,357678000.0,2938419000.0,3774685000.0,3774685000.0,0.0,0.06,0.097,0.151,0.109,11953000.0,1082709000.0,1.0,152790170.0,152790170,,24.705,2265233000.0,91880000.0,135236000.0,149032000.0,14.826,969404000.0
50,CTAS,MRT,2009-03-31,2009-02-28,2009-02-28,2021-10-07,-15007000.0,3719444000.0,3780358750.0,1201922000.0,2517522000.0,1.033,15.184,-178268000.0,54251000.0,54251000.0,2256002000.0,311946000.0,3.212,0.603,786796000.0,592000.0,786204000.0,786796000.0,0.0,199598000.0,0.0,0.023,0.47,544546000.0,744144000.0,0.191,744144000.0,544546000.0,492969000.0,2.03,2.03,2.03,2319986000.0,2297428500.0,2319986000.0,3908256549.0,7.0,5.252,336261000.0,2.201,1.0,1648955000.0,0.422,1456665000.0,51577000.0,2621115000.0,2793004000.0,252483000.0,97653000.0,97653000.0,0.0,1399458000.0,374209000.0,1025249000.0,3100112549.0,-1424000.0,-38813000.0,-25506000.0,-178611000.0,-70831000.0,-274113000.0,-238297000.0,-21590000.0,514529000.0,-3543000.0,311946000.0,311946000.0,311946000.0,0.0,0.0,0.08,1108148000.0,540807000.0,75677000.0,0.232,1.336,9.938,9.995,980646000.0,0.0,20.29,0.794,0.794,384912000.0,2934354000.0,3904957000.0,3904957000.0,0.0,0.083,0.136,0.195,0.139,8954000.0,1108148000.0,1.0,152790170.0,152790170,,25.558,2262779000.0,42840000.0,181023000.0,135978000.0,14.81,827713000.0
51,CTAS,MRT,2008-12-31,2008-11-30,2008-11-30,2021-10-07,-8642000.0,3766791000.0,3791067250.0,1245281000.0,2521510000.0,1.048,15.215,-193083000.0,62413000.0,62413000.0,2288527000.0,321963000.0,3.836,0.62,870557000.0,836000.0,869721000.0,870557000.0,0.0,198185000.0,0.0,0.019,0.46,564239000.0,762424000.0,0.192,762424000.0,564239000.0,511447000.0,2.09,2.09,2.09,2324746000.0,2258797750.0,2324746000.0,4562280425.0,8.0,5.984,255680000.0,1.673,1.0,1683743000.0,0.424,1458391000.0,52792000.0,2791946000.0,2840158000.0,251864000.0,64933000.0,64933000.0,0.0,1442045000.0,324598000.0,1117447000.0,3669978425.0,5773000.0,-73835000.0,-25228000.0,-78240000.0,-70831000.0,-181442000.0,-257033000.0,10664000.0,448763000.0,-4515000.0,321963000.0,321963000.0,321963000.0,0.0,0.0,0.081,1124213000.0,559530000.0,101060000.0,0.22,1.579,11.399,11.493,982331000.0,0.0,24.02,0.924,0.924,433831000.0,2934775000.0,3972270000.0,3972270000.0,0.0,0.085,0.143,0.199,0.142,9558000.0,1124213000.0,1.0,152788444.0,152788444,,25.998,2308400000.0,44821000.0,189484000.0,118017000.0,15.108,920683000.0
52,CTAS,MRT,2008-09-30,2008-08-31,2008-08-31,2021-10-07,32676000.0,3826599000.0,3774265000.0,1286948000.0,2539651000.0,1.052,14.906,-199450000.0,58243000.0,58243000.0,2281640000.0,332978000.0,3.743,0.67,950545000.0,957000.0,949588000.0,950545000.0,0.0,195566000.0,0.0,0.015,0.46,580256000.0,775822000.0,0.195,775822000.0,580256000.0,527239000.0,2.15,2.15,2.15,2290851000.0,2214518250.0,2290851000.0,5611267972.0,10.0,7.233,374563000.0,2.437,1.0,1689311000.0,0.425,1466698000.0,53017000.0,2908340000.0,2839634750.0,242094000.0,122652000.0,122652000.0,0.0,1535748000.0,343863000.0,1191885000.0,4733685972.0,17402000.0,-91011000.0,-216185000.0,69862000.0,-70831000.0,-224758000.0,-332245000.0,-41834000.0,574013000.0,392000.0,332978000.0,332978000.0,332978000.0,0.0,0.0,0.084,1114730000.0,574581000.0,87418000.0,0.214,2.066,14.216,14.326,987582000.0,0.0,30.8,1.192,1.192,431681000.0,2862938000.0,3970951000.0,3970951000.0,0.0,0.088,0.15,0.204,0.146,8859000.0,1114730000.0,1.0,153691103.0,153691103,,25.837,2359901000.0,40656000.0,194261000.0,169082000.0,15.355,943085000.0
53,CTAS,MRT,2008-06-30,2008-05-31,2008-05-31,2021-10-07,52280000.0,3808601000.0,3722822750.0,1282336000.0,2526265000.0,1.058,14.667,-190333000.0,66224000.0,66224000.0,2256300000.0,335405000.0,3.492,0.69,943806000.0,1070000.0,942736000.0,943806000.0,0.0,191903000.0,0.0,0.016,0.46,583527000.0,775430000.0,0.197,775430000.0,583527000.0,530704000.0,2.15,2.15,2.15,2254131000.0,2202795750.0,2254131000.0,5446471961.0,9.0,7.024,352407000.0,2.293,1.0,1681600000.0,0.427,1468326000.0,52823000.0,2850615000.0,2803239250.0,238669000.0,125471000.0,125471000.0,0.0,1554470000.0,367242000.0,1187228000.0,4536739961.0,30864000.0,-111535000.0,-183108000.0,62591000.0,-70831000.0,-202704000.0,-310975000.0,-8707000.0,542740000.0,1803000.0,335405000.0,335405000.0,335405000.0,0.0,0.0,0.085,1104145000.0,577455000.0,94755000.0,0.214,2.013,13.526,13.73,974575000.0,0.0,29.52,1.152,1.152,430078000.0,2784302000.0,3937900000.0,3937900000.0,0.0,0.09,0.152,0.208,0.148,7456000.0,1104145000.0,1.0,153683603.0,153683603,,25.623,2340275000.0,39410000.0,195299000.0,137071000.0,15.228,915094000.0
54,CTAS,MRT,2008-03-31,2008-02-29,2008-02-29,2021-10-07,53562000.0,3762278000.0,3663292500.0,1238818000.0,2523460000.0,1.063,14.091,-197036000.0,55675000.0,55675000.0,2229881000.0,336066000.0,3.155,0.737,965407000.0,1342000.0,964065000.0,965407000.0,0.0,188322000.0,0.0,0.016,0.46,586796000.0,775118000.0,0.199,775118000.0,586796000.0,533519000.0,2.14,2.14,2.14,2165463000.0,2181197500.0,2165463000.0,5315009207.0,9.0,6.857,297255000.0,1.934,1.0,1663139000.0,0.427,1469604000.0,53277000.0,2809731000.0,2739600250.0,241326000.0,107971000.0,107971000.0,0.0,1596815000.0,392675000.0,1204140000.0,4422852207.0,24117000.0,-127799000.0,-182115000.0,81892000.0,-61996000.0,-162496000.0,-309922000.0,18368000.0,494291000.0,2244000.0,336066000.0,336066000.0,336066000.0,0.0,0.0,0.086,1083103000.0,580036000.0,64472000.0,0.215,2.042,13.161,13.449,968584000.0,0.0,28.78,1.136,1.136,413781000.0,2694630000.0,3893020000.0,3893020000.0,0.0,0.092,0.154,0.214,0.151,9160000.0,1083103000.0,1.0,153677978.0,153677978,,25.332,2292674000.0,39971000.0,197453000.0,144667000.0,14.919,846143000.0
55,CTAS,MRT,2007-12-31,2007-11-30,2007-11-30,2021-10-07,49489000.0,3699582000.0,3599595250.0,1227663000.0,2471919000.0,1.062,13.519,-192710000.0,56640000.0,56640000.0,2184725000.0,330965000.0,3.38,0.723,948797000.0,1324000.0,947473000.0,948797000.0,0.0,183785000.0,0.0,0.012,0.39,581293000.0,765078000.0,0.2,765078000.0,581293000.0,530054000.0,2.09,2.09,2.09,2147628000.0,2153871500.0,2147628000.0,5921941443.0,10.0,7.74,297512000.0,1.873,1.0,1637741000.0,0.428,1438698000.0,51239000.0,2789853000.0,2607000500.0,238944000.0,97627000.0,97627000.0,0.0,1551954000.0,363188000.0,1188766000.0,5082099443.0,17701000.0,-162956000.0,-235634000.0,157524000.0,-61996000.0,-139449000.0,-335569000.0,20152000.0,490222000.0,2497000.0,330965000.0,330965000.0,330965000.0,0.0,0.0,0.087,1063037000.0,574704000.0,73837000.0,0.187,2.366,15.355,15.306,949396000.0,0.0,31.99,1.33,1.33,420667000.0,2683644000.0,3822466000.0,3822466000.0,0.0,0.092,0.154,0.223,0.152,8059000.0,1063037000.0,1.0,158865253.0,158865253,,24.061,2260884000.0,33672000.0,199089000.0,193435000.0,14.231,864475000.0
56,CTAS,MRT,2007-09-30,2007-08-31,2007-08-31,2021-10-07,40148000.0,3620830000.0,3533465750.0,1173902000.0,2446928000.0,1.065,14.14,-189672000.0,40841000.0,40841000.0,2153621000.0,330639000.0,4.499,0.614,880683000.0,4161000.0,876522000.0,880683000.0,0.0,179380000.0,0.0,0.011,0.39,578122000.0,757502000.0,0.201,757502000.0,578122000.0,527393000.0,2.07,2.07,2.07,2243961000.0,2141067500.0,2243961000.0,6662265671.0,12.0,8.795,259987000.0,1.638,1.0,1608246000.0,0.428,1437003000.0,50729000.0,2762758000.0,2455927750.0,236102000.0,97431000.0,97431000.0,0.0,1376869000.0,260911000.0,1115958000.0,5816410671.0,5876000.0,-168236000.0,-69841000.0,23764000.0,-61996000.0,-117075000.0,-327722000.0,29891000.0,449659000.0,1014000.0,330639000.0,330639000.0,330639000.0,0.0,0.0,0.088,1036540000.0,571706000.0,70093000.0,0.188,2.592,17.591,17.705,933233000.0,0.0,36.65,1.546,1.546,409441000.0,2600792000.0,3761867000.0,3761867000.0,0.0,0.094,0.154,0.235,0.154,7230000.0,1036540000.0,1.0,158701519.0,158701519,,23.704,2183827000.0,19912000.0,196754000.0,150850000.0,13.761,912991000.0
57,CTAS,MRT,2007-06-30,2007-05-31,2007-05-31,2021-10-07,37121000.0,3570480000.0,3474313500.0,1156736000.0,2413744000.0,1.067,13.663,-180824000.0,35360000.0,35360000.0,2125545000.0,334538000.0,2.87,0.647,881215000.0,4141000.0,877074000.0,881215000.0,0.0,175926000.0,0.0,0.01,0.39,583877000.0,759803000.0,0.205,759803000.0,583877000.0,533553000.0,2.09,2.09,2.09,2167738000.0,2092842000.0,2167738000.0,6937877487.0,12.0,9.131,267614000.0,1.687,1.0,1581355000.0,0.427,1417238000.0,50324000.0,2596059000.0,2338809500.0,231741000.0,120053000.0,120053000.0,0.0,1402742000.0,403038000.0,999704000.0,6085920487.0,-3554000.0,-160707000.0,-188086000.0,82473000.0,-61996000.0,-179237000.0,-273708000.0,69659000.0,448438000.0,953000.0,334538000.0,334538000.0,334538000.0,0.0,0.0,0.09,1003958000.0,577397000.0,64622000.0,0.187,2.807,18.192,18.354,920243000.0,0.0,38.36,1.642,1.642,408870000.0,2533459000.0,3706900000.0,3706900000.0,0.0,0.096,0.16,0.25,0.158,4500000.0,1003958000.0,1.0,158652776.0,158652776,,23.365,2153242000.0,0.0,199015000.0,193393000.0,13.572,753698000.0
58,CTAS,MRT,2007-03-31,2007-02-28,2007-02-28,2021-10-07,18254000.0,3507489000.0,3438002750.0,1131739000.0,2375750000.0,1.062,12.875,-183188000.0,31558000.0,31558000.0,2087498000.0,335743000.0,1.662,0.706,883515000.0,229139000.0,654376000.0,883515000.0,0.0,172560000.0,0.0,0.01,0.39,581922000.0,754482000.0,0.207,754482000.0,581922000.0,535700000.0,2.07,2.07,2.07,2056159000.0,2073455500.0,2056159000.0,7201336418.0,12.0,9.545,288993000.0,1.81,1.0,1563254000.0,0.428,1399018000.0,46222000.0,2279332000.0,2304439250.0,227083000.0,125935000.0,125935000.0,0.0,1451330000.0,681096000.0,770234000.0,6449002418.0,-16485000.0,-153391000.0,-395661000.0,245038000.0,-58823000.0,-227059000.0,-261607000.0,53321000.0,472181000.0,0.0,335743000.0,335743000.0,335743000.0,0.0,0.0,0.092,987620000.0,575634000.0,69540000.0,0.188,3.136,19.208,19.507,900772000.0,0.0,40.38,1.766,1.766,393155000.0,2443139000.0,3650752000.0,3650752000.0,0.0,0.098,0.162,0.253,0.159,3670000.0,987620000.0,1.0,159707836.0,159707836,,22.859,2108471000.0,0.0,199957000.0,206421000.0,13.202,450643000.0
59,CTAS,MRT,2006-12-31,2006-11-30,2006-11-30,2021-10-07,19242000.0,3435064000.0,3401721500.0,1155453000.0,2279611000.0,1.053,13.057,-167772000.0,38939000.0,38939000.0,2051378000.0,335610000.0,1.751,0.639,791273000.0,229477000.0,561796000.0,791273000.0,0.0,168746000.0,0.0,0.008,0.35,578359000.0,747105000.0,0.209,747105000.0,578359000.0,536482000.0,2.05,2.04,2.05,2096412000.0,2105548500.0,2096412000.0,7597596677.0,13.0,10.169,314688000.0,1.96,1.0,1530397000.0,0.427,1341871000.0,41877000.0,2185562000.0,2294506500.0,217575000.0,133282000.0,133282000.0,0.0,1338652000.0,659965000.0,678687000.0,6775642677.0,-13657000.0,-313067000.0,-338168000.0,325131000.0,-58823000.0,-79749000.0,-416368000.0,61227000.0,482460000.0,0.0,335610000.0,335610000.0,335610000.0,0.0,0.0,0.094,958912000.0,571485000.0,79144000.0,0.171,3.232,20.189,20.585,880955000.0,0.0,42.2,1.892,1.892,405042000.0,2428406000.0,3581775000.0,3581775000.0,0.0,0.099,0.159,0.252,0.161,3231000.0,958912000.0,1.0,160560253.0,160560253,,22.308,2093193000.0,0.0,200872000.0,255270000.0,13.037,495488000.0
60,CTAS,MRT,2006-09-30,2006-08-31,2006-08-31,2021-10-07,31771000.0,3384221000.0,3323197250.0,1127013000.0,2257208000.0,1.051,12.766,-156984000.0,34965000.0,34965000.0,2004509000.0,329922000.0,1.933,0.65,856919000.0,229526000.0,627393000.0,856919000.0,0.0,165068000.0,0.0,0.009,0.35,565040000.0,730108000.0,0.209,730108000.0,565040000.0,528162000.0,2.0,1.99,2.0,2051059000.0,2122079000.0,2051059000.0,6709183260.0,12.0,9.189,313010000.0,1.948,1.0,1489785000.0,0.426,1328887000.0,36878000.0,2294285000.0,2265283250.0,210381000.0,139929000.0,139929000.0,0.0,1333162000.0,583003000.0,750159000.0,5949355260.0,-8472000.0,-350496000.0,-323263000.0,338611000.0,-58823000.0,-39259000.0,-439207000.0,66310000.0,469994000.0,0.0,329922000.0,329922000.0,329922000.0,0.0,0.0,0.094,931328000.0,558457000.0,59865000.0,0.175,2.901,18.033,18.515,867631000.0,0.0,37.03,1.703,1.703,391411000.0,2345879000.0,3494294000.0,3494294000.0,0.0,0.099,0.155,0.249,0.162,2703000.0,931328000.0,1.0,160663118.0,160663118,,21.749,2055334000.0,0.0,198240000.0,239158000.0,12.793,544010000.0
61,CTAS,MRT,2006-06-30,2006-05-31,2006-05-31,2021-10-07,42384000.0,3425237000.0,3237823500.0,1178008000.0,2247229000.0,1.051,12.431,-156632000.0,38914000.0,38914000.0,1948816000.0,323382000.0,2.871,0.639,798742000.0,4288000.0,794454000.0,798742000.0,0.0,160653000.0,0.0,0.008,0.35,549801000.0,710454000.0,0.209,710454000.0,549801000.0,518019000.0,1.93,1.92,1.93,2090192000.0,2132519500.0,2090192000.0,7713222675.0,14.0,10.857,304393000.0,1.81,1.0,1454792000.0,0.427,1316140000.0,31782000.0,2458578000.0,2232647250.0,198000000.0,202539000.0,202539000.0,0.0,1335045000.0,410347000.0,924698000.0,7122788675.0,-4282000.0,-346363000.0,-309007000.0,326197000.0,-58823000.0,-25261000.0,-440046000.0,55545000.0,461025000.0,0.0,323382000.0,323382000.0,323382000.0,0.0,0.0,0.095,911750000.0,543042000.0,71635000.0,0.181,3.408,22.026,21.948,863783000.0,0.0,42.36,2.093,2.093,389905000.0,2260917000.0,3403608000.0,3403608000.0,0.0,0.1,0.152,0.246,0.162,4725000.0,911750000.0,1.0,168148930.0,168148930,,20.242,2109097000.0,0.0,194637000.0,225607000.0,12.543,767661000.0
62,CTAS,MRT,2006-03-31,2006-02-28,2006-02-28,2021-10-07,23434000.0,3362364000.0,3146450250.0,1147960000.0,2214404000.0,1.05,13.002,-141851000.0,48043000.0,48043000.0,1897496000.0,306844000.0,2.805,0.539,638477000.0,4284000.0,634193000.0,638477000.0,0.0,156134000.0,0.0,0.009,0.35,523454000.0,679588000.0,0.206,679588000.0,523454000.0,495497000.0,1.81,1.8,1.81,2184531000.0,2136005250.0,2184531000.0,7317307661.0,14.0,10.767,294743000.0,1.754,1.0,1407431000.0,0.426,1303899000.0,27957000.0,2239601000.0,2142133750.0,207921000.0,202758000.0,202758000.0,0.0,1177833000.0,409298000.0,768535000.0,6903761661.0,-23817000.0,-354873000.0,-154821000.0,162621000.0,-54968000.0,-43243000.0,-417168000.0,93490000.0,436594000.0,0.0,306844000.0,306844000.0,306844000.0,0.0,0.0,0.093,891065000.0,516366000.0,62031000.0,0.193,3.16,22.499,22.702,848899000.0,0.0,41.09,2.089,2.089,358033000.0,2212419000.0,3304927000.0,3304927000.0,0.0,0.098,0.144,0.244,0.158,10607000.0,891065000.0,1.0,168015616.0,168015616,,19.67,2058465000.0,0.0,188653000.0,220622000.0,12.252,738662000.0
63,CTAS,MRT,2005-12-31,2005-11-30,2005-11-30,2021-10-07,23109000.0,3120967000.0,3069740000.0,1152575000.0,1968392000.0,1.05,12.875,-137045000.0,52596000.0,52596000.0,1847832000.0,301582000.0,3.17,0.443,466142000.0,4252000.0,461890000.0,466142000.0,0.0,152771000.0,0.0,0.007,0.32,512670000.0,665441000.0,0.206,665441000.0,512670000.0,485453000.0,1.77,1.76,1.77,2162534000.0,2110098500.0,2162534000.0,7985616075.0,16.0,12.0,286128000.0,1.704,1.0,1375915000.0,0.427,1102233000.0,27217000.0,2068669000.0,2095733250.0,213807000.0,203338000.0,203338000.0,0.0,958433000.0,363611000.0,594822000.0,7511223075.0,-60799000.0,-162462000.0,-157883000.0,-10318000.0,-54968000.0,-226836000.0,-257136000.0,39749000.0,423173000.0,0.0,301582000.0,301582000.0,301582000.0,0.0,0.0,0.094,870557000.0,505358000.0,58557000.0,0.181,3.473,24.906,25.266,829258000.0,0.0,44.72,2.33,2.33,359696000.0,2193498000.0,3223747000.0,3223747000.0,0.0,0.098,0.143,0.245,0.159,9550000.0,870557000.0,1.0,167961160.0,167961160,,19.193,2018734000.0,0.0,183871000.0,264895000.0,12.019,788964000.0
64,CTAS,MRT,2005-09-30,2005-08-31,2005-08-31,2021-10-07,20399000.0,3042726000.0,3038022000.0,1136507000.0,1906219000.0,1.035,12.15,-141535000.0,43437000.0,43437000.0,1803393000.0,298303000.0,3.719,0.454,517830000.0,7258000.0,510572000.0,517830000.0,0.0,150100000.0,0.0,0.008,0.32,504959000.0,655059000.0,0.208,655059000.0,504959000.0,479008000.0,1.74,1.73,1.74,2092821000.0,2083245250.0,2092821000.0,7534683410.0,15.0,11.502,266403000.0,1.547,1.0,1341409000.0,0.427,1047780000.0,25951000.0,2163741000.0,2088848750.0,222030000.0,214310000.0,214310000.0,0.0,949905000.0,305598000.0,644307000.0,7105288410.0,-38512000.0,-115470000.0,-146484000.0,35370000.0,-54968000.0,-157804000.0,-288646000.0,-31964000.0,407938000.0,0.0,298303000.0,298303000.0,298303000.0,0.0,0.0,0.095,843944000.0,497465000.0,65781000.0,0.184,3.395,23.819,23.707,823678000.0,0.0,41.25,2.259,2.259,337930000.0,2115527000.0,3144802000.0,3144802000.0,0.0,0.098,0.143,0.242,0.161,8230000.0,843944000.0,1.0,172249416.0,172249416,,18.257,1994946000.0,0.0,180705000.0,231370000.0,11.582,830909000.0
65,CTAS,MRT,2005-06-30,2005-05-31,2005-05-31,2021-10-07,12176000.0,3059744000.0,2989094000.0,1166544000.0,1893200000.0,1.026,12.227,-140727000.0,43196000.0,43196000.0,1762524000.0,292547000.0,3.272,0.454,472591000.0,7300000.0,465291000.0,472591000.0,0.0,148175000.0,0.0,0.008,0.32,493470000.0,641645000.0,0.209,641645000.0,493470000.0,469022000.0,1.7,1.69,1.7,2104135000.0,2051631250.0,2104135000.0,7347765996.0,15.0,11.451,273171000.0,1.587,1.0,1304759000.0,0.425,1036134000.0,24448000.0,2096524000.0,2050891250.0,216412000.0,266232000.0,266232000.0,0.0,955609000.0,356481000.0,599128000.0,6947261996.0,-44161000.0,-109076000.0,-48211000.0,-10575000.0,-54968000.0,-107325000.0,-350734000.0,-98950000.0,413898000.0,0.0,292547000.0,292547000.0,292547000.0,0.0,0.0,0.095,818203000.0,486556000.0,69296000.0,0.188,3.302,23.748,23.747,817198000.0,0.0,40.37,2.265,2.265,326896000.0,2035992000.0,3067283000.0,3067283000.0,0.0,0.098,0.143,0.241,0.161,6806000.0,818203000.0,1.0,172089720.0,172089720,,17.824,2023610000.0,0.0,176475000.0,208584000.0,11.759,810063000.0
66,CTAS,MRT,2005-03-31,2005-02-28,2005-02-28,2021-10-07,14410000.0,3055523000.0,2926732250.0,1192253000.0,1863270000.0,1.024,12.118,-128825000.0,71860000.0,71860000.0,1730048000.0,290286000.0,3.094,0.468,472364000.0,10162000.0,462202000.0,472364000.0,0.0,146249000.0,0.0,0.007,0.32,485132000.0,631381000.0,0.211,631381000.0,485132000.0,460787000.0,1.69,1.68,1.69,2080904000.0,1997589750.0,2080904000.0,7880020630.0,16.0,12.481,308673000.0,1.797,1.0,1266143000.0,0.423,1016670000.0,24345000.0,2053999000.0,2009599500.0,216363000.0,295929000.0,295929000.0,0.0,974619000.0,385358000.0,589261000.0,7518082630.0,-41892000.0,-134004000.0,3352000.0,-22694000.0,-49634000.0,-56447000.0,-422943000.0,-160824000.0,437498000.0,0.0,290286000.0,290286000.0,290286000.0,0.0,0.0,0.097,786667000.0,479476000.0,57064000.0,0.189,3.613,25.899,25.905,807222000.0,0.0,43.78,2.509,2.509,300819000.0,1953137000.0,2996191000.0,2996191000.0,0.0,0.099,0.145,0.241,0.162,0.0,786667000.0,1.0,171724135.0,171724135,,17.448,2038853000.0,0.0,170501000.0,229479000.0,11.873,806895000.0
67,CTAS,MRT,2004-12-31,2004-11-30,2004-11-30,2021-10-07,19495000.0,2994095000.0,2851602500.0,1185510000.0,1808585000.0,1.03,11.973,-129730000.0,113395000.0,113395000.0,1697490000.0,285447000.0,3.445,0.457,475333000.0,10155000.0,465178000.0,475333000.0,0.0,144989000.0,0.0,0.006,0.29,476939000.0,621928000.0,0.212,621928000.0,476939000.0,453135000.0,1.66,1.66,1.66,2055121000.0,1930046750.0,2055121000.0,8078971678.0,17.0,12.99,327073000.0,1.905,1.0,1240400000.0,0.422,970819000.0,23804000.0,2041131000.0,1972831500.0,202115000.0,242769000.0,242769000.0,0.0,938974000.0,344083000.0,594891000.0,7676182678.0,14799000.0,-121751000.0,5468000.0,-24151000.0,-49634000.0,-54350000.0,-387654000.0,-145250000.0,456803000.0,0.0,285447000.0,285447000.0,285447000.0,0.0,0.0,0.097,767774000.0,472626000.0,65750000.0,0.175,3.735,26.892,26.94,799873000.0,0.0,44.72,2.613,2.613,308996000.0,1936773000.0,2937890000.0,2937890000.0,0.0,0.1,0.148,0.242,0.162,0.0,767774000.0,1.0,171649881.0,171649881,,17.116,2023276000.0,0.0,167688000.0,264055000.0,11.787,841427000.0
68,CTAS,MRT,2004-09-30,2004-08-31,2004-08-31,2021-10-07,7016000.0,2847014000.0,2776814500.0,1059451000.0,1787563000.0,1.038,11.467,-117217000.0,81949000.0,81949000.0,1664477000.0,281544000.0,3.784,0.448,484738000.0,10472000.0,474266000.0,484738000.0,0.0,144252000.0,0.0,0.007,0.29,470944000.0,615196000.0,0.213,615196000.0,470944000.0,446890000.0,1.64,1.63,1.64,1966365000.0,1863371000.0,1966365000.0,7429054324.0,16.0,12.076,373269000.0,2.177,1.0,1217882000.0,0.423,957928000.0,24054000.0,2011911000.0,1940570500.0,187239000.0,182028000.0,182028000.0,0.0,880649000.0,279964000.0,600685000.0,7032203324.0,27035000.0,-109748000.0,5976000.0,-67149000.0,-49634000.0,-103761000.0,-359690000.0,-144657000.0,490486000.0,0.0,281544000.0,281544000.0,281544000.0,0.0,0.0,0.098,750297000.0,467585000.0,55326000.0,0.177,3.576,24.977,25.006,790804000.0,0.0,41.01,2.44,2.44,291277000.0,1863213000.0,2882359000.0,2882359000.0,0.0,0.101,0.151,0.243,0.163,0.0,750297000.0,1.0,171475331.0,171475331,,16.809,1889086000.0,0.0,165346000.0,232023000.0,11.017,779487000.0
69,CTAS,MRT,2004-06-30,2004-05-31,2004-05-31,2021-10-07,2853000.0,2810297000.0,2714092500.0,1034243000.0,1776054000.0,1.037,11.029,-112888000.0,87357000.0,87357000.0,1627567000.0,272205000.0,3.176,0.489,484208000.0,10523000.0,473685000.0,484208000.0,0.0,143259000.0,0.0,0.006,0.29,457181000.0,600440000.0,0.213,600440000.0,457181000.0,432080000.0,1.59,1.58,1.59,1887969000.0,1799274250.0,1887969000.0,8151035151.0,18.0,13.575,396821000.0,2.318,1.0,1186492000.0,0.422,950105000.0,25101000.0,1931357000.0,1929928750.0,188688000.0,166964000.0,166964000.0,0.0,922328000.0,325686000.0,596642000.0,7759961151.0,55118000.0,-101654000.0,5868000.0,-68764000.0,-49634000.0,-110787000.0,-343804000.0,-141544000.0,509709000.0,0.0,272205000.0,272205000.0,272205000.0,0.0,0.0,0.097,727618000.0,458874000.0,53451000.0,0.182,4.11,28.508,28.509,785310000.0,0.0,45.33,2.758,2.758,285592000.0,1790547000.0,2814059000.0,2814059000.0,0.0,0.1,0.151,0.237,0.162,0.0,727618000.0,1.0,171188201.0,171188201,,16.438,1860192000.0,0.0,159875000.0,206639000.0,10.866,708557000.0
70,CTAS,MRT,2004-03-31,2004-02-29,2004-02-29,2021-10-07,5034000.0,2755004000.0,2657254750.0,1033032000.0,1721972000.0,1.036,10.586,-119591000.0,113752000.0,113752000.0,1596497000.0,264688000.0,2.994,0.521,504826000.0,22250000.0,482576000.0,504826000.0,0.0,141262000.0,0.0,0.007,0.29,447047000.0,588309000.0,0.214,588309000.0,447047000.0,420294000.0,1.55,1.54,1.55,1810732000.0,1738865000.0,1810732000.0,7713384010.0,17.0,13.111,319604000.0,1.868,1.0,1155552000.0,0.42,894106000.0,26753000.0,1906927000.0,1932621500.0,204196000.0,135106000.0,135106000.0,0.0,944272000.0,345045000.0,599227000.0,7305638010.0,71577000.0,-62474000.0,8072000.0,-76133000.0,-46003000.0,-104830000.0,-262788000.0,-100082000.0,439195000.0,0.0,264688000.0,264688000.0,264688000.0,0.0,0.0,0.096,706670000.0,448882000.0,48902000.0,0.187,4.035,27.601,27.555,782318000.0,0.0,42.71,2.655,2.655,276718000.0,1717914000.0,2752049000.0,2752049000.0,0.0,0.1,0.152,0.231,0.162,0.0,706670000.0,1.0,171052166.0,171052166,,16.089,1860898000.0,0.0,155606000.0,204269000.0,10.879,687987000.0
71,CTAS,MRT,2003-12-31,2003-11-30,2003-11-30,2021-10-07,8185000.0,2694943000.0,2612807000.0,997457000.0,1697486000.0,1.041,10.472,-120658000.0,98596000.0,98596000.0,1584609000.0,257250000.0,3.095,0.507,506342000.0,23492000.0,482850000.0,506342000.0,0.0,141083000.0,0.0,0.006,0.27,436598000.0,577681000.0,0.212,577681000.0,436598000.0,408369000.0,1.51,1.49,1.51,1788418000.0,1678629000.0,1788418000.0,8472937517.0,19.0,14.667,277411000.0,1.624,1.0,1134257000.0,0.417,868351000.0,28229000.0,1912087000.0,1933506250.0,212910000.0,97519000.0,97519000.0,0.0,906525000.0,322251000.0,584274000.0,7973484517.0,47687000.0,-33801000.0,5527000.0,-122292000.0,-46003000.0,-145006000.0,-205376000.0,-59204000.0,398069000.0,0.0,257250000.0,257250000.0,257250000.0,0.0,0.0,0.095,695843000.0,438414000.0,56271000.0,0.179,4.458,30.995,30.921,776814000.0,0.0,46.69,2.933,2.933,279588000.0,1701055000.0,2718866000.0,2718866000.0,0.0,0.098,0.153,0.226,0.161,0.0,695843000.0,1.0,170774995.0,170774995,,15.921,1826592000.0,0.0,151119000.0,227073000.0,10.696,675206000.0
72,CTAS,MRT,2003-09-30,2003-08-31,2003-08-31,2021-10-07,1050000.0,2596126000.0,2585281500.0,897381000.0,1698745000.0,1.044,10.016,-124379000.0,54914000.0,54914000.0,1573872000.0,250933000.0,3.461,0.518,554367000.0,26653000.0,527714000.0,554367000.0,0.0,140430000.0,0.0,0.007,0.27,428144000.0,568574000.0,0.211,568574000.0,428144000.0,398371000.0,1.47,1.46,1.47,1709978000.0,1619174250.0,1709978000.0,7345834526.0,17.0,12.92,208387000.0,1.221,1.0,1124643000.0,0.417,866940000.0,29773000.0,1969344000.0,1948944500.0,224845000.0,37371000.0,37371000.0,0.0,886148000.0,259295000.0,626853000.0,6815059526.0,21507000.0,-27722000.0,5034000.0,-125890000.0,-46003000.0,-155801000.0,-155458000.0,-1618000.0,332766000.0,0.0,250933000.0,250933000.0,250933000.0,0.0,0.0,0.093,694735000.0,429908000.0,48839000.0,0.184,3.985,27.159,27.156,779552000.0,0.0,39.92,2.525,2.525,271766000.0,1631398000.0,2698515000.0,2698515000.0,0.0,0.097,0.155,0.22,0.159,0.0,694735000.0,1.0,170717924.0,170717924,,15.807,1729186000.0,0.0,147438000.0,197038000.0,10.129,638086000.0
73,CTAS,MRT,2003-06-30,2003-05-31,2003-05-31,2021-10-07,2137000.0,2582946000.0,2570238000.0,877544000.0,1705402000.0,1.045,9.658,-115019000.0,32239000.0,32239000.0,1567377000.0,249253000.0,2.879,0.569,563014000.0,28251000.0,534763000.0,563014000.0,0.0,143061000.0,0.0,0.007,0.27,426676000.0,569737000.0,0.212,569737000.0,426676000.0,395759000.0,1.46,1.45,1.46,1646332000.0,1563098000.0,1646332000.0,6851321114.0,16.0,12.025,215668000.0,1.265,1.0,1119208000.0,0.417,866754000.0,30917000.0,1942128000.0,1965363750.0,228410000.0,25420000.0,25420000.0,0.0,936614000.0,304839000.0,631775000.0,6310536114.0,-8389000.0,-37173000.0,5699000.0,-172891000.0,-46003000.0,-202854000.0,-136222000.0,19038000.0,330687000.0,0.0,249253000.0,249253000.0,249253000.0,0.0,0.0,0.093,695437000.0,423771000.0,53909000.0,0.185,3.833,25.318,25.356,777432000.0,0.0,37.02,2.349,2.349,278147000.0,1568071000.0,2686585000.0,2686585000.0,0.0,0.097,0.159,0.217,0.159,0.0,695437000.0,1.0,170462888.0,170462888,,15.761,1716192000.0,0.0,146506000.0,166557000.0,10.068,572705000.0
74,CTAS,MRT,2003-03-31,2003-02-28,2003-02-28,2021-10-07,-4689000.0,2577213000.0,2554310000.0,891148000.0,1686065000.0,1.023,9.218,-102754000.0,42175000.0,42175000.0,1516149000.0,248184000.0,2.527,0.642,582960000.0,16223000.0,566737000.0,582960000.0,0.0,139663000.0,0.0,0.008,0.27,419880000.0,559543000.0,0.214,559543000.0,419880000.0,393654000.0,1.46,1.44,1.46,1569788000.0,1507454750.0,1569788000.0,6293998631.0,15.0,11.248,245816000.0,1.444,1.0,1098105000.0,0.42,854877000.0,26226000.0,1910466000.0,1992447750.0,230171000.0,35024000.0,35024000.0,0.0,1007425000.0,352655000.0,654770000.0,5716658631.0,-44082000.0,-726413000.0,4792000.0,366804000.0,-42454000.0,333848000.0,-726500000.0,117861000.0,348570000.0,0.0,248184000.0,248184000.0,248184000.0,0.0,0.0,0.095,681969000.0,416136000.0,49912000.0,0.185,3.642,23.034,22.993,772614000.0,0.0,33.57,2.187,2.187,273372000.0,1503174000.0,2614254000.0,2614254000.0,0.0,0.097,0.165,0.211,0.161,0.0,681969000.0,1.0,170290695.0,170290695,,15.352,1722336000.0,0.0,145470000.0,186611000.0,10.114,538493000.0
75,CTAS,MRT,2002-12-31,2002-11-30,2002-11-30,2021-10-07,-10066000.0,2584841000.0,2384597250.0,906476000.0,1678365000.0,1.047,9.112,-97626000.0,50909000.0,50909000.0,1442959000.0,244713000.0,2.677,0.667,628249000.0,17355000.0,610894000.0,628249000.0,0.0,134309000.0,0.0,0.005,0.25,409435000.0,543744000.0,0.218,543744000.0,409435000.0,388254000.0,1.44,1.42,1.44,1550599000.0,1454581500.0,1550599000.0,9235219883.0,23.0,16.984,281193000.0,1.652,1.0,1053029000.0,0.422,849767000.0,21181000.0,1973840000.0,1907873000.0,219964000.0,38315000.0,38315000.0,0.0,1034242000.0,338574000.0,695668000.0,8588300883.0,-50370000.0,-733509000.0,4833000.0,389207000.0,-42454000.0,350113000.0,-779302000.0,63338000.0,378819000.0,0.0,244713000.0,244713000.0,244713000.0,0.0,0.0,0.098,648040000.0,404989000.0,65357000.0,0.174,5.539,35.095,35.049,772014000.0,0.0,50.47,3.441,3.441,287476000.0,1490123000.0,2495988000.0,2495988000.0,0.0,0.103,0.168,0.215,0.164,0.0,648040000.0,1.0,170166453.0,170166453,,14.668,1735074000.0,0.0,143541000.0,206147000.0,10.196,567902000.0
76,CTAS,MRT,2002-09-30,2002-08-31,2002-08-31,2021-10-07,-9689000.0,2535952000.0,2207186750.0,864044000.0,1671908000.0,1.075,8.733,-96200000.0,33407000.0,33407000.0,1368817000.0,239358000.0,2.847,0.707,680326000.0,16736000.0,663590000.0,680326000.0,0.0,128686000.0,0.0,0.006,0.25,395672000.0,524358000.0,0.221,524358000.0,395672000.0,379782000.0,1.41,1.39,1.41,1485673000.0,1403218250.0,1485673000.0,8168162103.0,21.0,15.577,290782000.0,1.709,1.0,1003361000.0,0.423,844404000.0,15890000.0,2035021000.0,1813822250.0,209513000.0,35753000.0,35753000.0,0.0,1050279000.0,303446000.0,746833000.0,7487171103.0,-31344000.0,-738319000.0,4248000.0,434102000.0,-42454000.0,392279000.0,-810605000.0,26146000.0,386982000.0,0.0,239358000.0,239358000.0,239358000.0,0.0,0.0,0.101,612813000.0,390548000.0,70854000.0,0.177,5.04,31.28,31.213,770291000.0,0.0,44.01,3.156,3.156,282351000.0,1426783000.0,2372178000.0,2372178000.0,0.0,0.108,0.171,0.218,0.167,0.0,612813000.0,1.0,170124315.0,170124315,,13.944,1691548000.0,0.0,140424000.0,183766000.0,9.943,560598000.0
77,CTAS,MRT,2002-06-30,2002-05-31,2002-05-31,2021-10-07,-7885000.0,2519234000.0,2019516250.0,853250000.0,1665984000.0,1.125,8.382,-107284000.0,40628000.0,40628000.0,1313682000.0,234251000.0,2.729,0.769,721619000.0,18369000.0,703250000.0,721619000.0,0.0,120025000.0,0.0,0.005,0.25,382537000.0,502562000.0,0.221,502562000.0,382537000.0,371585000.0,1.38,1.36,1.38,1423759000.0,1353966000.0,1423759000.0,8986294890.0,23.0,17.881,270149000.0,1.59,1.0,957370000.0,0.422,837127000.0,10952000.0,2050464000.0,1705663500.0,193821000.0,44458000.0,44458000.0,0.0,1095475000.0,312634000.0,782841000.0,8868269890.0,-33096000.0,-732227000.0,3247000.0,479633000.0,-42454000.0,438817000.0,-849346000.0,-7953000.0,377433000.0,0.0,234251000.0,234251000.0,234251000.0,0.0,0.0,0.103,580469000.0,376901000.0,60393000.0,0.181,6.229,37.858,37.833,778402000.0,0.0,52.21,3.905,3.905,283234000.0,1365136000.0,2271052000.0,2271052000.0,0.0,0.116,0.173,0.224,0.168,0.0,580469000.0,1.0,169857688.0,169857688,,13.37,1682107000.0,0.0,137334000.0,152754000.0,9.903,540616000.0
78,CTAS,MRT,2002-03-31,2002-02-28,2002-02-28,2021-10-07,-8249000.0,1898362000.0,1827763750.0,936804000.0,961558000.0,1.22,8.001,-118612000.0,86257000.0,86257000.0,1294978000.0,230267000.0,3.14,0.398,204282000.0,18139000.0,186143000.0,204282000.0,0.0,118498000.0,0.0,0.006,0.25,378123000.0,496621000.0,0.223,496621000.0,378123000.0,366527000.0,1.36,1.34,1.36,1358295000.0,1305855000.0,1358295000.0,7647801892.0,20.0,15.4,261587000.0,1.541,1.0,935227000.0,0.419,145845000.0,11596000.0,1572167000.0,1579394750.0,194360000.0,152885000.0,152885000.0,0.0,540067000.0,298375000.0,241692000.0,7518981892.0,47078000.0,-26648000.0,3834000.0,-44356000.0,-37173000.0,-80022000.0,-253099000.0,-124402000.0,380199000.0,0.0,230267000.0,230267000.0,230267000.0,0.0,0.0,0.103,562230000.0,372997000.0,38205000.0,0.184,5.536,32.653,32.566,712688000.0,0.0,44.29,3.371,3.371,237694000.0,1301179000.0,2230205000.0,2230205000.0,0.0,0.126,0.176,0.239,0.17,0.0,562230000.0,1.0,169767033.0,169767033,,13.137,1752517000.0,0.0,136260000.0,144003000.0,10.323,638429000.0
79,CTAS,MRT,2001-12-31,2001-11-30,2001-11-30,2021-10-07,-7447000.0,1875199000.0,1784411000.0,920393000.0,954806000.0,1.245,7.926,-130443000.0,101279000.0,101279000.0,1295634000.0,229593000.0,3.45,0.394,230099000.0,21068000.0,209031000.0,230099000.0,0.0,116780000.0,0.0,0.005,0.22,379011000.0,495791000.0,0.223,495791000.0,379011000.0,366055000.0,1.35,1.34,1.35,1345146000.0,1268007250.0,1345146000.0,7427074425.0,20.0,14.98,217973000.0,1.284,1.0,925803000.0,0.417,139579000.0,12956000.0,1597637000.0,1612432250.0,200065000.0,101653000.0,101653000.0,0.0,530053000.0,266803000.0,263250000.0,7253547425.0,67103000.0,-29776000.0,6661000.0,-25701000.0,-37173000.0,-59350000.0,-221963000.0,-64342000.0,348416000.0,0.0,229593000.0,229593000.0,229593000.0,0.0,0.0,0.103,551315000.0,374488000.0,46336000.0,0.163,5.392,31.593,31.659,713751000.0,0.0,42.74,3.265,3.265,252487000.0,1288030000.0,2221437000.0,2221437000.0,0.0,0.129,0.181,0.235,0.171,0.0,551315000.0,1.0,169713323.0,169713323,,13.089,1735620000.0,0.0,136462000.0,166589000.0,10.227,653590000.0
80,CTAS,MRT,2001-09-30,2001-08-31,2001-08-31,2021-10-07,-5914000.0,1785270000.0,1733304500.0,838709000.0,946561000.0,1.271,7.595,-137905000.0,64751000.0,64751000.0,1288316000.0,228141000.0,3.717,0.385,238278000.0,20540000.0,217738000.0,238278000.0,0.0,113878000.0,0.0,0.005,0.22,378768000.0,492646000.0,0.224,492646000.0,378768000.0,364650000.0,1.35,1.33,1.35,1288664000.0,1219308750.0,1288664000.0,8068208681.0,21.0,16.377,141168000.0,0.832,1.0,915025000.0,0.415,130745000.0,14118000.0,1602386000.0,1628835000.0,204208000.0,61899000.0,61899000.0,0.0,496606000.0,225666000.0,270940000.0,7900387681.0,34242000.0,-38402000.0,6375000.0,-26251000.0,-37173000.0,-56960000.0,-187871000.0,-14145000.0,279073000.0,0.0,228141000.0,228141000.0,228141000.0,0.0,0.0,0.104,540617000.0,374408000.0,42541000.0,0.163,6.131,34.629,34.489,710590000.0,0.0,46.56,3.586,3.586,248283000.0,1230405000.0,2203341000.0,2203341000.0,0.0,0.132,0.187,0.233,0.172,0.0,540617000.0,1.0,169681866.0,169681866,,12.985,1654525000.0,0.0,136509000.0,118777000.0,9.751,613043000.0
81,CTAS,MRT,2001-06-30,2001-05-31,2001-05-31,2021-10-07,-5424000.0,1752224000.0,1687687500.0,819670000.0,932554000.0,1.28,7.284,-147444000.0,73724000.0,73724000.0,1264433000.0,222451000.0,3.267,0.423,241545000.0,20605000.0,220940000.0,241545000.0,0.0,112089000.0,0.0,0.005,0.22,371573000.0,483662000.0,0.224,483662000.0,371573000.0,356454000.0,1.32,1.3,1.32,1231315000.0,1170149000.0,1231315000.0,8092781182.0,22.0,16.732,99514000.0,0.589,1.0,896267000.0,0.415,123753000.0,15119000.0,1545389000.0,1634335250.0,214349000.0,36505000.0,36505000.0,0.0,520909000.0,250903000.0,270006000.0,7883730182.0,21542000.0,-29135000.0,5992000.0,-33404000.0,-37173000.0,-64007000.0,-161409000.0,21135000.0,246958000.0,0.0,222451000.0,222451000.0,222451000.0,0.0,0.0,0.103,529063000.0,367204000.0,42495000.0,0.167,6.403,35.44,35.333,702132000.0,0.0,46.64,3.649,3.649,244450000.0,1174330000.0,2160700000.0,2160700000.0,0.0,0.132,0.19,0.227,0.172,0.0,529063000.0,1.0,169033666.0,169033666,,12.783,1628471000.0,0.0,134003000.0,120181000.0,9.634,568767000.0
82,CTAS,MRT,2001-03-31,2001-02-28,2001-02-28,2021-10-07,-5126000.0,1724951000.0,1644967000.0,778558000.0,946393000.0,1.278,7.152,-151007000.0,39179000.0,39179000.0,1231492000.0,215117000.0,3.39,0.429,248230000.0,15609000.0,232621000.0,248230000.0,0.0,108756000.0,0.0,0.006,0.22,360247000.0,469003000.0,0.223,469003000.0,360247000.0,344636000.0,1.28,1.26,1.28,1206904000.0,1123039250.0,1206904000.0,6299222274.0,17.0,13.431,78231000.0,0.464,1.0,871080000.0,0.414,0.0,15611000.0,1704317000.0,1639175500.0,223330000.0,28483000.0,28483000.0,0.0,518047000.0,229685000.0,288362000.0,6078609274.0,-1633000.0,-31920000.0,5013000.0,-34674000.0,-31249000.0,-61370000.0,-169501000.0,45582000.0,229238000.0,0.0,215117000.0,215117000.0,215117000.0,0.0,0.0,0.102,515411000.0,355669000.0,49244000.0,0.172,5.037,28.257,28.141,690886000.0,0.0,36.02,2.891,2.891,246669000.0,1151285000.0,2102572000.0,2102572000.0,0.0,0.131,0.192,0.22,0.171,0.0,515411000.0,1.0,168756504.0,168756504,,12.459,1724951000.0,0.0,129519000.0,114439000.0,10.222,548873000.0
83,CTAS,MRT,2000-12-31,2000-11-30,2000-11-30,2021-10-07,-5336000.0,1670773000.0,1599700250.0,763122000.0,907651000.0,1.275,6.821,-157559000.0,34176000.0,34176000.0,1194039000.0,209269000.0,3.345,0.452,254789000.0,15850000.0,238939000.0,254789000.0,0.0,104294000.0,0.0,0.004,0.187,351888000.0,456182000.0,0.224,456182000.0,351888000.0,336028000.0,1.25,1.23,1.25,1150352000.0,1076351500.0,1150352000.0,8824239787.0,25.0,19.344,71786000.0,0.426,1.0,845739000.0,0.415,0.0,15860000.0,1663248000.0,1600957500.0,200449000.0,37311000.0,37311000.0,0.0,520421000.0,228138000.0,292283000.0,8591230787.0,7746000.0,-15758000.0,2000000.0,-32203000.0,-31249000.0,-59737000.0,-161862000.0,30036000.0,229345000.0,0.0,209269000.0,209269000.0,209269000.0,0.0,0.0,0.103,498764000.0,346975000.0,55362000.0,0.15,7.468,41.054,40.752,678065000.0,0.0,50.94,4.212,4.212,252537000.0,1096750000.0,2039778000.0,2039778000.0,0.0,0.131,0.194,0.22,0.173,0.0,498764000.0,1.0,168653922.0,168653922,,12.094,1670773000.0,0.0,126759000.0,113482000.0,9.907,534984000.0
84,CTAS,MRT,2000-09-30,2000-08-31,2000-08-31,2021-10-07,-3667000.0,1602802000.0,1553648250.0,719247000.0,883555000.0,1.266,6.481,-150899000.0,30509000.0,30509000.0,1154047000.0,201071000.0,3.402,0.468,263518000.0,16201000.0,247317000.0,263518000.0,0.0,103626000.0,0.0,0.004,0.187,339223000.0,442849000.0,0.225,442849000.0,339223000.0,323338000.0,1.2,1.19,1.2,1092025000.0,1031180750.0,1092025000.0,7221934379.0,21.0,16.308,75809000.0,0.45,1.0,812528000.0,0.413,0.0,15885000.0,1624387000.0,1565915750.0,175549000.0,47754000.0,47754000.0,0.0,510777000.0,211424000.0,299353000.0,7003134379.0,-1291000.0,2500000.0,2192000.0,-30231000.0,-31249000.0,-58664000.0,-169335000.0,2668000.0,226708000.0,0.0,201071000.0,201071000.0,201071000.0,0.0,0.0,0.102,478177000.0,334351000.0,47030000.0,0.156,6.413,34.829,34.633,663541000.0,0.0,41.56,3.561,3.561,239023000.0,1040220000.0,1966575000.0,1966575000.0,0.0,0.129,0.195,0.217,0.172,0.0,478177000.0,1.0,168506602.0,168506602,,11.671,1602802000.0,0.0,122267000.0,111359000.0,9.512,507823000.0
85,CTAS,MRT,2000-06-30,2000-05-31,2000-05-31,2021-10-07,-4312000.0,1581342000.0,1510248500.0,721470000.0,859872000.0,1.259,6.228,-161432000.0,52182000.0,52182000.0,1122439000.0,193387000.0,3.065,0.516,270982000.0,16604000.0,254378000.0,270982000.0,0.0,99513000.0,0.0,0.004,0.187,327666000.0,427179000.0,0.225,427179000.0,327666000.0,311759000.0,1.16,1.14,1.16,1042876000.0,987324250.0,1042876000.0,7598755056.0,23.0,17.788,96600000.0,0.577,1.0,779552000.0,0.41,0.0,15907000.0,1564750000.0,1529014000.0,164906000.0,57640000.0,57640000.0,0.0,538466000.0,235392000.0,303074000.0,7368142056.0,36379000.0,740000.0,3399000.0,-36912000.0,-31249000.0,-64715000.0,-156938000.0,14675000.0,258032000.0,0.0,193387000.0,193387000.0,193387000.0,0.0,0.0,0.102,456628000.0,322924000.0,50976000.0,0.161,7.065,38.101,37.931,642507000.0,0.0,44.0,3.874,3.874,225735000.0,992450000.0,1901991000.0,1901991000.0,0.0,0.128,0.196,0.214,0.172,0.0,456628000.0,1.0,167457774.0,167457774,,11.358,1581342000.0,0.0,118372000.0,98310000.0,9.443,486078000.0
86,CTAS,MRT,2000-03-31,2000-02-29,2000-02-29,2021-10-07,-3104000.0,1543884000.0,1466867500.0,716784000.0,827100000.0,1.263,6.096,-167373000.0,40812000.0,40812000.0,1101118000.0,160241000.0,3.214,0.513,271425000.0,16035000.0,255390000.0,271425000.0,0.0,99628000.0,0.0,0.007,0.187,273620000.0,373248000.0,0.202,373248000.0,273620000.0,257750000.0,0.96,0.95,0.96,1020153000.0,944461000.0,1020153000.0,4705604123.0,17.0,12.607,51914000.0,0.31,1.0,751006000.0,0.405,0.0,15870000.0,1551445000.0,1507793750.0,153466000.0,74065000.0,74065000.0,0.0,523731000.0,223052000.0,300679000.0,4455917123.0,10621000.0,-6231000.0,3813000.0,-5077000.0,-23250000.0,-20764000.0,-187902000.0,-5958000.0,219287000.0,0.0,160241000.0,160241000.0,160241000.0,0.0,0.0,0.087,481943000.0,269063000.0,52406000.0,0.195,4.368,27.808,27.736,617856000.0,0.0,26.627,2.406,2.406,231510000.0,969296000.0,1852124000.0,1852124000.0,0.0,0.109,0.17,0.181,0.148,0.0,436426000.0,1.0,167347914.0,167347914,,11.068,1543884000.0,0.0,97509000.0,101243000.0,9.226,493732000.0
87,CTAS,MRT,1999-12-31,1999-11-30,1999-11-30,2021-10-07,-3667000.0,1486565000.0,1367168750.0,673950000.0,812615000.0,1.325,5.819,-163958000.0,26430000.0,26430000.0,1078755000.0,149810000.0,3.162,0.533,276117000.0,16117000.0,260000000.0,276117000.0,0.0,98127000.0,0.0,0.005,0.147,256348000.0,354475000.0,0.196,354475000.0,256348000.0,240765000.0,0.9,0.88,0.9,969669000.0,881687250.0,969669000.0,5354589973.0,21.0,15.106,60352000.0,0.362,1.0,733109000.0,0.405,0.0,15583000.0,1523081000.0,1397830250.0,136091000.0,67347000.0,67347000.0,0.0,516896000.0,213171000.0,303725000.0,5103539973.0,21964000.0,-9168000.0,3325000.0,-4775000.0,-24942000.0,-20983000.0,-181363000.0,1874000.0,224310000.0,0.0,149810000.0,149810000.0,149810000.0,0.0,0.0,0.083,481171000.0,251938000.0,49692000.0,0.163,5.263,34.067,34.03,615121000.0,0.0,30.627,2.817,2.817,226996000.0,919991000.0,1811864000.0,1811864000.0,0.0,0.11,0.17,0.183,0.141,0.0,435654000.0,1.0,166637134.0,166637134,,10.873,1486565000.0,0.0,90955000.0,96925000.0,8.921,460779000.0
88,CTAS,MRT,1999-09-30,1999-08-31,1999-08-31,2021-10-07,-4062000.0,1429203000.0,1271278000.0,630095000.0,799108000.0,1.402,5.502,-181093000.0,31800000.0,31800000.0,1065130000.0,145853000.0,3.097,0.559,282850000.0,16200000.0,266650000.0,282850000.0,0.0,91156000.0,0.0,0.004,0.147,250872000.0,342028000.0,0.192,342028000.0,250872000.0,234714000.0,0.877,0.85,0.877,916599000.0,821774500.0,916599000.0,5990199114.0,24.0,17.514,28038000.0,0.168,1.0,717383000.0,0.402,0.0,16158000.0,1476780000.0,1291131750.0,134741000.0,50422000.0,50422000.0,0.0,512604000.0,203473000.0,309131000.0,5706051114.0,13224000.0,3700000.0,3247000.0,-25994000.0,-24096000.0,-43655000.0,-152252000.0,24694000.0,209131000.0,0.0,145853000.0,145853000.0,145853000.0,0.0,0.0,0.082,471063000.0,246320000.0,47476000.0,0.168,6.225,39.122,39.057,599727000.0,0.0,34.253,3.201,3.201,204967000.0,868434000.0,1782513000.0,1782513000.0,0.0,0.115,0.177,0.194,0.141,0.0,425546000.0,1.0,166583820.0,166583820,,10.7,1429203000.0,0.0,88861000.0,100875000.0,8.579,426622000.0
89,CTAS,MRT,1999-06-30,1999-05-31,1999-05-31,2021-10-07,-3819000.0,1407818000.0,1176688750.0,634485000.0,773333000.0,1.489,5.494,-171248000.0,15803000.0,15803000.0,1050799000.0,138939000.0,2.991,0.616,299951000.0,16370000.0,283581000.0,299951000.0,0.0,90228000.0,0.0,0.003,0.147,240436000.0,330664000.0,0.189,330664000.0,240436000.0,223994000.0,0.84,0.82,0.84,871423000.0,764142250.0,871423000.0,6860618182.0,29.0,20.748,31814000.0,0.201,1.0,700769000.0,0.4,0.0,16442000.0,1479869000.0,1179523500.0,137983000.0,72315000.0,72315000.0,0.0,536395000.0,212097000.0,324298000.0,6714807182.0,2380000.0,4323000.0,2309000.0,-19724000.0,-24942000.0,-41183000.0,-159499000.0,10211000.0,203062000.0,0.0,138939000.0,138939000.0,138939000.0,0.0,0.0,0.079,465004000.0,235765000.0,46783000.0,0.175,7.706,48.329,50.397,573087000.0,0.0,42.333,3.834,3.834,202079000.0,825268000.0,1751568000.0,1751568000.0,0.0,0.118,0.182,0.204,0.137,0.0,419487000.0,1.0,158617492.0,158617492,,11.043,1407818000.0,0.0,85055000.0,80931000.0,8.876,422388000.0
90,CTAS,MRT,1999-03-31,1999-02-28,1999-02-28,2021-10-07,-4478000.0,1145089000.0,1151084250.0,557968000.0,587121000.0,1.655,4.855,-187088000.0,28258000.0,28258000.0,1154495000.0,161631000.0,3.112,0.489,174069000.0,5673000.0,168396000.0,174069000.0,0.0,96473000.0,0.0,0.003,0.147,272261000.0,368734000.0,0.194,368734000.0,272261000.0,250325000.0,0.947,0.927,0.947,769058000.0,735485250.0,769058000.0,7641252130.0,28.0,20.723,17997000.0,0.114,1.0,750656000.0,0.394,0.0,21936000.0,1111591000.0,1161859250.0,122340000.0,73735000.0,73735000.0,0.0,376031000.0,179309000.0,196722000.0,7470814130.0,11460000.0,15967000.0,-2701000.0,-17919000.0,5145000.0,-30448000.0,-163177000.0,2019000.0,205085000.0,0.0,161631000.0,161631000.0,161631000.0,0.0,0.0,0.085,483248000.0,267408000.0,39876000.0,0.155,9.714,46.221,49.806,449847000.0,0.0,47.167,3.921,3.921,172300000.0,724850000.0,1905151000.0,1905151000.0,0.0,0.14,0.22,0.234,0.143,0.0,466132000.0,1.0,158391819.0,158391819,,12.028,1145089000.0,0.0,88694000.0,70035000.0,7.229,378659000.0
91,CTAS,MRT,1998-12-31,1998-11-30,1998-11-30,2021-10-07,-5370000.0,1103002000.0,1082804250.0,541745000.0,561257000.0,1.638,4.634,-175109000.0,4441000.0,4441000.0,1076438000.0,153290000.0,3.058,0.511,174879000.0,6353000.0,168526000.0,174879000.0,0.0,89479000.0,0.0,0.003,0.12,255778000.0,345257000.0,0.195,345257000.0,255778000.0,235460000.0,0.917,0.9,0.917,730018000.0,686917750.0,730018000.0,5936290205.0,23.0,17.194,602000.0,0.004,1.0,696933000.0,0.393,0.0,20318000.0,1096287000.0,1098468250.0,117637000.0,74849000.0,74849000.0,0.0,372984000.0,177153000.0,195831000.0,5776745205.0,-15598000.0,-5784000.0,-3883000.0,11495000.0,-19082000.0,-23962000.0,-167347000.0,8976000.0,175711000.0,0.0,153290000.0,153290000.0,153290000.0,0.0,0.0,0.086,446119000.0,250814000.0,41619000.0,0.131,7.913,37.685,39.985,422891000.0,0.0,36.667,3.257,3.257,187108000.0,687206000.0,1773371000.0,1773371000.0,0.0,0.142,0.223,0.233,0.144,0.0,429003000.0,1.0,157547596.0,157547596,,11.256,1103002000.0,0.0,82170000.0,73067000.0,7.001,364592000.0
92,CTAS,MRT,1998-09-30,1998-08-31,1998-08-31,2021-10-07,-6007000.0,1050846000.0,1012802750.0,520283000.0,530563000.0,1.61,4.361,-151117000.0,17904000.0,17904000.0,989425000.0,141644000.0,2.89,0.532,177449000.0,18682000.0,158767000.0,177449000.0,0.0,84022000.0,0.0,0.004,0.12,231091000.0,315113000.0,0.193,315113000.0,231091000.0,213153000.0,0.863,0.853,0.863,686070000.0,645326500.0,686070000.0,4449251189.0,19.0,14.12,17103000.0,0.109,1.0,641145000.0,0.393,0.0,17938000.0,1030347000.0,1023402250.0,114292000.0,80744000.0,80744000.0,0.0,364776000.0,180044000.0,184732000.0,4273844189.0,3680000.0,-24607000.0,-3989000.0,36504000.0,-17295000.0,-567000.0,-163973000.0,11491000.0,168220000.0,0.0,141644000.0,141644000.0,141644000.0,0.0,0.0,0.087,415006000.0,226139000.0,37666000.0,0.139,6.229,30.173,31.479,392231000.0,0.0,27.167,2.621,2.621,164000000.0,644293000.0,1630570000.0,1630570000.0,0.0,0.14,0.219,0.226,0.142,0.0,397890000.0,1.0,157319418.0,157319418,,10.365,1050846000.0,0.0,71509000.0,75241000.0,6.68,340239000.0
93,CTAS,MRT,1998-06-30,1998-05-31,1998-05-31,2021-10-07,-2516000.0,1305400000.0,946230500.0,604109000.0,701291000.0,1.561,5.144,-128566000.0,13423000.0,13423000.0,891720000.0,133654000.0,2.989,0.725,319374000.0,11741000.0,307633000.0,319374000.0,0.0,75333000.0,0.0,0.004,0.12,212680000.0,288013000.0,0.195,288013000.0,212680000.0,196856000.0,0.83,0.82,0.83,756795000.0,607830750.0,756795000.0,4606486084.0,22.0,15.994,14109000.0,0.096,1.0,585225000.0,0.396,0.0,15824000.0,1409212000.0,959032250.0,129655000.0,88154000.0,88154000.0,0.0,548605000.0,202139000.0,346466000.0,4481676084.0,-4209000.0,-27456000.0,-4715000.0,47821000.0,-19082000.0,9536000.0,-156420000.0,501000.0,142675000.0,0.0,133654000.0,133654000.0,133654000.0,0.0,0.0,0.09,377370000.0,207855000.0,54275000.0,0.145,5.922,33.532,36.699,488971000.0,0.0,30.46,3.034,3.034,185938000.0,712249000.0,1476945000.0,1476945000.0,0.0,0.141,0.22,0.222,0.144,0.0,360254000.0,1.0,147133161.0,147133161,,10.038,1305400000.0,0.0,63202000.0,82578000.0,8.872,401970000.0
94,CTAS,MRT,1998-03-31,1998-02-28,1998-02-28,2021-10-07,-2097000.0,871969000.0,830703000.0,401485000.0,470484000.0,1.829,3.918,-107089000.0,15875000.0,15875000.0,930519000.0,144990000.0,2.894,0.517,140685000.0,6654000.0,134031000.0,140685000.0,0.0,74731000.0,0.0,0.008,0.22,233736000.0,308467000.0,0.203,308467000.0,233736000.0,217246000.0,0.9,0.893,0.9,574788000.0,556088250.0,574788000.0,4256348002.0,18.0,13.798,64080000.0,0.437,1.0,588465000.0,0.387,0.0,16490000.0,858027000.0,810423250.0,61181000.0,75754000.0,75754000.0,0.0,297181000.0,138752000.0,158429000.0,4156532002.0,6840000.0,-43456000.0,740000.0,19496000.0,-41553000.0,-37965000.0,-126364000.0,22681000.0,171169000.0,0.0,144990000.0,144990000.0,144990000.0,0.0,0.0,0.095,359668000.0,228797000.0,28660000.0,0.244,7.231,28.668,31.481,332765000.0,0.0,28.333,2.736,2.736,117860000.0,530651000.0,1518984000.0,1518984000.0,0.0,0.175,0.261,0.288,0.154,0.0,359115000.0,1.0,146701130.0,146701130,,10.354,871969000.0,0.0,72256000.0,68598000.0,5.944,262733000.0
95,CTAS,MRT,1997-12-31,1997-11-30,1997-11-30,2021-10-07,-1749000.0,822996000.0,798172500.0,392368000.0,430628000.0,1.788,3.855,-97399000.0,16020000.0,16020000.0,876938000.0,137154000.0,3.095,0.46,115836000.0,6872000.0,108964000.0,115836000.0,0.0,71862000.0,0.0,0.004,0.1,222679000.0,294541000.0,0.206,294541000.0,222679000.0,206275000.0,0.853,0.853,0.853,563653000.0,536594750.0,563653000.0,3893603728.0,17.0,13.219,63192000.0,0.432,1.0,550109000.0,0.385,0.0,16404000.0,796023000.0,780914250.0,51599000.0,83825000.0,83825000.0,0.0,259343000.0,126789000.0,132554000.0,3789559728.0,5148000.0,-21964000.0,1926000.0,-6082000.0,-15634000.0,-41302000.0,-114141000.0,3137000.0,160591000.0,0.0,137154000.0,137154000.0,137154000.0,0.0,0.0,0.096,332307000.0,217802000.0,28282000.0,0.117,6.723,27.63,30.387,313175000.0,0.0,25.92,2.656,2.656,113041000.0,519742000.0,1427047000.0,1427047000.0,0.0,0.172,0.256,0.285,0.156,0.0,331754000.0,1.0,146202150.0,146208000,,9.76,822996000.0,0.0,69121000.0,67765000.0,5.629,265579000.0
96,CTAS,MRT,1997-09-30,1997-08-31,1997-08-31,2021-10-07,-1380000.0,784557000.0,772658750.0,368215000.0,416342000.0,1.737,3.692,-92369000.0,12385000.0,12385000.0,826590000.0,127120000.0,3.182,0.463,116429000.0,6688000.0,109741000.0,116429000.0,0.0,68990000.0,0.0,0.004,0.1,209357000.0,278347000.0,0.207,278347000.0,209357000.0,193034000.0,0.8,,0.8,536087000.0,514278750.0,536087000.0,3491286587.0,17.0,12.543,71732000.0,0.494,1.0,515328000.0,0.384,0.0,16323000.0,772867000.0,761056750.0,45622000.0,92234000.0,92234000.0,0.0,248470000.0,115734000.0,132736000.0,3387317587.0,-568000.0,-23179000.0,2281000.0,-7513000.0,-18267000.0,-39533000.0,-125136000.0,-10439000.0,164101000.0,0.0,127120000.0,127120000.0,127120000.0,0.0,0.0,0.095,310688000.0,204640000.0,22589000.0,0.125,6.319,26.647,29.062,297776000.0,0.0,23.25,2.524,2.516,100896000.0,492198000.0,1341918000.0,1341918000.0,0.0,0.165,0.247,0.275,0.156,0.0,310135000.0,1.0,145691079.0,145218000,,9.241,784557000.0,0.0,65914000.0,68683000.0,5.403,252481000.0
97,CTAS,MRT,1997-06-30,1997-05-31,1997-05-31,2021-10-07,-1042000.0,843290000.0,756026000.0,424168000.0,419122000.0,1.669,3.848,-86209000.0,16362000.0,16362000.0,780087000.0,118557000.0,2.904,0.534,133888000.0,8322000.0,125566000.0,133888000.0,0.0,66355000.0,0.0,0.005,0.1,198045000.0,264400000.0,0.21,264400000.0,198045000.0,182012000.0,0.753,0.747,0.753,549825000.0,489661000.0,549825000.0,3103270874.0,16.0,11.737,75801000.0,0.53,1.0,481812000.0,0.382,0.0,16033000.0,814776000.0,748197000.0,80344000.0,88655000.0,88655000.0,0.0,293465000.0,146040000.0,147425000.0,2992158874.0,4678000.0,-18981000.0,2298000.0,-8449000.0,-15634000.0,-37238000.0,-120094000.0,-15178000.0,162010000.0,0.0,118557000.0,118557000.0,118557000.0,0.0,0.0,0.094,288216000.0,193596000.0,32675000.0,0.133,5.442,25.238,27.446,299182000.0,0.0,20.667,2.371,2.34,122975000.0,505568000.0,1261899000.0,1261899000.0,0.0,0.157,0.242,0.265,0.157,0.0,287663000.0,1.0,144781881.0,142893000,,8.831,843290000.0,0.0,63455000.0,54748000.0,5.902,278128000.0
98,CTAS,MRT,1997-03-31,1997-02-28,1997-02-28,2021-10-07,-627000.0,741847000.0,,343595000.0,398252000.0,,3.48,-66928000.0,8003000.0,8003000.0,572820000.0,98934000.0,3.042,0.493,119115000.0,6666000.0,112449000.0,119115000.0,0.0,48940000.0,0.0,0.005,0.083,160927000.0,209867000.0,0.221,209867000.0,160927000.0,151789000.0,0.667,,0.667,496814000.0,,496814000.0,2672174980.0,17.0,12.733,69016000.0,0.483,1.0,378630000.0,0.398,0.0,9138000.0,739991000.0,,42504000.0,98436000.0,98436000.0,0.0,245033000.0,112968000.0,132065000.0,2563534980.0,-2854000.0,-8588000.0,1112000.0,-65000.0,-28697000.0,-27326000.0,-111472000.0,-32447000.0,135944000.0,0.0,98934000.0,98934000.0,98934000.0,0.0,0.0,0.104,221747000.0,156883000.0,20321000.0,0.124,5.16,25.912,26.987,277130000.0,0.0,18.0,2.694,2.701,85642000.0,452735000.0,951450000.0,951450000.0,0.0,,,,0.169,0.0,221691000.0,1.0,142418610.0,142752000,,6.665,741847000.0,0.0,52855000.0,54998000.0,5.197,230627000.0
99,CTAS,MRT,1996-12-31,1996-11-30,1996-11-30,2021-10-07,-465000.0,720941000.0,,334344000.0,386597000.0,,3.335,-63310000.0,11028000.0,11028000.0,557322000.0,95004000.0,2.959,0.52,119668000.0,6424000.0,113244000.0,119668000.0,0.0,46588000.0,0.0,0.004,0.083,155226000.0,201814000.0,0.218,201814000.0,155226000.0,145775000.0,0.643,,0.643,474389000.0,,474389000.0,,,,72621000.0,0.51,1.0,367153000.0,0.397,0.0,9451000.0,716593000.0,,39274000.0,86962000.0,86962000.0,0.0,246552000.0,112988000.0,133564000.0,2883976852.0,5111000.0,-3762000.0,1239000.0,-2075000.0,-28697000.0,-28206000.0,-102614000.0,-33163000.0,135931000.0,0.0,95004000.0,95004000.0,95004000.0,0.0,0.0,0.103,215627000.0,151526000.0,27617000.0,0.129,6.079,30.356,31.493,268908000.0,0.0,20.25,3.12,3.116,88719000.0,430280000.0,924475000.0,924475000.0,0.0,,,,0.168,0.0,215571000.0,1.0,142418610.0,142258500,,6.499,720941000.0,0.0,50771000.0,55811000.0,5.068,221356000.0
100,CTAS,MRT,1996-09-30,1996-08-31,1996-08-31,2021-10-07,,,,,,,,,,,542035000.0,91153000.0,,,,,,,,,,0.005,0.083,149947000.0,,,,149947000.0,140225000.0,0.617,,0.617,,,,,,,,,1.0,356241000.0,0.397,,9722000.0,,,,,,,,,,,,,,,,,,,,,91153000.0,91153000.0,91153000.0,0.0,0.0,0.101,209385000.0,146856000.0,,0.135,,,29.849,,0.0,18.417,,2.907,,,898276000.0,898276000.0,0.0,,,,0.167,,209329000.0,1.0,,141798000,,6.335,,,49072000.0,,,
101,CTAS,MRT,1996-06-30,1996-05-31,1996-05-31,2021-10-07,-833000.0,668762000.0,632471500.0,297502000.0,371260000.0,1.385,3.04,-59850000.0,9066000.0,9066000.0,528575000.0,87744000.0,2.9,0.557,124516000.0,6592000.0,117924000.0,124516000.0,0.0,44896000.0,0.0,0.005,0.083,145034000.0,189930000.0,0.217,189930000.0,145034000.0,134791000.0,0.593,0.587,0.593,429497000.0,396920500.0,429497000.0,,,,67911000.0,0.481,1.0,347258000.0,0.396,0.0,10243000.0,681618000.0,653203500.0,34678000.0,73477000.0,73477000.0,0.0,239265000.0,102594000.0,136671000.0,,3079000.0,-2307000.0,768000.0,1246000.0,-28697000.0,-25714000.0,-98968000.0,-34680000.0,127761000.0,0.0,87744000.0,87744000.0,87744000.0,0.0,0.0,0.1,204882000.0,142376000.0,19363000.0,0.14,,,30.495,252597000.0,0.0,18.083,,2.917,78244000.0,386673000.0,875833000.0,875833000.0,0.0,0.139,0.221,0.222,0.166,0.0,204826000.0,1.0,,141297000,,6.199,668762000.0,0.0,47047000.0,46218000.0,4.733,194908000.0
102,CTAS,MRT,1996-03-31,1996-02-29,1996-02-29,2021-10-07,,,,,,,,,,,,,,,,,,,,,,0.004,0.067,,,,,,,,,,,,,,,,,,1.0,,,,,,,,,,,,,,,,,,,,,,,,,,,,,,,,,,,,,,,,16.167,,,,,,,,,,,,,,1.0,,141366000,,,,,,,,
103,CTAS,MRT,1995-12-31,1995-11-30,1995-11-30,2021-10-07,,,,,,,,,,,,,,,,,,,,,,0.004,0.067,,,,,,,,,,,,,,,,,,1.0,,,,,,,,,,,,,,,,,,,,,,,,,,,,,,,,,,,,,,,,15.333,,,,,,,,,,,,,,1.0,,141159000,,,,,,,,
104,CTAS,MRT,1995-06-30,1995-05-31,1995-05-31,2021-10-07,-975000.0,596181000.0,,241422000.0,354759000.0,,2.59,-56546000.0,6685000.0,6685000.0,371265000.0,62743000.0,2.541,0.636,130305000.0,10030000.0,120275000.0,130305000.0,0.0,37706000.0,0.0,0.006,0.067,108306000.0,146012000.0,0.237,146012000.0,108306000.0,100961000.0,0.447,,0.447,364344000.0,,364344000.0,,,,18704000.0,0.133,1.0,243833000.0,0.396,0.0,7345000.0,624789000.0,,36883000.0,38797000.0,38797000.0,0.0,231837000.0,95012000.0,136825000.0,,-1764000.0,-50095000.0,-6206000.0,30379000.0,-9398000.0,14965000.0,-91979000.0,13536000.0,75250000.0,0.0,62743000.0,62743000.0,62743000.0,0.0,0.0,0.102,137675000.0,106158000.0,17265000.0,0.15,,,25.727,227997000.0,0.0,11.5,,2.63,69032000.0,323284000.0,615098000.0,615098000.0,0.0,,,,0.176,0.0,137675000.0,1.0,,140673000,,4.373,596181000.0,0.0,38218000.0,42109000.0,4.238,146410000.0
105,CTAS,MRT,1994-06-30,1994-05-31,1994-05-31,2021-10-07,,,,,,,,-35838000.0,,,313345000.0,52170000.0,,,,,,,,35060000.0,,0.005,0.057,92115000.0,127175000.0,0.243,127175000.0,92115000.0,85451000.0,0.373,,0.373,,,,,,,35592000.0,0.254,1.0,209871000.0,0.401,,6664000.0,,,,,,,,,,,-5743000.0,-11796000.0,750000.0,-8347000.0,-7953000.0,-15230000.0,-61943000.0,-11556000.0,71430000.0,0.0,52170000.0,52170000.0,52170000.0,0.0,0.0,0.1,119446000.0,90425000.0,,0.153,,,27.873,,0.0,10.397,,2.784,,,523216000.0,523216000.0,0.0,,,,0.176,0.0,119446000.0,1.0,,140118000,,3.734,,,33281000.0,,,
