None,ticker,dimension,calendardate,datekey,reportperiod,lastupdated,accoci,assets,assetsavg,assetsc,assetsnc,assetturnover,bvps,capex,cashneq,cashnequsd,cor,consolinc,currentratio,de,debt,debtc,debtnc,debtusd,deferredrev,depamor,deposits,divyield,dps,ebit,ebitda,ebitdamargin,ebitdausd,ebitusd,ebt,eps,epsdil,epsusd,equity,equityavg,equityusd,ev,evebit,evebitda,fcf,fcfps,fxusd,gp,grossmargin,intangibles,intexp,invcap,invcapavg,inventory,investments,investmentsc,investmentsnc,liabilities,liabilitiesc,liabilitiesnc,marketcap,ncf,ncfbus,ncfcommon,ncfdebt,ncfdiv,ncff,ncfi,ncfinv,ncfo,ncfx,netinc,netinccmn,netinccmnusd,netincdis,netincnci,netmargin,opex,opinc,payables,payoutratio,pb,pe,pe1,ppnenet,prefdivis,price,ps,ps1,receivables,retearn,revenue,revenueusd,rnd,roa,roe,roic,ros,sbcomp,sgna,sharefactor,sharesbas,shareswa,shareswadil,sps,tangibles,taxassets,taxexp,taxliabilities,tbvps,workingcapital
0,CAM,MRY,2015-12-31,2015-12-31,2015-12-31,2019-04-17,-877000000.0,11500000000.0,11661500000.0,7118000000.0,4382000000.0,0.753,23.853,-271000000.0,1775000000.0,1775000000.0,6126000000.0,568000000.0,2.22,1.342,2826000000.0,284000000.0,2542000000.0,2826000000.0,0.0,342000000.0,0.0,0.0,0.0,823000000.0,1165000000.0,0.133,1165000000.0,823000000.0,685000000.0,2.61,2.6,2.61,4554000000.0,4400750000.0,4554000000.0,13271247522.0,16.0,11.392,437000000.0,2.289,1.0,2656000000.0,0.302,2346000000.0,138000000.0,6999000000.0,7216500000.0,2360000000.0,584000000.0,584000000.0,0.0,6110000000.0,3206000000.0,2904000000.0,12066247522.0,262000000.0,831000000.0,-220000000.0,-240000000.0,0.0,-461000000.0,89000000.0,-471000000.0,708000000.0,-74000000.0,501000000.0,501000000.0,501000000.0,0.0,67000000.0,0.057,2197000000.0,459000000.0,2793000000.0,0.0,2.65,24.084,24.215,1717000000.0,0.0,63.2,1.374,1.374,1964000000.0,6132000000.0,8782000000.0,8782000000.0,0.0,0.043,0.114,0.114,0.094,49000000.0,1082000000.0,1.0,190921638.0,190921638.0,,45.998,9154000000.0,0.0,184000000.0,339000000.0,47.946,3912000000.0
1,CAM,MRY,2014-12-31,2014-12-31,2014-12-31,2019-04-17,-540000000.0,12892000000.0,13303375000.0,7552000000.0,5340000000.0,0.78,23.07,-372000000.0,1513000000.0,1513000000.0,7464000000.0,848000000.0,1.769,1.635,3082000000.0,263000000.0,2819000000.0,3082000000.0,0.0,360000000.0,0.0,0.0,0.0,1198000000.0,1558000000.0,0.15,1558000000.0,1198000000.0,1069000000.0,3.98,3.96,3.98,4555000000.0,4862625000.0,4555000000.0,12016431696.0,10.0,7.713,821000000.0,4.158,1.0,2917000000.0,0.281,3189000000.0,129000000.0,7003000000.0,7584475000.0,2929000000.0,113000000.0,113000000.0,0.0,7448000000.0,4269000000.0,3179000000.0,9862431696.0,-300000000.0,540000000.0,-1707000000.0,189000000.0,0.0,-1554000000.0,96000000.0,-72000000.0,1193000000.0,-35000000.0,811000000.0,811000000.0,811000000.0,0.0,37000000.0,0.078,1708000000.0,1209000000.0,3748000000.0,0.0,2.165,12.161,12.55,1964000000.0,0.0,49.95,0.95,0.95,2389000000.0,5631000000.0,10381000000.0,10381000000.0,0.0,0.061,0.167,0.158,0.115,54000000.0,1287000000.0,1.0,197446080.0,197446080.0,,52.576,9703000000.0,0.0,258000000.0,361000000.0,49.143,3283000000.0
2,CAM,MRY,2013-12-31,2013-12-31,2013-12-31,2019-04-17,-80000000.0,14249000000.0,13213550000.0,8169000000.0,6080000000.0,0.692,24.602,-507000000.0,1813000000.0,1813000000.0,6518000000.0,724000000.0,1.918,1.253,2860000000.0,297000000.0,2563000000.0,2860000000.0,0.0,315000000.0,0.0,0.0,0.0,995000000.0,1310000000.0,0.143,1310000000.0,995000000.0,895000000.0,2.89,2.87,2.89,5852000000.0,6183625000.0,5852000000.0,15016436937.0,15.0,11.463,331000000.0,1.392,1.0,2620000000.0,0.287,3829000000.0,100000000.0,7207000000.0,7555125000.0,3133000000.0,41000000.0,41000000.0,0.0,7333000000.0,4260000000.0,3073000000.0,14160436937.0,627000000.0,512000000.0,-1500000000.0,769000000.0,0.0,-667000000.0,482000000.0,477000000.0,838000000.0,-26000000.0,699000000.0,699000000.0,699000000.0,0.0,25000000.0,0.076,1665000000.0,955000000.0,3883000000.0,0.0,2.42,20.258,20.599,2037000000.0,0.0,59.53,1.55,1.55,2719000000.0,4820000000.0,9138000000.0,9138000000.0,0.0,0.053,0.113,0.132,0.109,54000000.0,1275000000.0,1.0,237870602.0,237870602.0,,38.416,10420000000.0,0.0,196000000.0,357000000.0,43.805,3909000000.0
3,CAM,MRY,2012-12-31,2012-12-31,2012-12-31,2019-04-17,-30000000.0,11158200000.0,10275000000.0,6910600000.0,4247600000.0,0.759,22.561,-400000000.0,1185800000.0,1185800000.0,5522000000.0,751000000.0,2.181,1.005,2076200000.0,29200000.0,2047000000.0,2076200000.0,0.0,255000000.0,0.0,0.0,0.0,998000000.0,1253000000.0,0.161,1253000000.0,998000000.0,908000000.0,3.05,3.03,3.05,5566100000.0,5209075000.0,5566100000.0,14986579893.0,15.0,11.961,283000000.0,1.147,1.0,2273000000.0,0.292,2259700000.0,90000000.0,6619900000.0,6572100000.0,2741200000.0,517000000.0,517000000.0,0.0,5592100000.0,3169000000.0,2423100000.0,13929479893.0,287000000.0,-349000000.0,-9000000.0,443000000.0,0.0,445000000.0,-843000000.0,-94000000.0,683000000.0,2000000.0,751000000.0,751000000.0,751000000.0,0.0,0.0,0.096,1341000000.0,932000000.0,3045700000.0,0.0,2.503,18.548,18.511,1765100000.0,0.0,56.46,1.787,1.787,1966700000.0,4120700000.0,7795000000.0,7795000000.0,0.0,0.073,0.144,0.152,0.128,44000000.0,1070000000.0,1.0,246714132.0,246714132.0,,31.595,8898500000.0,0.0,157000000.0,225800000.0,36.068,3741600000.0
4,CAM,MRY,2011-12-31,2011-12-31,2011-12-31,2019-04-17,-90800000.0,9361700000.0,8724750000.0,5828600000.0,3533100000.0,0.798,19.198,-368500000.0,898900000.0,898900000.0,4838400000.0,521900000.0,2.175,0.989,1584800000.0,10600000.0,1574200000.0,1584800000.0,0.0,206600000.0,0.0,0.0,0.0,735100000.0,941700000.0,0.135,941700000.0,735100000.0,651100000.0,2.13,2.09,2.13,4707400000.0,4665825000.0,4707400000.0,12112126565.0,16.0,12.862,-160000000.0,-0.653,1.0,2120600000.0,0.305,1615300000.0,84000000.0,5752000000.0,4952350000.0,2399900000.0,423500000.0,423500000.0,0.0,4654300000.0,2680300000.0,1974000000.0,12061426565.0,-933600000.0,-421300000.0,19100000.0,74900000.0,0.0,90800000.0,-1212600000.0,-422800000.0,208500000.0,-20300000.0,521900000.0,521900000.0,521900000.0,0.0,0.0,0.075,1385500000.0,735100000.0,2669700000.0,0.0,2.562,23.111,23.094,1500100000.0,0.0,49.19,1.733,1.733,1757300000.0,3370200000.0,6959000000.0,6959000000.0,0.0,0.06,0.112,0.148,0.106,36700000.0,1001500000.0,1.0,245200784.0,245200784.0,,28.381,7746400000.0,0.0,129200000.0,184500000.0,31.592,3148300000.0
5,CAM,MRY,2010-12-31,2010-12-31,2010-12-31,2019-04-17,-27100000.0,8005100000.0,7692000000.0,4932900000.0,3072200000.0,0.798,18.108,-188300000.0,1832500000.0,1832500000.0,4212400000.0,562900000.0,1.917,0.822,1292800000.0,519900000.0,772900000.0,1292800000.0,0.0,201600000.0,0.0,0.0,0.0,811300000.0,1012900000.0,0.165,1012900000.0,811300000.0,733300000.0,2.32,2.27,2.32,4392400000.0,4115050000.0,4392400000.0,12082364139.0,15.0,11.928,105900000.0,0.437,1.0,1922400000.0,0.313,1475800000.0,78000000.0,3415700000.0,3536375000.0,1779300000.0,0.0,0.0,0.0,3612700000.0,2573900000.0,1038800000.0,12305464139.0,-28500000.0,-40900000.0,-87700000.0,-15000000.0,0.0,-86300000.0,-229200000.0,0.0,294200000.0,-7200000.0,562900000.0,562900000.0,562900000.0,0.0,0.0,0.092,1111100000.0,811300000.0,2016000000.0,0.0,2.802,21.861,21.866,1247800000.0,0.0,50.73,2.006,2.006,1056100000.0,2848300000.0,6134800000.0,6134800000.0,0.0,0.073,0.137,0.229,0.132,34500000.0,862300000.0,1.0,242567793.0,242567793.0,,25.291,6529300000.0,0.0,170400000.0,133700000.0,26.917,2359000000.0
6,CAM,MRY,2009-12-31,2009-12-31,2009-12-31,2019-04-17,9500000.0,7725400000.0,6555479250.0,4714200000.0,3011200000.0,0.797,17.76,-236800000.0,1861000000.0,1861000000.0,3540100000.0,475500000.0,2.053,0.971,1254500000.0,22200000.0,1232300000.0,1254500000.0,0.0,156600000.0,0.0,0.0,0.0,729300000.0,885900000.0,0.17,885900000.0,729300000.0,642800000.0,2.15,2.11,2.15,3919700000.0,2975197000.0,3919700000.0,8987786869.0,12.0,10.145,376700000.0,1.707,1.0,1683100000.0,0.322,1441600000.0,86500000.0,3381000000.0,3298112500.0,1664200000.0,0.0,0.0,0.0,3805700000.0,2296300000.0,1509400000.0,9225205869.0,240000000.0,11200000.0,-19000000.0,-156700000.0,0.0,-169300000.0,-225600000.0,0.0,613500000.0,21400000.0,475500000.0,475500000.0,475500000.0,0.0,0.0,0.091,953800000.0,729300000.0,2208200000.0,0.0,2.354,19.401,19.442,1192400000.0,0.0,41.8,1.766,1.766,959000000.0,2285400000.0,5223200000.0,5223200000.0,0.0,0.073,0.16,0.221,0.14,27700000.0,715600000.0,1.0,220698705.0,220698705.0,,23.667,6283800000.0,0.0,167300000.0,188900000.0,28.472,2417900000.0
7,CAM,MRY,2008-12-31,2008-12-31,2008-12-31,2019-04-17,-84218000.0,5902371000.0,5629150750.0,4056443000.0,1845928000.0,1.039,10.68,-268300000.0,1621046000.0,1621046000.0,4127900000.0,580700000.0,1.921,1.518,1379906000.0,161279000.0,1218627000.0,1379906000.0,0.0,132100000.0,0.0,0.0,0.0,921700000.0,1053800000.0,0.18,1053800000.0,921700000.0,851400000.0,2.67,2.54,2.67,2344527000.0,2290513500.0,2344527000.0,4475844568.0,5.0,4.247,719200000.0,3.276,1.0,1721000000.0,0.294,709217000.0,70300000.0,2840806000.0,2918269250.0,1336925000.0,0.0,0.0,0.0,3557844000.0,2111208000.0,1446636000.0,4500104568.0,881100000.0,-191700000.0,-261800000.0,659900000.0,0.0,415100000.0,-460000000.0,0.0,987500000.0,-61500000.0,580700000.0,580700000.0,580700000.0,0.0,0.0,0.099,826600000.0,894400000.0,1854384000.0,0.0,1.919,7.749,7.678,931647000.0,0.0,20.5,0.769,0.769,950362000.0,1809913000.0,5848900000.0,5848900000.0,0.0,0.103,0.254,0.316,0.158,37500000.0,668300000.0,1.0,219517296.0,219517296.0,,26.644,5193154000.0,0.0,270700000.0,194694000.0,23.657,1945235000.0
8,CAM,MRY,2007-12-31,2007-12-31,2007-12-31,2019-04-17,101004000.0,4730819000.0,4504026500.0,3071931000.0,1658888000.0,1.036,9.578,-236533000.0,739916000.0,739916000.0,3242238000.0,488181000.0,1.815,1.258,753894000.0,8766000.0,745128000.0,753894000.0,0.0,109774000.0,0.0,0.0,0.0,731788000.0,841562000.0,0.18,841562000.0,731788000.0,687943000.0,2.23,2.11,2.23,2094964000.0,1892403000.0,2094964000.0,10711902485.0,15.0,12.729,215187000.0,0.984,1.0,1424130000.0,0.305,647819000.0,43845000.0,2404102000.0,2370830500.0,1413403000.0,0.0,0.0,0.0,2635855000.0,1692876000.0,942979000.0,10527220485.0,-293621000.0,-76386000.0,-269129000.0,-206019000.0,0.0,-447114000.0,-312919000.0,0.0,451720000.0,14692000.0,488181000.0,488181000.0,488181000.0,0.0,0.0,0.105,723087000.0,701043000.0,1677054000.0,0.0,5.025,21.564,21.583,821104000.0,0.0,48.13,2.256,2.256,797471000.0,1256822000.0,4666368000.0,4666368000.0,0.0,0.108,0.258,0.309,0.157,66985000.0,577588000.0,1.0,218724714.0,218724714.0,,21.334,4083000000.0,0.0,199762000.0,75702000.0,18.667,1379055000.0
9,CAM,MRY,2006-12-31,2006-12-31,2006-12-31,2019-04-17,16326000.0,4350750000.0,3849497000.0,2907652000.0,1443098000.0,0.972,7.832,-168192000.0,1033537000.0,1033537000.0,2601072000.0,317816000.0,1.786,1.498,952753000.0,207345000.0,745408000.0,952753000.0,0.0,101350000.0,0.0,0.0,0.0,509278000.0,610628000.0,0.163,610628000.0,509278000.0,488601000.0,1.4,1.36,1.4,1741439000.0,1661363250.0,1741439000.0,6138640508.0,12.0,10.053,378319000.0,1.701,1.0,1141835000.0,0.305,595268000.0,20677000.0,2046486000.0,2069837000.0,1009414000.0,0.0,0.0,0.0,2609311000.0,1628212000.0,981099000.0,5897976508.0,671566000.0,-28846000.0,-206189000.0,486661000.0,0.0,297052000.0,-197038000.0,0.0,546511000.0,25041000.0,317816000.0,317816000.0,317816000.0,0.0,0.0,0.085,659496000.0,482339000.0,1364716000.0,0.0,3.387,18.558,18.946,648785000.0,0.0,26.525,1.576,1.576,696147000.0,760958000.0,3742907000.0,3742907000.0,0.0,0.083,0.191,0.246,0.136,85913000.0,528568000.0,1.0,222355382.0,222355382.0,,16.833,3755482000.0,0.0,170785000.0,146399000.0,16.89,1279440000.0
10,CAM,MRY,2005-12-31,2005-12-31,2005-12-31,2019-04-17,37464000.0,3098562000.0,2692973500.0,1728056000.0,1370506000.0,0.935,7.03,-72034000.0,361971000.0,361971000.0,1796277000.0,171130000.0,1.875,0.943,450906000.0,6471000.0,444435000.0,450906000.0,0.0,78398000.0,0.0,0.0,0.0,274965000.0,353363000.0,0.14,353363000.0,274965000.0,263012000.0,0.77,0.76,0.77,1594763000.0,1429334250.0,1594763000.0,4685464754.0,17.0,13.26,280055000.0,1.235,1.0,721570000.0,0.287,577042000.0,11953000.0,1688594000.0,1603351500.0,705809000.0,0.0,0.0,0.0,1503799000.0,921861000.0,581938000.0,4695716754.0,134973000.0,-328570000.0,213690000.0,-21162000.0,0.0,192528000.0,-400604000.0,0.0,352089000.0,-9040000.0,171130000.0,171130000.0,171130000.0,0.0,0.0,0.068,459665000.0,261905000.0,891519000.0,0.0,2.944,27.439,26.883,525715000.0,0.0,20.7,1.865,1.865,574099000.0,443142000.0,2517847000.0,2517847000.0,0.0,0.064,0.12,0.171,0.109,36839000.0,381267000.0,1.0,226846220.0,226846220.0,,11.099,2521520000.0,0.0,91882000.0,62960000.0,11.116,806195000.0
11,CAM,MRY,2004-12-31,2004-12-31,2004-12-31,2019-04-17,94974000.0,2356430000.0,2284907500.0,1205324000.0,1151106000.0,0.916,5.59,-43348000.0,226998000.0,226998000.0,1560268000.0,94415000.0,2.282,0.919,465674000.0,7319000.0,458355000.0,465674000.0,0.0,82841000.0,0.0,0.0,0.0,150672000.0,233513000.0,0.112,233513000.0,150672000.0,132919000.0,0.445,0.44,0.445,1228247000.0,1157736750.0,1228247000.0,3167180137.0,21.0,13.563,151883000.0,0.691,1.0,532577000.0,0.254,415102000.0,17753000.0,1651744000.0,1576536000.0,454713000.0,0.0,0.0,0.0,1128183000.0,528260000.0,599923000.0,2955980137.0,-65118000.0,-171032000.0,-48991000.0,-21853000.0,0.0,-70844000.0,-192347000.0,22033000.0,195231000.0,2842000.0,94415000.0,94415000.0,94415000.0,0.0,0.0,0.045,382965000.0,149612000.0,516872000.0,0.0,2.407,31.308,30.23,478651000.0,0.0,13.453,1.412,1.412,424767000.0,272012000.0,2092845000.0,2092845000.0,0.0,0.041,0.082,0.096,0.072,-14704000.0,300124000.0,1.0,219734632.0,219734632.0,,9.524,1941328000.0,0.0,38504000.0,44457000.0,8.835,677064000.0
12,CAM,MRY,2003-12-31,2003-12-31,2003-12-31,2019-04-17,55329000.0,2140685000.0,2097871250.0,1147701000.0,992984000.0,0.779,5.263,-64665000.0,292116000.0,292116000.0,1181650000.0,69450000.0,1.688,0.883,469072000.0,265011000.0,204061000.0,469072000.0,0.0,83565000.0,0.0,0.0,0.0,97969000.0,181534000.0,0.111,181534000.0,97969000.0,89812000.0,0.32,0.31,0.32,1136723000.0,1099630750.0,1136723000.0,2747070961.0,28.0,15.133,36952000.0,0.171,1.0,452696000.0,0.277,316098000.0,8157000.0,1321624000.0,1357706000.0,473207000.0,22033000.0,22033000.0,0.0,1003962000.0,679919000.0,324043000.0,2516170961.0,18316000.0,0.0,-47372000.0,-496000.0,0.0,-47868000.0,-52106000.0,3387000.0,101617000.0,16673000.0,69450000.0,69450000.0,69450000.0,0.0,0.0,0.042,372134000.0,80562000.0,397326000.0,0.0,2.214,36.23,36.406,471333000.0,0.0,11.65,1.54,1.54,316135000.0,177597000.0,1634346000.0,1634346000.0,0.0,0.033,0.063,0.072,0.06,-979000.0,288569000.0,1.0,215980340.0,215980340.0,,7.567,1824587000.0,0.0,20362000.0,63631000.0,8.448,467782000.0
13,CAM,MRY,2002-12-31,2002-12-31,2002-12-31,2019-04-17,-14789000.0,1997670000.0,1939142500.0,1017861000.0,979809000.0,0.793,4.789,-42688000.0,273800000.0,273800000.0,1102504000.0,60469000.0,2.716,0.918,467812000.0,4870000.0,462942000.0,467812000.0,0.0,77907000.0,0.0,0.0,0.0,93126000.0,171033000.0,0.111,171033000.0,93126000.0,85145000.0,0.28,0.275,0.28,1041303000.0,999925750.0,1041303000.0,2908639385.0,31.0,17.006,135137000.0,0.622,1.0,435596000.0,0.283,301882000.0,7981000.0,1514990000.0,1552772500.0,387218000.0,25290000.0,25290000.0,0.0,956367000.0,374810000.0,581557000.0,2708039385.0,162160000.0,-67750000.0,5156000.0,-7448000.0,0.0,-2292000.0,-25317000.0,78533000.0,177825000.0,11944000.0,60469000.0,60469000.0,60469000.0,0.0,0.0,0.039,351012000.0,84584000.0,354377000.0,0.0,2.601,44.784,44.482,475914000.0,0.0,12.455,1.761,1.761,304821000.0,108147000.0,1538100000.0,1538100000.0,0.0,0.031,0.06,0.06,0.061,0.0,273105000.0,1.0,217425884.0,217425884.0,,7.074,1695788000.0,0.0,24676000.0,61204000.0,7.799,643051000.0
14,CAM,MRY,2001-12-31,2001-12-31,2001-12-31,2019-04-17,-53050000.0,1875052000.0,1758963000.0,964986000.0,910066000.0,0.889,4.278,-125004000.0,111640000.0,111640000.0,1081078000.0,98345000.0,2.554,1.031,469629000.0,10487000.0,459142000.0,469629000.0,0.0,83095000.0,0.0,0.0,0.0,156063000.0,239158000.0,0.153,239158000.0,156063000.0,142582000.0,0.455,0.438,0.455,923281000.0,882670250.0,923281000.0,2578718012.0,17.0,10.782,-82000.0,0.0,1.0,481821000.0,0.308,259829000.0,13481000.0,1595441000.0,1332160250.0,423819000.0,102071000.0,102071000.0,0.0,951771000.0,377771000.0,574000000.0,2177818012.0,95074000.0,-51778000.0,-18766000.0,270920000.0,0.0,243790000.0,-271608000.0,-99932000.0,124922000.0,-2030000.0,98345000.0,98345000.0,98345000.0,0.0,0.0,0.063,334398000.0,147423000.0,349236000.0,0.0,2.359,22.145,22.176,490264000.0,0.0,10.09,1.393,1.393,306205000.0,47678000.0,1562899000.0,1562899000.0,0.0,0.056,0.111,0.117,0.1,0.0,251303000.0,1.0,215839248.0,215839248.0,,7.241,1615223000.0,0.0,44237000.0,59713000.0,7.483,587215000.0
15,CAM,MRY,2000-12-31,2000-12-31,2000-12-31,2019-04-17,-37105000.0,1493873000.0,1495743250.0,687986000.0,805887000.0,0.925,3.903,-66599000.0,16566000.0,16566000.0,985404000.0,27660000.0,1.988,0.774,192272000.0,4212000.0,188060000.0,192272000.0,0.0,75321000.0,0.0,0.0,0.0,61811000.0,137132000.0,0.099,137132000.0,61811000.0,43773000.0,0.13,0.125,0.13,842279000.0,814569750.0,842279000.0,3742362559.0,61.0,27.29,-46413000.0,-0.215,1.0,398329000.0,0.288,261600000.0,18038000.0,1061948000.0,888212000.0,372740000.0,0.0,0.0,0.0,651594000.0,346031000.0,305563000.0,3564362559.0,8351000.0,8171000.0,55446000.0,-17830000.0,0.0,37616000.0,-42725000.0,0.0,20186000.0,-6726000.0,27660000.0,27660000.0,27660000.0,0.0,0.0,0.02,339494000.0,58835000.0,325004000.0,0.0,4.232,128.863,127.038,403220000.0,0.0,16.515,2.576,2.576,268768000.0,-50667000.0,1383733000.0,1383733000.0,0.0,0.018,0.034,0.07,0.045,0.0,264173000.0,1.0,215825768.0,215825768.0,,6.411,1232273000.0,0.0,16113000.0,55268000.0,5.71,341955000.0
16,CAM,MRY,1999-12-31,1999-12-31,1999-12-31,2019-04-17,-12039000.0,1470719000.0,1629879750.0,704573000.0,766146000.0,0.905,3.31,-64909000.0,8215000.0,8215000.0,1076276000.0,43002000.0,1.67,1.06,210332000.0,14472000.0,195860000.0,210332000.0,0.0,83716000.0,0.0,0.0,0.0,98750000.0,182466000.0,0.124,182466000.0,98750000.0,70916000.0,0.203,0.195,0.203,714078000.0,765594500.0,714078000.0,2772640039.0,28.0,15.195,75013000.0,0.348,1.0,398785000.0,0.27,280954000.0,27834000.0,970056000.0,991964000.0,400038000.0,0.0,0.0,0.0,756641000.0,421826000.0,334815000.0,2639240039.0,-13081000.0,195620000.0,-97134000.0,-196232000.0,0.0,-293366000.0,139967000.0,0.0,139922000.0,396000.0,43002000.0,43002000.0,43002000.0,0.0,0.0,0.029,300035000.0,98750000.0,394971000.0,0.0,3.696,61.375,60.271,419613000.0,0.0,12.235,1.789,1.789,271511000.0,-78327000.0,1475061000.0,1475061000.0,0.0,0.026,0.056,0.1,0.067,0.0,205734000.0,1.0,215712304.0,215712304.0,,6.838,1189765000.0,0.0,27914000.0,51314000.0,5.516,282747000.0
17,CAM,MRY,1998-12-31,1998-12-31,1998-12-31,2019-04-17,17455000.0,1823603000.0,1812150750.0,966260000.0,857343000.0,1.045,3.665,-115469000.0,21296000.0,21296000.0,1340722000.0,136156000.0,1.824,1.337,413962000.0,49599000.0,364363000.0,413962000.0,0.0,72474000.0,0.0,0.0,0.0,228449000.0,300923000.0,0.159,300923000.0,228449000.0,195728000.0,0.645,0.62,0.645,780285000.0,724921250.0,780285000.0,1772551219.0,8.0,5.89,120139000.0,0.564,1.0,552589000.0,0.292,293461000.0,32721000.0,1392966000.0,1267666500.0,548053000.0,0.0,0.0,0.0,1043318000.0,529842000.0,513476000.0,1304151219.0,9697000.0,-99353000.0,-32618000.0,15743000.0,0.0,-16875000.0,-207430000.0,0.0,235608000.0,-1606000.0,136156000.0,136156000.0,136156000.0,0.0,0.0,0.072,324140000.0,228449000.0,453664000.0,0.0,1.671,9.578,9.496,490579000.0,0.0,6.125,0.689,0.689,366396000.0,-121329000.0,1893311000.0,1893311000.0,0.0,0.075,0.188,0.18,0.121,0.0,229710000.0,1.0,212922648.0,212922648.0,,8.892,1530142000.0,0.0,59572000.0,77727000.0,7.186,436418000.0
18,CAM,MRY,1997-12-31,1997-12-31,1997-12-31,2019-04-17,7799000.0,1643230000.0,1556076000.0,960789000.0,682441000.0,1.161,3.059,-67396000.0,11599000.0,11599000.0,1296947000.0,140582000.0,1.817,1.559,376955000.0,48131000.0,328824000.0,376955000.0,0.0,65862000.0,0.0,0.0,0.0,227969000.0,293831000.0,0.163,293831000.0,227969000.0,199378000.0,0.675,0.632,0.675,642051000.0,579089500.0,642051000.0,,,,48310000.0,0.23,1.0,509162000.0,0.282,240420000.0,28591000.0,1239371000.0,1194863000.0,495539000.0,0.0,0.0,0.0,1001179000.0,528795000.0,472384000.0,3200365549.0,2542000.0,-6278000.0,-12592000.0,-26712000.0,0.0,-39304000.0,-73674000.0,0.0,115706000.0,-186000.0,140582000.0,140582000.0,140582000.0,0.0,0.0,0.078,281193000.0,227969000.0,470927000.0,0.0,4.985,22.765,22.593,395545000.0,0.0,15.25,1.772,1.772,428630000.0,-257485000.0,1806109000.0,1806109000.0,0.0,0.09,0.243,0.191,0.126,0.0,215331000.0,1.0,209860036.0,209860036.0,,8.606,1402810000.0,0.0,58796000.0,44702000.0,6.685,431994000.0
19,CAM,MRY,1996-12-31,1996-12-31,1996-12-31,2019-04-17,40632000.0,1468922000.0,,798231000.0,670691000.0,,,-34459000.0,9057000.0,9057000.0,1010558000.0,64184000.0,1.794,1.846,394648000.0,47100000.0,347548000.0,394648000.0,0.0,62480000.0,0.0,0.0,0.0,112892000.0,175372000.0,0.126,175372000.0,112892000.0,92014000.0,0.318,0.302,0.318,516128000.0,,516128000.0,,,,-21245000.0,,1.0,377629000.0,0.272,259317000.0,20878000.0,1150355000.0,,404268000.0,0.0,0.0,0.0,952794000.0,444841000.0,507953000.0,,-3017000.0,-113942000.0,4749000.0,130107000.0,0.0,134856000.0,-148401000.0,0.0,13214000.0,-2686000.0,64184000.0,64184000.0,64184000.0,0.0,0.0,0.046,264737000.0,112892000.0,391294000.0,0.0,,,30.071,369528000.0,0.0,9.563,,,360814000.0,-398067000.0,1388187000.0,1388187000.0,0.0,,,,0.081,0.0,194983000.0,1.0,,,,,1209605000.0,0.0,27830000.0,37715000.0,,353390000.0
20,CAM,MRY,1995-12-31,1995-12-31,1995-12-31,2019-04-17,,,,,,,,-33996000.0,,,881798000.0,-500053000.0,,,,,,,,71754000.0,,0.0,0.0,-473123000.0,-401369000.0,-0.351,-401369000.0,-473123000.0,-496396000.0,-2.495,-2.495,-2.495,,,,,,,108351000.0,,1.0,262237000.0,0.229,,23273000.0,,,,,,,,,,,12074000.0,14191000.0,0.0,-110459000.0,0.0,-109488000.0,-19805000.0,0.0,142347000.0,-980000.0,-500053000.0,-500053000.0,-500053000.0,0.0,0.0,-0.437,735360000.0,-473123000.0,,0.0,,,-1.779,,0.0,4.438,,,,,1144035000.0,1144035000.0,0.0,,,,-0.414,0.0,181097000.0,,,,,,,,3657000.0,,,
0,CAM,MRQ,2015-12-31,2015-12-31,2015-12-31,2019-04-17,-877000000.0,11500000000.0,,7118000000.0,4382000000.0,,23.853,-92000000.0,1775000000.0,1775000000.0,1403000000.0,149000000.0,2.22,1.342,2826000000.0,284000000.0,2542000000.0,2826000000.0,0.0,78000000.0,0.0,0.0,0.0,198000000.0,276000000.0,0.133,276000000.0,198000000.0,165000000.0,0.65,0.64,0.65,4554000000.0,,4554000000.0,13271247522.0,16.0,11.392,405000000.0,2.121,1.0,676000000.0,0.325,2346000000.0,33000000.0,6999000000.0,,2360000000.0,584000000.0,584000000.0,0.0,6110000000.0,3206000000.0,2904000000.0,12066247522.0,148000000.0,-1000000.0,15000000.0,-5000000.0,0.0,11000000.0,-355000000.0,-262000000.0,497000000.0,-5000000.0,125000000.0,125000000.0,125000000.0,0.0,24000000.0,0.06,454000000.0,222000000.0,2793000000.0,0.0,2.65,24.084,24.215,1717000000.0,0.0,63.2,1.374,1.374,1964000000.0,6132000000.0,2079000000.0,2079000000.0,0.0,,,,,14000000.0,261000000.0,1.0,190921638.0,190921638.0,,10.889,9154000000.0,0.0,40000000.0,339000000.0,47.946,3912000000.0
1,CAM,MRQ,2015-09-30,2015-09-30,2015-09-30,2019-04-17,-847000000.0,11609000000.0,,7176000000.0,4433000000.0,,23.188,-58000000.0,1627000000.0,1627000000.0,1530000000.0,213000000.0,2.267,1.434,2832000000.0,38000000.0,2794000000.0,2832000000.0,0.0,86000000.0,0.0,0.0,0.0,265000000.0,351000000.0,0.159,351000000.0,265000000.0,231000000.0,0.98,0.97,0.98,4429000000.0,,4429000000.0,13292656324.0,13.0,9.876,318000000.0,1.665,1.0,678000000.0,0.307,2409000000.0,34000000.0,7239000000.0,,2659000000.0,321000000.0,321000000.0,0.0,6349000000.0,3166000000.0,3183000000.0,11743656324.0,332000000.0,0.0,-35000000.0,-13000000.0,0.0,-69000000.0,57000000.0,115000000.0,376000000.0,-32000000.0,187000000.0,187000000.0,187000000.0,0.0,26000000.0,0.085,386000000.0,292000000.0,2786000000.0,0.0,2.652,18.67,18.926,1733000000.0,0.0,61.32,1.235,1.232,2088000000.0,6007000000.0,2208000000.0,2208000000.0,0.0,,,,,13000000.0,256000000.0,1.0,191514291.0,191000000.0,192000000.0,11.56,9200000000.0,0.0,44000000.0,569000000.0,48.168,4010000000.0
2,CAM,MRQ,2015-06-30,2015-06-30,2015-06-30,2019-04-17,-693000000.0,11732000000.0,,7155000000.0,4577000000.0,,23.126,-39000000.0,1295000000.0,1295000000.0,1585000000.0,155000000.0,2.193,1.454,2844000000.0,31000000.0,2813000000.0,2844000000.0,0.0,89000000.0,0.0,0.0,0.0,220000000.0,309000000.0,0.139,309000000.0,220000000.0,187000000.0,0.73,0.73,0.73,4417000000.0,,4417000000.0,11545914310.0,11.0,8.183,-11000000.0,-0.058,1.0,637000000.0,0.287,2563000000.0,33000000.0,7456000000.0,,2938000000.0,436000000.0,436000000.0,0.0,6422000000.0,3262000000.0,3160000000.0,10023914310.0,-27000000.0,0.0,-10000000.0,-14000000.0,0.0,-6000000.0,-51000000.0,-12000000.0,28000000.0,2000000.0,140000000.0,140000000.0,140000000.0,0.0,15000000.0,0.063,405000000.0,232000000.0,2933000000.0,0.0,2.269,15.028,15.494,1814000000.0,0.0,52.37,1.005,1.003,2096000000.0,5820000000.0,2222000000.0,2222000000.0,0.0,,,,,13000000.0,279000000.0,1.0,191405658.0,191000000.0,192000000.0,11.634,9169000000.0,0.0,47000000.0,478000000.0,48.005,3893000000.0
3,CAM,MRQ,2015-03-31,2015-03-31,2015-03-31,2019-04-17,-765000000.0,11805000000.0,,7251000000.0,4554000000.0,,21.777,-83000000.0,1322000000.0,1322000000.0,1608000000.0,51000000.0,2.004,1.612,2844000000.0,31000000.0,2813000000.0,2844000000.0,0.0,89000000.0,0.0,0.0,0.0,140000000.0,229000000.0,0.101,229000000.0,140000000.0,102000000.0,0.25,0.25,0.25,4203000000.0,,4203000000.0,10309722969.0,9.0,6.837,-276000000.0,-1.43,1.0,665000000.0,0.293,2537000000.0,38000000.0,7172000000.0,,2930000000.0,424000000.0,424000000.0,0.0,6776000000.0,3618000000.0,3158000000.0,8740722969.0,-191000000.0,831000000.0,-190000000.0,-207000000.0,0.0,-396000000.0,437000000.0,-311000000.0,-193000000.0,-39000000.0,49000000.0,49000000.0,49000000.0,0.0,2000000.0,0.022,952000000.0,-287000000.0,3194000000.0,0.0,2.08,11.685,12.097,1830000000.0,0.0,45.12,0.847,0.843,2178000000.0,5680000000.0,2273000000.0,2273000000.0,0.0,,,,,10000000.0,286000000.0,1.0,193721697.0,193000000.0,193000000.0,11.777,9268000000.0,0.0,53000000.0,572000000.0,48.021,3633000000.0
4,CAM,MRQ,2014-12-31,2014-12-31,2014-12-31,2019-04-17,-540000000.0,12892000000.0,,7552000000.0,5340000000.0,,23.07,-124000000.0,1513000000.0,1513000000.0,2008000000.0,261000000.0,1.769,1.635,3082000000.0,263000000.0,2819000000.0,3082000000.0,0.0,94000000.0,0.0,0.0,0.0,363000000.0,457000000.0,0.163,457000000.0,363000000.0,332000000.0,1.28,1.28,1.28,4555000000.0,,4555000000.0,12016431696.0,10.0,7.713,814000000.0,4.123,1.0,796000000.0,0.284,3189000000.0,31000000.0,7003000000.0,,2929000000.0,113000000.0,113000000.0,0.0,7448000000.0,4269000000.0,3179000000.0,9862431696.0,455000000.0,0.0,-190000000.0,-143000000.0,0.0,-335000000.0,-122000000.0,2000000.0,938000000.0,-26000000.0,253000000.0,253000000.0,253000000.0,0.0,8000000.0,0.09,420000000.0,376000000.0,3748000000.0,0.0,2.165,12.161,12.55,1964000000.0,0.0,49.95,0.95,0.95,2389000000.0,5631000000.0,2804000000.0,2804000000.0,0.0,,,,,11000000.0,317000000.0,1.0,197446080.0,197446080.0,,14.201,9703000000.0,0.0,79000000.0,361000000.0,49.143,3283000000.0
5,CAM,MRQ,2014-09-30,2014-09-30,2014-09-30,2019-04-17,-232000000.0,13089000000.0,,7496000000.0,5593000000.0,,23.806,-79000000.0,1058000000.0,1058000000.0,1915000000.0,238000000.0,1.845,1.524,3212000000.0,403000000.0,2809000000.0,3212000000.0,0.0,85000000.0,0.0,0.0,0.0,331000000.0,416000000.0,0.155,416000000.0,331000000.0,295000000.0,1.12,1.11,1.12,4785000000.0,,4785000000.0,15319599114.0,13.0,10.24,137000000.0,0.682,1.0,763000000.0,0.285,3424000000.0,36000000.0,7756000000.0,,3130000000.0,115000000.0,115000000.0,0.0,7293000000.0,4063000000.0,3230000000.0,13468599114.0,-467000000.0,10000000.0,-337000000.0,-165000000.0,0.0,-541000000.0,-129000000.0,-60000000.0,216000000.0,-13000000.0,225000000.0,225000000.0,225000000.0,0.0,13000000.0,0.084,422000000.0,341000000.0,3456000000.0,0.0,2.815,17.312,18.186,1941000000.0,0.0,66.38,1.307,1.294,2580000000.0,5378000000.0,2678000000.0,2678000000.0,0.0,,,,,13000000.0,320000000.0,1.0,202901463.0,201000000.0,203000000.0,13.323,9665000000.0,0.0,70000000.0,296000000.0,48.085,3433000000.0
6,CAM,MRQ,2014-06-30,2014-06-30,2014-06-30,2019-04-17,-76000000.0,13592000000.0,,7782000000.0,5810000000.0,,24.696,-69000000.0,1525000000.0,1525000000.0,1850000000.0,233000000.0,1.867,1.481,3376000000.0,562000000.0,2814000000.0,3376000000.0,0.0,90000000.0,0.0,0.0,0.0,316000000.0,406000000.0,0.158,406000000.0,316000000.0,286000000.0,1.08,1.08,1.08,5038000000.0,,5038000000.0,16043281465.0,15.0,11.258,144000000.0,0.706,1.0,720000000.0,0.28,3560000000.0,30000000.0,7715000000.0,,3268000000.0,56000000.0,56000000.0,0.0,7462000000.0,4168000000.0,3294000000.0,13825581465.0,553000000.0,529000000.0,-287000000.0,170000000.0,0.0,-113000000.0,445000000.0,-15000000.0,213000000.0,8000000.0,221000000.0,221000000.0,221000000.0,0.0,12000000.0,0.086,415000000.0,305000000.0,3506000000.0,0.0,2.744,18.633,20.456,2015000000.0,0.0,67.71,1.39,1.389,2548000000.0,5152000000.0,2570000000.0,2570000000.0,0.0,,,,,15000000.0,333000000.0,1.0,204188177.0,204000000.0,205000000.0,12.598,10032000000.0,0.0,65000000.0,351000000.0,49.176,3614000000.0
7,CAM,MRQ,2014-03-31,2014-03-31,2014-03-31,2019-04-17,-69100000.0,13640500000.0,,7805700000.0,5834800000.0,,23.593,-99000000.0,972100000.0,972100000.0,1690000000.0,115000000.0,1.77,1.476,3189800000.0,626700000.0,2563100000.0,3189800000.0,0.0,87000000.0,0.0,0.0,0.0,188000000.0,275000000.0,0.118,275000000.0,188000000.0,156000000.0,0.51,0.51,0.51,5072500000.0,,5072500000.0,14437540818.0,15.0,10.954,-273000000.0,-1.27,1.0,639000000.0,0.274,3585200000.0,32000000.0,7863900000.0,,3193000000.0,41000000.0,41000000.0,0.0,7484700000.0,4409100000.0,3075600000.0,13390640818.0,-841000000.0,0.0,-893000000.0,327000000.0,0.0,-564000000.0,-99000000.0,0.0,-174000000.0,-4000000.0,111000000.0,111000000.0,111000000.0,0.0,4000000.0,0.048,452000000.0,187000000.0,3633900000.0,0.0,2.64,20.258,22.061,1995300000.0,0.0,61.77,1.397,1.385,2668500000.0,4931000000.0,2329000000.0,2329000000.0,0.0,,,,,14000000.0,318000000.0,1.0,216782270.0,215000000.0,216000000.0,10.833,10055300000.0,0.0,45000000.0,361300000.0,46.769,3396600000.0
8,CAM,MRQ,2013-12-31,2013-12-31,2013-12-31,2019-04-17,-80000000.0,14249000000.0,,8169000000.0,6080000000.0,,24.602,-209000000.0,1813000000.0,1813000000.0,1971000000.0,243000000.0,1.918,1.253,2860000000.0,297000000.0,2563000000.0,2860000000.0,0.0,92000000.0,0.0,0.0,0.0,307000000.0,399000000.0,0.146,399000000.0,307000000.0,281000000.0,0.94,0.93,0.94,5852000000.0,,5852000000.0,15016436937.0,15.0,11.463,423000000.0,1.778,1.0,760000000.0,0.278,3829000000.0,26000000.0,7207000000.0,,3133000000.0,41000000.0,41000000.0,0.0,7333000000.0,4260000000.0,3073000000.0,14160436937.0,556000000.0,-80000000.0,-972000000.0,741000000.0,0.0,-231000000.0,169000000.0,458000000.0,632000000.0,-14000000.0,221000000.0,221000000.0,221000000.0,0.0,22000000.0,0.081,454000000.0,306000000.0,3883000000.0,0.0,2.42,20.258,20.599,2037000000.0,0.0,59.53,1.55,1.55,2719000000.0,4820000000.0,2731000000.0,2731000000.0,0.0,,,,,13000000.0,355000000.0,1.0,237870602.0,237870602.0,,11.481,10420000000.0,0.0,60000000.0,357000000.0,43.805,3909000000.0
9,CAM,MRQ,2013-09-30,2013-09-30,2013-09-30,2019-04-17,-92200000.0,13864200000.0,,7874100000.0,5990100000.0,,26.893,-120000000.0,1257000000.0,1257000000.0,1649000000.0,192000000.0,2.012,0.961,2113000000.0,292500000.0,1820500000.0,2113000000.0,0.0,84000000.0,0.0,0.0,0.0,261000000.0,345000000.0,0.149,345000000.0,261000000.0,238000000.0,0.78,0.78,0.78,6534900000.0,,6534900000.0,14725802582.0,15.0,11.773,79000000.0,0.325,1.0,668000000.0,0.288,2939900000.0,23000000.0,7866100000.0,,3216300000.0,498200000.0,498200000.0,0.0,6278500000.0,3914200000.0,2364300000.0,14365902582.0,-461000000.0,-20000000.0,-432000000.0,29000000.0,0.0,-347000000.0,-328000000.0,-188000000.0,199000000.0,15000000.0,189000000.0,189000000.0,189000000.0,0.0,3000000.0,0.082,418000000.0,250000000.0,3533600000.0,0.0,2.198,20.638,20.553,1926900000.0,0.0,58.37,1.73,1.708,2467700000.0,4599100000.0,2317000000.0,2317000000.0,0.0,,,,,13000000.0,325000000.0,1.0,246117913.0,243000000.0,244000000.0,9.535,10924300000.0,0.0,49000000.0,409000000.0,44.956,3959900000.0
10,CAM,MRQ,2013-06-30,2013-06-30,2013-06-30,2019-04-17,-155800000.0,13665900000.0,,7757200000.0,5908700000.0,,27.167,-96000000.0,1718100000.0,1718100000.0,1567000000.0,140000000.0,2.296,0.894,2078000000.0,32300000.0,2045700000.0,2078000000.0,0.0,70000000.0,0.0,0.0,0.0,229000000.0,299000000.0,0.135,299000000.0,229000000.0,204000000.0,0.57,0.57,0.57,6710300000.0,,6710300000.0,16203183146.0,16.0,12.784,-66000000.0,-0.267,1.0,642000000.0,0.291,2670200000.0,25000000.0,7977000000.0,,3060300000.0,310200000.0,310200000.0,0.0,6001600000.0,3378600000.0,2623000000.0,15170483146.0,636000000.0,611000000.0,-86000000.0,-35000000.0,0.0,-119000000.0,733000000.0,218000000.0,30000000.0,-8000000.0,140000000.0,140000000.0,140000000.0,0.0,0.0,0.063,417000000.0,225000000.0,3249100000.0,0.0,2.261,20.762,20.593,1850900000.0,0.0,61.16,1.849,1.841,2288900000.0,4409500000.0,2209000000.0,2209000000.0,0.0,,,,,14000000.0,315000000.0,1.0,248045833.0,247000000.0,248000000.0,8.943,10995700000.0,0.0,64000000.0,467600000.0,44.517,4378600000.0
11,CAM,MRQ,2013-03-31,2013-03-31,2013-03-31,2019-04-17,-106900000.0,11075100000.0,,6824800000.0,4250300000.0,,22.777,-80700000.0,1082400000.0,1082400000.0,1453000000.0,148300000.0,2.257,0.965,2115100000.0,66700000.0,2048400000.0,2115100000.0,0.0,70000000.0,0.0,0.0,0.0,208200000.0,278200000.0,0.135,278200000.0,208200000.0,182400000.0,0.6,0.6,0.6,5637300000.0,,5637300000.0,17050501273.0,17.0,13.35,-103400000.0,-0.418,1.0,607900000.0,0.295,1913000000.0,25800000.0,7170400000.0,,2922900000.0,528900000.0,528900000.0,0.0,5437800000.0,3024400000.0,2413400000.0,16160101273.0,-103400000.0,0.0,-9900000.0,34200000.0,0.0,29900000.0,-92400000.0,-11700000.0,-22700000.0,-18200000.0,148300000.0,148300000.0,148300000.0,-1900000.0,0.0,0.072,401600000.0,206300000.0,2855900000.0,0.0,2.867,21.116,20.965,1784600000.0,0.0,65.2,2.007,2.004,1835700000.0,4269000000.0,2060900000.0,2060900000.0,0.0,,,,,13400000.0,303300000.0,1.0,247854314.0,247500000.0,249000000.0,8.327,9162100000.0,0.0,34100000.0,220400000.0,37.019,3800400000.0
12,CAM,MRQ,2012-12-31,2012-12-31,2012-12-31,2019-04-17,-30000000.0,11158200000.0,,6910600000.0,4247600000.0,,22.561,-145400000.0,1185800000.0,1185800000.0,1224500000.0,218800000.0,2.181,1.005,2076200000.0,29200000.0,2047000000.0,2076200000.0,0.0,65100000.0,0.0,0.0,0.0,263500000.0,328600000.0,0.191,328600000.0,263500000.0,243300000.0,0.89,0.88,0.89,5566100000.0,,5566100000.0,14986579893.0,15.0,11.961,399400000.0,1.619,1.0,494200000.0,0.288,2259700000.0,20200000.0,6619900000.0,,2741200000.0,517000000.0,517000000.0,0.0,5592100000.0,3169000000.0,2423100000.0,13929479893.0,195200000.0,-39400000.0,-6900000.0,-6900000.0,0.0,-12100000.0,-338200000.0,-153400000.0,544800000.0,700000.0,218800000.0,218800000.0,218800000.0,0.0,0.0,0.127,296700000.0,197500000.0,3045700000.0,0.0,2.503,18.548,18.511,1765100000.0,0.0,56.46,1.787,1.787,1966700000.0,4120700000.0,1718700000.0,1718700000.0,0.0,,,,,12700000.0,227400000.0,1.0,246714132.0,246714132.0,,6.966,8898500000.0,0.0,24500000.0,225800000.0,36.068,3741600000.0
13,CAM,MRQ,2012-09-30,2012-09-30,2012-09-30,2019-04-17,-37300000.0,10526200000.0,,6440000000.0,4086200000.0,,21.639,-91200000.0,990700000.0,990700000.0,1568200000.0,223600000.0,2.338,0.974,2047800000.0,30000000.0,2017800000.0,2047800000.0,0.0,66800000.0,0.0,0.0,0.0,294900000.0,361700000.0,0.163,361700000.0,294900000.0,269800000.0,0.91,0.9,0.91,5331800000.0,,5331800000.0,15017383855.0,17.0,13.259,87300000.0,0.354,1.0,650100000.0,0.293,1918100000.0,25100000.0,6910700000.0,,2797000000.0,364100000.0,364100000.0,0.0,5194400000.0,2754500000.0,2439900000.0,13808783855.0,161700000.0,0.0,3300000.0,3800000.0,0.0,11200000.0,-35800000.0,55400000.0,178500000.0,7800000.0,223600000.0,223600000.0,223600000.0,0.0,0.0,0.101,355200000.0,294900000.0,2693200000.0,0.0,2.59,21.849,21.817,1667200000.0,0.0,56.07,1.703,1.704,1899400000.0,3902400000.0,2218300000.0,2218300000.0,0.0,,,,,9700000.0,285000000.0,1.0,246277579.0,246400000.0,248100000.0,9.003,8608100000.0,0.0,46200000.0,199700000.0,34.935,3685500000.0
14,CAM,MRQ,2012-06-30,2012-06-30,2012-06-30,2019-04-17,-89800000.0,10090300000.0,,6081800000.0,4008500000.0,,20.449,-86600000.0,829000000.0,829000000.0,1448900000.0,174600000.0,2.301,1.003,2037600000.0,21500000.0,2016100000.0,2037600000.0,0.0,63600000.0,0.0,0.0,0.0,245100000.0,308700000.0,0.15,308700000.0,245100000.0,223100000.0,0.71,0.7,0.71,5036700000.0,,5036700000.0,11464347294.0,14.0,10.996,76900000.0,0.312,1.0,604800000.0,0.294,1966900000.0,22000000.0,6689400000.0,,2650000000.0,419500000.0,419500000.0,0.0,5053600000.0,2642600000.0,2411000000.0,10519147294.0,166500000.0,-248100000.0,-4700000.0,430100000.0,0.0,425900000.0,-409500000.0,-74800000.0,163500000.0,-13400000.0,174600000.0,174600000.0,174600000.0,0.0,0.0,0.085,359700000.0,245100000.0,2621100000.0,0.0,2.088,18.361,18.33,1614100000.0,0.0,42.71,1.389,1.389,1824000000.0,3678800000.0,2053700000.0,2053700000.0,0.0,,,,,10700000.0,286200000.0,1.0,246292374.0,246300000.0,247700000.0,8.338,8123400000.0,0.0,48500000.0,165500000.0,32.982,3439200000.0
15,CAM,MRQ,2012-03-31,2012-03-31,2012-03-31,2019-04-17,-43900000.0,9325300000.0,,5623200000.0,3702100000.0,,19.918,-76900000.0,662500000.0,662500000.0,1280400000.0,134000000.0,2.285,0.902,1607700000.0,33100000.0,1574600000.0,1607700000.0,0.0,59500000.0,0.0,0.0,0.0,194500000.0,254000000.0,0.141,254000000.0,194500000.0,171800000.0,0.54,0.54,0.54,4901700000.0,,4901700000.0,13691274005.0,18.0,13.816,-280700000.0,-1.141,1.0,523900000.0,0.29,1741700000.0,22700000.0,6068400000.0,,2574300000.0,344700000.0,344700000.0,0.0,4423600000.0,2460400000.0,1963200000.0,13005374005.0,-236400000.0,-61500000.0,-700000.0,15900000.0,0.0,20000000.0,-59600000.0,78800000.0,-203800000.0,7000000.0,134000000.0,134000000.0,134000000.0,0.0,0.0,0.074,329400000.0,194500000.0,2427300000.0,0.0,2.653,23.806,23.797,1565600000.0,0.0,52.83,1.791,1.79,1700000000.0,3504200000.0,1804300000.0,1804300000.0,0.0,,,,,10900000.0,271400000.0,1.0,246174030.0,246100000.0,247900000.0,7.332,7583600000.0,0.0,37800000.0,171700000.0,30.815,3162800000.0
16,CAM,MRQ,2011-12-31,2011-12-31,2011-12-31,2019-04-17,-90800000.0,9361700000.0,,5828600000.0,3533100000.0,,19.198,-157600000.0,898900000.0,898900000.0,1430500000.0,99800000.0,2.175,0.989,1584800000.0,10600000.0,1574200000.0,1584800000.0,0.0,61100000.0,0.0,0.0,0.0,147100000.0,208200000.0,0.103,208200000.0,147100000.0,125800000.0,0.41,0.4,0.41,4707400000.0,,4707400000.0,12112126565.0,16.0,12.862,171500000.0,0.699,1.0,600300000.0,0.296,1615300000.0,21300000.0,5752000000.0,,2399900000.0,423500000.0,423500000.0,0.0,4654300000.0,2680300000.0,1974000000.0,12061426565.0,-637600000.0,-378800000.0,-900000.0,-6200000.0,0.0,-3500000.0,-959200000.0,-422800000.0,329100000.0,-4000000.0,99800000.0,99800000.0,99800000.0,0.0,0.0,0.049,453200000.0,147100000.0,2669700000.0,0.0,2.562,23.111,23.094,1500100000.0,0.0,49.19,1.733,1.733,1757300000.0,3370200000.0,2030800000.0,2030800000.0,0.0,,,,,10000000.0,277900000.0,1.0,245200784.0,245200784.0,,8.282,7746400000.0,0.0,26000000.0,184500000.0,31.592,3148300000.0
17,CAM,MRQ,2011-09-30,2011-09-30,2011-09-30,2019-04-17,-77500000.0,8626800000.0,,5439000000.0,3187800000.0,,18.808,-86400000.0,1536500000.0,1536500000.0,1136600000.0,164500000.0,2.665,0.871,1587200000.0,10900000.0,1576300000.0,1587200000.0,0.0,53100000.0,0.0,0.0,0.0,218600000.0,271700000.0,0.161,271700000.0,218600000.0,198000000.0,0.67,0.67,0.67,4609800000.0,,4609800000.0,10091752497.0,12.0,9.908,18500000.0,0.075,1.0,549300000.0,0.326,1496700000.0,20600000.0,5140100000.0,,2177700000.0,0.0,0.0,0.0,4017000000.0,2040700000.0,1976300000.0,10180252497.0,-506600000.0,0.0,3300000.0,-508500000.0,0.0,-495000000.0,-86400000.0,0.0,104900000.0,-30100000.0,164500000.0,164500000.0,164500000.0,0.0,0.0,0.098,330700000.0,218600000.0,2029800000.0,0.0,2.208,17.352,17.308,1339500000.0,0.0,41.54,1.511,1.511,1396200000.0,3270400000.0,1685900000.0,1685900000.0,0.0,,,,,9100000.0,243400000.0,1.0,245071076.0,245100000.0,247100000.0,6.878,7130100000.0,0.0,33500000.0,159500000.0,29.091,3398300000.0
18,CAM,MRQ,2011-06-30,2011-06-30,2011-06-30,2019-04-17,77900000.0,8927000000.0,,5707400000.0,3219600000.0,,19.353,-69200000.0,2043100000.0,2043100000.0,1213400000.0,148000000.0,2.395,0.883,1954600000.0,431000000.0,1523600000.0,1954600000.0,0.0,47600000.0,0.0,0.0,0.0,209500000.0,257100000.0,0.148,257100000.0,209500000.0,187400000.0,0.6,0.59,0.6,4741500000.0,,4741500000.0,12169660930.0,15.0,12.114,32200000.0,0.131,1.0,527700000.0,0.303,1531300000.0,22100000.0,4924000000.0,,2108000000.0,0.0,0.0,0.0,4185500000.0,2383200000.0,1802300000.0,12322060930.0,593500000.0,-14900000.0,900000.0,593400000.0,0.0,572500000.0,-84100000.0,0.0,101400000.0,3700000.0,148000000.0,148000000.0,148000000.0,0.0,0.0,0.085,318200000.0,209500000.0,1928400000.0,0.0,2.599,21.584,21.491,1342400000.0,0.0,50.29,1.873,1.873,1287800000.0,3105900000.0,1741100000.0,1741100000.0,0.0,,,,,9400000.0,250500000.0,1.0,245020102.0,245000000.0,249900000.0,7.107,7395700000.0,0.0,39400000.0,109300000.0,30.187,3324200000.0
19,CAM,MRQ,2011-03-31,2011-03-31,2011-03-31,2019-04-17,49100000.0,7983500000.0,,4819800000.0,3163700000.0,,18.817,-55200000.0,1449600000.0,1449600000.0,1057900000.0,109500000.0,2.072,0.734,1297200000.0,519300000.0,777900000.0,1297200000.0,0.0,44800000.0,0.0,0.0,0.0,160000000.0,204800000.0,0.136,204800000.0,160000000.0,139900000.0,0.45,0.43,0.45,4604600000.0,,4604600000.0,13436166633.0,17.0,13.543,-382000000.0,-1.561,1.0,443400000.0,0.295,1511100000.0,20100000.0,3993300000.0,,1985200000.0,0.0,0.0,0.0,3378900000.0,2326700000.0,1052200000.0,13975866633.0,-382900000.0,-27600000.0,15800000.0,-3800000.0,0.0,16700000.0,-82800000.0,0.0,-326800000.0,10000000.0,109500000.0,109500000.0,109500000.0,0.0,0.0,0.073,283400000.0,160000000.0,1798400000.0,0.0,3.035,25.314,25.154,1306800000.0,0.0,57.1,2.222,2.222,1099900000.0,2957800000.0,1501300000.0,1501300000.0,0.0,,,,,8100000.0,229700000.0,1.0,244761237.0,244700000.0,252100000.0,6.135,6472400000.0,0.0,30400000.0,114000000.0,26.45,2493100000.0
20,CAM,MRQ,2010-12-31,2010-12-31,2010-12-31,2019-04-17,-27100000.0,8005100000.0,,4932900000.0,3072200000.0,,18.108,-82200000.0,1832500000.0,1832500000.0,1264900000.0,164700000.0,1.917,0.822,1292800000.0,519900000.0,772900000.0,1292800000.0,0.0,47900000.0,0.0,0.0,0.0,237000000.0,284900000.0,0.158,284900000.0,237000000.0,215400000.0,0.68,0.66,0.68,4392400000.0,,4392400000.0,12082364139.0,15.0,11.928,272700000.0,1.124,1.0,543400000.0,0.301,1475800000.0,21600000.0,3415700000.0,,1779300000.0,0.0,0.0,0.0,3612700000.0,2573900000.0,1038800000.0,12305464139.0,320700000.0,0.0,45800000.0,-3500000.0,0.0,52400000.0,-82200000.0,0.0,354900000.0,-4400000.0,164700000.0,164700000.0,164700000.0,0.0,0.0,0.091,306400000.0,237000000.0,2016000000.0,0.0,2.802,21.861,21.866,1247800000.0,0.0,50.73,2.006,2.006,1056100000.0,2848300000.0,1808300000.0,1808300000.0,0.0,,,,,9300000.0,250400000.0,1.0,242567793.0,242567793.0,,7.455,6529300000.0,0.0,50700000.0,133700000.0,26.917,2359000000.0
21,CAM,MRQ,2010-09-30,2010-09-30,2010-09-30,2019-04-17,1100000.0,7800200000.0,,4768200000.0,3032000000.0,,17.379,-45600000.0,1511800000.0,1511800000.0,1048700000.0,148700000.0,1.903,0.853,1288700000.0,514800000.0,773900000.0,1288700000.0,0.0,52700000.0,0.0,0.0,0.0,205100000.0,257800000.0,0.169,257800000.0,205100000.0,185100000.0,0.61,0.61,0.61,4209100000.0,,4209100000.0,10247626081.0,14.0,11.159,49300000.0,0.204,1.0,478400000.0,0.313,1457800000.0,20000000.0,3614100000.0,,1881300000.0,0.0,0.0,0.0,3591100000.0,2505200000.0,1085900000.0,10405226081.0,83300000.0,0.0,2500000.0,10500000.0,0.0,13900000.0,-45600000.0,0.0,94900000.0,20100000.0,148700000.0,148700000.0,148700000.0,0.0,0.0,0.097,273300000.0,205100000.0,1933800000.0,0.0,2.472,20.995,21.059,1205900000.0,0.0,42.96,1.797,1.797,1042400000.0,2683600000.0,1527100000.0,1527100000.0,0.0,,,,,6700000.0,210200000.0,1.0,242207311.0,242200000.0,245500000.0,6.305,6342400000.0,0.0,36400000.0,191300000.0,26.187,2263000000.0
22,CAM,MRQ,2010-06-30,2010-06-30,2010-06-30,2019-04-17,-140900000.0,7430000000.0,,4460600000.0,2969400000.0,,16.085,-33500000.0,1428500000.0,1428500000.0,984700000.0,129200000.0,1.84,0.902,1270900000.0,497100000.0,773800000.0,1270900000.0,0.0,52900000.0,0.0,0.0,0.0,191700000.0,244600000.0,0.168,244600000.0,191700000.0,172300000.0,0.53,0.52,0.53,3907000000.0,,3907000000.0,7585608748.0,11.0,8.522,-73200000.0,-0.301,1.0,468000000.0,0.322,1443000000.0,19400000.0,3404600000.0,,1800300000.0,0.0,0.0,0.0,3523000000.0,2424800000.0,1098200000.0,7941408748.0,-190500000.0,-13000000.0,-89800000.0,-3800000.0,0.0,-92100000.0,-46500000.0,0.0,-39700000.0,-12200000.0,129200000.0,129200000.0,129200000.0,0.0,0.0,0.089,276300000.0,191700000.0,1879500000.0,0.0,2.033,16.832,16.26,1164000000.0,0.0,32.52,1.445,1.437,940100000.0,2535000000.0,1452700000.0,1452700000.0,0.0,,,,,6400000.0,205000000.0,1.0,244200761.0,242900000.0,246400000.0,5.981,5987000000.0,0.0,43100000.0,195100000.0,24.648,2035800000.0
23,CAM,MRQ,2010-03-31,2010-03-31,2010-03-31,2019-04-17,-47500000.0,7532700000.0,,4522100000.0,3010600000.0,,16.169,-26900000.0,1619000000.0,1619000000.0,914100000.0,120400000.0,2.246,0.906,1263200000.0,6200000.0,1257000000.0,1263200000.0,0.0,48100000.0,0.0,0.0,0.0,177500000.0,225600000.0,0.168,225600000.0,177500000.0,160500000.0,0.49,0.48,0.49,3951700000.0,,3951700000.0,9870891648.0,14.0,11.181,-142700000.0,-0.584,1.0,432600000.0,0.321,1452400000.0,17000000.0,3711100000.0,,1736100000.0,0.0,0.0,0.0,3581000000.0,2013400000.0,1567600000.0,10477413648.0,-242000000.0,-27900000.0,-46300000.0,-18100000.0,0.0,-60600000.0,-54800000.0,0.0,-115800000.0,-10800000.0,120400000.0,120400000.0,120400000.0,0.0,0.0,0.089,255100000.0,177500000.0,1961600000.0,0.0,2.651,21.774,20.313,1190800000.0,0.0,42.86,1.972,1.972,903700000.0,2405800000.0,1346700000.0,1346700000.0,0.0,,,,,6600000.0,196700000.0,1.0,244456688.0,244400000.0,249000000.0,5.51,6080300000.0,0.0,40100000.0,180600000.0,24.878,2508700000.0
24,CAM,MRQ,2009-12-31,2009-12-31,2009-12-31,2019-04-17,9500000.0,7725400000.0,,4714200000.0,3011200000.0,,17.76,-76600000.0,1861000000.0,1861000000.0,1027700000.0,97300000.0,2.053,0.971,1254500000.0,22200000.0,1232300000.0,1254500000.0,0.0,44300000.0,0.0,0.0,0.0,146000000.0,190300000.0,0.13,190300000.0,146000000.0,133300000.0,0.41,0.4,0.41,3919700000.0,,3919700000.0,8987786869.0,12.0,10.145,352800000.0,1.599,1.0,436700000.0,0.298,1441600000.0,12700000.0,3381000000.0,,1664200000.0,0.0,0.0,0.0,3805700000.0,2296300000.0,1509400000.0,9225205869.0,333500000.0,34400000.0,-17000000.0,-43400000.0,0.0,-57500000.0,-42200000.0,0.0,429400000.0,3800000.0,97300000.0,97300000.0,97300000.0,0.0,0.0,0.066,285300000.0,151400000.0,2208200000.0,0.0,2.354,19.401,19.442,1192400000.0,0.0,41.8,1.766,1.766,959000000.0,2285400000.0,1464400000.0,1464400000.0,0.0,,,,,-17200000.0,198400000.0,1.0,220698705.0,220698705.0,,6.635,6283800000.0,0.0,36000000.0,188900000.0,28.472,2417900000.0
25,CAM,MRQ,2009-09-30,2009-09-30,2009-09-30,2019-04-17,44023000.0,6306945000.0,,4320564000.0,1986381000.0,,13.114,-55200000.0,1527528000.0,1527528000.0,828000000.0,124900000.0,2.197,1.191,1290109000.0,61042000.0,1229067000.0,1290109000.0,0.0,38400000.0,0.0,0.0,0.0,191200000.0,229600000.0,0.186,229600000.0,191200000.0,168600000.0,0.57,0.56,0.57,2878418000.0,,2878418000.0,8208817521.0,10.0,8.494,119600000.0,0.545,1.0,403800000.0,0.328,720730000.0,22600000.0,3382026000.0,,1698565000.0,0.0,0.0,0.0,3428527000.0,1966770000.0,1461757000.0,8314825521.0,-10200000.0,0.0,1600000.0,-144700000.0,0.0,-141900000.0,-55200000.0,0.0,174800000.0,12100000.0,124900000.0,124900000.0,124900000.0,0.0,0.0,0.101,214000000.0,189800000.0,1867627000.0,0.0,2.889,15.866,15.693,1045599000.0,0.0,37.82,1.574,1.571,877706000.0,2188098000.0,1231800000.0,1231800000.0,0.0,,,,,36400000.0,169700000.0,1.0,219852605.0,219500000.0,221900000.0,5.612,5586215000.0,0.0,43700000.0,157824000.0,25.45,2353794000.0
26,CAM,MRQ,2009-06-30,2009-06-30,2009-06-30,2019-04-17,-6813000.0,6267557000.0,,4325528000.0,1942029000.0,,12.399,-57600000.0,1537658000.0,1537658000.0,840700000.0,138600000.0,2.03,1.328,1431650000.0,205756000.0,1225894000.0,1431650000.0,0.0,37200000.0,0.0,0.0,0.0,200100000.0,237300000.0,0.187,237300000.0,200100000.0,173500000.0,0.64,0.62,0.64,2691755000.0,,2691755000.0,6105674950.0,7.0,5.899,79900000.0,0.368,1.0,429300000.0,0.338,727164000.0,26600000.0,3303182000.0,,1677787000.0,0.0,0.0,0.0,3575802000.0,2131203000.0,1444599000.0,6140440950.0,95700000.0,-23200000.0,4600000.0,10500000.0,0.0,15500000.0,-80800000.0,0.0,137500000.0,23500000.0,138600000.0,138600000.0,138600000.0,0.0,0.0,0.109,231000000.0,198300000.0,1849157000.0,0.0,2.281,10.923,10.927,1008643000.0,0.0,28.3,1.105,1.106,895367000.0,2063154000.0,1270000000.0,1270000000.0,0.0,,,,,-2000000.0,182900000.0,1.0,216976712.0,217100000.0,221900000.0,5.85,5540393000.0,0.0,34900000.0,184695000.0,25.52,2194325000.0
27,CAM,MRQ,2009-03-31,2009-03-31,2009-03-31,2019-04-17,-133732000.0,5922015000.0,,4076355000.0,1845660000.0,,11.115,-47400000.0,1442021000.0,1442021000.0,843700000.0,114600000.0,1.974,1.456,1407255000.0,184656000.0,1222599000.0,1407255000.0,0.0,36700000.0,0.0,0.0,0.0,191900000.0,228600000.0,0.182,228600000.0,191900000.0,167300000.0,0.53,0.52,0.53,2410915000.0,,2410915000.0,4553995482.0,5.0,4.297,-175700000.0,-0.81,1.0,413300000.0,0.329,696440000.0,24600000.0,3126242000.0,,1508500000.0,0.0,0.0,0.0,3511100000.0,2064567000.0,1446533000.0,4756592482.0,-179000000.0,0.0,-8200000.0,21000000.0,0.0,14600000.0,-47400000.0,0.0,-128300000.0,-17900000.0,114600000.0,114600000.0,114600000.0,0.0,0.0,0.091,223600000.0,189700000.0,1791349000.0,0.0,1.973,8.311,8.307,941356000.0,0.0,21.93,0.825,0.825,950958000.0,1924550000.0,1257000000.0,1257000000.0,0.0,,,,,10500000.0,164600000.0,1.0,216898882.0,216900000.0,220000000.0,5.795,5225575000.0,0.0,52700000.0,189115000.0,24.092,2011788000.0
28,CAM,MRQ,2008-12-31,2008-12-31,2008-12-31,2019-04-17,-84218000.0,5902371000.0,,4056443000.0,1845928000.0,,10.68,-109585000.0,1621046000.0,1621046000.0,1048471000.0,145953000.0,1.921,1.518,1379906000.0,161279000.0,1218627000.0,1379906000.0,0.0,36389000.0,0.0,0.0,0.0,234492000.0,270881000.0,0.178,270881000.0,234492000.0,210310000.0,0.67,0.66,0.67,2344527000.0,,2344527000.0,4475844568.0,5.0,4.247,365202000.0,1.664,1.0,475808000.0,0.312,709217000.0,24182000.0,2840806000.0,,1336925000.0,0.0,0.0,0.0,3557844000.0,2111208000.0,1446636000.0,4500104568.0,185499000.0,-94001000.0,-63540000.0,8810000.0,0.0,-54902000.0,-203586000.0,0.0,474787000.0,-30800000.0,145953000.0,145953000.0,145953000.0,0.0,0.0,0.096,246380000.0,229428000.0,1854384000.0,0.0,1.919,7.749,7.678,931647000.0,0.0,20.5,0.769,0.769,950362000.0,1809913000.0,1524279000.0,1524279000.0,0.0,,,,,34183000.0,183791000.0,1.0,219517296.0,219517296.0,,6.944,5193154000.0,0.0,64357000.0,194694000.0,23.657,1945235000.0
29,CAM,MRQ,2008-09-30,2008-09-30,2008-09-30,2019-04-17,2786000.0,5733774000.0,,3955587000.0,1778187000.0,,10.541,-63594000.0,1435517000.0,1435517000.0,1050826000.0,162980000.0,2.018,1.49,1411257000.0,154975000.0,1256282000.0,1411257000.0,0.0,32496000.0,0.0,0.0,0.0,265795000.0,298291000.0,0.198,298291000.0,265795000.0,242170000.0,0.75,0.71,0.75,2303055000.0,,2303055000.0,8438778682.0,10.0,8.488,199734000.0,0.914,1.0,453907000.0,0.302,694429000.0,23625000.0,3054884000.0,,1407393000.0,0.0,0.0,0.0,3430719000.0,1960201000.0,1470518000.0,8389491682.0,-98600000.0,-40187000.0,-53876000.0,-168330000.0,0.0,-219479000.0,-103781000.0,0.0,263328000.0,-38668000.0,162980000.0,162980000.0,162980000.0,0.0,0.0,0.108,197804000.0,256103000.0,1728685000.0,0.0,3.643,15.31,15.233,884145000.0,0.0,38.54,1.48,1.485,967904000.0,1701417000.0,1504733000.0,1504733000.0,0.0,,,,,-11338000.0,165308000.0,1.0,217682711.0,218478000.0,229219000.0,6.887,5039345000.0,0.0,79190000.0,157982000.0,23.066,1995386000.0
30,CAM,MRQ,2008-06-30,2008-06-30,2008-06-30,2019-04-17,155488000.0,5878917000.0,,4093695000.0,1785222000.0,,10.766,-50272000.0,1534117000.0,1534117000.0,1063245000.0,148785000.0,1.964,1.521,1583404000.0,327681000.0,1255723000.0,1583404000.0,0.0,31309000.0,0.0,0.0,0.0,230625000.0,261934000.0,0.177,261934000.0,230625000.0,218444000.0,0.69,0.64,0.69,2332195000.0,,2332195000.0,12171509278.0,15.0,13.113,154731000.0,0.714,1.0,417388000.0,0.282,685632000.0,12181000.0,3157794000.0,,1467195000.0,0.0,0.0,0.0,3546722000.0,2084778000.0,1461944000.0,11992355278.0,789755000.0,0.0,-24892000.0,650613000.0,0.0,633307000.0,-50272000.0,0.0,205003000.0,1717000.0,148785000.0,148785000.0,148785000.0,0.0,0.0,0.1,193164000.0,224224000.0,1712962000.0,0.0,5.142,22.386,22.409,893720000.0,0.0,55.35,2.241,2.241,950894000.0,1535116000.0,1480633000.0,1480633000.0,0.0,,,,,7418000.0,161855000.0,1.0,216664052.0,216634000.0,233107000.0,6.835,5193285000.0,0.0,69659000.0,124435000.0,23.973,2008917000.0
31,CAM,MRQ,2008-03-31,2008-03-31,2008-03-31,2019-04-17,143473000.0,5001541000.0,,3255284000.0,1746257000.0,,10.068,-44848000.0,744362000.0,744362000.0,965359000.0,122981000.0,1.737,1.292,923516000.0,178488000.0,745028000.0,923516000.0,0.0,31906000.0,0.0,0.0,0.0,190786000.0,222692000.0,0.166,222692000.0,190786000.0,180475000.0,0.57,0.53,0.57,2182277000.0,,2182277000.0,9104199324.0,12.0,10.39,-469000.0,-0.002,1.0,373895000.0,0.279,686841000.0,10311000.0,2619593000.0,,1485911000.0,0.0,0.0,0.0,2819264000.0,1874261000.0,945003000.0,9090221324.0,4446000.0,-57512000.0,-119493000.0,168809000.0,0.0,56175000.0,-102360000.0,0.0,44379000.0,6252000.0,122981000.0,122981000.0,122981000.0,0.0,0.0,0.092,189252000.0,184643000.0,1653233000.0,0.0,4.165,17.818,17.795,862593000.0,0.0,41.64,1.815,1.802,868955000.0,1383164000.0,1339254000.0,1339254000.0,0.0,,,,,9199000.0,157346000.0,1.0,218305027.0,216746000.0,230466000.0,6.179,4314700000.0,0.0,57494000.0,116757000.0,19.907,1381023000.0
32,CAM,MRQ,2007-12-31,2007-12-31,2007-12-31,2019-04-17,101004000.0,4730819000.0,,3071931000.0,1658888000.0,,9.578,-80353000.0,739916000.0,739916000.0,946032000.0,113226000.0,1.815,1.258,753894000.0,8766000.0,745128000.0,753894000.0,0.0,28814000.0,0.0,0.0,0.0,182491000.0,211305000.0,0.157,211305000.0,182491000.0,156905000.0,0.52,0.48,0.52,2094964000.0,,2094964000.0,10711902485.0,15.0,12.729,203826000.0,0.932,1.0,398070000.0,0.296,647819000.0,25586000.0,2404102000.0,,1413403000.0,0.0,0.0,0.0,2635855000.0,1692876000.0,942979000.0,10527220485.0,171467000.0,0.0,-28688000.0,-1720000.0,0.0,-24043000.0,-80353000.0,0.0,284179000.0,-8316000.0,113226000.0,113226000.0,113226000.0,0.0,0.0,0.084,223035000.0,175035000.0,1677054000.0,0.0,5.025,21.564,21.583,821104000.0,0.0,48.13,2.256,2.256,797471000.0,1256822000.0,1344102000.0,1344102000.0,0.0,,,,,25111000.0,158496000.0,1.0,218724714.0,218724714.0,,6.145,4083000000.0,0.0,43679000.0,75702000.0,18.667,1379055000.0
33,CAM,MRQ,2007-09-30,2007-09-30,2007-09-30,2019-04-17,88164000.0,4614904000.0,,2986169000.0,1628735000.0,,9.122,-51832000.0,568449000.0,568449000.0,810159000.0,150723000.0,1.808,1.322,753131000.0,6231000.0,746900000.0,753131000.0,0.0,27975000.0,0.0,0.0,0.0,204297000.0,232272000.0,0.196,232272000.0,204297000.0,198843000.0,0.69,0.65,0.69,1987064000.0,,1987064000.0,10322396117.0,15.0,12.734,61452000.0,0.282,1.0,376014000.0,0.317,654952000.0,5454000.0,2492670000.0,,1432327000.0,0.0,0.0,0.0,2627840000.0,1651964000.0,975876000.0,10035005117.0,101056000.0,-727000.0,14639000.0,-2529000.0,0.0,22144000.0,-52559000.0,0.0,113284000.0,18187000.0,150723000.0,150723000.0,150723000.0,0.0,0.0,0.127,177738000.0,198276000.0,1631566000.0,0.0,5.05,21.284,21.664,759218000.0,0.0,46.145,2.281,2.285,826290000.0,1130917000.0,1186173000.0,1186173000.0,0.0,,,,,15901000.0,149763000.0,1.0,217466792.0,217838000.0,230810000.0,5.445,3959952000.0,0.0,48120000.0,95191000.0,18.178,1334205000.0
34,CAM,MRQ,2007-06-30,2007-06-30,2007-06-30,2019-04-17,55247000.0,4298144000.0,,2709179000.0,1588965000.0,,8.092,-53061000.0,467393000.0,467393000.0,792130000.0,123228000.0,1.746,1.428,754784000.0,7824000.0,746960000.0,754784000.0,0.0,27134000.0,0.0,0.0,0.0,182836000.0,209970000.0,0.184,209970000.0,182836000.0,176805000.0,0.56,0.54,0.56,1769962000.0,,1769962000.0,7984868366.0,12.0,10.637,-35587000.0,-0.163,1.0,346912000.0,0.305,643683000.0,6031000.0,2390570000.0,,1309352000.0,0.0,0.0,0.0,2528182000.0,1551282000.0,976900000.0,7871696366.0,-381535000.0,-31714000.0,-113435000.0,-208778000.0,0.0,-315612000.0,-84775000.0,0.0,17474000.0,1378000.0,123228000.0,123228000.0,123228000.0,0.0,0.0,0.108,170360000.0,176552000.0,1513742000.0,0.0,4.447,19.197,19.421,718515000.0,0.0,35.735,1.878,1.865,765870000.0,980194000.0,1139042000.0,1139042000.0,0.0,,,,,-251000.0,143226000.0,1.0,220279736.0,218730000.0,228814000.0,5.208,3654461000.0,0.0,53577000.0,113171000.0,16.708,1157897000.0
35,CAM,MRQ,2007-03-31,2007-03-31,2007-03-31,2019-04-17,27260000.0,4372239000.0,,2859088000.0,1513151000.0,,7.736,-51288000.0,848928000.0,848928000.0,693916000.0,101004000.0,1.71,1.546,962100000.0,216349000.0,745751000.0,962100000.0,0.0,25851000.0,0.0,0.0,0.0,162164000.0,188015000.0,0.189,188015000.0,162164000.0,155390000.0,0.45,0.44,0.45,1717622000.0,,1717622000.0,6985029892.0,12.0,10.174,-14507000.0,-0.065,1.0,303134000.0,0.304,617815000.0,6774000.0,2195980000.0,,1167111000.0,0.0,0.0,0.0,2654617000.0,1671616000.0,983001000.0,7065813892.0,-184609000.0,-43944000.0,-141645000.0,7009000.0,0.0,-129603000.0,-95232000.0,0.0,36781000.0,3445000.0,101004000.0,101004000.0,101004000.0,0.0,0.0,0.101,151954000.0,151180000.0,1398066000.0,0.0,4.114,19.477,19.44,680302000.0,0.0,31.395,1.807,1.783,690537000.0,856966000.0,997050000.0,997050000.0,0.0,,,,,26224000.0,126103000.0,1.0,225061758.0,222022000.0,230286000.0,4.491,3754424000.0,0.0,54386000.0,148074000.0,16.91,1187472000.0
36,CAM,MRQ,2006-12-31,2006-12-31,2006-12-31,2019-04-17,16326000.0,4350750000.0,,2907652000.0,1443098000.0,,7.832,-69855000.0,1033537000.0,1033537000.0,748200000.0,96525000.0,1.786,1.498,952753000.0,207345000.0,745408000.0,952753000.0,0.0,28909000.0,0.0,0.0,0.0,151449000.0,180358000.0,0.168,180358000.0,151449000.0,144981000.0,0.43,0.415,0.43,1741439000.0,,1741439000.0,6138640508.0,12.0,10.053,266419000.0,1.198,1.0,328490000.0,0.305,595268000.0,6468000.0,2046486000.0,,1009414000.0,0.0,0.0,0.0,2609311000.0,1628212000.0,981099000.0,5897976508.0,313818000.0,7013000.0,21238000.0,-9472000.0,0.0,21865000.0,-62842000.0,0.0,336274000.0,18521000.0,96525000.0,96525000.0,96525000.0,0.0,0.0,0.09,187284000.0,141206000.0,1364716000.0,0.0,3.387,18.558,18.946,648785000.0,0.0,26.525,1.576,1.576,696147000.0,760958000.0,1076690000.0,1076690000.0,0.0,,,,,18018000.0,151557000.0,1.0,222355382.0,222355382.0,,4.842,3755482000.0,0.0,48456000.0,146399000.0,16.89,1279440000.0
37,CAM,MRQ,2006-09-30,2006-09-30,2006-09-30,2019-04-17,79936000.0,3986315000.0,,2550721000.0,1435594000.0,,7.425,-27921000.0,719719000.0,719719000.0,684968000.0,89285000.0,1.773,1.406,960383000.0,215552000.0,744831000.0,960383000.0,0.0,25200000.0,0.0,0.0,0.0,147142000.0,172342000.0,0.176,172342000.0,147142000.0,140474000.0,0.4,0.39,0.4,1656963000.0,,1656963000.0,5678757824.0,13.0,10.429,70595000.0,0.316,1.0,293824000.0,0.3,578205000.0,6668000.0,2210277000.0,,1004202000.0,0.0,0.0,0.0,2329352000.0,1438497000.0,890855000.0,5390990824.0,56428000.0,-1200000.0,-22920000.0,6809000.0,0.0,-9630000.0,-29121000.0,0.0,98516000.0,-3337000.0,89285000.0,89285000.0,89285000.0,0.0,0.0,0.091,155599000.0,138225000.0,1185960000.0,0.0,3.254,19.534,19.881,598618000.0,0.0,24.155,1.583,1.583,686979000.0,664433000.0,978792000.0,978792000.0,0.0,,,,,22463000.0,126751000.0,1.0,223183226.0,223152000.0,230368000.0,4.386,3408110000.0,0.0,51189000.0,80850000.0,15.273,1112224000.0
38,CAM,MRQ,2006-06-30,2006-06-30,2006-06-30,2019-04-17,87886000.0,3817085000.0,,2365107000.0,1451978000.0,,6.973,-42072000.0,663291000.0,663291000.0,582909000.0,75964000.0,1.77,1.397,951058000.0,207001000.0,744057000.0,951058000.0,0.0,24605000.0,0.0,0.0,0.0,121222000.0,145827000.0,0.17,145827000.0,121222000.0,116927000.0,0.335,0.32,0.335,1592389000.0,,1592389000.0,5683726565.0,15.0,12.149,66078000.0,0.289,1.0,274856000.0,0.32,611263000.0,4295000.0,2157339000.0,,935305000.0,0.0,0.0,0.0,2224696000.0,1336250000.0,888446000.0,5517553565.0,377813000.0,0.0,-186398000.0,490656000.0,0.0,304258000.0,-42072000.0,0.0,108150000.0,7477000.0,75964000.0,75964000.0,75964000.0,0.0,0.0,0.089,158285000.0,116571000.0,1098076000.0,0.0,3.465,23.388,23.077,586383000.0,0.0,23.885,1.802,1.781,631327000.0,575148000.0,857765000.0,857765000.0,0.0,,,,,29482000.0,124597000.0,1.0,231004964.0,228368000.0,235624000.0,3.756,3205822000.0,0.0,40963000.0,74433000.0,14.038,1028857000.0
39,CAM,MRQ,2006-03-31,2006-03-31,2006-03-31,2019-04-17,51114000.0,3243838000.0,,1820335000.0,1423503000.0,,7.146,-28343000.0,285478000.0,285478000.0,584995000.0,56042000.0,1.824,0.96,451651000.0,7745000.0,443906000.0,451651000.0,0.0,22636000.0,0.0,0.0,0.0,89466000.0,112102000.0,0.135,112102000.0,89466000.0,86219000.0,0.24,0.235,0.24,1654662000.0,,1654662000.0,5200184411.0,16.0,12.962,-24772000.0,-0.107,1.0,244665000.0,0.295,546661000.0,3247000.0,1865246000.0,,829793000.0,0.0,0.0,0.0,1589176000.0,998104000.0,591072000.0,5111249411.0,-76493000.0,-34659000.0,-18108000.0,-1333000.0,0.0,-19441000.0,-63002000.0,0.0,3571000.0,2379000.0,56042000.0,56042000.0,56042000.0,0.0,0.0,0.068,158327000.0,86338000.0,957031000.0,0.0,3.089,25.739,25.189,581798000.0,0.0,22.04,1.826,1.823,601749000.0,499184000.0,829660000.0,829660000.0,0.0,,,,,15664000.0,125663000.0,1.0,231907868.0,231552000.0,236506000.0,3.583,2697177000.0,0.0,30177000.0,73174000.0,11.648,822231000.0
40,CAM,MRQ,2005-12-31,2005-12-31,2005-12-31,2019-04-17,37464000.0,3098562000.0,,1728056000.0,1370506000.0,,7.03,-28266000.0,361971000.0,361971000.0,516252000.0,54690000.0,1.875,0.943,450906000.0,6471000.0,444435000.0,450906000.0,0.0,20893000.0,0.0,0.0,0.0,93334000.0,114227000.0,0.155,114227000.0,93334000.0,90430000.0,0.24,0.235,0.24,1594763000.0,,1594763000.0,4685464754.0,17.0,13.26,40022000.0,0.176,1.0,222309000.0,0.301,577042000.0,2904000.0,1688594000.0,,705809000.0,0.0,0.0,0.0,1503799000.0,921861000.0,581938000.0,4695716754.0,-98386000.0,-204391000.0,57580000.0,-1402000.0,0.0,56178000.0,-238101000.0,0.0,68288000.0,15249000.0,54690000.0,54690000.0,54690000.0,0.0,0.0,0.074,133323000.0,88986000.0,891519000.0,0.0,2.944,27.439,26.883,525715000.0,0.0,20.7,1.865,1.865,574099000.0,443142000.0,738561000.0,738561000.0,0.0,,,,,35344000.0,112430000.0,1.0,226846220.0,226846220.0,,3.256,2521520000.0,0.0,35740000.0,62960000.0,11.116,806195000.0
41,CAM,MRQ,2005-09-30,2005-09-30,2005-09-30,2019-04-17,53817000.0,2761420000.0,,1532270000.0,1229150000.0,,6.616,-17814000.0,460357000.0,460357000.0,449828000.0,49218000.0,2.178,0.859,450105000.0,6760000.0,443345000.0,450105000.0,0.0,18799000.0,0.0,0.0,0.0,76899000.0,95698000.0,0.15,95698000.0,76899000.0,72994000.0,0.22,0.215,0.22,1485655000.0,,1485655000.0,4277650255.0,19.0,14.063,84132000.0,0.375,1.0,186785000.0,0.293,502422000.0,3905000.0,1545132000.0,,534601000.0,0.0,0.0,0.0,1275765000.0,703614000.0,572151000.0,4136775255.0,151832000.0,-2290000.0,70576000.0,-819000.0,0.0,69757000.0,-15212000.0,0.0,101946000.0,-4659000.0,49218000.0,49218000.0,49218000.0,0.0,0.0,0.077,113401000.0,73384000.0,682072000.0,0.0,2.784,28.444,27.71,463905000.0,0.0,18.483,1.778,1.784,449581000.0,388452000.0,636613000.0,636613000.0,0.0,,,,,499000.0,94602000.0,1.0,223821196.0,224548000.0,228454000.0,2.835,2258998000.0,0.0,23776000.0,51565000.0,10.06,828656000.0
42,CAM,MRQ,2005-06-30,2005-06-30,2005-06-30,2019-04-17,47385000.0,2535020000.0,,1319705000.0,1215315000.0,,6.173,-14200000.0,308525000.0,308525000.0,422931000.0,38630000.0,2.15,0.883,449400000.0,6343000.0,443057000.0,449400000.0,0.0,18888000.0,0.0,0.0,0.0,60279000.0,79167000.0,0.133,79167000.0,60279000.0,57541000.0,0.175,0.175,0.175,1346432000.0,,1346432000.0,3566456479.0,19.0,13.119,114316000.0,0.524,1.0,171853000.0,0.289,492005000.0,2738000.0,1570200000.0,,489734000.0,0.0,0.0,0.0,1188588000.0,613690000.0,574898000.0,3408633479.0,16281000.0,-120097000.0,39006000.0,-1900000.0,0.0,37106000.0,-133734000.0,0.0,128516000.0,-15607000.0,38630000.0,38630000.0,38630000.0,0.0,0.0,0.065,114840000.0,57013000.0,599284000.0,0.0,2.532,27.117,26.382,463335000.0,0.0,15.512,1.53,1.518,435399000.0,339234000.0,594784000.0,594784000.0,0.0,,,,,333000.0,95952000.0,1.0,219734632.0,218114000.0,220972000.0,2.727,2043015000.0,0.0,18911000.0,45804000.0,9.367,706015000.0
43,CAM,MRQ,2005-03-31,2005-03-31,2005-03-31,2019-04-17,75417000.0,2376892000.0,,1245249000.0,1131643000.0,,5.998,-11754000.0,292244000.0,292244000.0,407266000.0,28591000.0,2.456,0.842,450067000.0,6903000.0,443164000.0,450067000.0,0.0,19819000.0,0.0,0.0,0.0,44452000.0,64271000.0,0.117,64271000.0,44452000.0,42046000.0,0.135,0.13,0.135,1290487000.0,,1290487000.0,3329653579.0,20.0,13.287,41584000.0,0.193,1.0,140622000.0,0.257,418237000.0,2406000.0,1609480000.0,,452676000.0,0.0,0.0,0.0,1086405000.0,506998000.0,579407000.0,3090977579.0,65246000.0,-1792000.0,46526000.0,-17039000.0,0.0,29487000.0,-13557000.0,0.0,53338000.0,-4022000.0,28591000.0,28591000.0,28591000.0,0.0,0.0,0.052,98101000.0,42521000.0,494905000.0,0.0,2.395,29.227,28.605,466434000.0,0.0,14.303,1.419,1.413,412186000.0,300603000.0,547888000.0,547888000.0,0.0,,,,,663000.0,78282000.0,1.0,216114496.0,215140000.0,217628000.0,2.547,1958655000.0,0.0,13455000.0,43743000.0,9.104,738251000.0
44,CAM,MRQ,2004-12-31,2004-12-31,2004-12-31,2019-04-17,94974000.0,2356430000.0,,1205324000.0,1151106000.0,,5.59,-9242000.0,226998000.0,226998000.0,402822000.0,28998000.0,2.282,0.919,465674000.0,7319000.0,458355000.0,465674000.0,0.0,22576000.0,0.0,0.0,0.0,42456000.0,65032000.0,0.119,65032000.0,42456000.0,39466000.0,0.138,0.138,0.138,1228247000.0,,1228247000.0,3167180137.0,21.0,13.563,59251000.0,0.27,1.0,144426000.0,0.264,415102000.0,2990000.0,1651744000.0,,454713000.0,0.0,0.0,0.0,1128183000.0,528260000.0,599923000.0,2955980137.0,-30843000.0,-78246000.0,1529000.0,-8708000.0,0.0,-7179000.0,-97510000.0,0.0,68493000.0,5353000.0,28998000.0,28998000.0,28998000.0,0.0,0.0,0.053,103552000.0,40874000.0,516872000.0,0.0,2.407,31.308,30.23,478651000.0,0.0,13.453,1.412,1.412,424767000.0,272012000.0,547248000.0,547248000.0,0.0,,,,,-20634000.0,80976000.0,1.0,219734632.0,219734632.0,,2.49,1941328000.0,0.0,10468000.0,44457000.0,8.835,677064000.0
45,CAM,MRQ,2004-09-30,2004-09-30,2004-09-30,2019-04-17,45900000.0,2200900000.0,,1135100000.0,1065800000.0,,5.424,-9891000.0,257800000.0,257800000.0,395285000.0,29484000.0,2.431,0.915,469000000.0,10700000.0,458300000.0,469000000.0,0.0,20070000.0,0.0,0.0,0.0,43306000.0,63376000.0,0.118,63376000.0,43306000.0,41375000.0,0.14,0.138,0.14,1149300000.0,,1149300000.0,3273761805.0,28.0,16.566,47674000.0,0.225,1.0,143182000.0,0.266,395000000.0,1931000.0,1550200000.0,,412600000.0,0.0,0.0,0.0,1051600000.0,466900000.0,584700000.0,3012561805.0,49234000.0,-7175000.0,-488000.0,-385000.0,0.0,-873000.0,-10674000.0,0.0,57565000.0,3216000.0,29484000.0,29484000.0,29484000.0,0.0,0.0,0.055,97157000.0,46025000.0,442200000.0,0.0,2.621,43.367,41.799,440800000.0,0.0,13.71,1.515,1.461,377100000.0,243000000.0,538467000.0,538467000.0,0.0,,,,,7436000.0,77087000.0,1.0,219734632.0,211876000.0,214692000.0,2.541,1805900000.0,0.0,11891000.0,64300000.0,8.523,668200000.0
46,CAM,MRQ,2004-06-30,2004-06-30,2004-06-30,2019-04-17,37900000.0,2176200000.0,,1112300000.0,1063900000.0,,5.21,-14272000.0,208600000.0,208600000.0,416422000.0,18683000.0,2.283,0.963,469800000.0,10800000.0,459000000.0,469800000.0,0.0,19677000.0,0.0,0.0,0.0,38240000.0,57917000.0,0.106,57917000.0,38240000.0,27781000.0,0.087,0.087,0.087,1108400000.0,,1108400000.0,2879288077.0,24.0,14.244,49942000.0,0.235,1.0,128211000.0,0.235,390900000.0,10459000.0,1559200000.0,,425000000.0,0.0,0.0,0.0,1067800000.0,487300000.0,580500000.0,2616088077.0,-202451000.0,-189000.0,-43032000.0,-211668000.0,0.0,-254700000.0,-7380000.0,5224000.0,64214000.0,-4585000.0,18683000.0,18683000.0,18683000.0,0.0,0.0,0.034,90872000.0,37339000.0,461100000.0,0.0,2.36,34.34,34.296,453100000.0,0.0,12.175,1.392,1.378,366100000.0,213500000.0,544633000.0,544633000.0,0.0,,,,,0.0,71195000.0,1.0,214873764.0,212752000.0,214796000.0,2.56,1785300000.0,0.0,9098000.0,63200000.0,8.391,625000000.0
47,CAM,MRQ,2004-03-31,2004-03-31,2004-03-31,2019-04-17,51700000.0,2406100000.0,,1326800000.0,1079300000.0,,5.317,-9943000.0,411100000.0,411100000.0,345739000.0,17250000.0,1.81,1.101,674300000.0,270400000.0,403900000.0,674300000.0,0.0,20519000.0,0.0,0.0,0.0,26670000.0,47189000.0,0.102,47189000.0,26670000.0,24296000.0,0.08,0.077,0.08,1145000000.0,,1145000000.0,2552463080.0,23.0,13.108,-4984000.0,-0.023,1.0,116758000.0,0.252,391300000.0,2374000.0,1545000000.0,,488200000.0,5000000.0,5000000.0,0.0,1261100000.0,733000000.0,528100000.0,2375507080.0,118942000.0,-85422000.0,-7000000.0,198908000.0,0.0,191908000.0,-76783000.0,17009000.0,4959000.0,-1142000.0,17250000.0,17250000.0,17250000.0,0.0,0.0,0.037,91384000.0,25374000.0,448300000.0,0.0,2.075,30.339,30.337,463500000.0,0.0,11.012,1.369,1.366,337200000.0,194900000.0,462497000.0,462497000.0,0.0,,,,,0.0,70866000.0,1.0,215710064.0,215340000.0,236040000.0,2.148,2014800000.0,0.0,7046000.0,64200000.0,9.356,593800000.0
48,CAM,MRQ,2003-12-31,2003-12-31,2003-12-31,2019-04-17,55329000.0,2140685000.0,,1147701000.0,992984000.0,,5.263,-21865000.0,292116000.0,292116000.0,335750000.0,4050000.0,1.688,0.883,469072000.0,265011000.0,204061000.0,469072000.0,0.0,21565000.0,0.0,0.0,0.0,7569000.0,29134000.0,0.066,29134000.0,7569000.0,5712000.0,0.02,0.023,0.02,1136723000.0,,1136723000.0,2747070961.0,28.0,15.133,-6548000.0,-0.03,1.0,107496000.0,0.243,316098000.0,1857000.0,1321624000.0,,473207000.0,22033000.0,22033000.0,0.0,1003962000.0,679919000.0,324043000.0,2516170961.0,54616000.0,0.0,-10472000.0,304000.0,0.0,-10168000.0,37994000.0,57087000.0,15317000.0,11473000.0,4050000.0,4050000.0,4050000.0,0.0,0.0,0.009,101134000.0,6362000.0,397326000.0,0.0,2.214,36.23,36.406,471333000.0,0.0,11.65,1.54,1.54,316135000.0,177597000.0,443246000.0,443246000.0,0.0,,,,,-979000.0,79569000.0,1.0,215980340.0,215980340.0,,2.052,1824587000.0,0.0,1662000.0,63631000.0,8.448,467782000.0
49,CAM,MRQ,2003-09-30,2003-09-30,2003-09-30,2019-04-17,17900000.0,2102300000.0,,1131600000.0,970700000.0,,5.073,-13600000.0,237500000.0,237500000.0,305400000.0,36200000.0,1.671,0.904,468400000.0,261900000.0,206500000.0,468400000.0,0.0,21200000.0,0.0,0.0,0.0,46700000.0,67900000.0,0.158,67900000.0,46700000.0,44600000.0,0.168,0.158,0.168,1103900000.0,,1103900000.0,2669624842.0,30.0,15.618,-5500000.0,-0.025,1.0,123700000.0,0.288,308200000.0,2100000.0,1347900000.0,,465600000.0,79200000.0,79200000.0,0.0,998400000.0,677100000.0,321300000.0,2530924842.0,-91200000.0,0.0,-37400000.0,0.0,0.0,-37400000.0,-63300000.0,-54600000.0,8100000.0,1400000.0,36200000.0,36200000.0,36200000.0,0.0,0.0,0.084,90700000.0,33000000.0,397700000.0,0.0,2.293,40.129,39.836,463100000.0,0.0,11.553,1.606,1.595,311300000.0,173600000.0,429100000.0,429100000.0,0.0,,,,,0.0,69500000.0,1.0,219080272.0,217600000.0,238800000.0,1.972,1794100000.0,0.0,8400000.0,63100000.0,8.245,454500000.0
50,CAM,MRQ,2003-06-30,2003-06-30,2003-06-30,2019-04-17,12600000.0,2081300000.0,,1100100000.0,981200000.0,,5.047,-13200000.0,328700000.0,328700000.0,283400000.0,20800000.0,1.683,0.885,467400000.0,261200000.0,206200000.0,467400000.0,0.0,20400000.0,0.0,0.0,0.0,30100000.0,50500000.0,0.126,50500000.0,30100000.0,28100000.0,0.095,0.092,0.095,1104300000.0,,1104300000.0,2929329498.0,40.0,19.104,25300000.0,0.116,1.0,117500000.0,0.293,308400000.0,2000000.0,1257800000.0,,431200000.0,24400000.0,24400000.0,0.0,977000000.0,653800000.0,323200000.0,2755129498.0,34800000.0,0.0,500000.0,-1000000.0,0.0,-500000.0,-9200000.0,3400000.0,38500000.0,6000000.0,20800000.0,20800000.0,20800000.0,0.0,0.0,0.052,88400000.0,29100000.0,375300000.0,0.0,2.495,57.919,57.775,469800000.0,0.0,12.595,1.8,1.8,276300000.0,137400000.0,400900000.0,400900000.0,0.0,,,,,0.0,68000000.0,1.0,218747876.0,218800000.0,240800000.0,1.832,1772900000.0,0.0,7300000.0,62900000.0,8.103,446300000.0
51,CAM,MRQ,2003-03-31,2003-03-31,2003-03-31,2019-04-17,-14100000.0,2067200000.0,,1090400000.0,976800000.0,,4.824,-15900000.0,293900000.0,293900000.0,257100000.0,8400000.0,2.52,0.962,468100000.0,4900000.0,463200000.0,468100000.0,0.0,20400000.0,0.0,0.0,0.0,13400000.0,33800000.0,0.094,33800000.0,13400000.0,11400000.0,0.037,0.037,0.037,1053600000.0,,1053600000.0,2885200879.0,38.0,18.397,23800000.0,0.109,1.0,104000000.0,0.288,305200000.0,2000000.0,1503500000.0,,402300000.0,27800000.0,27800000.0,0.0,1013600000.0,432700000.0,580900000.0,2691188879.0,20100000.0,0.0,-100000.0,300000.0,0.0,200000.0,-17600000.0,-2600000.0,39700000.0,-2200000.0,8400000.0,8400000.0,8400000.0,0.0,0.0,0.023,92000000.0,12000000.0,410400000.0,0.0,2.554,54.402,54.287,466300000.0,0.0,12.377,1.756,1.764,329900000.0,116600000.0,361100000.0,361100000.0,0.0,,,,,0.0,71600000.0,1.0,217425884.0,218400000.0,221600000.0,1.653,1762000000.0,0.0,3000000.0,63000000.0,8.068,657700000.0
52,CAM,MRQ,2002-12-31,2002-12-31,2002-12-31,2019-04-17,-14789000.0,1997670000.0,,1017861000.0,979809000.0,,4.789,21612000.0,273800000.0,273800000.0,284104000.0,-2331000.0,2.716,0.918,467812000.0,4870000.0,462942000.0,467812000.0,0.0,20407000.0,0.0,0.0,0.0,-1674000.0,18733000.0,0.049,18733000.0,-1674000.0,-3355000.0,-0.01,-0.003,-0.01,1041303000.0,,1041303000.0,2908639385.0,31.0,17.006,26937000.0,0.124,1.0,100696000.0,0.262,301882000.0,1681000.0,1514990000.0,,387218000.0,25290000.0,25290000.0,0.0,956367000.0,374810000.0,581557000.0,2708039385.0,8160000.0,-47550000.0,3756000.0,-1748000.0,0.0,2008000.0,283000.0,23333000.0,5325000.0,544000.0,-2331000.0,-2331000.0,-2331000.0,0.0,0.0,-0.006,104712000.0,-4016000.0,354377000.0,0.0,2.601,44.784,44.482,475914000.0,0.0,12.455,1.761,1.761,304821000.0,108147000.0,384800000.0,384800000.0,0.0,,,,,0.0,84305000.0,1.0,217425884.0,217425884.0,,1.77,1695788000.0,0.0,-1024000.0,61204000.0,7.799,643051000.0
53,CAM,MRQ,2002-09-30,2002-09-30,2002-09-30,2019-04-17,-30900000.0,1966200000.0,,1020900000.0,945300000.0,,4.702,-23600000.0,265600000.0,265600000.0,271800000.0,20700000.0,2.729,0.925,466200000.0,6200000.0,460000000.0,466200000.0,0.0,19300000.0,0.0,0.0,0.0,31000000.0,50300000.0,0.131,50300000.0,31000000.0,29100000.0,0.095,0.092,0.095,1021300000.0,,1021300000.0,2506331729.0,17.0,11.009,55900000.0,0.257,1.0,112000000.0,0.292,274000000.0,1900000.0,1518700000.0,,391400000.0,46800000.0,46800000.0,0.0,944900000.0,374100000.0,570800000.0,2263531729.0,41000000.0,-14700000.0,-1200000.0,-800000.0,0.0,-2000000.0,-38400000.0,-400000.0,79500000.0,1900000.0,20700000.0,20700000.0,20700000.0,0.0,0.0,0.054,83300000.0,28700000.0,349400000.0,0.0,2.216,24.406,24.279,456600000.0,0.0,10.44,1.451,1.454,292900000.0,110500000.0,383800000.0,383800000.0,0.0,,,,,0.0,64000000.0,1.0,216813384.0,217200000.0,238800000.0,1.767,1692200000.0,0.0,8400000.0,61200000.0,7.791,646800000.0
54,CAM,MRQ,2002-06-30,2002-06-30,2002-06-30,2019-04-17,-29600000.0,1925400000.0,,991400000.0,934000000.0,,4.596,-21900000.0,224600000.0,224600000.0,286700000.0,22700000.0,2.797,0.932,467400000.0,7300000.0,460100000.0,467400000.0,0.0,19900000.0,0.0,0.0,0.0,34100000.0,54000000.0,0.134,54000000.0,34100000.0,31900000.0,0.105,0.1,0.105,996500000.0,,996500000.0,2999172235.0,18.0,12.095,55400000.0,0.256,1.0,115900000.0,0.288,269200000.0,2200000.0,1544600000.0,,403500000.0,50200000.0,50200000.0,0.0,928900000.0,354400000.0,574500000.0,2619772235.0,138300000.0,0.0,2600000.0,100000.0,0.0,2700000.0,49200000.0,69200000.0,77300000.0,9100000.0,22700000.0,22700000.0,22700000.0,0.0,0.0,0.056,83800000.0,32100000.0,328200000.0,0.0,2.629,24.612,24.554,454700000.0,0.0,12.105,1.645,1.648,293000000.0,89900000.0,402600000.0,402600000.0,0.0,,,,,0.0,63900000.0,1.0,216420672.0,216800000.0,240000000.0,1.857,1656200000.0,0.0,9200000.0,61100000.0,7.639,637000000.0
55,CAM,MRQ,2002-03-31,2002-03-31,2002-03-31,2019-04-17,-57900000.0,1867300000.0,,950000000.0,917300000.0,,4.355,-18800000.0,86300000.0,86300000.0,259900000.0,19500000.0,2.702,0.985,465700000.0,5200000.0,460500000.0,465700000.0,0.0,18300000.0,0.0,0.0,0.0,29700000.0,48000000.0,0.131,48000000.0,29700000.0,27500000.0,0.09,0.087,0.09,940600000.0,,940600000.0,3118614436.0,19.0,12.783,-3200000.0,-0.015,1.0,107000000.0,0.292,262300000.0,2200000.0,1632800000.0,,421800000.0,118400000.0,118400000.0,0.0,926700000.0,351600000.0,575100000.0,2760625436.0,-25300000.0,-5500000.0,0.0,-4900000.0,0.0,-4900000.0,-36300000.0,-13600000.0,15600000.0,300000.0,19500000.0,19500000.0,19500000.0,0.0,0.0,0.053,79300000.0,27700000.0,328300000.0,0.0,2.935,26.661,26.731,453900000.0,0.0,12.777,1.731,1.73,306300000.0,67200000.0,366900000.0,366900000.0,0.0,,,,,0.0,61000000.0,1.0,216053644.0,216000000.0,238400000.0,1.699,1605000000.0,0.0,8000000.0,59800000.0,7.431,598400000.0
56,CAM,MRQ,2001-12-31,2001-12-31,2001-12-31,2019-04-17,-53050000.0,1875052000.0,,964986000.0,910066000.0,,4.278,-51804000.0,111640000.0,111640000.0,277478000.0,29845000.0,2.554,1.031,469629000.0,10487000.0,459142000.0,469629000.0,0.0,24395000.0,0.0,0.0,0.0,50963000.0,75358000.0,0.186,75358000.0,50963000.0,43382000.0,0.14,0.133,0.14,923281000.0,,923281000.0,2578718012.0,17.0,10.782,69218000.0,0.321,1.0,128721000.0,0.317,259829000.0,7581000.0,1595441000.0,,423819000.0,102071000.0,102071000.0,0.0,951771000.0,377771000.0,574000000.0,2177818012.0,43574000.0,-14878000.0,-1166000.0,-1480000.0,0.0,-2610000.0,-72608000.0,-8332000.0,121022000.0,-2230000.0,29845000.0,29845000.0,29845000.0,0.0,0.0,0.073,86398000.0,42323000.0,349236000.0,0.0,2.359,22.145,22.176,490264000.0,0.0,10.09,1.393,1.393,306205000.0,47678000.0,406199000.0,406199000.0,0.0,,,,,0.0,82203000.0,1.0,215839248.0,215839248.0,,1.882,1615223000.0,0.0,13537000.0,59713000.0,7.483,587215000.0
57,CAM,MRQ,2001-09-30,2001-09-30,2001-09-30,2019-04-17,-49500000.0,1836000000.0,,967900000.0,868100000.0,,4.116,-37700000.0,68100000.0,68100000.0,288400000.0,34400000.0,2.615,1.05,469000000.0,11300000.0,457700000.0,469000000.0,0.0,21100000.0,0.0,0.0,0.0,49500000.0,70600000.0,0.169,70600000.0,49500000.0,49900000.0,0.158,0.15,0.158,895700000.0,,895700000.0,2069519998.0,21.0,11.858,3800000.0,0.017,1.0,128800000.0,0.309,288500000.0,-400000.0,1578300000.0,,429900000.0,91300000.0,91300000.0,0.0,940300000.0,370100000.0,570200000.0,1786119998.0,-116300000.0,-6800000.0,-25100000.0,1100000.0,0.0,-24500000.0,-136600000.0,-92800000.0,41500000.0,3300000.0,34400000.0,34400000.0,34400000.0,0.0,0.0,0.082,79300000.0,49500000.0,344000000.0,0.0,1.994,30.294,30.943,432400000.0,0.0,8.2,1.189,1.188,349200000.0,17900000.0,417200000.0,417200000.0,0.0,,,,,0.0,58200000.0,1.0,217819512.0,217600000.0,238400000.0,1.917,1547500000.0,0.0,15500000.0,52100000.0,7.112,597800000.0
58,CAM,MRQ,2001-06-30,2001-06-30,2001-06-30,2019-04-17,-61600000.0,1799500000.0,,965000000.0,834500000.0,,4.002,-20900000.0,184400000.0,184400000.0,284200000.0,19800000.0,2.687,1.07,467800000.0,10600000.0,457200000.0,467800000.0,0.0,19200000.0,0.0,0.0,0.0,30800000.0,50000000.0,0.124,50000000.0,30800000.0,28700000.0,0.09,0.087,0.09,869300000.0,,869300000.0,3240953871.0,48.0,22.851,-29300000.0,-0.135,1.0,120400000.0,0.298,268600000.0,2100000.0,1455200000.0,,424500000.0,0.0,0.0,0.0,930200000.0,359100000.0,571100000.0,3019853871.0,172100000.0,-25500000.0,6300000.0,229800000.0,0.0,228200000.0,-46000000.0,0.0,-8400000.0,-1700000.0,19800000.0,19800000.0,19800000.0,0.0,0.0,0.049,89600000.0,30800000.0,336400000.0,0.0,3.474,91.901,94.257,412900000.0,0.0,13.95,2.105,2.112,325000000.0,-16500000.0,404600000.0,404600000.0,0.0,,,,,0.0,57400000.0,1.0,216476980.0,217200000.0,232000000.0,1.863,1530900000.0,0.0,8900000.0,49900000.0,7.048,605900000.0
59,CAM,MRQ,2001-03-31,2001-03-31,2001-03-31,2019-04-17,-55400000.0,1525300000.0,,724100000.0,801200000.0,,3.893,-14600000.0,12300000.0,12300000.0,230900000.0,14300000.0,1.314,0.811,233400000.0,218300000.0,15100000.0,233400000.0,0.0,18500000.0,0.0,0.0,0.0,24800000.0,43300000.0,0.129,43300000.0,24800000.0,20700000.0,0.065,0.065,0.065,842400000.0,,842400000.0,3097576934.0,49.0,22.425,-43800000.0,-0.202,1.0,103900000.0,0.31,495500000.0,4100000.0,699700000.0,,417100000.0,0.0,0.0,0.0,682900000.0,551200000.0,131700000.0,2921870934.0,-4300000.0,-4600000.0,1300000.0,41400000.0,0.0,42700000.0,-16300000.0,0.0,-29200000.0,-1500000.0,14300000.0,14300000.0,14300000.0,0.0,0.0,0.043,79100000.0,24800000.0,321100000.0,0.0,3.469,99.859,100.0,835400000.0,0.0,13.5,2.117,2.117,263400000.0,-36300000.0,334800000.0,334800000.0,0.0,,,,,0.0,53500000.0,1.0,216434884.0,216400000.0,222000000.0,1.547,1029800000.0,0.0,6400000.0,50000000.0,4.759,172900000.0
60,CAM,MRQ,2000-12-31,2000-12-31,2000-12-31,2019-04-17,-37105000.0,1493873000.0,,687986000.0,805887000.0,,3.903,-27599000.0,16566000.0,16566000.0,251104000.0,-9540000.0,1.988,0.774,192272000.0,4212000.0,188060000.0,192272000.0,0.0,18421000.0,0.0,0.0,0.0,-7789000.0,10632000.0,0.031,10632000.0,-7789000.0,-12627000.0,-0.047,-0.045,-0.047,842279000.0,,842279000.0,3742362559.0,61.0,27.29,-813000.0,-0.004,1.0,94329000.0,0.273,261600000.0,4838000.0,1061948000.0,,372740000.0,0.0,0.0,0.0,651594000.0,346031000.0,305563000.0,3564362559.0,1451000.0,-1629000.0,-454000.0,1470000.0,0.0,1016000.0,-22625000.0,0.0,26786000.0,-3726000.0,-9540000.0,-9540000.0,-9540000.0,0.0,0.0,-0.028,105094000.0,-10765000.0,325004000.0,0.0,4.232,128.863,127.038,403220000.0,0.0,16.515,2.576,2.576,268768000.0,-50667000.0,345433000.0,345433000.0,0.0,,,,,0.0,115873000.0,1.0,215825768.0,215825768.0,,1.601,1232273000.0,0.0,-3087000.0,55268000.0,5.71,341955000.0
61,CAM,MRQ,2000-09-30,2000-09-30,2000-09-30,2019-04-17,-45900000.0,1495500000.0,,728300000.0,767200000.0,,3.926,-15500000.0,15100000.0,15100000.0,246700000.0,8300000.0,2.109,0.783,193100000.0,3800000.0,189300000.0,193100000.0,0.0,18600000.0,0.0,0.0,0.0,19300000.0,37900000.0,0.108,37900000.0,19300000.0,14900000.0,0.04,0.037,0.04,838700000.0,,838700000.0,4097840146.0,48.0,25.269,-24900000.0,-0.117,1.0,103300000.0,0.295,496700000.0,4400000.0,831400000.0,,391500000.0,0.0,0.0,0.0,656800000.0,345400000.0,311400000.0,3908640146.0,1800000.0,14000000.0,13500000.0,-12500000.0,0.0,1000000.0,8500000.0,0.0,-9400000.0,1700000.0,8300000.0,8300000.0,8300000.0,0.0,0.0,0.024,84000000.0,19300000.0,328100000.0,0.0,4.66,88.028,85.686,807900000.0,0.0,18.422,2.851,2.87,267800000.0,-41100000.0,350000000.0,350000000.0,0.0,,,,,0.0,46200000.0,1.0,212166652.0,213600000.0,222400000.0,1.639,998800000.0,0.0,6600000.0,52300000.0,4.676,382900000.0
62,CAM,MRQ,2000-06-30,2000-06-30,2000-06-30,2019-04-17,-37600000.0,1476900000.0,,703000000.0,773900000.0,,3.816,-13800000.0,13300000.0,13300000.0,246800000.0,16200000.0,2.038,0.836,202500000.0,4200000.0,198300000.0,202500000.0,0.0,18800000.0,0.0,0.0,0.0,27500000.0,46300000.0,0.132,46300000.0,27500000.0,23200000.0,0.077,0.072,0.077,804400000.0,,804400000.0,3690190833.0,35.0,20.016,5100000.0,0.024,1.0,103200000.0,0.295,502900000.0,4300000.0,818300000.0,,401100000.0,0.0,0.0,0.0,672500000.0,344900000.0,327600000.0,3468290833.0,1300000.0,0.0,21500000.0,-32200000.0,0.0,-10700000.0,-3800000.0,0.0,18900000.0,-3100000.0,16200000.0,16200000.0,16200000.0,0.0,0.0,0.046,75700000.0,27500000.0,329900000.0,0.0,4.312,66.695,66.04,810600000.0,0.0,16.51,2.487,2.496,240200000.0,-49400000.0,350000000.0,350000000.0,0.0,,,,,0.0,51800000.0,1.0,210072128.0,210800000.0,220800000.0,1.66,974000000.0,0.0,7000000.0,49600000.0,4.62,358100000.0
63,CAM,MRQ,2000-03-31,2000-03-31,2000-03-31,2019-04-17,-20500000.0,1516700000.0,,729700000.0,787000000.0,,3.737,-9700000.0,12000000.0,12000000.0,240600000.0,12700000.0,1.868,0.962,233900000.0,14300000.0,219600000.0,233900000.0,0.0,19400000.0,0.0,0.0,0.0,22900000.0,42300000.0,0.125,42300000.0,22900000.0,18400000.0,0.063,0.06,0.063,772900000.0,,772900000.0,3660576235.0,37.0,20.273,-25800000.0,-0.125,1.0,97700000.0,0.289,506800000.0,4500000.0,841200000.0,,401000000.0,0.0,0.0,0.0,743800000.0,390600000.0,353200000.0,3458459235.0,3800000.0,-4200000.0,20900000.0,25400000.0,0.0,46300000.0,-24800000.0,0.0,-16100000.0,-1600000.0,12700000.0,12700000.0,12700000.0,0.0,0.0,0.038,74800000.0,22900000.0,363500000.0,0.0,4.475,77.022,77.767,806900000.0,0.0,16.72,2.42,2.42,272800000.0,-65600000.0,338300000.0,338300000.0,0.0,,,,,0.0,50400000.0,1.0,206845648.0,206845648.0,,1.636,1009900000.0,0.0,5700000.0,51600000.0,4.882,339100000.0
64,CAM,MRQ,1999-12-31,1999-12-31,1999-12-31,2019-04-17,-12039000.0,1470719000.0,,704573000.0,766146000.0,,3.31,-11109000.0,8215000.0,8215000.0,235776000.0,7202000.0,1.67,1.06,210332000.0,14472000.0,195860000.0,210332000.0,0.0,19616000.0,0.0,0.0,0.0,16050000.0,35666000.0,0.107,35666000.0,16050000.0,10716000.0,0.035,0.033,0.035,714078000.0,,714078000.0,2772640039.0,28.0,15.195,14513000.0,0.067,1.0,96885000.0,0.291,280954000.0,5334000.0,970056000.0,,400038000.0,0.0,0.0,0.0,756641000.0,421826000.0,334815000.0,2639240039.0,-126581000.0,-7580000.0,-81334000.0,-57432000.0,0.0,-138766000.0,-14133000.0,0.0,25622000.0,696000.0,7202000.0,7202000.0,7202000.0,0.0,0.0,0.022,80835000.0,16050000.0,394971000.0,0.0,3.696,61.375,60.271,419613000.0,0.0,12.235,1.789,1.789,271511000.0,-78327000.0,332661000.0,332661000.0,0.0,,,,,0.0,49334000.0,1.0,215712304.0,215712304.0,,1.542,1189765000.0,0.0,3514000.0,51314000.0,5.516,282747000.0
65,CAM,MRQ,1999-09-30,1999-09-30,1999-09-30,2019-04-17,4800000.0,1609300000.0,,820600000.0,788700000.0,,3.783,-9200000.0,134800000.0,134800000.0,274700000.0,15900000.0,1.833,0.982,268200000.0,60200000.0,208000000.0,268200000.0,0.0,21900000.0,0.0,0.0,0.0,38200000.0,60100000.0,0.161,60100000.0,38200000.0,30500000.0,0.075,0.072,0.075,811900000.0,,811900000.0,2385980818.0,19.0,11.312,22400000.0,0.104,1.0,98700000.0,0.264,509200000.0,7700000.0,785700000.0,,391200000.0,0.0,0.0,0.0,797400000.0,447800000.0,349600000.0,2025580818.0,122300000.0,203200000.0,-3300000.0,-101100000.0,0.0,-104400000.0,196600000.0,0.0,31600000.0,-1500000.0,15900000.0,15900000.0,15900000.0,0.0,0.0,0.043,60500000.0,38200000.0,366600000.0,0.0,2.495,32.38,32.32,790600000.0,0.0,9.438,1.244,1.244,266300000.0,-85500000.0,373400000.0,373400000.0,0.0,,,,,0.0,51900000.0,1.0,214631080.0,214631080.0,,1.74,1100100000.0,0.0,14600000.0,63000000.0,5.126,372800000.0
66,CAM,MRQ,1999-06-30,1999-06-30,1999-06-30,2019-04-17,-15400000.0,1679500000.0,,826800000.0,852700000.0,,3.6,-17500000.0,12500000.0,12500000.0,285700000.0,9100000.0,1.804,1.189,372900000.0,60600000.0,312300000.0,372900000.0,0.0,21200000.0,0.0,0.0,0.0,21300000.0,42500000.0,0.11,42500000.0,21300000.0,13800000.0,0.043,0.043,0.043,767300000.0,,767300000.0,2368586350.0,17.0,10.639,32000000.0,0.15,1.0,99300000.0,0.258,517700000.0,7500000.0,1063800000.0,,475100000.0,0.0,0.0,0.0,912200000.0,458400000.0,453800000.0,1974786350.0,-4000000.0,0.0,-1600000.0,-37300000.0,0.0,-38900000.0,-17000000.0,0.0,49500000.0,2400000.0,9100000.0,9100000.0,9100000.0,0.0,0.0,0.024,78000000.0,21300000.0,364900000.0,0.0,2.574,25.365,25.384,942700000.0,0.0,9.265,1.14,1.14,310400000.0,-101400000.0,385000000.0,385000000.0,0.0,,,,,0.0,51000000.0,1.0,213144776.0,213144776.0,,1.806,1161800000.0,0.0,4700000.0,84600000.0,5.451,368400000.0
67,CAM,MRQ,1999-03-31,1999-03-31,1999-03-31,2019-04-17,-3500000.0,1760000000.0,,898800000.0,861200000.0,,3.609,-27100000.0,16500000.0,16500000.0,280000000.0,10800000.0,1.854,1.288,410300000.0,50600000.0,359700000.0,410300000.0,0.0,21000000.0,0.0,0.0,0.0,23100000.0,44100000.0,0.115,44100000.0,23100000.0,15800000.0,0.05,0.05,0.05,769100000.0,,769100000.0,2197594439.0,11.0,8.064,-2200000.0,-0.01,1.0,103900000.0,0.271,520600000.0,7300000.0,1148300000.0,,513500000.0,0.0,0.0,0.0,990900000.0,484900000.0,506000000.0,1804928439.0,-4800000.0,0.0,-2600000.0,-400000.0,0.0,-3000000.0,-25500000.0,0.0,24900000.0,-1200000.0,10800000.0,10800000.0,10800000.0,0.0,0.0,0.028,80800000.0,23100000.0,403100000.0,0.0,2.347,15.853,15.773,942100000.0,0.0,8.47,0.975,0.975,340200000.0,-110500000.0,383900000.0,383900000.0,0.0,,,,,0.0,53600000.0,1.0,213096628.0,213096628.0,,1.802,1239400000.0,0.0,5000000.0,83000000.0,5.816,413900000.0
68,CAM,MRQ,1998-12-31,1998-12-31,1998-12-31,2019-04-17,17455000.0,1823603000.0,,966260000.0,857343000.0,,3.665,-36769000.0,21296000.0,21296000.0,356922000.0,26756000.0,1.824,1.337,413962000.0,49599000.0,364363000.0,413962000.0,0.0,19174000.0,0.0,0.0,0.0,45049000.0,64223000.0,0.132,64223000.0,45049000.0,37128000.0,0.125,0.125,0.125,780285000.0,,780285000.0,1772551219.0,8.0,5.89,71939000.0,0.338,1.0,129589000.0,0.266,293461000.0,7921000.0,1392966000.0,,548053000.0,0.0,0.0,0.0,1043318000.0,529842000.0,513476000.0,1304151219.0,-403000.0,47000.0,-1818000.0,-76157000.0,0.0,-77975000.0,-29330000.0,0.0,108708000.0,-1806000.0,26756000.0,26756000.0,26756000.0,0.0,0.0,0.055,84540000.0,45049000.0,453664000.0,0.0,1.671,9.578,9.496,490579000.0,0.0,6.125,0.689,0.689,366396000.0,-121329000.0,486511000.0,486511000.0,0.0,,,,,0.0,52810000.0,1.0,212922648.0,212922648.0,,2.285,1530142000.0,0.0,10372000.0,77727000.0,7.186,436418000.0
69,CAM,MRQ,1998-09-30,1998-09-30,1998-09-30,2019-04-17,23800000.0,1891200000.0,,1051100000.0,840100000.0,,3.581,-23100000.0,21700000.0,21700000.0,336600000.0,31200000.0,1.899,1.488,490100000.0,52600000.0,437500000.0,490100000.0,0.0,18000000.0,0.0,0.0,0.0,53800000.0,71800000.0,0.15,71800000.0,53800000.0,45200000.0,0.147,0.145,0.147,760200000.0,,760200000.0,2018453077.0,8.0,6.157,47400000.0,0.223,1.0,140600000.0,0.295,514400000.0,8600000.0,1291600000.0,,593800000.0,0.0,0.0,0.0,1131000000.0,553600000.0,577400000.0,1512453077.0,6700000.0,-9200000.0,-1800000.0,-29800000.0,0.0,-31600000.0,-32300000.0,0.0,70500000.0,100000.0,31200000.0,31200000.0,31200000.0,0.0,0.0,0.065,86800000.0,53800000.0,488400000.0,0.0,1.99,9.647,9.564,918900000.0,0.0,7.125,0.787,0.787,410300000.0,-148100000.0,477200000.0,477200000.0,0.0,,,,,0.0,59400000.0,1.0,212274116.0,212274116.0,,2.248,1376800000.0,0.0,14000000.0,51600000.0,6.486,497500000.0
70,CAM,MRQ,1998-06-30,1998-06-30,1998-06-30,2019-04-17,7700000.0,1854300000.0,,1040200000.0,814100000.0,,3.366,-30300000.0,15000000.0,15000000.0,348900000.0,45100000.0,1.946,1.622,521000000.0,49800000.0,471200000.0,521000000.0,0.0,18100000.0,0.0,0.0,0.0,74300000.0,92400000.0,0.184,92400000.0,74300000.0,65300000.0,0.215,0.203,0.215,707100000.0,,707100000.0,3054690766.0,11.0,9.091,-29000000.0,-0.138,1.0,153800000.0,0.306,515700000.0,9000000.0,1310000000.0,,574000000.0,0.0,0.0,0.0,1147200000.0,534600000.0,612600000.0,2678390766.0,-14800000.0,-83900000.0,4100000.0,94100000.0,0.0,98200000.0,-114200000.0,0.0,1300000.0,-100000.0,45100000.0,45100000.0,45100000.0,0.0,0.0,0.09,79500000.0,74300000.0,476100000.0,0.0,3.788,16.195,16.18,877900000.0,0.0,12.75,1.396,1.396,427300000.0,-179200000.0,502700000.0,502700000.0,0.0,,,,,0.0,61400000.0,1.0,210069864.0,210069864.0,,2.393,1338600000.0,0.0,20200000.0,46900000.0,6.372,505600000.0
71,CAM,MRQ,1998-03-31,1998-03-31,1998-03-31,2019-04-17,8300000.0,1679500000.0,,975700000.0,703800000.0,,3.107,-25300000.0,29800000.0,29800000.0,298400000.0,33200000.0,1.843,1.576,406100000.0,49700000.0,356400000.0,406100000.0,0.0,17200000.0,0.0,0.0,0.0,55300000.0,72500000.0,0.17,72500000.0,55300000.0,48100000.0,0.158,0.15,0.158,652100000.0,,652100000.0,3533193243.0,14.0,11.198,29700000.0,0.142,1.0,128500000.0,0.301,450400000.0,7200000.0,1076100000.0,,546500000.0,0.0,0.0,0.0,1027400000.0,529300000.0,498100000.0,3167837243.0,18200000.0,-6200000.0,-33100000.0,27600000.0,0.0,-5500000.0,-31500000.0,0.0,55000000.0,200000.0,33200000.0,33200000.0,33200000.0,0.0,0.0,0.078,73200000.0,55300000.0,467200000.0,0.0,4.858,20.519,20.454,823100000.0,0.0,15.095,1.706,1.706,370900000.0,-224300000.0,426900000.0,426900000.0,0.0,,,,,0.0,56000000.0,1.0,209860036.0,209860036.0,,2.034,1229100000.0,0.0,14900000.0,47700000.0,5.857,446400000.0
72,CAM,MRQ,1997-12-31,1997-12-31,1997-12-31,2019-04-17,7799000.0,1643230000.0,,960789000.0,682441000.0,,3.059,-30396000.0,11599000.0,11599000.0,363847000.0,47282000.0,1.817,1.559,376955000.0,48131000.0,328824000.0,376955000.0,0.0,16962000.0,0.0,0.0,0.0,74169000.0,91131000.0,0.177,91131000.0,74169000.0,67078000.0,0.225,0.21,0.225,642051000.0,,642051000.0,,,,67010000.0,0.319,1.0,150462000.0,0.293,240420000.0,7091000.0,1239371000.0,,495539000.0,0.0,0.0,0.0,1001179000.0,528795000.0,472384000.0,3200365549.0,4242000.0,22000.0,-33692000.0,-29412000.0,0.0,-63104000.0,-30374000.0,0.0,97406000.0,314000.0,47282000.0,47282000.0,47282000.0,0.0,0.0,0.092,76293000.0,74169000.0,470927000.0,0.0,4.985,22.765,22.593,395545000.0,0.0,15.25,1.772,1.772,428630000.0,-257485000.0,514309000.0,514309000.0,0.0,,,,,0.0,59331000.0,1.0,209860036.0,209860036.0,,2.451,1402810000.0,0.0,19796000.0,44702000.0,6.685,431994000.0
73,CAM,MRQ,1997-09-30,1997-09-30,1997-09-30,2019-04-17,,,,,,,,-17200000.0,,,340400000.0,39800000.0,,,,,,,,16300000.0,,0.0,0.0,63700000.0,80000000.0,0.169,80000000.0,63700000.0,56500000.0,0.19,0.175,0.19,,,,,,,-6200000.0,,1.0,134100000.0,0.283,,7200000.0,,,,,,,,,,,-2500000.0,0.0,13300000.0,-10100000.0,0.0,3200000.0,-17200000.0,0.0,11000000.0,500000.0,39800000.0,39800000.0,39800000.0,0.0,0.0,0.084,70400000.0,63700000.0,,0.0,,,,,0.0,17.953,,,,,474500000.0,474500000.0,0.0,,,,,0.0,54100000.0,1.0,,,,,,,16700000.0,,,
74,CAM,MRQ,1997-06-30,1997-06-30,1997-06-30,2019-04-17,,,,,,,,-12800000.0,,,317500000.0,34100000.0,,,,,,,,16300000.0,,0.0,0.0,55600000.0,71900000.0,0.163,71900000.0,55600000.0,48300000.0,0.165,0.155,0.165,,,,,,,4800000.0,,1.0,123800000.0,0.281,,7300000.0,,,,,,,,,,,1800000.0,-5300000.0,7600000.0,-5200000.0,0.0,2400000.0,-18100000.0,0.0,17600000.0,-100000.0,34100000.0,34100000.0,34100000.0,0.0,0.0,0.077,68200000.0,55600000.0,,0.0,,,,,0.0,11.688,,,,,441300000.0,441300000.0,0.0,,,,,0.0,51900000.0,1.0,,,,,,,14200000.0,,,
75,CAM,MRQ,1997-03-31,1997-03-31,1997-03-31,2019-04-17,,,,,,,,-7000000.0,,,275200000.0,19400000.0,,,,,,,,16300000.0,,0.0,0.0,34500000.0,50800000.0,0.135,50800000.0,34500000.0,27500000.0,0.095,0.09,0.095,,,,,,,-17300000.0,,1.0,100800000.0,0.268,,7000000.0,,,,,,,,,,,-1000000.0,-900000.0,200000.0,18000000.0,0.0,18200000.0,-7900000.0,0.0,-10300000.0,-1000000.0,19400000.0,19400000.0,19400000.0,0.0,0.0,0.052,66300000.0,34500000.0,,0.0,,,,,0.0,8.563,,,,,376000000.0,376000000.0,0.0,,,,,0.0,50000000.0,1.0,,,,,,,8100000.0,,,
76,CAM,MRQ,1996-12-31,1996-12-31,1996-12-31,2019-04-17,40632000.0,1468922000.0,,798231000.0,670691000.0,,,,9057000.0,9057000.0,,,1.794,1.846,394648000.0,47100000.0,347548000.0,394648000.0,0.0,,0.0,0.0,0.0,,,,,,,,,,516128000.0,,516128000.0,,,,,,1.0,,,259317000.0,,1150355000.0,,404268000.0,0.0,0.0,0.0,952794000.0,444841000.0,507953000.0,,,,,,,,,,,,,,,,,,,,391294000.0,,,,30.071,369528000.0,,9.563,,,360814000.0,-398067000.0,,,,,,,,,,1.0,,,,,1209605000.0,0.0,,37715000.0,,353390000.0
0,CAM,MRT,2015-12-31,2015-12-31,2015-12-31,2019-04-17,-877000000.0,11500000000.0,11661500000.0,7118000000.0,4382000000.0,0.753,23.853,-271000000.0,1775000000.0,1775000000.0,6126000000.0,568000000.0,2.22,1.342,2826000000.0,284000000.0,2542000000.0,2826000000.0,0.0,342000000.0,0.0,0.0,0.0,823000000.0,1165000000.0,0.133,1165000000.0,823000000.0,685000000.0,2.61,2.6,2.61,4554000000.0,4400750000.0,4554000000.0,13271247522.0,16.0,11.392,437000000.0,2.289,1.0,2656000000.0,0.302,2346000000.0,138000000.0,6999000000.0,7216500000.0,2360000000.0,584000000.0,584000000.0,0.0,6110000000.0,3206000000.0,2904000000.0,12066247522.0,262000000.0,831000000.0,-220000000.0,-240000000.0,0.0,-461000000.0,89000000.0,-471000000.0,708000000.0,-74000000.0,501000000.0,501000000.0,501000000.0,0.0,67000000.0,0.057,2197000000.0,459000000.0,2793000000.0,0.0,2.65,24.084,24.215,1717000000.0,0.0,63.2,1.374,1.374,1964000000.0,6132000000.0,8782000000.0,8782000000.0,0.0,0.043,0.114,0.114,0.094,49000000.0,1082000000.0,1.0,190921638.0,190921638.0,,45.998,9154000000.0,0.0,184000000.0,339000000.0,47.946,3912000000.0
1,CAM,MRT,2015-09-30,2015-09-30,2015-09-30,2019-04-17,-847000000.0,11609000000.0,12009500000.0,7176000000.0,4433000000.0,0.792,23.188,-304000000.0,1627000000.0,1627000000.0,6731000000.0,680000000.0,2.267,1.434,2832000000.0,38000000.0,2794000000.0,2832000000.0,0.0,358000000.0,0.0,0.0,0.0,988000000.0,1346000000.0,0.142,1346000000.0,988000000.0,852000000.0,3.24,3.23,3.24,4429000000.0,4401000000.0,4429000000.0,13292656324.0,13.0,9.876,845000000.0,4.424,1.0,2776000000.0,0.292,2409000000.0,136000000.0,7239000000.0,7217500000.0,2659000000.0,321000000.0,321000000.0,0.0,6349000000.0,3166000000.0,3183000000.0,11743656324.0,569000000.0,831000000.0,-425000000.0,-377000000.0,0.0,-806000000.0,321000000.0,-206000000.0,1149000000.0,-95000000.0,629000000.0,629000000.0,629000000.0,0.0,51000000.0,0.066,2163000000.0,613000000.0,2786000000.0,0.0,2.652,18.67,18.926,1733000000.0,0.0,61.32,1.235,1.232,2088000000.0,6007000000.0,9507000000.0,9507000000.0,0.0,0.052,0.143,0.137,0.104,47000000.0,1138000000.0,1.0,191514291.0,191000000.0,,49.775,9200000000.0,0.0,223000000.0,569000000.0,48.168,4010000000.0
2,CAM,MRT,2015-06-30,2015-06-30,2015-06-30,2019-04-17,-693000000.0,11732000000.0,12379500000.0,7155000000.0,4577000000.0,0.806,23.126,-325000000.0,1295000000.0,1295000000.0,7116000000.0,705000000.0,2.193,1.454,2844000000.0,31000000.0,2813000000.0,2844000000.0,0.0,357000000.0,0.0,0.0,0.0,1054000000.0,1411000000.0,0.141,1411000000.0,1054000000.0,916000000.0,3.38,3.37,3.38,4417000000.0,4490000000.0,4417000000.0,11545914310.0,11.0,8.183,664000000.0,3.476,1.0,2861000000.0,0.287,2563000000.0,138000000.0,7456000000.0,7346750000.0,2938000000.0,436000000.0,436000000.0,0.0,6422000000.0,3262000000.0,3160000000.0,10023914310.0,-230000000.0,841000000.0,-727000000.0,-529000000.0,0.0,-1278000000.0,135000000.0,-381000000.0,989000000.0,-76000000.0,667000000.0,667000000.0,667000000.0,0.0,38000000.0,0.067,2199000000.0,662000000.0,2933000000.0,0.0,2.269,15.028,15.494,1814000000.0,0.0,52.37,1.005,1.003,2096000000.0,5820000000.0,9977000000.0,9977000000.0,0.0,0.054,0.149,0.143,0.106,47000000.0,1202000000.0,1.0,191405658.0,191000000.0,,52.236,9169000000.0,0.0,249000000.0,478000000.0,48.005,3893000000.0
3,CAM,MRT,2015-03-31,2015-03-31,2015-03-31,2019-04-17,-765000000.0,11805000000.0,12844500000.0,7251000000.0,4554000000.0,0.804,21.777,-355000000.0,1322000000.0,1322000000.0,7381000000.0,783000000.0,2.004,1.612,2844000000.0,31000000.0,2813000000.0,2844000000.0,0.0,358000000.0,0.0,0.0,0.0,1150000000.0,1508000000.0,0.146,1508000000.0,1150000000.0,1015000000.0,3.73,3.72,3.73,4203000000.0,4645250000.0,4203000000.0,10309722969.0,9.0,6.837,819000000.0,4.244,1.0,2944000000.0,0.285,2537000000.0,135000000.0,7172000000.0,7411500000.0,2930000000.0,424000000.0,424000000.0,0.0,6776000000.0,3618000000.0,3158000000.0,8740722969.0,350000000.0,1370000000.0,-1004000000.0,-345000000.0,0.0,-1385000000.0,631000000.0,-384000000.0,1174000000.0,-70000000.0,748000000.0,748000000.0,748000000.0,0.0,35000000.0,0.072,2209000000.0,735000000.0,3194000000.0,0.0,2.08,11.685,12.097,1830000000.0,0.0,45.12,0.847,0.843,2178000000.0,5680000000.0,10325000000.0,10325000000.0,0.0,0.058,0.161,0.155,0.111,49000000.0,1256000000.0,1.0,193721697.0,193000000.0,,53.497,9268000000.0,0.0,267000000.0,572000000.0,48.021,3633000000.0
4,CAM,MRT,2014-12-31,2014-12-31,2014-12-31,2019-04-17,-540000000.0,12892000000.0,13303375000.0,7552000000.0,5340000000.0,0.78,23.07,-372000000.0,1513000000.0,1513000000.0,7464000000.0,848000000.0,1.769,1.635,3082000000.0,263000000.0,2819000000.0,3082000000.0,0.0,360000000.0,0.0,0.0,0.0,1198000000.0,1558000000.0,0.15,1558000000.0,1198000000.0,1069000000.0,3.98,3.96,3.98,4555000000.0,4862625000.0,4555000000.0,12016431696.0,10.0,7.713,821000000.0,4.158,1.0,2917000000.0,0.281,3189000000.0,129000000.0,7003000000.0,7584475000.0,2929000000.0,113000000.0,113000000.0,0.0,7448000000.0,4269000000.0,3179000000.0,9862431696.0,-300000000.0,540000000.0,-1707000000.0,189000000.0,0.0,-1554000000.0,96000000.0,-72000000.0,1193000000.0,-35000000.0,811000000.0,811000000.0,811000000.0,0.0,37000000.0,0.078,1708000000.0,1209000000.0,3748000000.0,0.0,2.165,12.161,12.55,1964000000.0,0.0,49.95,0.95,0.95,2389000000.0,5631000000.0,10381000000.0,10381000000.0,0.0,0.061,0.167,0.158,0.115,54000000.0,1287000000.0,1.0,197446080.0,197446080.0,,52.576,9703000000.0,0.0,258000000.0,361000000.0,49.143,3283000000.0
5,CAM,MRT,2014-09-30,2014-09-30,2014-09-30,2019-04-17,-232000000.0,13089000000.0,13642625000.0,7496000000.0,5593000000.0,0.756,23.806,-456000000.0,1058000000.0,1058000000.0,7426000000.0,829000000.0,1.845,1.524,3212000000.0,403000000.0,2809000000.0,3212000000.0,0.0,354000000.0,0.0,0.0,0.0,1142000000.0,1496000000.0,0.145,1496000000.0,1142000000.0,1018000000.0,3.65,3.63,3.65,4785000000.0,5186875000.0,4785000000.0,15319599114.0,13.0,10.24,431000000.0,2.144,1.0,2882000000.0,0.28,3424000000.0,124000000.0,7756000000.0,7635475000.0,3130000000.0,115000000.0,115000000.0,0.0,7293000000.0,4063000000.0,3230000000.0,13468599114.0,-199000000.0,459000000.0,-2489000000.0,1073000000.0,0.0,-1449000000.0,386000000.0,383000000.0,887000000.0,-23000000.0,778000000.0,778000000.0,778000000.0,0.0,51000000.0,0.075,1743000000.0,1139000000.0,3456000000.0,0.0,2.815,17.312,18.186,1941000000.0,0.0,66.38,1.307,1.294,2580000000.0,5378000000.0,10308000000.0,10308000000.0,0.0,0.057,0.15,0.15,0.111,55000000.0,1326000000.0,1.0,202901463.0,201000000.0,,51.284,9665000000.0,0.0,240000000.0,296000000.0,48.085,3433000000.0
6,CAM,MRT,2014-06-30,2014-06-30,2014-06-30,2019-04-17,-76000000.0,13592000000.0,13836425000.0,7782000000.0,5810000000.0,0.719,24.696,-497000000.0,1525000000.0,1525000000.0,7160000000.0,783000000.0,1.867,1.481,3376000000.0,562000000.0,2814000000.0,3376000000.0,0.0,353000000.0,0.0,0.0,0.0,1072000000.0,1425000000.0,0.143,1425000000.0,1072000000.0,961000000.0,3.31,3.3,3.31,5038000000.0,5624350000.0,5038000000.0,16043281465.0,15.0,11.258,373000000.0,1.828,1.0,2787000000.0,0.28,3560000000.0,111000000.0,7715000000.0,7663000000.0,3268000000.0,56000000.0,56000000.0,0.0,7462000000.0,4168000000.0,3294000000.0,13825581465.0,-193000000.0,429000000.0,-2584000000.0,1267000000.0,0.0,-1255000000.0,187000000.0,255000000.0,870000000.0,5000000.0,742000000.0,742000000.0,742000000.0,0.0,41000000.0,0.075,1739000000.0,1048000000.0,3506000000.0,0.0,2.744,18.633,20.456,2015000000.0,0.0,67.71,1.39,1.389,2548000000.0,5152000000.0,9947000000.0,9947000000.0,0.0,0.054,0.132,0.14,0.108,55000000.0,1331000000.0,1.0,204188177.0,204000000.0,,48.76,10032000000.0,0.0,219000000.0,351000000.0,49.176,3614000000.0
7,CAM,MRT,2014-03-31,2014-03-31,2014-03-31,2019-04-17,-69100000.0,13640500000.0,13854900000.0,7805700000.0,5834800000.0,0.692,23.593,-524000000.0,972100000.0,972100000.0,6877000000.0,690000000.0,1.77,1.476,3189800000.0,626700000.0,2563100000.0,3189800000.0,0.0,333000000.0,0.0,0.0,0.0,985000000.0,1318000000.0,0.137,1318000000.0,985000000.0,879000000.0,2.8,2.79,2.8,5072500000.0,6042425000.0,5072500000.0,14437540818.0,15.0,10.954,163000000.0,0.758,1.0,2709000000.0,0.283,3585200000.0,106000000.0,7863900000.0,7728500000.0,3193000000.0,41000000.0,41000000.0,0.0,7484700000.0,4409100000.0,3075600000.0,13390640818.0,-110000000.0,511000000.0,-2383000000.0,1062000000.0,0.0,-1261000000.0,475000000.0,488000000.0,687000000.0,-11000000.0,661000000.0,661000000.0,661000000.0,0.0,29000000.0,0.069,1741000000.0,968000000.0,3633900000.0,0.0,2.64,20.258,22.061,1995300000.0,0.0,61.77,1.397,1.385,2668500000.0,4931000000.0,9586000000.0,9586000000.0,0.0,0.048,0.109,0.127,0.103,54000000.0,1313000000.0,1.0,216782270.0,215000000.0,,44.586,10055300000.0,0.0,218000000.0,361300000.0,46.769,3396600000.0
8,CAM,MRT,2013-12-31,2013-12-31,2013-12-31,2019-04-17,-80000000.0,14249000000.0,13213550000.0,8169000000.0,6080000000.0,0.692,24.602,-507000000.0,1813000000.0,1813000000.0,6518000000.0,724000000.0,1.918,1.253,2860000000.0,297000000.0,2563000000.0,2860000000.0,0.0,315000000.0,0.0,0.0,0.0,995000000.0,1310000000.0,0.143,1310000000.0,995000000.0,895000000.0,2.89,2.87,2.89,5852000000.0,6183625000.0,5852000000.0,15016436937.0,15.0,11.463,331000000.0,1.392,1.0,2620000000.0,0.287,3829000000.0,100000000.0,7207000000.0,7555125000.0,3133000000.0,41000000.0,41000000.0,0.0,7333000000.0,4260000000.0,3073000000.0,14160436937.0,627000000.0,512000000.0,-1500000000.0,769000000.0,0.0,-667000000.0,482000000.0,477000000.0,838000000.0,-26000000.0,699000000.0,699000000.0,699000000.0,0.0,25000000.0,0.076,1665000000.0,955000000.0,3883000000.0,0.0,2.42,20.258,20.599,2037000000.0,0.0,59.53,1.55,1.55,2719000000.0,4820000000.0,9138000000.0,9138000000.0,0.0,0.053,0.113,0.132,0.109,54000000.0,1275000000.0,1.0,237870602.0,237870602.0,,38.416,10420000000.0,0.0,196000000.0,357000000.0,43.805,3909000000.0
9,CAM,MRT,2013-09-30,2013-09-30,2013-09-30,2019-04-17,-92200000.0,13864200000.0,12440850000.0,7874100000.0,5990100000.0,0.668,26.893,-442100000.0,1257000000.0,1257000000.0,5893500000.0,699100000.0,2.012,0.961,2113000000.0,292500000.0,1820500000.0,2113000000.0,0.0,289100000.0,0.0,0.0,0.0,961700000.0,1250800000.0,0.151,1250800000.0,961700000.0,867700000.0,2.84,2.83,2.84,6534900000.0,6112150000.0,6534900000.0,14725802582.0,15.0,11.773,309000000.0,1.272,1.0,2412100000.0,0.29,2939900000.0,94000000.0,7866100000.0,7408350000.0,3216300000.0,498200000.0,498200000.0,0.0,6278500000.0,3914200000.0,2364300000.0,14365902582.0,266800000.0,551600000.0,-534800000.0,21300000.0,0.0,-448200000.0,-25600000.0,-135100000.0,751100000.0,-10500000.0,696100000.0,696100000.0,696100000.0,-1900000.0,3000000.0,0.084,1533300000.0,878800000.0,3533600000.0,0.0,2.198,20.638,20.553,1926900000.0,0.0,58.37,1.73,1.708,2467700000.0,4599100000.0,8305600000.0,8305600000.0,0.0,0.056,0.114,0.13,0.116,53100000.0,1170700000.0,1.0,246117913.0,243000000.0,,34.179,10924300000.0,0.0,171600000.0,409000000.0,44.956,3959900000.0
10,CAM,MRT,2013-06-30,2013-06-30,2013-06-30,2019-04-17,-155800000.0,13665900000.0,11606350000.0,7757200000.0,5908700000.0,0.707,27.167,-413300000.0,1718100000.0,1718100000.0,5812700000.0,730700000.0,2.296,0.894,2078000000.0,32300000.0,2045700000.0,2078000000.0,0.0,271900000.0,0.0,0.0,0.0,995600000.0,1267500000.0,0.154,1267500000.0,995600000.0,899500000.0,2.97,2.95,2.97,6710300000.0,5811375000.0,6710300000.0,16203183146.0,16.0,12.784,317300000.0,1.285,1.0,2394200000.0,0.292,2670200000.0,96100000.0,7977000000.0,7169500000.0,3060300000.0,310200000.0,310200000.0,0.0,6001600000.0,3378600000.0,2623000000.0,15170483146.0,889500000.0,571600000.0,-99500000.0,-3900000.0,0.0,-90000000.0,266600000.0,108300000.0,730600000.0,-17700000.0,730700000.0,730700000.0,730700000.0,-1900000.0,0.0,0.089,1470500000.0,923700000.0,3249100000.0,0.0,2.261,20.762,20.593,1850900000.0,0.0,61.16,1.849,1.841,2288900000.0,4409500000.0,8206900000.0,8206900000.0,0.0,0.063,0.126,0.139,0.121,49800000.0,1130700000.0,1.0,248045833.0,247000000.0,,33.226,10995700000.0,0.0,168800000.0,467600000.0,44.517,4378600000.0
11,CAM,MRT,2013-03-31,2013-03-31,2013-03-31,2019-04-17,-106900000.0,11075100000.0,10712450000.0,6824800000.0,4250300000.0,0.752,22.777,-403900000.0,1082400000.0,1082400000.0,5694600000.0,765300000.0,2.257,0.965,2115100000.0,66700000.0,2048400000.0,2115100000.0,0.0,265500000.0,0.0,0.0,0.0,1011700000.0,1277200000.0,0.159,1277200000.0,1011700000.0,918600000.0,3.11,3.08,3.11,5637300000.0,5392975000.0,5637300000.0,17050501273.0,17.0,13.35,460200000.0,1.859,1.0,2357000000.0,0.293,1913000000.0,93100000.0,7170400000.0,6847600000.0,2922900000.0,528900000.0,528900000.0,0.0,5437800000.0,3024400000.0,2413400000.0,16160101273.0,420000000.0,-287500000.0,-18200000.0,461200000.0,0.0,454900000.0,-875900000.0,-184500000.0,864100000.0,-23100000.0,765300000.0,765300000.0,765300000.0,-1900000.0,0.0,0.095,1413200000.0,943800000.0,2855900000.0,0.0,2.867,21.116,20.965,1784600000.0,0.0,65.2,2.007,2.004,1835700000.0,4269000000.0,8051600000.0,8051600000.0,0.0,0.071,0.142,0.148,0.126,46500000.0,1101900000.0,1.0,247854314.0,247500000.0,,32.532,9162100000.0,0.0,153300000.0,220400000.0,37.019,3800400000.0
12,CAM,MRT,2012-12-31,2012-12-31,2012-12-31,2019-04-17,-30000000.0,11158200000.0,10275000000.0,6910600000.0,4247600000.0,0.759,22.561,-400000000.0,1185800000.0,1185800000.0,5522000000.0,751000000.0,2.181,1.005,2076200000.0,29200000.0,2047000000.0,2076200000.0,0.0,255000000.0,0.0,0.0,0.0,998000000.0,1253000000.0,0.161,1253000000.0,998000000.0,908000000.0,3.05,3.03,3.05,5566100000.0,5209075000.0,5566100000.0,14986579893.0,15.0,11.961,283000000.0,1.147,1.0,2273000000.0,0.292,2259700000.0,90000000.0,6619900000.0,6572100000.0,2741200000.0,517000000.0,517000000.0,0.0,5592100000.0,3169000000.0,2423100000.0,13929479893.0,287000000.0,-349000000.0,-9000000.0,443000000.0,0.0,445000000.0,-843000000.0,-94000000.0,683000000.0,2000000.0,751000000.0,751000000.0,751000000.0,0.0,0.0,0.096,1341000000.0,932000000.0,3045700000.0,0.0,2.503,18.548,18.511,1765100000.0,0.0,56.46,1.787,1.787,1966700000.0,4120700000.0,7795000000.0,7795000000.0,0.0,0.073,0.144,0.152,0.128,44000000.0,1070000000.0,1.0,246714132.0,246714132.0,,31.595,8898500000.0,0.0,157000000.0,225800000.0,36.068,3741600000.0
13,CAM,MRT,2012-09-30,2012-09-30,2012-09-30,2019-04-17,-37300000.0,10526200000.0,9825875000.0,6440000000.0,4086200000.0,0.825,21.639,-412300000.0,990700000.0,990700000.0,5728000000.0,632000000.0,2.338,0.974,2047800000.0,30000000.0,2017800000.0,2047800000.0,0.0,251000000.0,0.0,0.0,0.0,881600000.0,1132600000.0,0.14,1132600000.0,881600000.0,790500000.0,2.57,2.54,2.57,5331800000.0,4994400000.0,5331800000.0,15017383855.0,17.0,13.259,55000000.0,0.223,1.0,2379100000.0,0.293,1918100000.0,91100000.0,6910700000.0,6355125000.0,2797000000.0,364100000.0,364100000.0,0.0,5194400000.0,2754500000.0,2439900000.0,13808783855.0,-545800000.0,-688400000.0,-3000000.0,443600000.0,0.0,453600000.0,-1464100000.0,-363400000.0,467300000.0,-2600000.0,632000000.0,632000000.0,632000000.0,0.0,0.0,0.078,1497500000.0,881600000.0,2693200000.0,0.0,2.59,21.849,21.817,1667200000.0,0.0,56.07,1.703,1.704,1899400000.0,3902400000.0,8107100000.0,8107100000.0,0.0,0.064,0.127,0.139,0.109,41300000.0,1120500000.0,1.0,246277579.0,246400000.0,,32.902,8608100000.0,0.0,158500000.0,199700000.0,34.935,3685500000.0
14,CAM,MRT,2012-06-30,2012-06-30,2012-06-30,2019-04-17,-89800000.0,10090300000.0,9351025000.0,6081800000.0,4008500000.0,0.81,20.449,-407500000.0,829000000.0,829000000.0,5296400000.0,572900000.0,2.301,1.003,2037600000.0,21500000.0,2016100000.0,2037600000.0,0.0,237300000.0,0.0,0.0,0.0,805300000.0,1042600000.0,0.138,1042600000.0,805300000.0,718700000.0,2.33,2.31,2.33,5036700000.0,4813900000.0,5036700000.0,11464347294.0,14.0,10.996,-13800000.0,-0.056,1.0,2278300000.0,0.301,1966900000.0,86600000.0,6689400000.0,5912475000.0,2650000000.0,419500000.0,419500000.0,0.0,5053600000.0,2642600000.0,2411000000.0,10519147294.0,-1214100000.0,-688400000.0,-3000000.0,-68700000.0,0.0,-52600000.0,-1514700000.0,-418800000.0,393700000.0,-40500000.0,572900000.0,572900000.0,572900000.0,0.0,0.0,0.076,1473000000.0,805300000.0,2621100000.0,0.0,2.088,18.361,18.33,1614100000.0,0.0,42.71,1.389,1.389,1824000000.0,3678800000.0,7574700000.0,7574700000.0,0.0,0.061,0.119,0.136,0.106,40700000.0,1078900000.0,1.0,246292374.0,246300000.0,,30.754,8123400000.0,0.0,145800000.0,165500000.0,32.982,3439200000.0
15,CAM,MRT,2012-03-31,2012-03-31,2012-03-31,2019-04-17,-43900000.0,9325300000.0,9060200000.0,5623200000.0,3702100000.0,0.802,19.918,-390100000.0,662500000.0,662500000.0,5060900000.0,546300000.0,2.285,0.902,1607700000.0,33100000.0,1574600000.0,1607700000.0,0.0,221300000.0,0.0,0.0,0.0,769700000.0,991000000.0,0.136,991000000.0,769700000.0,683000000.0,2.22,2.2,2.22,4901700000.0,4740100000.0,4901700000.0,13691274005.0,18.0,13.816,-58500000.0,-0.238,1.0,2201200000.0,0.303,1741700000.0,86700000.0,6068400000.0,5471125000.0,2574300000.0,344700000.0,344700000.0,0.0,4423600000.0,2460400000.0,1963200000.0,13005374005.0,-787100000.0,-455200000.0,2600000.0,94600000.0,0.0,94000000.0,-1189300000.0,-344000000.0,331600000.0,-23400000.0,546300000.0,546300000.0,546300000.0,0.0,0.0,0.075,1431500000.0,769700000.0,2427300000.0,0.0,2.653,23.806,23.797,1565600000.0,0.0,52.83,1.791,1.79,1700000000.0,3504200000.0,7262100000.0,7262100000.0,0.0,0.06,0.115,0.141,0.106,39400000.0,1043200000.0,1.0,246174030.0,246100000.0,,29.509,7583600000.0,0.0,136700000.0,171700000.0,30.815,3162800000.0
16,CAM,MRT,2011-12-31,2011-12-31,2011-12-31,2019-04-17,-90800000.0,9361700000.0,8724750000.0,5828600000.0,3533100000.0,0.798,19.198,-368500000.0,898900000.0,898900000.0,4838400000.0,521900000.0,2.175,0.989,1584800000.0,10600000.0,1574200000.0,1584800000.0,0.0,206600000.0,0.0,0.0,0.0,735100000.0,941700000.0,0.135,941700000.0,735100000.0,651100000.0,2.13,2.09,2.13,4707400000.0,4665825000.0,4707400000.0,12112126565.0,16.0,12.862,-160000000.0,-0.653,1.0,2120600000.0,0.305,1615300000.0,84000000.0,5752000000.0,4952350000.0,2399900000.0,423500000.0,423500000.0,0.0,4654300000.0,2680300000.0,1974000000.0,12061426565.0,-933600000.0,-421300000.0,19100000.0,74900000.0,0.0,90800000.0,-1212600000.0,-422800000.0,208500000.0,-20300000.0,521900000.0,521900000.0,521900000.0,0.0,0.0,0.075,1385500000.0,735100000.0,2669700000.0,0.0,2.562,23.111,23.094,1500100000.0,0.0,49.19,1.733,1.733,1757300000.0,3370200000.0,6959000000.0,6959000000.0,0.0,0.06,0.112,0.148,0.106,36700000.0,1001500000.0,1.0,245200784.0,245200784.0,,28.381,7746400000.0,0.0,129200000.0,184500000.0,31.592,3148300000.0
17,CAM,MRT,2011-09-30,2011-09-30,2011-09-30,2019-04-17,-77500000.0,8626800000.0,8385600000.0,5439000000.0,3187800000.0,0.803,18.808,-293000000.0,1536500000.0,1536500000.0,4672800000.0,586700000.0,2.665,0.871,1587200000.0,10900000.0,1576300000.0,1587200000.0,0.0,193400000.0,0.0,0.0,0.0,825100000.0,1018500000.0,0.151,1018500000.0,825100000.0,740700000.0,2.4,2.35,2.4,4609800000.0,4587075000.0,4609800000.0,10091752497.0,12.0,9.908,-58600000.0,-0.239,1.0,2063800000.0,0.306,1496700000.0,84400000.0,5140100000.0,4368275000.0,2177700000.0,0.0,0.0,0.0,4017000000.0,2040700000.0,1976300000.0,10180252497.0,24700000.0,-42500000.0,65800000.0,77600000.0,0.0,146600000.0,-335500000.0,0.0,234400000.0,-20800000.0,586700000.0,586700000.0,586700000.0,0.0,0.0,0.087,1238700000.0,825100000.0,2029800000.0,0.0,2.208,17.352,17.308,1339500000.0,0.0,41.54,1.511,1.511,1396200000.0,3270400000.0,6736600000.0,6736600000.0,0.0,0.07,0.128,0.189,0.122,35900000.0,974000000.0,1.0,245071076.0,245100000.0,,27.485,7130100000.0,0.0,154000000.0,159500000.0,29.091,3398300000.0
18,CAM,MRT,2011-06-30,2011-06-30,2011-06-30,2019-04-17,77900000.0,8927000000.0,8178950000.0,5707400000.0,3219600000.0,0.804,19.353,-252200000.0,2043100000.0,2043100000.0,4584900000.0,570900000.0,2.395,0.883,1954600000.0,431000000.0,1523600000.0,1954600000.0,0.0,193000000.0,0.0,0.0,0.0,811600000.0,1004600000.0,0.153,1004600000.0,811600000.0,727800000.0,2.34,2.29,2.34,4741500000.0,4486900000.0,4741500000.0,12169660930.0,15.0,12.114,-27800000.0,-0.113,1.0,1992900000.0,0.303,1531300000.0,83800000.0,4924000000.0,3986775000.0,2108000000.0,0.0,0.0,0.0,4185500000.0,2383200000.0,1802300000.0,12322060930.0,614600000.0,-42500000.0,65000000.0,596600000.0,0.0,655500000.0,-294700000.0,0.0,224400000.0,29400000.0,570900000.0,570900000.0,570900000.0,0.0,0.0,0.087,1181300000.0,811600000.0,1928400000.0,0.0,2.599,21.584,21.491,1342400000.0,0.0,50.29,1.873,1.873,1287800000.0,3105900000.0,6577800000.0,6577800000.0,0.0,0.07,0.127,0.204,0.123,33500000.0,940800000.0,1.0,245020102.0,245000000.0,,26.848,7395700000.0,0.0,156900000.0,109300000.0,30.187,3324200000.0
19,CAM,MRT,2011-03-31,2011-03-31,2011-03-31,2019-04-17,49100000.0,7983500000.0,7804700000.0,4819800000.0,3163700000.0,0.806,18.817,-216500000.0,1449600000.0,1449600000.0,4356200000.0,552100000.0,2.072,0.734,1297200000.0,519300000.0,777900000.0,1297200000.0,0.0,198300000.0,0.0,0.0,0.0,793800000.0,992100000.0,0.158,992100000.0,793800000.0,712700000.0,2.27,2.22,2.27,4604600000.0,4278275000.0,4604600000.0,13436166633.0,17.0,13.543,-133200000.0,-0.544,1.0,1933200000.0,0.307,1511100000.0,81100000.0,3993300000.0,3606925000.0,1985200000.0,0.0,0.0,0.0,3378900000.0,2326700000.0,1052200000.0,13975866633.0,-169400000.0,-40600000.0,-25700000.0,-600000.0,0.0,-9100000.0,-257100000.0,0.0,83300000.0,13500000.0,552100000.0,552100000.0,552100000.0,0.0,0.0,0.088,1139400000.0,793800000.0,1798400000.0,0.0,3.035,25.314,25.154,1306800000.0,0.0,57.1,2.222,2.222,1099900000.0,2957800000.0,6289400000.0,6289400000.0,0.0,0.071,0.129,0.22,0.126,30500000.0,895300000.0,1.0,244761237.0,244700000.0,,25.702,6472400000.0,0.0,160600000.0,114000000.0,26.45,2493100000.0
20,CAM,MRT,2010-12-31,2010-12-31,2010-12-31,2019-04-17,-27100000.0,8005100000.0,7692000000.0,4932900000.0,3072200000.0,0.798,18.108,-188300000.0,1832500000.0,1832500000.0,4212400000.0,562900000.0,1.917,0.822,1292800000.0,519900000.0,772900000.0,1292800000.0,0.0,201600000.0,0.0,0.0,0.0,811300000.0,1012900000.0,0.165,1012900000.0,811300000.0,733300000.0,2.32,2.27,2.32,4392400000.0,4115050000.0,4392400000.0,12082364139.0,15.0,11.928,105900000.0,0.437,1.0,1922400000.0,0.313,1475800000.0,78000000.0,3415700000.0,3536375000.0,1779300000.0,0.0,0.0,0.0,3612700000.0,2573900000.0,1038800000.0,12305464139.0,-28500000.0,-40900000.0,-87700000.0,-15000000.0,0.0,-86300000.0,-229200000.0,0.0,294200000.0,-7200000.0,562900000.0,562900000.0,562900000.0,0.0,0.0,0.092,1111100000.0,811300000.0,2016000000.0,0.0,2.802,21.861,21.866,1247800000.0,0.0,50.73,2.006,2.006,1056100000.0,2848300000.0,6134800000.0,6134800000.0,0.0,0.073,0.137,0.229,0.132,34500000.0,862300000.0,1.0,242567793.0,242567793.0,,25.291,6529300000.0,0.0,170400000.0,133700000.0,26.917,2359000000.0
21,CAM,MRT,2010-09-30,2010-09-30,2010-09-30,2019-04-17,1100000.0,7800200000.0,7622075000.0,4768200000.0,3032000000.0,0.76,17.379,-182600000.0,1511800000.0,1511800000.0,3975200000.0,495600000.0,1.903,0.853,1288700000.0,514800000.0,773900000.0,1288700000.0,0.0,198000000.0,0.0,0.0,0.0,720300000.0,918300000.0,0.159,918300000.0,720300000.0,651200000.0,2.04,2.01,2.04,4209100000.0,3996875000.0,4209100000.0,10247626081.0,14.0,11.159,186200000.0,0.769,1.0,1815700000.0,0.314,1457800000.0,69100000.0,3614100000.0,3527700000.0,1881300000.0,0.0,0.0,0.0,3591100000.0,2505200000.0,1085900000.0,10405226081.0,-15700000.0,-6500000.0,-150600000.0,-54800000.0,0.0,-196300000.0,-189100000.0,0.0,368800000.0,900000.0,495600000.0,495600000.0,495600000.0,0.0,0.0,0.086,1090000000.0,725700000.0,1933800000.0,0.0,2.472,20.995,21.059,1205900000.0,0.0,42.96,1.797,1.797,1042400000.0,2683600000.0,5790900000.0,5790900000.0,0.0,0.065,0.124,0.204,0.124,2500000.0,810300000.0,1.0,242207311.0,242200000.0,,23.91,6342400000.0,0.0,155600000.0,191300000.0,26.187,2263000000.0
22,CAM,MRT,2010-06-30,2010-06-30,2010-06-30,2019-04-17,-140900000.0,7430000000.0,7248761250.0,4460600000.0,2969400000.0,0.758,16.085,-192200000.0,1428500000.0,1428500000.0,3754500000.0,471800000.0,1.84,0.902,1270900000.0,497100000.0,773800000.0,1270900000.0,0.0,183700000.0,0.0,0.0,0.0,706400000.0,890100000.0,0.162,890100000.0,706400000.0,634700000.0,2.0,1.96,2.0,3907000000.0,3664204500.0,3907000000.0,7585608748.0,11.0,8.522,256500000.0,1.056,1.0,1741100000.0,0.317,1443000000.0,71700000.0,3404600000.0,3469681500.0,1800300000.0,0.0,0.0,0.0,3523000000.0,2424800000.0,1098200000.0,7941408748.0,-109200000.0,-6500000.0,-151500000.0,-210000000.0,0.0,-352100000.0,-198700000.0,0.0,448700000.0,-7100000.0,471800000.0,471800000.0,471800000.0,0.0,0.0,0.086,1030700000.0,710400000.0,1879500000.0,0.0,2.033,16.832,16.26,1164000000.0,0.0,32.52,1.445,1.437,940100000.0,2535000000.0,5495600000.0,5495600000.0,0.0,0.065,0.129,0.204,0.129,32200000.0,769800000.0,1.0,244200761.0,242900000.0,,22.625,5987000000.0,0.0,162900000.0,195100000.0,24.648,2035800000.0
23,CAM,MRT,2010-03-31,2010-03-31,2010-03-31,2019-04-17,-47500000.0,7532700000.0,6958150500.0,4522100000.0,3010600000.0,0.764,16.169,-216300000.0,1619000000.0,1619000000.0,3610500000.0,481200000.0,2.246,0.906,1263200000.0,6200000.0,1257000000.0,1263200000.0,0.0,168000000.0,0.0,0.0,0.0,714800000.0,882800000.0,0.166,882800000.0,714800000.0,635900000.0,2.11,2.06,2.11,3951700000.0,3360393250.0,3951700000.0,9870891648.0,14.0,11.181,409600000.0,1.676,1.0,1702400000.0,0.32,1452400000.0,78900000.0,3711100000.0,3444327000.0,1736100000.0,0.0,0.0,0.0,3581000000.0,2013400000.0,1567600000.0,10477413648.0,177000000.0,-16700000.0,-57100000.0,-195700000.0,0.0,-244500000.0,-233000000.0,0.0,625900000.0,28600000.0,481200000.0,481200000.0,481200000.0,0.0,0.0,0.091,985400000.0,717000000.0,1961600000.0,0.0,2.651,21.774,20.313,1190800000.0,0.0,42.86,1.972,1.972,903700000.0,2405800000.0,5312900000.0,5312900000.0,0.0,0.069,0.143,0.208,0.135,23800000.0,747700000.0,1.0,244456688.0,244400000.0,,21.739,6080300000.0,0.0,154700000.0,180600000.0,24.878,2508700000.0
24,CAM,MRT,2009-12-31,2009-12-31,2009-12-31,2019-04-17,9500000.0,7725400000.0,6555479250.0,4714200000.0,3011200000.0,0.797,17.76,-236800000.0,1861000000.0,1861000000.0,3540100000.0,475500000.0,2.053,0.971,1254500000.0,22200000.0,1232300000.0,1254500000.0,0.0,156600000.0,0.0,0.0,0.0,729300000.0,885900000.0,0.17,885900000.0,729300000.0,642800000.0,2.15,2.11,2.15,3919700000.0,2975197000.0,3919700000.0,8987786869.0,12.0,10.145,376700000.0,1.707,1.0,1683100000.0,0.322,1441600000.0,86500000.0,3381000000.0,3298112500.0,1664200000.0,0.0,0.0,0.0,3805700000.0,2296300000.0,1509400000.0,9225205869.0,240000000.0,11200000.0,-19000000.0,-156700000.0,0.0,-169300000.0,-225600000.0,0.0,613500000.0,21400000.0,475500000.0,475500000.0,475500000.0,0.0,0.0,0.091,953800000.0,729300000.0,2208200000.0,0.0,2.354,19.401,19.442,1192400000.0,0.0,41.8,1.766,1.766,959000000.0,2285400000.0,5223200000.0,5223200000.0,0.0,0.073,0.16,0.221,0.14,27700000.0,715600000.0,1.0,220698705.0,220698705.0,,23.667,6283800000.0,0.0,167300000.0,188900000.0,28.472,2417900000.0
25,CAM,MRT,2009-09-30,2009-09-30,2009-09-30,2019-04-17,44023000.0,6306945000.0,6099722000.0,4320564000.0,1986381000.0,0.866,13.114,-269785000.0,1527528000.0,1527528000.0,3560871000.0,524053000.0,2.197,1.191,1290109000.0,61042000.0,1229067000.0,1290109000.0,0.0,148689000.0,0.0,0.0,0.0,817692000.0,966381000.0,0.183,966381000.0,817692000.0,719710000.0,2.41,2.36,2.41,2878418000.0,2581403750.0,2878418000.0,8208817521.0,10.0,8.494,389002000.0,1.772,1.0,1722208000.0,0.326,720730000.0,97982000.0,3382026000.0,3163064000.0,1698565000.0,0.0,0.0,0.0,3428527000.0,1966770000.0,1461757000.0,8314825521.0,91999000.0,-117201000.0,-65540000.0,-104390000.0,0.0,-166702000.0,-386986000.0,0.0,658787000.0,-13100000.0,524053000.0,524053000.0,524053000.0,0.0,0.0,0.099,914980000.0,807228000.0,1867627000.0,0.0,2.889,15.866,15.693,1045599000.0,0.0,37.82,1.574,1.571,877706000.0,2188098000.0,5283079000.0,5283079000.0,0.0,0.086,0.203,0.259,0.155,79083000.0,700991000.0,1.0,219852605.0,219500000.0,,24.069,5586215000.0,0.0,195657000.0,157824000.0,25.45,2353794000.0
26,CAM,MRT,2009-06-30,2009-06-30,2009-06-30,2019-04-17,-6813000.0,6267557000.0,5956429250.0,4325528000.0,1942029000.0,0.933,12.399,-278179000.0,1537658000.0,1537658000.0,3783697000.0,562133000.0,2.03,1.328,1431650000.0,205756000.0,1225894000.0,1431650000.0,0.0,142785000.0,0.0,0.0,0.0,892287000.0,1035072000.0,0.186,1035072000.0,892287000.0,793280000.0,2.59,2.51,2.59,2691755000.0,2437563000.0,2691755000.0,6105674950.0,7.0,5.899,469136000.0,2.161,1.0,1772315000.0,0.319,727164000.0,99007000.0,3303182000.0,3081278500.0,1677787000.0,0.0,0.0,0.0,3575802000.0,2131203000.0,1444599000.0,6140440950.0,3599000.0,-157388000.0,-121016000.0,-128020000.0,0.0,-244281000.0,-435567000.0,0.0,747315000.0,-63868000.0,562133000.0,562133000.0,562133000.0,0.0,0.0,0.101,898784000.0,873531000.0,1849157000.0,0.0,2.281,10.923,10.927,1008643000.0,0.0,28.3,1.105,1.106,895367000.0,2063154000.0,5556012000.0,5556012000.0,0.0,0.094,0.231,0.29,0.161,31345000.0,696599000.0,1.0,216976712.0,217100000.0,,25.592,5540393000.0,0.0,231147000.0,184695000.0,25.52,2194325000.0
27,CAM,MRT,2009-03-31,2009-03-31,2009-03-31,2019-04-17,-133732000.0,5922015000.0,5859269250.0,4076355000.0,1845660000.0,0.984,11.115,-270851000.0,1442021000.0,1442021000.0,4006242000.0,572318000.0,1.974,1.456,1407255000.0,184656000.0,1222599000.0,1407255000.0,0.0,136894000.0,0.0,0.0,0.0,922812000.0,1059706000.0,0.184,1059706000.0,922812000.0,838224000.0,2.64,2.53,2.64,2410915000.0,2347673000.0,2410915000.0,4553995482.0,5.0,4.297,543967000.0,2.508,1.0,1760403000.0,0.305,696440000.0,84588000.0,3126242000.0,3044931500.0,1508500000.0,0.0,0.0,0.0,3511100000.0,2064567000.0,1446533000.0,4756592482.0,697654000.0,-134188000.0,-150508000.0,512093000.0,0.0,373526000.0,-405039000.0,0.0,814818000.0,-85651000.0,572318000.0,572318000.0,572318000.0,0.0,0.0,0.099,860948000.0,899455000.0,1791349000.0,0.0,1.973,8.311,8.307,941356000.0,0.0,21.93,0.825,0.825,950958000.0,1924550000.0,5766645000.0,5766645000.0,0.0,0.098,0.244,0.303,0.16,40763000.0,675554000.0,1.0,216898882.0,216900000.0,,26.587,5225575000.0,0.0,265906000.0,189115000.0,24.092,2011788000.0
28,CAM,MRT,2008-12-31,2008-12-31,2008-12-31,2019-04-17,-84218000.0,5902371000.0,5629150750.0,4056443000.0,1845928000.0,1.039,10.68,-268300000.0,1621046000.0,1621046000.0,4127900000.0,580700000.0,1.921,1.518,1379906000.0,161279000.0,1218627000.0,1379906000.0,0.0,132100000.0,0.0,0.0,0.0,921700000.0,1053800000.0,0.18,1053800000.0,921700000.0,851400000.0,2.67,2.54,2.67,2344527000.0,2290513500.0,2344527000.0,4475844568.0,5.0,4.247,719200000.0,3.276,1.0,1721000000.0,0.294,709217000.0,70300000.0,2840806000.0,2918269250.0,1336925000.0,0.0,0.0,0.0,3557844000.0,2111208000.0,1446636000.0,4500104568.0,881100000.0,-191700000.0,-261800000.0,659900000.0,0.0,415100000.0,-460000000.0,0.0,987500000.0,-61500000.0,580700000.0,580700000.0,580700000.0,0.0,0.0,0.099,826600000.0,894400000.0,1854384000.0,0.0,1.919,7.749,7.678,931647000.0,0.0,20.5,0.769,0.769,950362000.0,1809913000.0,5848900000.0,5848900000.0,0.0,0.103,0.254,0.316,0.158,37500000.0,668300000.0,1.0,219517296.0,219517296.0,,26.644,5193154000.0,0.0,270700000.0,194694000.0,23.657,1945235000.0
29,CAM,MRT,2008-09-30,2008-09-30,2008-09-30,2019-04-17,2786000.0,5733774000.0,5336262750.0,3955587000.0,1778187000.0,1.062,10.541,-239067000.0,1435517000.0,1435517000.0,4025462000.0,547972000.0,2.018,1.49,1411257000.0,154975000.0,1256282000.0,1411257000.0,0.0,124525000.0,0.0,0.0,0.0,869697000.0,994222000.0,0.175,994222000.0,869697000.0,797994000.0,2.53,2.36,2.53,2303055000.0,2228122750.0,2303055000.0,8438778682.0,10.0,8.488,557822000.0,2.553,1.0,1643260000.0,0.29,694429000.0,71703000.0,3054884000.0,2809093250.0,1407393000.0,0.0,0.0,0.0,3430719000.0,1960201000.0,1470518000.0,8389491682.0,867068000.0,-97699000.0,-226949000.0,649372000.0,0.0,445960000.0,-336766000.0,0.0,796889000.0,-39015000.0,547972000.0,547972000.0,547972000.0,0.0,0.0,0.097,803255000.0,840005000.0,1728685000.0,0.0,3.643,15.31,15.233,884145000.0,0.0,38.54,1.48,1.485,967904000.0,1701417000.0,5668722000.0,5668722000.0,0.0,0.103,0.246,0.31,0.153,30390000.0,643005000.0,1.0,217682711.0,218478000.0,,25.946,5039345000.0,0.0,250022000.0,157982000.0,23.066,1995386000.0
30,CAM,MRT,2008-06-30,2008-06-30,2008-06-30,2019-04-17,155488000.0,5878917000.0,5056545250.0,4093695000.0,1785222000.0,1.058,10.766,-227305000.0,1534117000.0,1534117000.0,3784795000.0,535715000.0,1.964,1.521,1583404000.0,327681000.0,1255723000.0,1583404000.0,0.0,120004000.0,0.0,0.0,0.0,808199000.0,928203000.0,0.173,928203000.0,808199000.0,754667000.0,2.47,2.3,2.47,2332195000.0,2149125000.0,2332195000.0,12171509278.0,15.0,13.113,419540000.0,1.937,1.0,1565367000.0,0.293,685632000.0,53532000.0,3157794000.0,2668539750.0,1467195000.0,0.0,0.0,0.0,3546722000.0,2084778000.0,1461944000.0,11992355278.0,1066724000.0,-58239000.0,-158434000.0,815173000.0,0.0,687583000.0,-285544000.0,0.0,646845000.0,17840000.0,535715000.0,535715000.0,535715000.0,0.0,0.0,0.1,783189000.0,782178000.0,1712962000.0,0.0,5.142,22.386,22.409,893720000.0,0.0,55.35,2.241,2.241,950894000.0,1535116000.0,5350162000.0,5350162000.0,0.0,0.106,0.249,0.303,0.151,57629000.0,627460000.0,1.0,216664052.0,216634000.0,,24.697,5193285000.0,0.0,218952000.0,124435000.0,23.973,2008917000.0
31,CAM,MRT,2008-03-31,2008-03-31,2008-03-31,2019-04-17,143473000.0,5001541000.0,4661352000.0,3255284000.0,1746257000.0,1.074,10.068,-230094000.0,744362000.0,744362000.0,3513680000.0,510158000.0,1.737,1.292,923516000.0,178488000.0,745028000.0,923516000.0,0.0,115829000.0,0.0,0.0,0.0,760410000.0,876239000.0,0.175,876239000.0,760410000.0,713028000.0,2.34,2.2,2.34,2182277000.0,2008566750.0,2182277000.0,9104199324.0,12.0,10.39,229222000.0,1.058,1.0,1494891000.0,0.298,686841000.0,47382000.0,2619593000.0,2476733750.0,1485911000.0,0.0,0.0,0.0,2819264000.0,1874261000.0,945003000.0,9090221324.0,-104566000.0,-89953000.0,-246977000.0,-44218000.0,0.0,-261336000.0,-320047000.0,0.0,459316000.0,17501000.0,510158000.0,510158000.0,510158000.0,0.0,0.0,0.102,760385000.0,734506000.0,1653233000.0,0.0,4.165,17.818,17.795,862593000.0,0.0,41.64,1.815,1.802,868955000.0,1383164000.0,5008571000.0,5008571000.0,0.0,0.109,0.254,0.307,0.152,49960000.0,608831000.0,1.0,218305027.0,216746000.0,,23.108,4314700000.0,0.0,202870000.0,116757000.0,19.907,1381023000.0
32,CAM,MRT,2007-12-31,2007-12-31,2007-12-31,2019-04-17,101004000.0,4730819000.0,4504026500.0,3071931000.0,1658888000.0,1.036,9.578,-236533000.0,739916000.0,739916000.0,3242238000.0,488181000.0,1.815,1.258,753894000.0,8766000.0,745128000.0,753894000.0,0.0,109774000.0,0.0,0.0,0.0,731788000.0,841562000.0,0.18,841562000.0,731788000.0,687943000.0,2.23,2.11,2.23,2094964000.0,1892403000.0,2094964000.0,10711902485.0,15.0,12.729,215187000.0,0.984,1.0,1424130000.0,0.305,647819000.0,43845000.0,2404102000.0,2370830500.0,1413403000.0,0.0,0.0,0.0,2635855000.0,1692876000.0,942979000.0,10527220485.0,-293621000.0,-76386000.0,-269129000.0,-206019000.0,0.0,-447114000.0,-312919000.0,0.0,451720000.0,14692000.0,488181000.0,488181000.0,488181000.0,0.0,0.0,0.105,723087000.0,701043000.0,1677054000.0,0.0,5.025,21.564,21.583,821104000.0,0.0,48.13,2.256,2.256,797471000.0,1256822000.0,4666368000.0,4666368000.0,0.0,0.108,0.258,0.309,0.157,66985000.0,577588000.0,1.0,218724714.0,218724714.0,,21.334,4083000000.0,0.0,199762000.0,75702000.0,18.667,1379055000.0
33,CAM,MRT,2007-09-30,2007-09-30,2007-09-30,2019-04-17,88164000.0,4614904000.0,4409009250.0,2986169000.0,1628735000.0,0.998,9.122,-226036000.0,568449000.0,568449000.0,3044405000.0,471480000.0,1.808,1.322,753131000.0,6231000.0,746900000.0,753131000.0,0.0,109869000.0,0.0,0.0,0.0,700746000.0,810615000.0,0.184,810615000.0,700746000.0,676019000.0,2.13,2.045,2.13,1987064000.0,1804021750.0,1987064000.0,10322396117.0,15.0,12.734,277777000.0,1.275,1.0,1354550000.0,0.308,654952000.0,24727000.0,2492670000.0,2281426500.0,1432327000.0,0.0,0.0,0.0,2627840000.0,1651964000.0,975876000.0,10035005117.0,-151270000.0,-69372000.0,-219203000.0,-213770000.0,0.0,-401206000.0,-295408000.0,0.0,503813000.0,41531000.0,471480000.0,471480000.0,471480000.0,0.0,0.0,0.107,687336000.0,667214000.0,1631566000.0,0.0,5.05,21.284,21.664,759218000.0,0.0,46.145,2.281,2.285,826290000.0,1130917000.0,4398955000.0,4398955000.0,0.0,0.107,0.261,0.307,0.159,59892000.0,570649000.0,1.0,217466792.0,217838000.0,,20.194,3959952000.0,0.0,204539000.0,95191000.0,18.178,1334205000.0
34,CAM,MRT,2007-06-30,2007-06-30,2007-06-30,2019-04-17,55247000.0,4298144000.0,4251862000.0,2709179000.0,1588965000.0,0.986,8.092,-202125000.0,467393000.0,467393000.0,2919214000.0,410042000.0,1.746,1.428,754784000.0,7824000.0,746960000.0,754784000.0,0.0,107094000.0,0.0,0.0,0.0,643591000.0,750685000.0,0.179,750685000.0,643591000.0,617650000.0,1.84,1.785,1.84,1769962000.0,1721496500.0,1769962000.0,7984868366.0,12.0,10.637,286920000.0,1.312,1.0,1272360000.0,0.304,643683000.0,25941000.0,2390570000.0,2210828250.0,1309352000.0,0.0,0.0,0.0,2528182000.0,1551282000.0,976900000.0,7871696366.0,-195898000.0,-69845000.0,-256762000.0,-204432000.0,0.0,-432980000.0,-271970000.0,0.0,489045000.0,20007000.0,410042000.0,410042000.0,410042000.0,0.0,0.0,0.098,665197000.0,607163000.0,1513742000.0,0.0,4.447,19.197,19.421,718515000.0,0.0,35.735,1.878,1.865,765870000.0,980194000.0,4191574000.0,4191574000.0,0.0,0.096,0.238,0.291,0.154,66454000.0,547637000.0,1.0,220279736.0,218730000.0,,19.163,3654461000.0,0.0,207608000.0,113171000.0,16.708,1157897000.0
35,CAM,MRT,2007-03-31,2007-03-31,2007-03-31,2019-04-17,27260000.0,4372239000.0,4131597250.0,2859088000.0,1513151000.0,0.946,7.736,-191136000.0,848928000.0,848928000.0,2709993000.0,362778000.0,1.71,1.546,962100000.0,216349000.0,745751000.0,962100000.0,0.0,104565000.0,0.0,0.0,0.0,581977000.0,686542000.0,0.176,686542000.0,581977000.0,557772000.0,1.615,1.565,1.615,1717622000.0,1677103250.0,1717622000.0,6985029892.0,12.0,10.174,388585000.0,1.75,1.0,1200304000.0,0.307,617815000.0,24205000.0,2195980000.0,2152520500.0,1167111000.0,0.0,0.0,0.0,2654617000.0,1671616000.0,983001000.0,7065813892.0,563450000.0,-38131000.0,-329725000.0,495002000.0,0.0,186890000.0,-229267000.0,0.0,579721000.0,26106000.0,362778000.0,362778000.0,362778000.0,0.0,0.0,0.093,653122000.0,547182000.0,1398066000.0,0.0,4.114,19.477,19.44,680302000.0,0.0,31.395,1.807,1.783,690537000.0,856966000.0,3910297000.0,3910297000.0,0.0,0.088,0.216,0.27,0.149,96187000.0,529008000.0,1.0,225061758.0,222022000.0,,17.612,3754424000.0,0.0,194994000.0,148074000.0,16.91,1187472000.0
36,CAM,MRT,2006-12-31,2006-12-31,2006-12-31,2019-04-17,16326000.0,4350750000.0,3849497000.0,2907652000.0,1443098000.0,0.972,7.832,-168192000.0,1033537000.0,1033537000.0,2601072000.0,317816000.0,1.786,1.498,952753000.0,207345000.0,745408000.0,952753000.0,0.0,101350000.0,0.0,0.0,0.0,509278000.0,610628000.0,0.163,610628000.0,509278000.0,488601000.0,1.4,1.36,1.4,1741439000.0,1661363250.0,1741439000.0,6138640508.0,12.0,10.053,378319000.0,1.701,1.0,1141835000.0,0.305,595268000.0,20677000.0,2046486000.0,2069837000.0,1009414000.0,0.0,0.0,0.0,2609311000.0,1628212000.0,981099000.0,5897976508.0,671566000.0,-28846000.0,-206189000.0,486661000.0,0.0,297052000.0,-197038000.0,0.0,546511000.0,25041000.0,317816000.0,317816000.0,317816000.0,0.0,0.0,0.085,659496000.0,482339000.0,1364716000.0,0.0,3.387,18.558,18.946,648785000.0,0.0,26.525,1.576,1.576,696147000.0,760958000.0,3742907000.0,3742907000.0,0.0,0.083,0.191,0.246,0.136,85913000.0,528568000.0,1.0,222355382.0,222355382.0,,16.833,3755482000.0,0.0,170785000.0,146399000.0,16.89,1279440000.0
37,CAM,MRT,2006-09-30,2006-09-30,2006-09-30,2019-04-17,79936000.0,3986315000.0,3536450000.0,2550721000.0,1435594000.0,0.963,7.425,-126602000.0,719719000.0,719719000.0,2369124000.0,275981000.0,1.773,1.406,960383000.0,215552000.0,744831000.0,960383000.0,0.0,93334000.0,0.0,0.0,0.0,451164000.0,544498000.0,0.16,544498000.0,451164000.0,434050000.0,1.215,1.18,1.215,1656963000.0,1624694250.0,1656963000.0,5678757824.0,13.0,10.429,151923000.0,0.681,1.0,1035654000.0,0.304,578205000.0,17114000.0,2210277000.0,1980364000.0,1004202000.0,0.0,0.0,0.0,2329352000.0,1438497000.0,890855000.0,5390990824.0,259362000.0,-240250000.0,-169846000.0,494730000.0,0.0,331365000.0,-372296000.0,0.0,278525000.0,21768000.0,275981000.0,275981000.0,275981000.0,0.0,0.0,0.081,605534000.0,430120000.0,1185960000.0,0.0,3.254,19.534,19.881,598618000.0,0.0,24.155,1.583,1.583,686979000.0,664433000.0,3404778000.0,3404778000.0,0.0,0.078,0.17,0.228,0.133,102953000.0,489441000.0,1.0,223183226.0,223152000.0,,15.258,3408110000.0,0.0,158069000.0,80850000.0,15.273,1112224000.0
38,CAM,MRT,2006-06-30,2006-06-30,2006-06-30,2019-04-17,87886000.0,3817085000.0,3230226250.0,2365107000.0,1451978000.0,0.948,6.973,-116495000.0,663291000.0,663291000.0,2133984000.0,235914000.0,1.77,1.397,951058000.0,207001000.0,744057000.0,951058000.0,0.0,86933000.0,0.0,0.0,0.0,380921000.0,467854000.0,0.153,467854000.0,380921000.0,366570000.0,1.035,1.005,1.035,1592389000.0,1581867250.0,1592389000.0,5683726565.0,15.0,12.149,165460000.0,0.725,1.0,928615000.0,0.303,611263000.0,14351000.0,2157339000.0,1814077750.0,935305000.0,0.0,0.0,0.0,2224696000.0,1336250000.0,888446000.0,5517553565.0,354766000.0,-241340000.0,-76350000.0,487102000.0,0.0,410752000.0,-358387000.0,0.0,281955000.0,20446000.0,235914000.0,235914000.0,235914000.0,0.0,0.0,0.077,563336000.0,365279000.0,1098076000.0,0.0,3.465,23.388,23.077,586383000.0,0.0,23.885,1.802,1.781,631327000.0,575148000.0,3062599000.0,3062599000.0,0.0,0.073,0.149,0.21,0.124,80989000.0,457292000.0,1.0,231004964.0,228368000.0,,13.411,3205822000.0,0.0,130656000.0,74433000.0,14.038,1028857000.0
39,CAM,MRT,2006-03-31,2006-03-31,2006-03-31,2019-04-17,51114000.0,3243838000.0,2909710000.0,1820335000.0,1423503000.0,0.962,7.146,-88623000.0,285478000.0,285478000.0,1974006000.0,198580000.0,1.824,0.96,451651000.0,7745000.0,443906000.0,451651000.0,0.0,81216000.0,0.0,0.0,0.0,319978000.0,401194000.0,0.143,401194000.0,319978000.0,307184000.0,0.875,0.86,0.875,1654662000.0,1520378000.0,1654662000.0,5200184411.0,16.0,12.962,213698000.0,0.923,1.0,825612000.0,0.295,546661000.0,12794000.0,1865246000.0,1667293000.0,829793000.0,0.0,0.0,0.0,1589176000.0,998104000.0,591072000.0,5111249411.0,-6766000.0,-361437000.0,149054000.0,-5454000.0,0.0,143600000.0,-450049000.0,0.0,302321000.0,-2638000.0,198580000.0,198580000.0,198580000.0,0.0,0.0,0.071,519891000.0,305721000.0,957031000.0,0.0,3.089,25.739,25.189,581798000.0,0.0,22.04,1.826,1.823,601749000.0,499184000.0,2799618000.0,2799618000.0,0.0,0.068,0.131,0.192,0.114,51840000.0,428647000.0,1.0,231907868.0,231552000.0,,12.091,2697177000.0,0.0,108604000.0,73174000.0,11.648,822231000.0
40,CAM,MRT,2005-12-31,2005-12-31,2005-12-31,2019-04-17,37464000.0,3098562000.0,2692973500.0,1728056000.0,1370506000.0,0.935,7.03,-72034000.0,361971000.0,361971000.0,1796277000.0,171130000.0,1.875,0.943,450906000.0,6471000.0,444435000.0,450906000.0,0.0,78398000.0,0.0,0.0,0.0,274965000.0,353363000.0,0.14,353363000.0,274965000.0,263012000.0,0.77,0.76,0.77,1594763000.0,1429334250.0,1594763000.0,4685464754.0,17.0,13.26,280055000.0,1.235,1.0,721570000.0,0.287,577042000.0,11953000.0,1688594000.0,1603351500.0,705809000.0,0.0,0.0,0.0,1503799000.0,921861000.0,581938000.0,4695716754.0,134973000.0,-328570000.0,213690000.0,-21162000.0,0.0,192528000.0,-400604000.0,0.0,352089000.0,-9040000.0,171130000.0,171130000.0,171130000.0,0.0,0.0,0.068,459665000.0,261905000.0,891519000.0,0.0,2.944,27.439,26.883,525715000.0,0.0,20.7,1.865,1.865,574099000.0,443142000.0,2517847000.0,2517847000.0,0.0,0.064,0.12,0.171,0.109,36839000.0,381267000.0,1.0,226846220.0,226846220.0,,11.099,2521520000.0,0.0,91882000.0,62960000.0,11.116,806195000.0
41,CAM,MRT,2005-09-30,2005-09-30,2005-09-30,2019-04-17,53817000.0,2761420000.0,2507440500.0,1532270000.0,1229150000.0,0.928,6.616,-53010000.0,460357000.0,460357000.0,1682847000.0,145437000.0,2.178,0.859,450105000.0,6760000.0,443345000.0,450105000.0,0.0,80082000.0,0.0,0.0,0.0,224086000.0,304168000.0,0.131,304168000.0,224086000.0,212047000.0,0.667,0.657,0.667,1485655000.0,1337705250.0,1485655000.0,4277650255.0,19.0,14.063,299283000.0,1.333,1.0,643686000.0,0.277,502422000.0,12039000.0,1545132000.0,1594139000.0,534601000.0,0.0,0.0,0.0,1275765000.0,703614000.0,572151000.0,4136775255.0,202516000.0,-202425000.0,157637000.0,-28466000.0,0.0,129171000.0,-260013000.0,0.0,352293000.0,-18935000.0,145437000.0,145437000.0,145437000.0,0.0,0.0,0.063,429894000.0,213792000.0,682072000.0,0.0,2.784,28.444,27.71,463905000.0,0.0,18.483,1.778,1.784,449581000.0,388452000.0,2326533000.0,2326533000.0,0.0,0.058,0.109,0.141,0.096,-19139000.0,349812000.0,1.0,223821196.0,224548000.0,,10.361,2258998000.0,0.0,66610000.0,51565000.0,10.06,828656000.0
42,CAM,MRT,2005-06-30,2005-06-30,2005-06-30,2019-04-17,47385000.0,2535020000.0,2367310500.0,1319705000.0,1215315000.0,0.941,6.173,-45087000.0,308525000.0,308525000.0,1628304000.0,125703000.0,2.15,0.883,449400000.0,6343000.0,443057000.0,449400000.0,0.0,81353000.0,0.0,0.0,0.0,190493000.0,271846000.0,0.122,271846000.0,190493000.0,180428000.0,0.588,0.58,0.588,1346432000.0,1253616500.0,1346432000.0,3566456479.0,19.0,13.119,262825000.0,1.205,1.0,600083000.0,0.269,492005000.0,10065000.0,1570200000.0,1595406000.0,489734000.0,0.0,0.0,0.0,1188588000.0,613690000.0,574898000.0,3408633479.0,99918000.0,-207310000.0,86573000.0,-28032000.0,0.0,58541000.0,-255475000.0,0.0,307912000.0,-11060000.0,125703000.0,125703000.0,125703000.0,0.0,0.0,0.056,413650000.0,186433000.0,599284000.0,0.0,2.532,27.117,26.382,463335000.0,0.0,15.512,1.53,1.518,435399000.0,339234000.0,2228387000.0,2228387000.0,0.0,0.053,0.1,0.119,0.085,-12202000.0,332297000.0,1.0,219734632.0,218114000.0,,10.217,2043015000.0,0.0,54725000.0,45804000.0,9.367,706015000.0
43,CAM,MRT,2005-03-31,2005-03-31,2005-03-31,2019-04-17,75417000.0,2376892000.0,2277605500.0,1245249000.0,1131643000.0,0.956,5.998,-45159000.0,292244000.0,292244000.0,1621795000.0,105756000.0,2.456,0.842,450067000.0,6903000.0,443164000.0,450067000.0,0.0,82142000.0,0.0,0.0,0.0,168454000.0,250596000.0,0.115,250596000.0,168454000.0,150668000.0,0.5,0.493,0.5,1290487000.0,1194108500.0,1290487000.0,3329653579.0,20.0,13.287,198451000.0,0.922,1.0,556441000.0,0.255,418237000.0,17786000.0,1609480000.0,1592656000.0,452676000.0,0.0,0.0,0.0,1086405000.0,506998000.0,579407000.0,3090977579.0,-118814000.0,-87402000.0,4535000.0,-237800000.0,0.0,-233265000.0,-129121000.0,5224000.0,243610000.0,-38000.0,105756000.0,105756000.0,105756000.0,0.0,0.0,0.049,389682000.0,166759000.0,494905000.0,0.0,2.395,29.227,28.605,466434000.0,0.0,14.303,1.419,1.413,412186000.0,300603000.0,2178236000.0,2178236000.0,0.0,0.046,0.089,0.106,0.077,-12535000.0,307540000.0,1.0,216114496.0,215140000.0,,10.125,1958655000.0,0.0,44912000.0,43743000.0,9.104,738251000.0
44,CAM,MRT,2004-12-31,2004-12-31,2004-12-31,2019-04-17,94974000.0,2356430000.0,2284907500.0,1205324000.0,1151106000.0,0.916,5.59,-43348000.0,226998000.0,226998000.0,1560268000.0,94415000.0,2.282,0.919,465674000.0,7319000.0,458355000.0,465674000.0,0.0,82841000.0,0.0,0.0,0.0,150672000.0,233513000.0,0.112,233513000.0,150672000.0,132919000.0,0.445,0.44,0.445,1228247000.0,1157736750.0,1228247000.0,3167180137.0,21.0,13.563,151883000.0,0.691,1.0,532577000.0,0.254,415102000.0,17753000.0,1651744000.0,1576536000.0,454713000.0,0.0,0.0,0.0,1128183000.0,528260000.0,599923000.0,2955980137.0,-65118000.0,-171032000.0,-48991000.0,-21853000.0,0.0,-70844000.0,-192347000.0,22033000.0,195231000.0,2842000.0,94415000.0,94415000.0,94415000.0,0.0,0.0,0.045,382965000.0,149612000.0,516872000.0,0.0,2.407,31.308,30.23,478651000.0,0.0,13.453,1.412,1.412,424767000.0,272012000.0,2092845000.0,2092845000.0,0.0,0.041,0.082,0.096,0.072,-14704000.0,300124000.0,1.0,219734632.0,219734632.0,,9.524,1941328000.0,0.0,38504000.0,44457000.0,8.835,677064000.0
45,CAM,MRT,2004-09-30,2004-09-30,2004-09-30,2019-04-17,45900000.0,2200900000.0,2230971250.0,1135100000.0,1065800000.0,0.891,5.424,-55971000.0,257800000.0,257800000.0,1493196000.0,69467000.0,2.431,0.915,469000000.0,10700000.0,458300000.0,469000000.0,0.0,81831000.0,0.0,0.0,0.0,115785000.0,197616000.0,0.099,197616000.0,115785000.0,99164000.0,0.328,0.325,0.328,1149300000.0,1134855750.0,1149300000.0,3273761805.0,28.0,16.566,86084000.0,0.406,1.0,495647000.0,0.249,395000000.0,16621000.0,1550200000.0,1494006000.0,412600000.0,0.0,0.0,0.0,1051600000.0,466900000.0,584700000.0,3012561805.0,20341000.0,-92786000.0,-60992000.0,-12841000.0,0.0,-73833000.0,-56843000.0,79320000.0,142055000.0,8962000.0,69467000.0,69467000.0,69467000.0,0.0,0.0,0.035,380547000.0,115100000.0,442200000.0,0.0,2.621,43.367,41.799,440800000.0,0.0,13.71,1.515,1.461,377100000.0,243000000.0,1988843000.0,1988843000.0,0.0,0.031,0.061,0.077,0.058,6457000.0,298717000.0,1.0,219734632.0,211876000.0,,9.387,1805900000.0,0.0,29697000.0,64300000.0,8.523,668200000.0
46,CAM,MRT,2004-06-30,2004-06-30,2004-06-30,2019-04-17,37900000.0,2176200000.0,2206321250.0,1112300000.0,1063900000.0,0.852,5.21,-59680000.0,208600000.0,208600000.0,1403311000.0,76183000.0,2.283,0.963,469800000.0,10800000.0,459000000.0,469800000.0,0.0,82961000.0,0.0,0.0,0.0,119179000.0,202140000.0,0.108,202140000.0,119179000.0,102389000.0,0.355,0.345,0.355,1108400000.0,1123505750.0,1108400000.0,2879288077.0,24.0,14.244,32910000.0,0.155,1.0,476165000.0,0.253,390900000.0,16790000.0,1559200000.0,1443431000.0,425000000.0,0.0,0.0,0.0,1067800000.0,487300000.0,580500000.0,2616088077.0,-120093000.0,-85611000.0,-97904000.0,-12456000.0,0.0,-110360000.0,-109469000.0,24720000.0,92590000.0,7146000.0,76183000.0,76183000.0,76183000.0,0.0,0.0,0.041,374090000.0,102075000.0,461100000.0,0.0,2.36,34.34,34.296,453100000.0,0.0,12.175,1.392,1.378,366100000.0,213500000.0,1879476000.0,1879476000.0,0.0,0.035,0.068,0.083,0.063,-979000.0,291130000.0,1.0,214873764.0,212752000.0,,8.834,1785300000.0,0.0,26206000.0,63200000.0,8.391,625000000.0
47,CAM,MRT,2004-03-31,2004-03-31,2004-03-31,2019-04-17,51700000.0,2406100000.0,2182596250.0,1326800000.0,1079300000.0,0.795,5.317,-58608000.0,411100000.0,411100000.0,1270289000.0,78300000.0,1.81,1.101,674300000.0,270400000.0,403900000.0,674300000.0,0.0,83684000.0,0.0,0.0,0.0,111039000.0,194723000.0,0.112,194723000.0,111039000.0,102708000.0,0.363,0.35,0.363,1145000000.0,1122480750.0,1145000000.0,2552463080.0,23.0,13.108,8268000.0,0.038,1.0,465454000.0,0.268,391300000.0,8331000.0,1545000000.0,1368081000.0,488200000.0,5000000.0,5000000.0,0.0,1261100000.0,733000000.0,528100000.0,2375507080.0,117158000.0,-85422000.0,-54372000.0,198212000.0,0.0,143840000.0,-111289000.0,22896000.0,66876000.0,17731000.0,78300000.0,78300000.0,78300000.0,0.0,0.0,0.045,371618000.0,93836000.0,448300000.0,0.0,2.075,30.339,30.337,463500000.0,0.0,11.012,1.369,1.366,337200000.0,194900000.0,1735743000.0,1735743000.0,0.0,0.036,0.07,0.081,0.064,-979000.0,287935000.0,1.0,215710064.0,215340000.0,,8.06,2014800000.0,0.0,24408000.0,64200000.0,9.356,593800000.0
48,CAM,MRT,2003-12-31,2003-12-31,2003-12-31,2019-04-17,55329000.0,2140685000.0,2097871250.0,1147701000.0,992984000.0,0.779,5.263,-64665000.0,292116000.0,292116000.0,1181650000.0,69450000.0,1.688,0.883,469072000.0,265011000.0,204061000.0,469072000.0,0.0,83565000.0,0.0,0.0,0.0,97969000.0,181534000.0,0.111,181534000.0,97969000.0,89812000.0,0.32,0.31,0.32,1136723000.0,1099630750.0,1136723000.0,2747070961.0,28.0,15.133,36952000.0,0.171,1.0,452696000.0,0.277,316098000.0,8157000.0,1321624000.0,1357706000.0,473207000.0,22033000.0,22033000.0,0.0,1003962000.0,679919000.0,324043000.0,2516170961.0,18316000.0,0.0,-47372000.0,-496000.0,0.0,-47868000.0,-52106000.0,3387000.0,101617000.0,16673000.0,69450000.0,69450000.0,69450000.0,0.0,0.0,0.042,372134000.0,80562000.0,397326000.0,0.0,2.214,36.23,36.406,471333000.0,0.0,11.65,1.54,1.54,316135000.0,177597000.0,1634346000.0,1634346000.0,0.0,0.033,0.063,0.072,0.06,-979000.0,288569000.0,1.0,215980340.0,215980340.0,,7.567,1824587000.0,0.0,20362000.0,63631000.0,8.448,467782000.0
49,CAM,MRT,2003-09-30,2003-09-30,2003-09-30,2019-04-17,17900000.0,2102300000.0,2062117500.0,1131600000.0,970700000.0,0.764,5.073,-21088000.0,237500000.0,237500000.0,1130004000.0,63069000.0,1.671,0.904,468400000.0,261900000.0,206500000.0,468400000.0,0.0,82407000.0,0.0,0.0,0.0,88526000.0,170933000.0,0.108,170933000.0,88526000.0,80745000.0,0.29,0.285,0.29,1103900000.0,1075775750.0,1103900000.0,2669624842.0,30.0,15.618,70537000.0,0.324,1.0,445896000.0,0.283,308200000.0,7781000.0,1347900000.0,1406047500.0,465600000.0,79200000.0,79200000.0,0.0,998400000.0,677100000.0,321300000.0,2530924842.0,-28140000.0,-47550000.0,-33244000.0,-2448000.0,0.0,-35692000.0,-89817000.0,-30467000.0,91625000.0,5744000.0,63069000.0,63069000.0,63069000.0,0.0,0.0,0.04,375812000.0,70084000.0,397700000.0,0.0,2.293,40.129,39.836,463100000.0,0.0,11.553,1.606,1.595,311300000.0,173600000.0,1575900000.0,1575900000.0,0.0,0.031,0.059,0.063,0.056,0.0,293405000.0,1.0,219080272.0,217600000.0,,7.242,1794100000.0,0.0,17676000.0,63100000.0,8.245,454500000.0
50,CAM,MRT,2003-06-30,2003-06-30,2003-06-30,2019-04-17,12600000.0,2081300000.0,2028092500.0,1100100000.0,981200000.0,0.755,5.047,-31088000.0,328700000.0,328700000.0,1096404000.0,47569000.0,1.683,0.885,467400000.0,261200000.0,206200000.0,467400000.0,0.0,80507000.0,0.0,0.0,0.0,72826000.0,153333000.0,0.1,153333000.0,72826000.0,65245000.0,0.218,0.22,0.218,1104300000.0,1055125750.0,1104300000.0,2929329498.0,40.0,19.104,131937000.0,0.603,1.0,434196000.0,0.284,308400000.0,7581000.0,1257800000.0,1448747500.0,431200000.0,24400000.0,24400000.0,0.0,977000000.0,653800000.0,323200000.0,2755129498.0,104060000.0,-62250000.0,2956000.0,-3248000.0,0.0,-292000.0,-64917000.0,23733000.0,163025000.0,6244000.0,47569000.0,47569000.0,47569000.0,0.0,0.0,0.031,368412000.0,65784000.0,375300000.0,0.0,2.495,57.919,57.775,469800000.0,0.0,12.595,1.8,1.8,276300000.0,137400000.0,1530600000.0,1530600000.0,0.0,0.023,0.045,0.05,0.048,0.0,287905000.0,1.0,218747876.0,218800000.0,,6.995,1772900000.0,0.0,17676000.0,62900000.0,8.103,446300000.0
51,CAM,MRT,2003-03-31,2003-03-31,2003-03-31,2019-04-17,-14100000.0,2067200000.0,1989117500.0,1090400000.0,976800000.0,0.77,4.824,-39788000.0,293900000.0,293900000.0,1099704000.0,49469000.0,2.52,0.962,468100000.0,4900000.0,463200000.0,468100000.0,0.0,80007000.0,0.0,0.0,0.0,76826000.0,156833000.0,0.102,156833000.0,76826000.0,69045000.0,0.228,0.228,0.228,1053600000.0,1028175750.0,1053600000.0,2885200879.0,38.0,18.397,162037000.0,0.742,1.0,432596000.0,0.282,305200000.0,7781000.0,1503500000.0,1520447500.0,402300000.0,27800000.0,27800000.0,0.0,1013600000.0,432700000.0,580900000.0,2691188879.0,207560000.0,-62250000.0,5056000.0,-2148000.0,0.0,2908000.0,-6517000.0,89533000.0,201825000.0,9344000.0,49469000.0,49469000.0,49469000.0,0.0,0.0,0.032,363812000.0,68784000.0,410400000.0,0.0,2.554,54.402,54.287,466300000.0,0.0,12.377,1.756,1.764,329900000.0,116600000.0,1532300000.0,1532300000.0,0.0,0.025,0.048,0.051,0.05,0.0,283805000.0,1.0,217425884.0,218400000.0,,7.016,1762000000.0,0.0,19576000.0,63000000.0,8.068,657700000.0
52,CAM,MRT,2002-12-31,2002-12-31,2002-12-31,2019-04-17,-14789000.0,1997670000.0,1939142500.0,1017861000.0,979809000.0,0.793,4.789,-42688000.0,273800000.0,273800000.0,1102504000.0,60469000.0,2.716,0.918,467812000.0,4870000.0,462942000.0,467812000.0,0.0,77907000.0,0.0,0.0,0.0,93126000.0,171033000.0,0.111,171033000.0,93126000.0,85145000.0,0.28,0.275,0.28,1041303000.0,999925750.0,1041303000.0,2908639385.0,31.0,17.006,135137000.0,0.622,1.0,435596000.0,0.283,301882000.0,7981000.0,1514990000.0,1552772500.0,387218000.0,25290000.0,25290000.0,0.0,956367000.0,374810000.0,581557000.0,2708039385.0,162160000.0,-67750000.0,5156000.0,-7448000.0,0.0,-2292000.0,-25317000.0,78533000.0,177825000.0,11944000.0,60469000.0,60469000.0,60469000.0,0.0,0.0,0.039,351012000.0,84584000.0,354377000.0,0.0,2.601,44.784,44.482,475914000.0,0.0,12.455,1.761,1.761,304821000.0,108147000.0,1538100000.0,1538100000.0,0.0,0.031,0.06,0.06,0.061,0.0,273105000.0,1.0,217425884.0,217425884.0,,7.074,1695788000.0,0.0,24676000.0,61204000.0,7.799,643051000.0
53,CAM,MRT,2002-09-30,2002-09-30,2002-09-30,2019-04-17,-30900000.0,1966200000.0,1908488000.0,1020900000.0,945300000.0,0.817,4.702,-116104000.0,265600000.0,265600000.0,1095878000.0,92745000.0,2.729,0.925,466200000.0,6200000.0,460000000.0,466200000.0,0.0,81895000.0,0.0,0.0,0.0,145763000.0,227658000.0,0.146,227658000.0,145763000.0,131882000.0,0.43,0.413,0.43,1021300000.0,970420250.0,1021300000.0,2506331729.0,17.0,11.009,177318000.0,0.816,1.0,463621000.0,0.297,274000000.0,13881000.0,1518700000.0,1572885250.0,391400000.0,46800000.0,46800000.0,0.0,944900000.0,374100000.0,570800000.0,2263531729.0,197574000.0,-35078000.0,234000.0,-7080000.0,0.0,-6810000.0,-98108000.0,46868000.0,293422000.0,9070000.0,92745000.0,92745000.0,92745000.0,0.0,0.0,0.059,332798000.0,130823000.0,349400000.0,0.0,2.216,24.406,24.279,456600000.0,0.0,10.44,1.451,1.454,292900000.0,110500000.0,1559499000.0,1559499000.0,0.0,0.049,0.096,0.093,0.093,0.0,271103000.0,1.0,216813384.0,217200000.0,,7.18,1692200000.0,0.0,39137000.0,61200000.0,7.791,646800000.0
54,CAM,MRT,2002-06-30,2002-06-30,2002-06-30,2019-04-17,-29600000.0,1925400000.0,1875938000.0,991400000.0,934000000.0,0.849,4.596,-130204000.0,224600000.0,224600000.0,1112478000.0,106445000.0,2.797,0.932,467400000.0,7300000.0,460100000.0,467400000.0,0.0,83695000.0,0.0,0.0,0.0,164263000.0,247958000.0,0.156,247958000.0,164263000.0,152682000.0,0.493,0.47,0.493,996500000.0,939020250.0,996500000.0,2999172235.0,18.0,12.095,125218000.0,0.578,1.0,480421000.0,0.302,269200000.0,11581000.0,1544600000.0,1587785250.0,403500000.0,50200000.0,50200000.0,0.0,928900000.0,354400000.0,574500000.0,2619772235.0,40274000.0,-27178000.0,-23666000.0,-5180000.0,0.0,-29310000.0,-196308000.0,-45532000.0,255422000.0,10470000.0,106445000.0,106445000.0,106445000.0,0.0,0.0,0.067,328798000.0,151623000.0,328200000.0,0.0,2.629,24.612,24.554,454700000.0,0.0,12.105,1.645,1.648,293000000.0,89900000.0,1592899000.0,1592899000.0,0.0,0.057,0.113,0.103,0.103,0.0,265303000.0,1.0,216420672.0,216800000.0,,7.347,1656200000.0,0.0,46237000.0,61100000.0,7.639,637000000.0
55,CAM,MRT,2002-03-31,2002-03-31,2002-03-31,2019-04-17,-57900000.0,1867300000.0,1844463000.0,950000000.0,917300000.0,0.865,4.355,-129204000.0,86300000.0,86300000.0,1109978000.0,103545000.0,2.702,0.985,465700000.0,5200000.0,460500000.0,465700000.0,0.0,82995000.0,0.0,0.0,0.0,160963000.0,243958000.0,0.153,243958000.0,160963000.0,149482000.0,0.478,0.458,0.478,940600000.0,907220250.0,940600000.0,3118614436.0,19.0,12.783,40518000.0,0.188,1.0,484921000.0,0.304,262300000.0,11481000.0,1632800000.0,1565435250.0,421800000.0,118400000.0,118400000.0,0.0,926700000.0,351600000.0,575100000.0,2760625436.0,74074000.0,-52678000.0,-19966000.0,224520000.0,0.0,196190000.0,-291508000.0,-114732000.0,169722000.0,-330000.0,103545000.0,103545000.0,103545000.0,0.0,0.0,0.065,334598000.0,150323000.0,328300000.0,0.0,2.935,26.661,26.731,453900000.0,0.0,12.777,1.731,1.73,306300000.0,67200000.0,1594899000.0,1594899000.0,0.0,0.056,0.114,0.103,0.101,0.0,258803000.0,1.0,216053644.0,216000000.0,,7.384,1605000000.0,0.0,45937000.0,59800000.0,7.431,598400000.0
56,CAM,MRT,2001-12-31,2001-12-31,2001-12-31,2019-04-17,-53050000.0,1875052000.0,1758963000.0,964986000.0,910066000.0,0.889,4.278,-125004000.0,111640000.0,111640000.0,1081078000.0,98345000.0,2.554,1.031,469629000.0,10487000.0,459142000.0,469629000.0,0.0,83095000.0,0.0,0.0,0.0,156063000.0,239158000.0,0.153,239158000.0,156063000.0,142582000.0,0.455,0.438,0.455,923281000.0,882670250.0,923281000.0,2578718012.0,17.0,10.782,-82000.0,0.0,1.0,481821000.0,0.308,259829000.0,13481000.0,1595441000.0,1332160250.0,423819000.0,102071000.0,102071000.0,0.0,951771000.0,377771000.0,574000000.0,2177818012.0,95074000.0,-51778000.0,-18766000.0,270920000.0,0.0,243790000.0,-271608000.0,-99932000.0,124922000.0,-2030000.0,98345000.0,98345000.0,98345000.0,0.0,0.0,0.063,334398000.0,147423000.0,349236000.0,0.0,2.359,22.145,22.176,490264000.0,0.0,10.09,1.393,1.393,306205000.0,47678000.0,1562899000.0,1562899000.0,0.0,0.056,0.111,0.117,0.1,0.0,251303000.0,1.0,215839248.0,215839248.0,,7.241,1615223000.0,0.0,44237000.0,59713000.0,7.483,587215000.0
57,CAM,MRT,2001-09-30,2001-09-30,2001-09-30,2019-04-17,-49500000.0,1836000000.0,1663668250.0,967900000.0,868100000.0,0.903,4.116,-100799000.0,68100000.0,68100000.0,1054604000.0,58960000.0,2.615,1.05,469000000.0,11300000.0,457700000.0,469000000.0,0.0,77221000.0,0.0,0.0,0.0,97311000.0,174532000.0,0.116,174532000.0,97311000.0,86673000.0,0.265,0.257,0.265,895700000.0,862419750.0,895700000.0,2069519998.0,21.0,11.858,-70113000.0,-0.322,1.0,447429000.0,0.298,288500000.0,10638000.0,1578300000.0,1198787000.0,429900000.0,91300000.0,91300000.0,0.0,940300000.0,370100000.0,570200000.0,1786119998.0,52951000.0,-38529000.0,-17954000.0,273770000.0,0.0,247416000.0,-221525000.0,-92800000.0,30686000.0,-3626000.0,58960000.0,58960000.0,58960000.0,0.0,0.0,0.039,353094000.0,94335000.0,344000000.0,0.0,1.994,30.294,30.943,432400000.0,0.0,8.2,1.189,1.188,349200000.0,17900000.0,1502033000.0,1502033000.0,0.0,0.035,0.068,0.081,0.065,0.0,284973000.0,1.0,217819512.0,217600000.0,,6.903,1547500000.0,0.0,27713000.0,52100000.0,7.112,597800000.0
58,CAM,MRT,2001-06-30,2001-06-30,2001-06-30,2019-04-17,-61600000.0,1799500000.0,1578543250.0,965000000.0,834500000.0,0.909,4.002,-78599000.0,184400000.0,184400000.0,1012904000.0,32860000.0,2.687,1.07,467800000.0,10600000.0,457200000.0,467800000.0,0.0,74721000.0,0.0,0.0,0.0,67111000.0,141832000.0,0.099,141832000.0,67111000.0,51673000.0,0.148,0.145,0.148,869300000.0,848169750.0,869300000.0,3240953871.0,48.0,22.851,-98813000.0,-0.455,1.0,421929000.0,0.294,268600000.0,15438000.0,1455200000.0,1012062000.0,424500000.0,0.0,0.0,0.0,930200000.0,359100000.0,571100000.0,3019853871.0,171051000.0,-17729000.0,20646000.0,260170000.0,0.0,272916000.0,-76425000.0,0.0,-20214000.0,-5226000.0,32860000.0,32860000.0,32860000.0,0.0,0.0,0.023,357794000.0,64135000.0,336400000.0,0.0,3.474,91.901,94.257,412900000.0,0.0,13.95,2.105,2.112,325000000.0,-16500000.0,1434833000.0,1434833000.0,0.0,0.021,0.039,0.066,0.047,0.0,272973000.0,1.0,216476980.0,217200000.0,,6.606,1530900000.0,0.0,18813000.0,49900000.0,7.048,605900000.0
59,CAM,MRT,2001-03-31,2001-03-31,2001-03-31,2019-04-17,-55400000.0,1525300000.0,1497893250.0,724100000.0,801200000.0,0.921,3.893,-71499000.0,12300000.0,12300000.0,975504000.0,29260000.0,1.314,0.811,233400000.0,218300000.0,15100000.0,233400000.0,0.0,74321000.0,0.0,0.0,0.0,63811000.0,138132000.0,0.1,138132000.0,63811000.0,46173000.0,0.135,0.13,0.135,842400000.0,831944750.0,842400000.0,3097576934.0,49.0,22.425,-64413000.0,-0.298,1.0,404729000.0,0.293,495500000.0,17638000.0,699700000.0,852837000.0,417100000.0,0.0,0.0,0.0,682900000.0,551200000.0,131700000.0,2921870934.0,251000.0,7771000.0,35846000.0,-1830000.0,0.0,34016000.0,-34225000.0,0.0,7086000.0,-6626000.0,29260000.0,29260000.0,29260000.0,0.0,0.0,0.021,343894000.0,60835000.0,321100000.0,0.0,3.469,99.859,100.0,835400000.0,0.0,13.5,2.117,2.117,263400000.0,-36300000.0,1380233000.0,1380233000.0,0.0,0.02,0.035,0.075,0.046,0.0,267373000.0,1.0,216434884.0,216400000.0,,6.378,1029800000.0,0.0,16913000.0,50000000.0,4.759,172900000.0
60,CAM,MRT,2000-12-31,2000-12-31,2000-12-31,2019-04-17,-37105000.0,1493873000.0,1495743250.0,687986000.0,805887000.0,0.925,3.903,-66599000.0,16566000.0,16566000.0,985404000.0,27660000.0,1.988,0.774,192272000.0,4212000.0,188060000.0,192272000.0,0.0,75321000.0,0.0,0.0,0.0,61811000.0,137132000.0,0.099,137132000.0,61811000.0,43773000.0,0.13,0.125,0.13,842279000.0,814569750.0,842279000.0,3742362559.0,61.0,27.29,-46413000.0,-0.215,1.0,398329000.0,0.288,261600000.0,18038000.0,1061948000.0,888212000.0,372740000.0,0.0,0.0,0.0,651594000.0,346031000.0,305563000.0,3564362559.0,8351000.0,8171000.0,55446000.0,-17830000.0,0.0,37616000.0,-42725000.0,0.0,20186000.0,-6726000.0,27660000.0,27660000.0,27660000.0,0.0,0.0,0.02,339494000.0,58835000.0,325004000.0,0.0,4.232,128.863,127.038,403220000.0,0.0,16.515,2.576,2.576,268768000.0,-50667000.0,1383733000.0,1383733000.0,0.0,0.018,0.034,0.07,0.045,0.0,264173000.0,1.0,215825768.0,215825768.0,,6.411,1232273000.0,0.0,16113000.0,55268000.0,5.71,341955000.0
61,CAM,MRT,2000-09-30,2000-09-30,2000-09-30,2019-04-17,-45900000.0,1495500000.0,1489954750.0,728300000.0,767200000.0,0.92,3.926,-50109000.0,15100000.0,15100000.0,969876000.0,44402000.0,2.109,0.783,193100000.0,3800000.0,189300000.0,193100000.0,0.0,76416000.0,0.0,0.0,0.0,85750000.0,162166000.0,0.118,162166000.0,85750000.0,67216000.0,0.215,0.202,0.215,838700000.0,782519500.0,838700000.0,4097840146.0,48.0,25.269,-31087000.0,-0.146,1.0,401085000.0,0.293,496700000.0,18534000.0,831400000.0,865239000.0,391500000.0,0.0,0.0,0.0,656800000.0,345400000.0,311400000.0,3908640146.0,-119681000.0,2220000.0,-25434000.0,-76732000.0,0.0,-102166000.0,-34233000.0,0.0,19022000.0,-2304000.0,44402000.0,44402000.0,44402000.0,0.0,0.0,0.032,315335000.0,85750000.0,328100000.0,0.0,4.66,88.028,85.686,807900000.0,0.0,18.422,2.851,2.87,267800000.0,-41100000.0,1370961000.0,1370961000.0,0.0,0.03,0.057,0.099,0.063,0.0,197734000.0,1.0,212166652.0,213600000.0,,6.418,998800000.0,0.0,22814000.0,52300000.0,4.676,382900000.0
62,CAM,MRT,2000-06-30,2000-06-30,2000-06-30,2019-04-17,-37600000.0,1476900000.0,1518404750.0,703000000.0,773900000.0,0.918,3.816,-43809000.0,13300000.0,13300000.0,997876000.0,52002000.0,2.038,0.836,202500000.0,4200000.0,198300000.0,202500000.0,0.0,79716000.0,0.0,0.0,0.0,104650000.0,184366000.0,0.132,184366000.0,104650000.0,82816000.0,0.25,0.237,0.25,804400000.0,775819500.0,804400000.0,3690190833.0,35.0,20.016,16213000.0,0.077,1.0,396485000.0,0.284,502900000.0,21834000.0,818300000.0,853814000.0,401100000.0,0.0,0.0,0.0,672500000.0,344900000.0,327600000.0,3468290833.0,819000.0,191420000.0,-42234000.0,-165332000.0,0.0,-207566000.0,153867000.0,0.0,60022000.0,-5504000.0,52002000.0,52002000.0,52002000.0,0.0,0.0,0.037,291835000.0,104650000.0,329900000.0,0.0,4.312,66.695,66.04,810600000.0,0.0,16.51,2.487,2.496,240200000.0,-49400000.0,1394361000.0,1394361000.0,0.0,0.034,0.067,0.123,0.075,0.0,203434000.0,1.0,210072128.0,210800000.0,,6.615,974000000.0,0.0,30814000.0,49600000.0,4.62,358100000.0
63,CAM,MRT,2000-03-31,2000-03-31,2000-03-31,2019-04-17,-20500000.0,1516700000.0,1569054750.0,729700000.0,787000000.0,0.911,3.737,-47509000.0,12000000.0,12000000.0,1036776000.0,44902000.0,1.868,0.962,233900000.0,14300000.0,219600000.0,233900000.0,0.0,82116000.0,0.0,0.0,0.0,98450000.0,180566000.0,0.126,180566000.0,98450000.0,73416000.0,0.215,0.207,0.215,772900000.0,766544500.0,772900000.0,3660576235.0,37.0,20.273,43113000.0,0.208,1.0,392585000.0,0.275,506800000.0,25034000.0,841200000.0,915189000.0,401000000.0,0.0,0.0,0.0,743800000.0,390600000.0,353200000.0,3458459235.0,-4481000.0,191420000.0,-65334000.0,-170432000.0,0.0,-235766000.0,140667000.0,0.0,90622000.0,-4000.0,44902000.0,44902000.0,44902000.0,0.0,0.0,0.031,294135000.0,98450000.0,363500000.0,0.0,4.475,77.022,77.767,806900000.0,0.0,16.72,2.42,2.42,272800000.0,-65600000.0,1429361000.0,1429361000.0,0.0,0.029,0.059,0.108,0.069,0.0,202634000.0,1.0,206845648.0,206845648.0,,6.91,1009900000.0,0.0,28514000.0,51600000.0,4.882,339100000.0
64,CAM,MRT,1999-12-31,1999-12-31,1999-12-31,2019-04-17,-12039000.0,1470719000.0,1629879750.0,704573000.0,766146000.0,0.905,3.31,-64909000.0,8215000.0,8215000.0,1076276000.0,43002000.0,1.67,1.06,210332000.0,14472000.0,195860000.0,210332000.0,0.0,83716000.0,0.0,0.0,0.0,98750000.0,182466000.0,0.124,182466000.0,98750000.0,70916000.0,0.203,0.195,0.203,714078000.0,765594500.0,714078000.0,2772640039.0,28.0,15.195,75013000.0,0.348,1.0,398785000.0,0.27,280954000.0,27834000.0,970056000.0,991964000.0,400038000.0,0.0,0.0,0.0,756641000.0,421826000.0,334815000.0,2639240039.0,-13081000.0,195620000.0,-97134000.0,-196232000.0,0.0,-293366000.0,139967000.0,0.0,139922000.0,396000.0,43002000.0,43002000.0,43002000.0,0.0,0.0,0.029,300035000.0,98750000.0,394971000.0,0.0,3.696,61.375,60.271,419613000.0,0.0,12.235,1.789,1.789,271511000.0,-78327000.0,1475061000.0,1475061000.0,0.0,0.026,0.056,0.1,0.067,0.0,205734000.0,1.0,215712304.0,215712304.0,,6.838,1189765000.0,0.0,27914000.0,51314000.0,5.516,282747000.0
65,CAM,MRT,1999-09-30,1999-09-30,1999-09-30,2019-04-17,4800000.0,1609300000.0,1718100750.0,820600000.0,788700000.0,0.948,3.783,-90569000.0,134800000.0,134800000.0,1197322000.0,62556000.0,1.833,0.982,268200000.0,60200000.0,208000000.0,268200000.0,0.0,83274000.0,0.0,0.0,0.0,127649000.0,210923000.0,0.129,210923000.0,127649000.0,97228000.0,0.292,0.29,0.292,811900000.0,782146250.0,811900000.0,2385980818.0,19.0,11.312,124139000.0,0.578,1.0,431489000.0,0.265,509200000.0,30421000.0,785700000.0,1097691500.0,391200000.0,0.0,0.0,0.0,797400000.0,447800000.0,349600000.0,2025580818.0,113097000.0,203247000.0,-9318000.0,-214957000.0,0.0,-224275000.0,124770000.0,0.0,214708000.0,-2106000.0,62556000.0,62556000.0,62556000.0,0.0,0.0,0.038,303840000.0,127649000.0,366600000.0,0.0,2.495,32.38,32.32,790600000.0,0.0,9.438,1.244,1.244,266300000.0,-85500000.0,1628811000.0,1628811000.0,0.0,0.036,0.08,0.116,0.078,0.0,209310000.0,1.0,214631080.0,214631080.0,,7.589,1100100000.0,0.0,34672000.0,63000000.0,5.126,372800000.0
66,CAM,MRT,1999-06-30,1999-06-30,1999-06-30,2019-04-17,-15400000.0,1679500000.0,1788575750.0,826800000.0,852700000.0,0.969,3.6,-104469000.0,12500000.0,12500000.0,1259222000.0,77856000.0,1.804,1.189,372900000.0,60600000.0,312300000.0,372900000.0,0.0,79374000.0,0.0,0.0,0.0,143249000.0,222623000.0,0.128,222623000.0,143249000.0,111928000.0,0.365,0.362,0.365,767300000.0,769221250.0,767300000.0,2368586350.0,17.0,10.639,149139000.0,0.7,1.0,473389000.0,0.273,517700000.0,31321000.0,1063800000.0,1224166500.0,475100000.0,0.0,0.0,0.0,912200000.0,458400000.0,453800000.0,1974786350.0,-2503000.0,-9153000.0,-7818000.0,-143657000.0,0.0,-151475000.0,-104130000.0,0.0,253608000.0,-506000.0,77856000.0,77856000.0,77856000.0,0.0,0.0,0.045,330140000.0,143249000.0,364900000.0,0.0,2.574,25.365,25.384,942700000.0,0.0,9.265,1.14,1.14,310400000.0,-101400000.0,1732611000.0,1732611000.0,0.0,0.044,0.101,0.117,0.083,0.0,216810000.0,1.0,213144776.0,213144776.0,,8.129,1161800000.0,0.0,34072000.0,84600000.0,5.451,368400000.0
67,CAM,MRT,1999-03-31,1999-03-31,1999-03-31,2019-04-17,-3500000.0,1760000000.0,1832275750.0,898800000.0,861200000.0,1.01,3.609,-117269000.0,16500000.0,16500000.0,1322422000.0,113856000.0,1.854,1.288,410300000.0,50600000.0,359700000.0,410300000.0,0.0,76274000.0,0.0,0.0,0.0,196249000.0,272523000.0,0.147,272523000.0,196249000.0,163428000.0,0.537,0.522,0.537,769100000.0,754171250.0,769100000.0,2197594439.0,11.0,8.064,88139000.0,0.414,1.0,527889000.0,0.285,520600000.0,32821000.0,1148300000.0,1285716500.0,513500000.0,0.0,0.0,0.0,990900000.0,484900000.0,506000000.0,1804928439.0,-13303000.0,-93053000.0,-2118000.0,-12257000.0,0.0,-14375000.0,-201330000.0,0.0,205408000.0,-3006000.0,113856000.0,113856000.0,113856000.0,0.0,0.0,0.062,331640000.0,196249000.0,403100000.0,0.0,2.347,15.853,15.773,942100000.0,0.0,8.47,0.975,0.975,340200000.0,-110500000.0,1850311000.0,1850311000.0,0.0,0.062,0.151,0.153,0.106,0.0,227210000.0,1.0,213096628.0,213096628.0,,8.683,1239400000.0,0.0,49572000.0,83000000.0,5.816,413900000.0
68,CAM,MRT,1998-12-31,1998-12-31,1998-12-31,2019-04-17,17455000.0,1823603000.0,1812150750.0,966260000.0,857343000.0,1.045,3.665,-115469000.0,21296000.0,21296000.0,1340722000.0,136156000.0,1.824,1.337,413962000.0,49599000.0,364363000.0,413962000.0,0.0,72474000.0,0.0,0.0,0.0,228449000.0,300923000.0,0.159,300923000.0,228449000.0,195728000.0,0.645,0.62,0.645,780285000.0,724921250.0,780285000.0,1772551219.0,8.0,5.89,120139000.0,0.564,1.0,552589000.0,0.292,293461000.0,32721000.0,1392966000.0,1267666500.0,548053000.0,0.0,0.0,0.0,1043318000.0,529842000.0,513476000.0,1304151219.0,9697000.0,-99353000.0,-32618000.0,15743000.0,0.0,-16875000.0,-207430000.0,0.0,235608000.0,-1606000.0,136156000.0,136156000.0,136156000.0,0.0,0.0,0.072,324140000.0,228449000.0,453664000.0,0.0,1.671,9.578,9.496,490579000.0,0.0,6.125,0.689,0.689,366396000.0,-121329000.0,1893311000.0,1893311000.0,0.0,0.075,0.188,0.18,0.121,0.0,229710000.0,1.0,212922648.0,212922648.0,,8.892,1530142000.0,0.0,59572000.0,77727000.0,7.186,436418000.0
69,CAM,MRT,1998-09-30,1998-09-30,1998-09-30,2019-04-17,23800000.0,1891200000.0,1767057500.0,1051100000.0,840100000.0,1.087,3.581,-109096000.0,21700000.0,21700000.0,1347747000.0,156782000.0,1.899,1.488,490100000.0,52600000.0,437500000.0,490100000.0,0.0,70262000.0,0.0,0.0,0.0,257569000.0,327831000.0,0.171,327831000.0,257569000.0,225678000.0,0.745,0.708,0.745,760200000.0,690362750.0,760200000.0,2018453077.0,8.0,6.157,115110000.0,0.542,1.0,573362000.0,0.298,514400000.0,31891000.0,1291600000.0,1229267750.0,593800000.0,0.0,0.0,0.0,1131000000.0,553600000.0,577400000.0,1512453077.0,14342000.0,-99278000.0,-64492000.0,62488000.0,0.0,-2004000.0,-208374000.0,0.0,224206000.0,514000.0,156782000.0,156782000.0,156782000.0,0.0,0.0,0.082,315793000.0,257569000.0,488400000.0,0.0,1.99,9.647,9.564,918900000.0,0.0,7.125,0.787,0.787,410300000.0,-148100000.0,1921109000.0,1921109000.0,0.0,0.089,0.227,0.21,0.134,0.0,236131000.0,1.0,212274116.0,212274116.0,,9.05,1376800000.0,0.0,68896000.0,51600000.0,6.486,497500000.0
70,CAM,MRT,1998-06-30,1998-06-30,1998-06-30,2019-04-17,7700000.0,1854300000.0,,1040200000.0,814100000.0,,3.366,-103196000.0,15000000.0,15000000.0,1351547000.0,165382000.0,1.946,1.622,521000000.0,49800000.0,471200000.0,521000000.0,0.0,68562000.0,0.0,0.0,0.0,267469000.0,336031000.0,0.175,336031000.0,267469000.0,236978000.0,0.788,0.738,0.788,707100000.0,,707100000.0,3054690766.0,11.0,9.091,61510000.0,0.293,1.0,566862000.0,0.295,515700000.0,30491000.0,1310000000.0,,574000000.0,0.0,0.0,0.0,1147200000.0,534600000.0,612600000.0,2678390766.0,5142000.0,-90078000.0,-49392000.0,82188000.0,0.0,32796000.0,-193274000.0,0.0,164706000.0,914000.0,165382000.0,165382000.0,165382000.0,0.0,0.0,0.086,299393000.0,267469000.0,476100000.0,0.0,3.788,16.195,16.18,877900000.0,0.0,12.75,1.396,1.396,427300000.0,-179200000.0,1918409000.0,1918409000.0,0.0,,,,0.139,0.0,230831000.0,1.0,210069864.0,210069864.0,,9.132,1338600000.0,0.0,71596000.0,46900000.0,6.372,505600000.0
71,CAM,MRT,1998-03-31,1998-03-31,1998-03-31,2019-04-17,8300000.0,1679500000.0,,975700000.0,703800000.0,,3.107,-85696000.0,29800000.0,29800000.0,1320147000.0,154382000.0,1.843,1.576,406100000.0,49700000.0,356400000.0,406100000.0,0.0,66762000.0,0.0,0.0,0.0,248769000.0,315531000.0,0.17,315531000.0,248769000.0,219978000.0,0.738,0.69,0.738,652100000.0,,652100000.0,3533193243.0,14.0,11.198,95310000.0,0.454,1.0,536862000.0,0.289,450400000.0,28791000.0,1076100000.0,,546500000.0,0.0,0.0,0.0,1027400000.0,529300000.0,498100000.0,3167837243.0,21742000.0,-11478000.0,-45892000.0,-17112000.0,0.0,-63004000.0,-97174000.0,0.0,181006000.0,914000.0,154382000.0,154382000.0,154382000.0,0.0,0.0,0.083,288093000.0,248769000.0,467200000.0,0.0,4.858,20.519,20.454,823100000.0,0.0,15.095,1.706,1.706,370900000.0,-224300000.0,1857009000.0,1857009000.0,0.0,,,,0.134,0.0,221331000.0,1.0,209860036.0,209860036.0,,8.849,1229100000.0,0.0,65596000.0,47700000.0,5.857,446400000.0
72,CAM,MRT,1997-12-31,1997-12-31,1997-12-31,2019-04-17,7799000.0,1643230000.0,1556076000.0,960789000.0,682441000.0,1.161,3.059,-67396000.0,11599000.0,11599000.0,1296947000.0,140582000.0,1.817,1.559,376955000.0,48131000.0,328824000.0,376955000.0,0.0,65862000.0,0.0,0.0,0.0,227969000.0,293831000.0,0.163,293831000.0,227969000.0,199378000.0,0.675,0.632,0.675,642051000.0,579089500.0,642051000.0,,,,48310000.0,0.23,1.0,509162000.0,0.282,240420000.0,28591000.0,1239371000.0,1194863000.0,495539000.0,0.0,0.0,0.0,1001179000.0,528795000.0,472384000.0,3200365549.0,2542000.0,-6278000.0,-12592000.0,-26712000.0,0.0,-39304000.0,-73674000.0,0.0,115706000.0,-186000.0,140582000.0,140582000.0,140582000.0,0.0,0.0,0.078,281193000.0,227969000.0,470927000.0,0.0,4.985,22.765,22.593,395545000.0,0.0,15.25,1.772,1.772,428630000.0,-257485000.0,1806109000.0,1806109000.0,0.0,0.09,0.243,0.191,0.126,0.0,215331000.0,1.0,209860036.0,209860036.0,,8.606,1402810000.0,0.0,58796000.0,44702000.0,6.685,431994000.0
73,CAM,MRT,1997-09-30,1997-09-30,1997-09-30,2019-04-17,,,,,,,,,,,,,,,,,,,,,,0.0,0.0,,,,,,,,,,,,,,,,,,1.0,,,,,,,,,,,,,,,,,,,,,,,,,,,,,,,,,,,,,,,,17.953,,,,,,,,,,,,,,1.0,,,,,,,,,,
74,CAM,MRT,1997-06-30,1997-06-30,1997-06-30,2019-04-17,,,,,,,,,,,,,,,,,,,,,,0.0,0.0,,,,,,,,,,,,,,,,,,1.0,,,,,,,,,,,,,,,,,,,,,,,,,,,,,,,,,,,,,,,,11.688,,,,,,,,,,,,,,1.0,,,,,,,,,,
75,CAM,MRT,1997-03-31,1997-03-31,1997-03-31,2019-04-17,,,,,,,,,,,,,,,,,,,,,,0.0,0.0,,,,,,,,,,,,,,,,,,1.0,,,,,,,,,,,,,,,,,,,,,,,,,,,,,,,,,,,,,,,,8.563,,,,,,,,,,,,,,1.0,,,,,,,,,,
76,CAM,MRT,1996-12-31,1996-12-31,1996-12-31,2019-04-17,40632000.0,1468922000.0,,798231000.0,670691000.0,,,-34459000.0,9057000.0,9057000.0,1010558000.0,64184000.0,1.794,1.846,394648000.0,47100000.0,347548000.0,394648000.0,0.0,62480000.0,0.0,0.0,0.0,112892000.0,175372000.0,0.126,175372000.0,112892000.0,92014000.0,0.318,0.302,0.318,516128000.0,,516128000.0,,,,-21245000.0,,1.0,377629000.0,0.272,259317000.0,20878000.0,1150355000.0,,404268000.0,0.0,0.0,0.0,952794000.0,444841000.0,507953000.0,,-3017000.0,-113942000.0,4749000.0,130107000.0,0.0,134856000.0,-148401000.0,0.0,13214000.0,-2686000.0,64184000.0,64184000.0,64184000.0,0.0,0.0,0.046,264737000.0,112892000.0,391294000.0,0.0,,,30.071,369528000.0,0.0,9.563,,,360814000.0,-398067000.0,1388187000.0,1388187000.0,0.0,,,,0.081,0.0,194983000.0,1.0,,,,,1209605000.0,0.0,27830000.0,37715000.0,,353390000.0
77,CAM,MRT,1995-12-31,1995-12-31,1995-12-31,2019-04-17,,,,,,,,-33996000.0,,,881798000.0,-500053000.0,,,,,,,,71754000.0,,0.0,0.0,-473123000.0,-401369000.0,-0.351,-401369000.0,-473123000.0,-496396000.0,-2.495,-2.495,-2.495,,,,,,,108351000.0,,1.0,262237000.0,0.229,,23273000.0,,,,,,,,,,,12074000.0,14191000.0,0.0,-110459000.0,0.0,-109488000.0,-19805000.0,0.0,142347000.0,-980000.0,-500053000.0,-500053000.0,-500053000.0,0.0,0.0,-0.437,735360000.0,-473123000.0,,0.0,,,-1.779,,0.0,4.438,,,,,1144035000.0,1144035000.0,0.0,,,,-0.414,0.0,181097000.0,,,,,,,,3657000.0,,,
