None,ticker,dimension,calendardate,datekey,reportperiod,lastupdated,accoci,assets,assetsavg,assetsc,assetsnc,assetturnover,bvps,capex,cashneq,cashnequsd,cor,consolinc,currentratio,de,debt,debtc,debtnc,debtusd,deferredrev,depamor,deposits,divyield,dps,ebit,ebitda,ebitdamargin,ebitdausd,ebitusd,ebt,eps,epsdil,epsusd,equity,equityavg,equityusd,ev,evebit,evebitda,fcf,fcfps,fxusd,gp,grossmargin,intangibles,intexp,invcap,invcapavg,inventory,investments,investmentsc,investmentsnc,liabilities,liabilitiesc,liabilitiesnc,marketcap,ncf,ncfbus,ncfcommon,ncfdebt,ncfdiv,ncff,ncfi,ncfinv,ncfo,ncfx,netinc,netinccmn,netinccmnusd,netincdis,netincnci,netmargin,opex,opinc,payables,payoutratio,pb,pe,pe1,ppnenet,prefdivis,price,ps,ps1,receivables,retearn,revenue,revenueusd,rnd,roa,roe,roic,ros,sbcomp,sgna,sharefactor,sharesbas,shareswa,shareswadil,sps,tangibles,taxassets,taxexp,taxliabilities,tbvps,workingcapital
0,PGN1,MRY,2011-12-31,2011-12-31,2011-12-31,2021-05-24,-165000000.0,35059000000.0,33619500000.0,3483000000.0,31576000000.0,0.265,33.855,-2066000000.0,230000000.0,230000000.0,6022000000.0,582000000.0,0.853,2.498,13612000000.0,1621000000.0,11991000000.0,13612000000.0,0.0,870000000.0,340000000.0,0.049,2.739,1623000000.0,2493000000.0,0.28,2493000000.0,1623000000.0,898000000.0,1.94,1.94,1.94,10021000000.0,10056500000.0,10021000000.0,29408200379.0,18.0,11.796,-451000000.0,-1.524,1.0,2885000000.0,0.324,3655000000.0,725000000.0,40701000000.0,39361000000.0,1438000000.0,0.0,0.0,0.0,25034000000.0,4085000000.0,20949000000.0,16526200379.0,-381000000.0,0.0,53000000.0,953000000.0,-734000000.0,216000000.0,-2212000000.0,-47000000.0,1615000000.0,0.0,575000000.0,575000000.0,575000000.0,5000000.0,7020000.0,0.065,1297000000.0,1588000000.0,909000000.0,1.412,1.649,28.741,28.876,22497000000.0,0.0,56.02,1.855,1.862,889000000.0,2752000000.0,8907000000.0,8907000000.0,0.0,0.017,0.057,0.041,0.182,0.0,0.0,1.0,295005362.0,296000000,296000000.0,30.091,31404000000.0,371000000.0,323000000.0,2458000000.0,106.095,-602000000.0
1,PGN1,MRY,2010-12-31,2010-12-31,2010-12-31,2021-05-24,-125000000.0,33054000000.0,32507750000.0,3476000000.0,29578000000.0,0.313,34.443,-2221000000.0,611000000.0,611000000.0,6606000000.0,863000000.0,1.176,2.297,12642000000.0,505000000.0,12137000000.0,12642000000.0,0.0,1083000000.0,324000000.0,0.057,2.48,2142000000.0,3225000000.0,0.316,3225000000.0,2142000000.0,1395000000.0,2.95,2.95,2.95,10023000000.0,9894250000.0,10023000000.0,24627029118.0,11.0,7.636,316000000.0,1.086,1.0,3584000000.0,0.352,3655000000.0,747000000.0,38475000000.0,37622000000.0,1226000000.0,0.0,0.0,0.0,23027000000.0,2955000000.0,20072000000.0,12677029118.0,-114000000.0,0.0,434000000.0,51000000.0,-717000000.0,-251000000.0,-2400000000.0,-19000000.0,2537000000.0,0.0,856000000.0,856000000.0,856000000.0,4000000.0,7010000.0,0.084,1530000000.0,2054000000.0,994000000.0,0.841,1.265,14.81,14.67,21240000000.0,0.0,43.275,1.244,1.236,1033000000.0,2805000000.0,10190000000.0,10190000000.0,0.0,0.026,0.087,0.057,0.21,0.0,0.0,1.0,292938462.0,291000000,291000000.0,35.017,29399000000.0,156000000.0,539000000.0,1806000000.0,101.027,521000000.0
2,PGN1,MRY,2009-12-31,2009-12-31,2009-12-31,2021-05-24,-87000000.0,31236000000.0,30917750000.0,3531000000.0,27705000000.0,0.32,33.867,-2295000000.0,725000000.0,725000000.0,6557000000.0,761000000.0,1.328,2.305,12597000000.0,546000000.0,12051000000.0,12597000000.0,0.0,1135000000.0,300000000.0,0.061,2.48,1833000000.0,2968000000.0,0.3,2968000000.0,1833000000.0,1154000000.0,2.71,2.71,2.71,9449000000.0,9345000000.0,9449000000.0,23236503014.0,13.0,7.829,-24000000.0,-0.086,1.0,3328000000.0,0.337,3655000000.0,679000000.0,36795000000.0,36140250000.0,1325000000.0,0.0,0.0,0.0,21781000000.0,2658000000.0,19123000000.0,11413503014.0,545000000.0,0.0,623000000.0,868000000.0,-693000000.0,806000000.0,-2532000000.0,-36000000.0,2271000000.0,0.0,757000000.0,757000000.0,757000000.0,79000000.0,4280000.0,0.077,1556000000.0,1772000000.0,835000000.0,0.915,1.208,15.077,15.062,19733000000.0,0.0,40.817,1.155,1.152,800000000.0,2675000000.0,9885000000.0,9885000000.0,0.0,0.024,0.081,0.051,0.185,0.0,0.0,1.0,279626073.0,279000000,279000000.0,35.43,27581000000.0,145000000.0,397000000.0,1313000000.0,98.857,873000000.0
3,PGN1,MRY,2008-12-31,2008-12-31,2008-12-31,2021-05-24,-116000000.0,29873000000.0,28486500000.0,3520000000.0,26353000000.0,0.322,33.156,-2333000000.0,180000000.0,180000000.0,6140000000.0,836000000.0,1.01,2.438,11940000000.0,1050000000.0,10890000000.0,11940000000.0,0.0,957000000.0,282000000.0,0.062,2.46,1864000000.0,2821000000.0,0.308,2821000000.0,1864000000.0,1225000000.0,3.17,3.17,3.17,8687000000.0,8659750000.0,8687000000.0,21315692236.0,11.0,7.556,-1115000000.0,-4.256,1.0,3027000000.0,0.33,3655000000.0,639000000.0,34492000000.0,32056750000.0,1239000000.0,0.0,0.0,0.0,21180000000.0,3486000000.0,17694000000.0,10434692236.0,-75000000.0,0.0,132000000.0,1869000000.0,-642000000.0,1248000000.0,-2541000000.0,-56000000.0,1218000000.0,0.0,830000000.0,830000000.0,830000000.0,-58000000.0,5780000.0,0.091,1344000000.0,1683000000.0,912000000.0,0.776,1.201,12.572,12.512,18293000000.0,0.0,39.662,1.138,1.134,867000000.0,2622000000.0,9167000000.0,9167000000.0,0.0,0.029,0.096,0.058,0.203,0.0,0.0,1.0,263087236.0,262000000,262000000.0,34.989,26218000000.0,194000000.0,395000000.0,945000000.0,100.069,34000000.0
4,PGN1,MRY,2007-12-31,2007-12-31,2007-12-31,2021-05-24,-34000000.0,26338000000.0,26008000000.0,2802000000.0,23536000000.0,0.352,32.665,-1973000000.0,255000000.0,255000000.0,6171000000.0,496000000.0,0.849,2.137,10054000000.0,1078000000.0,8976000000.0,10054000000.0,0.0,1026000000.0,255000000.0,0.051,2.44,1426000000.0,2452000000.0,0.268,2452000000.0,1426000000.0,838000000.0,1.96,1.96,1.96,8395000000.0,8390500000.0,8395000000.0,22078075856.0,15.0,9.004,-721000000.0,-2.805,1.0,2982000000.0,0.326,3655000000.0,588000000.0,29180000000.0,28779000000.0,994000000.0,119000000.0,0.0,119000000.0,17943000000.0,3302000000.0,14641000000.0,12494075856.0,-10000000.0,675000000.0,151000000.0,616000000.0,-627000000.0,195000000.0,-1457000000.0,39000000.0,1252000000.0,0.0,504000000.0,504000000.0,504000000.0,206000000.0,181740000.0,0.055,1436000000.0,1546000000.0,819000000.0,1.245,1.488,24.79,24.593,16605000000.0,0.0,48.202,1.365,1.353,1122000000.0,2438000000.0,9153000000.0,9153000000.0,0.0,0.019,0.06,0.05,0.156,0.0,0.0,1.0,259201899.0,257000000,257000000.0,35.615,22683000000.0,24000000.0,334000000.0,500000000.0,88.261,-500000000.0
5,PGN1,MRY,2006-12-31,2006-12-31,2006-12-31,2021-05-24,-49000000.0,25707000000.0,26182250000.0,3614000000.0,22093000000.0,0.333,33.144,-1572000000.0,265000000.0,265000000.0,5691000000.0,571000000.0,1.282,2.102,9229000000.0,324000000.0,8905000000.0,9229000000.0,0.0,1190000000.0,227000000.0,0.05,2.42,1534000000.0,2724000000.0,0.312,2724000000.0,1534000000.0,910000000.0,2.28,2.28,2.28,8286000000.0,8037000000.0,8286000000.0,22595376484.0,15.0,8.295,429000000.0,1.716,1.0,3033000000.0,0.348,3655000000.0,624000000.0,28196000000.0,29700000000.0,936000000.0,73000000.0,71000000.0,2000000.0,17421000000.0,2820000000.0,14601000000.0,12417376484.0,-340000000.0,1657000000.0,185000000.0,-1978000000.0,-607000000.0,-2468000000.0,127000000.0,179000000.0,2001000000.0,0.0,571000000.0,571000000.0,571000000.0,-20000000.0,0.0,0.065,1546000000.0,1487000000.0,712000000.0,1.061,1.499,21.747,21.425,15245000000.0,0.0,48.849,1.423,1.4,930000000.0,2594000000.0,8724000000.0,8724000000.0,0.0,0.022,0.071,0.052,0.176,0.0,0.0,1.0,254198987.0,250000000,250000000.0,34.896,22052000000.0,142000000.0,339000000.0,747000000.0,88.208,794000000.0
6,PGN1,MRY,2005-12-31,2005-12-31,2005-12-31,2021-05-24,-104000000.0,27062000000.0,26235500000.0,6007000000.0,21055000000.0,0.303,32.543,-1313000000.0,605000000.0,605000000.0,5177000000.0,697000000.0,1.97,2.367,11134000000.0,688000000.0,10446000000.0,11134000000.0,0.0,1216000000.0,200000000.0,0.054,2.36,1570000000.0,2786000000.0,0.351,2786000000.0,1570000000.0,995000000.0,2.82,2.82,2.82,8038000000.0,7819750000.0,8038000000.0,21423996906.0,14.0,7.69,154000000.0,0.623,1.0,2771000000.0,0.349,3714000000.0,575000000.0,30828000000.0,29499000000.0,823000000.0,191000000.0,191000000.0,0.0,19024000000.0,3049000000.0,15975000000.0,11000996906.0,550000000.0,475000000.0,208000000.0,569000000.0,-582000000.0,227000000.0,-1144000000.0,-140000000.0,1467000000.0,0.0,697000000.0,697000000.0,697000000.0,-173000000.0,0.0,0.088,1383000000.0,1388000000.0,601000000.0,0.837,1.369,15.783,15.501,14520000000.0,0.0,43.713,1.384,1.358,997000000.0,2634000000.0,7948000000.0,7948000000.0,0.0,0.027,0.089,0.053,0.198,0.0,0.0,1.0,251662294.0,247000000,247000000.0,32.178,23348000000.0,37000000.0,298000000.0,477000000.0,94.526,2958000000.0
7,PGN1,MRY,2004-12-31,2004-12-31,2004-12-31,2021-05-24,-164000000.0,26044000000.0,26195500000.0,3032000000.0,23012000000.0,0.307,31.541,-1004000000.0,56000000.0,56000000.0,5346000000.0,759000000.0,0.983,2.412,10554000000.0,1033000000.0,9521000000.0,10554000000.0,0.0,1037000000.0,180000000.0,0.051,2.3,1392000000.0,2429000000.0,0.302,2429000000.0,1392000000.0,826000000.0,3.13,3.12,3.13,7633000000.0,7561500000.0,7633000000.0,21636839415.0,16.0,8.908,405000000.0,1.674,1.0,2707000000.0,0.336,4055000000.0,566000000.0,29404000000.0,29812500000.0,822000000.0,82000000.0,82000000.0,0.0,18411000000.0,3083000000.0,15328000000.0,11123839415.0,21000000.0,372000000.0,73000000.0,-11000000.0,-558000000.0,-485000000.0,-649000000.0,114000000.0,1409000000.0,0.0,759000000.0,759000000.0,759000000.0,-86000000.0,0.0,0.094,1435000000.0,1272000000.0,625000000.0,0.735,1.457,14.656,14.386,16136000000.0,0.0,45.027,1.381,1.353,896000000.0,2526000000.0,8053000000.0,8053000000.0,0.0,0.029,0.1,0.047,0.173,0.0,0.0,1.0,247047599.0,242000000,242000000.0,33.277,21989000000.0,112000000.0,67000000.0,824000000.0,90.864,-51000000.0
8,PGN1,MRY,2003-12-31,2003-12-31,2003-12-31,2021-05-24,-50000000.0,26093000000.0,24043544250.0,2889000000.0,23204000000.0,0.324,31.409,-1420000000.0,47000000.0,47000000.0,4907000000.0,782000000.0,1.09,2.505,10806000000.0,872000000.0,9934000000.0,10806000000.0,0.0,1110000000.0,167000000.0,0.05,2.24,1276000000.0,2386000000.0,0.306,2386000000.0,1276000000.0,669000000.0,3.3,3.28,3.3,7444000000.0,7132073000.0,7444000000.0,21567985281.0,17.0,9.039,168000000.0,0.709,1.0,2892000000.0,0.371,4083000000.0,607000000.0,30119000000.0,28110570250.0,907000000.0,226000000.0,226000000.0,0.0,18649000000.0,2650000000.0,15999000000.0,11039452281.0,-19000000.0,579000000.0,304000000.0,33000000.0,-541000000.0,-188000000.0,-1416000000.0,-263000000.0,1588000000.0,0.0,782000000.0,782000000.0,782000000.0,5000000.0,0.0,0.1,1548000000.0,1344000000.0,635000000.0,0.679,1.483,14.117,13.651,16401000000.0,0.0,45.047,1.415,1.369,1084000000.0,2330000000.0,7799000000.0,7799000000.0,0.0,0.033,0.11,0.045,0.164,0.0,0.0,1.0,245065096.0,237000000,237000000.0,32.907,22010000000.0,87000000.0,-113000000.0,891000000.0,92.869,239000000.0
9,PGN1,MRY,2002-12-31,2002-12-31,2002-12-31,2021-05-24,-238000000.0,24208000000.0,22266187500.0,2834000000.0,21374000000.0,0.363,30.77,-1727000000.0,61000000.0,61000000.0,5248000000.0,528000000.0,1.052,2.626,10717000000.0,970000000.0,9747000000.0,10717000000.0,0.0,1099000000.0,158000000.0,0.051,2.18,1003000000.0,2102000000.0,0.26,2102000000.0,1003000000.0,370000000.0,2.43,2.42,2.43,6677000000.0,6278375000.0,6677000000.0,20622739887.0,21.0,9.811,-100000000.0,-0.461,1.0,2843000000.0,0.351,3874000000.0,633000000.0,28296000000.0,26658624000.0,875000000.0,0.0,0.0,0.0,17531000000.0,2694000000.0,14837000000.0,9585006887.0,7000000.0,-322000000.0,687000000.0,379000000.0,-480000000.0,581000000.0,-2201000000.0,0.0,1627000000.0,0.0,528000000.0,528000000.0,528000000.0,24000000.0,0.0,0.065,1833000000.0,1010000000.0,659000000.0,0.897,1.436,18.153,17.756,15485000000.0,0.0,43.146,1.185,1.157,962000000.0,2087000000.0,8091000000.0,8091000000.0,0.0,0.024,0.084,0.038,0.124,0.0,0.0,1.0,222152799.0,217000000,217000000.0,37.286,20334000000.0,0.0,-158000000.0,1064000000.0,93.705,140000000.0
10,PGN1,MRY,2001-12-31,2001-12-31,2001-12-31,2021-05-24,-32180000.0,20890701000.0,20462857750.0,2897800000.0,17992901000.0,0.397,29.286,-1527000000.0,53708000.0,53708000.0,5228000000.0,542000000.0,0.843,2.48,10249326000.0,1630366000.0,8618960000.0,10249326000.0,0.0,1266000000.0,151968000.0,0.047,2.12,1061000000.0,2327000000.0,0.286,2327000000.0,1061000000.0,388000000.0,2.65,2.64,2.65,6003533000.0,5778003000.0,6003533000.0,19710172656.0,19.0,8.47,-154000000.0,-0.751,1.0,2901000000.0,0.357,3656970000.0,673000000.0,23990526000.0,24083845250.0,871643000.0,0.0,0.0,0.0,14887168000.0,3438823000.0,11448345000.0,9803478656.0,-46000000.0,53000000.0,488000000.0,224000000.0,-432000000.0,238000000.0,-1656000000.0,0.0,1373000000.0,0.0,542000000.0,542000000.0,542000000.0,-1000000.0,0.0,0.067,1665000000.0,1236000000.0,760116000.0,0.8,1.633,18.088,16.912,11593890000.0,0.0,44.818,1.206,1.13,978879000.0,2042605000.0,8129000000.0,8129000000.0,0.0,0.026,0.094,0.044,0.131,0.0,0.0,1.0,218739274.0,205000000,205000000.0,39.654,17233731000.0,0.0,-154000000.0,1632843000.0,84.067,-541023000.0
11,PGN1,MRY,2000-12-31,2000-12-31,2000-12-31,2021-05-24,0.0,20110701000.0,12345368250.0,2656130000.0,17454571000.0,0.305,34.512,-1011094000.0,101296000.0,101296000.0,1921144000.0,478361000.0,0.469,2.708,10046810000.0,4156711000.0,5890099000.0,10046810000.0,0.0,846984000.0,141744000.0,0.042,2.06,917441000.0,1764425000.0,0.468,1764425000.0,917441000.0,674863000.0,3.04,3.03,3.04,5424201000.0,3997749750.0,5424201000.0,11057660182.0,12.0,6.267,-158216000.0,-1.007,1.0,1847778000.0,0.49,3652429000.0,242578000.0,20741127000.0,14114079500.0,420985000.0,0.0,0.0,0.0,14686500000.0,5662659000.0,9023841000.0,7813269182.0,21057000.0,-3241775000.0,0.0,3970087000.0,-368004000.0,3602017000.0,-4434363000.0,0.0,852878000.0,0.0,478361000.0,478361000.0,478361000.0,-439000.0,0.0,0.127,1164552000.0,683226000.0,828568000.0,0.678,1.44,16.333,16.104,11166360000.0,0.0,48.956,2.073,2.042,925911000.0,1942510000.0,3768922000.0,3768922000.0,0.0,0.039,0.12,0.065,0.243,0.0,0.0,1.0,159597655.0,157169000,157169000.0,23.98,16458272000.0,0.0,196502000.0,2068447000.0,104.717,-3006529000.0
12,PGN1,MRY,1999-12-31,1999-12-31,1999-12-31,2021-05-24,0.0,9494019000.0,8955052750.0,1079333000.0,8414686000.0,0.376,23.005,-846856000.0,79871000.0,79871000.0,1871226000.0,379288000.0,1.208,1.782,3394051000.0,365490000.0,3028561000.0,3394051000.0,0.0,592001000.0,0.0,0.066,2.0,817173000.0,1409174000.0,0.419,1409174000.0,817173000.0,637709000.0,2.56,2.55,2.56,3412647000.0,3194925000.0,3412647000.0,7808071794.0,10.0,5.541,-17703000.0,-0.119,1.0,1493701000.0,0.444,288970000.0,179464000.0,11626104000.0,10974537250.0,247913000.0,0.0,0.0,0.0,6081372000.0,893125000.0,5188247000.0,4834654794.0,49123000.0,1876000.0,0.0,509092000.0,-293704000.0,221557000.0,-1001587000.0,0.0,829153000.0,0.0,379288000.0,379288000.0,379288000.0,0.0,0.0,0.113,645846000.0,847855000.0,269053000.0,0.781,1.417,12.747,11.834,7004795000.0,0.0,30.294,1.437,1.336,446367000.0,1807345000.0,3364927000.0,3364927000.0,0.0,0.042,0.119,0.074,0.243,0.0,0.0,1.0,159589744.0,148344000,148344000.0,22.683,9205049000.0,229008000.0,258421000.0,1836482000.0,62.052,186208000.0
13,PGN1,MRY,1998-12-31,1998-12-31,1998-12-31,2021-05-24,0.0,8401406000.0,8289067000.0,800856000.0,7600550000.0,0.385,20.49,-424263000.0,28872000.0,28872000.0,1708028000.0,396271000.0,1.345,1.83,2667586000.0,53172000.0,2614414000.0,2667586000.0,0.0,578348000.0,0.0,0.041,1.94,828001000.0,1406349000.0,0.441,1406349000.0,828001000.0,653765000.0,2.75,2.75,2.75,2949305000.0,2884056000.0,2949305000.0,9672506459.0,12.0,6.878,469918000.0,3.265,1.0,1483640000.0,0.465,67017000.0,174236000.0,10377603000.0,10238357000.0,224701000.0,0.0,0.0,0.0,5398101000.0,595500000.0,4856601000.0,7088496459.0,14446000.0,0.0,0.0,66516000.0,-282684000.0,-216616000.0,-663119000.0,0.0,894181000.0,0.0,396271000.0,396271000.0,396271000.0,0.0,0.0,0.124,636090000.0,847550000.0,319163000.0,0.705,2.403,17.888,17.033,6365554000.0,0.0,46.841,2.221,2.112,406418000.0,1728301000.0,3191668000.0,3191668000.0,0.0,0.048,0.137,0.081,0.259,0.0,0.0,1.0,151330894.0,143941000,143941000.0,22.173,8334389000.0,298894000.0,257494000.0,1890746000.0,57.901,205356000.0
14,PGN1,MRY,1997-12-31,1997-12-31,1997-12-31,2021-05-24,0.0,8176728000.0,8270795000.0,734806000.0,7441922000.0,0.367,19.623,-322205000.0,14426000.0,14426000.0,1605186000.0,388317000.0,1.07,1.901,2623635000.0,207979000.0,2415656000.0,2623635000.0,0.0,565212000.0,0.0,0.045,1.88,799321000.0,1364533000.0,0.449,1364533000.0,799321000.0,622033000.0,2.66,2.66,2.66,2818807000.0,2754630500.0,2818807000.0,,,,562552000.0,3.916,1.0,1431401000.0,0.471,0.0,177288000.0,10099111000.0,10207925000.0,183804000.0,0.0,0.0,0.0,5357921000.0,686826000.0,4671095000.0,,3485000.0,0.0,-23418000.0,-142403000.0,-277840000.0,-529511000.0,-351761000.0,0.0,884757000.0,0.0,388317000.0,382265000.0,382265000.0,0.0,0.0,0.126,645424000.0,785977000.0,246352000.0,0.707,,,15.855,6293510000.0,6052000.0,42.176,,1.995,406872000.0,1613881000.0,3036587000.0,3036587000.0,0.0,0.046,0.139,0.078,0.263,0.0,0.0,1.0,,143645000,143645000.0,21.14,8176728000.0,328818000.0,233716000.0,1944936000.0,56.923,47980000.0
15,PGN1,MRY,1996-12-31,1996-12-31,1996-12-31,2021-05-24,0.0,8364862000.0,,667700000.0,7697162000.0,,18.733,-369308000.0,10941000.0,10941000.0,1657744000.0,391277000.0,0.913,2.109,2693837000.0,168230000.0,2525607000.0,2693837000.0,0.0,446508000.0,0.0,0.05,1.82,832563000.0,1279071000.0,0.427,1279071000.0,832563000.0,647193000.0,2.66,2.66,2.66,2690454000.0,,2690454000.0,,,,542899000.0,3.78,1.0,1337971000.0,0.447,0.0,185370000.0,10316739000.0,,183178000.0,0.0,0.0,0.0,5674408000.0,731019000.0,4943389000.0,,-3548000.0,0.0,-25208000.0,-126668000.0,-270818000.0,-422694000.0,-493061000.0,0.0,912207000.0,0.0,391277000.0,381668000.0,381668000.0,0.0,0.0,0.127,554121000.0,783850000.0,375216000.0,0.684,,,13.657,6399919000.0,9609000.0,36.328,,1.742,384318000.0,,2995715000.0,2995715000.0,0.0,,,,0.278,0.0,0.0,1.0,,143621000,143621000.0,20.858,8364862000.0,384336000.0,255916000.0,2059955000.0,58.243,-63319000.0
16,PGN1,MRY,1995-12-31,1995-12-31,1995-12-31,2021-05-24,,,,,,,,-266400000.0,,,1677783000.0,372604000.0,,,,,,,,446662000.0,,0.051,1.76,821462000.0,1268124000.0,0.422,1268124000.0,821462000.0,613287000.0,2.48,2.48,2.48,,,,,,,606702000.0,4.149,1.0,1328770000.0,0.442,,208175000.0,,,,,,,,,,,-65750000.0,0.0,-132439000.0,-89788000.0,-267560000.0,-489787000.0,-449065000.0,0.0,873102000.0,0.0,372604000.0,362995000.0,362995000.0,0.0,0.0,0.121,536698000.0,792072000.0,,0.71,,,13.846,,9609000.0,34.338,,1.67,,,3006553000.0,3006553000.0,0.0,,,,0.273,0.0,0.0,1.0,,146232000,146232000.0,20.56,,,240683000.0,,,
0,PGN1,MRQ,2012-03-31,2012-03-31,2012-03-31,2021-05-24,-160000000.0,35975000000.0,,3835000000.0,32140000000.0,,33.7,-562000000.0,565000000.0,565000000.0,1424000000.0,152000000.0,0.805,2.594,14446000000.0,2431000000.0,12015000000.0,14446000000.0,0.0,200000000.0,343000000.0,0.052,0.62,411000000.0,611000000.0,0.292,611000000.0,411000000.0,226000000.0,0.51,0.51,0.51,10009000000.0,,10009000000.0,29061087888.0,19.0,11.989,-206000000.0,-0.694,1.0,668000000.0,0.319,3655000000.0,185000000.0,41439000000.0,,1447000000.0,0.0,0.0,0.0,25964000000.0,4762000000.0,21202000000.0,15679087888.0,335000000.0,0.0,3000000.0,829000000.0,-260000000.0,531000000.0,-552000000.0,-4000000.0,356000000.0,0.0,150000000.0,150000000.0,150000000.0,-11000000.0,2040000.0,0.072,304000000.0,364000000.0,878000000.0,1.216,1.566,28.982,29.022,22805000000.0,0.0,53.11,1.775,1.786,758000000.0,2718000000.0,2092000000.0,2092000000.0,0.0,,,,,0.0,0.0,1.0,295219128.0,297000000,297000000.0,7.044,32320000000.0,518000000.0,76000000.0,2738000000.0,108.822,-927000000.0
1,PGN1,MRQ,2011-12-31,2011-12-31,2011-12-31,2021-05-24,-165000000.0,35059000000.0,,3483000000.0,31576000000.0,,33.855,-531000000.0,230000000.0,230000000.0,1397000000.0,-74000000.0,0.853,2.498,13612000000.0,1621000000.0,11991000000.0,13612000000.0,0.0,238000000.0,340000000.0,0.049,0.879,44000000.0,282000000.0,0.162,282000000.0,44000000.0,-139000000.0,-0.26,-0.26,-0.26,10021000000.0,,10021000000.0,29408200379.0,18.0,11.796,-220000000.0,-0.743,1.0,340000000.0,0.196,3655000000.0,183000000.0,40701000000.0,,1438000000.0,0.0,0.0,0.0,25034000000.0,4085000000.0,20949000000.0,16526200379.0,127000000.0,0.0,11000000.0,622000000.0,-184000000.0,453000000.0,-637000000.0,-20000000.0,311000000.0,0.0,-76000000.0,-76000000.0,-76000000.0,1000000.0,2000000.0,-0.044,321000000.0,19000000.0,909000000.0,-3.381,1.649,28.741,28.876,22497000000.0,0.0,56.02,1.855,1.862,889000000.0,2752000000.0,1737000000.0,1737000000.0,0.0,,,,,0.0,0.0,1.0,295005362.0,296000000,296000000.0,5.868,31404000000.0,371000000.0,-63000000.0,2458000000.0,106.095,-602000000.0
2,PGN1,MRQ,2011-09-30,2011-09-30,2011-09-30,2021-05-24,-207000000.0,33677000000.0,,3425000000.0,30252000000.0,,34.162,-531000000.0,103000000.0,103000000.0,1680000000.0,293000000.0,0.965,2.33,12985000000.0,995000000.0,11990000000.0,12985000000.0,0.0,207000000.0,339000000.0,0.048,0.62,641000000.0,848000000.0,0.309,848000000.0,641000000.0,469000000.0,0.98,0.98,0.98,10112000000.0,,10112000000.0,27868119169.0,14.0,9.67,-7000000.0,-0.024,1.0,1067000000.0,0.388,3655000000.0,172000000.0,39356000000.0,,1376000000.0,0.0,0.0,0.0,23562000000.0,3548000000.0,20014000000.0,15165119169.0,51000000.0,0.0,16000000.0,223000000.0,-184000000.0,64000000.0,-537000000.0,-4000000.0,524000000.0,0.0,291000000.0,291000000.0,291000000.0,0.0,2000000.0,0.106,377000000.0,690000000.0,895000000.0,0.633,1.5,19.543,19.648,22015000000.0,0.0,51.477,1.598,1.605,1207000000.0,2905000000.0,2747000000.0,2747000000.0,0.0,,,,,0.0,0.0,1.0,294602077.0,296000000,296000000.0,9.28,30022000000.0,285000000.0,178000000.0,2414000000.0,101.426,-123000000.0
3,PGN1,MRQ,2011-06-30,2011-06-30,2011-06-30,2021-05-24,-142000000.0,33120000000.0,,3016000000.0,30104000000.0,,33.939,-503000000.0,52000000.0,52000000.0,1513000000.0,178000000.0,0.872,2.297,12755000000.0,1064000000.0,11691000000.0,12755000000.0,0.0,226000000.0,337000000.0,0.052,0.62,457000000.0,683000000.0,0.303,683000000.0,457000000.0,277000000.0,0.6,0.6,0.6,10046000000.0,,10046000000.0,26413305159.0,13.0,8.654,-169000000.0,-0.571,1.0,743000000.0,0.329,3655000000.0,180000000.0,38711000000.0,,1354000000.0,0.0,0.0,0.0,23071000000.0,3457000000.0,19614000000.0,14065305159.0,-120000000.0,0.0,18000000.0,235000000.0,-183000000.0,64000000.0,-518000000.0,-15000000.0,334000000.0,0.0,176000000.0,176000000.0,176000000.0,2000000.0,2000000.0,0.078,315000000.0,428000000.0,920000000.0,1.033,1.4,16.626,16.65,21749000000.0,0.0,47.784,1.449,1.457,1041000000.0,2798000000.0,2256000000.0,2256000000.0,0.0,,,,,0.0,0.0,1.0,294351281.0,296000000,296000000.0,7.622,29465000000.0,0.0,101000000.0,2008000000.0,99.544,-441000000.0
4,PGN1,MRQ,2011-03-31,2011-03-31,2011-03-31,2021-05-24,-121000000.0,32622000000.0,,2793000000.0,29829000000.0,,34.058,-501000000.0,172000000.0,172000000.0,1432000000.0,185000000.0,1.058,2.247,12520000000.0,379000000.0,12141000000.0,12520000000.0,0.0,199000000.0,335000000.0,0.054,0.62,481000000.0,680000000.0,0.314,680000000.0,481000000.0,291000000.0,0.62,0.62,0.62,10047000000.0,,10047000000.0,25511278657.0,12.0,8.206,-55000000.0,-0.186,1.0,735000000.0,0.339,3655000000.0,190000000.0,38676000000.0,,1276000000.0,0.0,0.0,0.0,22572000000.0,2639000000.0,19933000000.0,13480278657.0,-439000000.0,0.0,8000000.0,-127000000.0,-183000000.0,-365000000.0,-520000000.0,-8000000.0,446000000.0,0.0,184000000.0,184000000.0,184000000.0,2000000.0,990000.0,0.085,284000000.0,451000000.0,849000000.0,1.0,1.342,15.859,15.89,21482000000.0,0.0,45.923,1.372,1.379,880000000.0,2806000000.0,2167000000.0,2167000000.0,0.0,,,,,0.0,0.0,1.0,293541665.0,295000000,295000000.0,7.346,28967000000.0,36000000.0,107000000.0,1873000000.0,98.193,154000000.0
5,PGN1,MRQ,2010-12-31,2010-12-31,2010-12-31,2021-05-24,-125000000.0,33054000000.0,,3476000000.0,29578000000.0,,33.747,-578000000.0,611000000.0,611000000.0,1577000000.0,128000000.0,1.176,2.297,12642000000.0,505000000.0,12137000000.0,12642000000.0,0.0,279000000.0,324000000.0,0.057,0.62,392000000.0,671000000.0,0.289,671000000.0,392000000.0,208000000.0,0.42,0.42,0.42,10023000000.0,,10023000000.0,24627029118.0,11.0,7.636,55000000.0,0.185,1.0,744000000.0,0.321,3655000000.0,184000000.0,38475000000.0,,1226000000.0,0.0,0.0,0.0,23027000000.0,2955000000.0,20072000000.0,12677029118.0,-80000000.0,0.0,15000000.0,0.0,-182000000.0,-117000000.0,-596000000.0,-7000000.0,633000000.0,0.0,125000000.0,125000000.0,125000000.0,2000000.0,3010000.0,0.054,377000000.0,367000000.0,994000000.0,1.476,1.265,14.81,14.67,21240000000.0,0.0,43.275,1.244,1.236,1033000000.0,2805000000.0,2321000000.0,2321000000.0,0.0,,,,,0.0,0.0,1.0,292938462.0,297000000,297000000.0,7.815,29399000000.0,156000000.0,83000000.0,1806000000.0,98.987,521000000.0
6,PGN1,MRQ,2010-09-30,2010-09-30,2010-09-30,2021-05-24,-164000000.0,32706000000.0,,3706000000.0,29000000000.0,,34.085,-527000000.0,691000000.0,691000000.0,1827000000.0,365000000.0,1.067,2.263,12641000000.0,1005000000.0,11636000000.0,12641000000.0,0.0,249000000.0,321000000.0,0.056,0.62,769000000.0,1018000000.0,0.344,1018000000.0,769000000.0,580000000.0,1.23,1.23,1.23,10021000000.0,,10021000000.0,24886292739.0,12.0,8.101,218000000.0,0.741,1.0,1135000000.0,0.383,3655000000.0,189000000.0,37527000000.0,,1214000000.0,0.0,0.0,0.0,22682000000.0,3474000000.0,19208000000.0,12935292739.0,1000000.0,0.0,14000000.0,0.0,-181000000.0,-184000000.0,-560000000.0,11000000.0,745000000.0,0.0,361000000.0,361000000.0,361000000.0,2000000.0,4000000.0,0.122,382000000.0,753000000.0,827000000.0,0.504,1.291,14.616,14.401,20776000000.0,0.0,44.211,1.271,1.277,1112000000.0,2863000000.0,2962000000.0,2962000000.0,0.0,,,,,0.0,0.0,1.0,292581000.0,294000000,294000000.0,10.075,29051000000.0,7000000.0,219000000.0,1585000000.0,98.813,232000000.0
7,PGN1,MRQ,2010-06-30,2010-06-30,2010-06-30,2021-05-24,-131000000.0,32137000000.0,,3660000000.0,28477000000.0,,33.99,-561000000.0,690000000.0,690000000.0,1563000000.0,180000000.0,1.18,2.26,12641000000.0,705000000.0,11936000000.0,12641000000.0,0.0,270000000.0,316000000.0,0.064,0.62,470000000.0,740000000.0,0.312,740000000.0,470000000.0,278000000.0,0.62,0.62,0.62,9857000000.0,,9857000000.0,23128879598.0,12.0,7.546,12000000.0,0.041,1.0,809000000.0,0.341,3655000000.0,192000000.0,37330000000.0,,1237000000.0,0.0,0.0,0.0,22278000000.0,3103000000.0,19175000000.0,11209879598.0,-331000000.0,0.0,208000000.0,-300000000.0,-179000000.0,-279000000.0,-625000000.0,-14000000.0,573000000.0,0.0,180000000.0,180000000.0,180000000.0,1000000.0,0.0,0.076,369000000.0,440000000.0,954000000.0,1.0,1.137,14.539,14.351,20512000000.0,0.0,39.035,1.117,1.128,999000000.0,2684000000.0,2372000000.0,2372000000.0,0.0,,,,,0.0,0.0,1.0,287171852.0,290000000,290000000.0,8.179,28482000000.0,21000000.0,98000000.0,1401000000.0,98.214,557000000.0
8,PGN1,MRQ,2010-03-31,2010-03-31,2010-03-31,2021-05-24,-91000000.0,32134000000.0,,3830000000.0,28304000000.0,,34.07,-555000000.0,1021000000.0,1021000000.0,1639000000.0,190000000.0,1.181,2.32,12940000000.0,1006000000.0,11934000000.0,12940000000.0,0.0,285000000.0,309000000.0,0.063,0.62,511000000.0,796000000.0,0.314,796000000.0,511000000.0,329000000.0,0.67,0.67,0.67,9676000000.0,,9676000000.0,23242972371.0,12.0,7.704,31000000.0,0.109,1.0,896000000.0,0.353,3655000000.0,182000000.0,37156000000.0,,1232000000.0,0.0,0.0,0.0,22453000000.0,3242000000.0,19211000000.0,11149972371.0,296000000.0,0.0,197000000.0,351000000.0,-175000000.0,329000000.0,-619000000.0,-9000000.0,586000000.0,0.0,190000000.0,190000000.0,190000000.0,-1000000.0,0.0,0.075,402000000.0,494000000.0,860000000.0,0.925,1.152,14.575,14.402,20141000000.0,0.0,39.175,1.117,1.115,826000000.0,2686000000.0,2535000000.0,2535000000.0,0.0,,,,,0.0,0.0,1.0,284621114.0,284000000,284000000.0,8.926,28479000000.0,15000000.0,139000000.0,1354000000.0,100.278,588000000.0
9,PGN1,MRQ,2009-12-31,2009-12-31,2009-12-31,2021-05-24,-87000000.0,31236000000.0,,3531000000.0,27705000000.0,,33.867,-651000000.0,725000000.0,725000000.0,1743000000.0,156000000.0,1.328,2.305,12597000000.0,546000000.0,12051000000.0,12597000000.0,0.0,144000000.0,300000000.0,0.061,0.62,374000000.0,518000000.0,0.225,518000000.0,374000000.0,199000000.0,0.55,0.55,0.55,9449000000.0,,9449000000.0,23236503014.0,13.0,7.829,-150000000.0,-0.538,1.0,564000000.0,0.244,3655000000.0,175000000.0,36795000000.0,,1325000000.0,0.0,0.0,0.0,21781000000.0,2658000000.0,19123000000.0,11413503014.0,570000000.0,0.0,66000000.0,831000000.0,-173000000.0,778000000.0,-709000000.0,-10000000.0,501000000.0,0.0,154000000.0,154000000.0,154000000.0,-24000000.0,1910000.0,0.067,240000000.0,324000000.0,835000000.0,1.127,1.208,15.077,15.062,19733000000.0,0.0,40.817,1.155,1.152,800000000.0,2675000000.0,2307000000.0,2307000000.0,0.0,,,,,0.0,0.0,1.0,279626073.0,279000000,279000000.0,8.269,27581000000.0,145000000.0,45000000.0,1313000000.0,98.857,873000000.0
10,PGN1,MRQ,2009-09-30,2009-09-30,2009-09-30,2021-05-24,-99000000.0,30658000000.0,,3049000000.0,27609000000.0,,33.504,-472000000.0,155000000.0,155000000.0,1623000000.0,248000000.0,1.105,2.267,11978000000.0,650000000.0,11328000000.0,11978000000.0,0.0,415000000.0,294000000.0,0.064,0.62,596000000.0,1011000000.0,0.358,1011000000.0,596000000.0,428000000.0,0.88,0.88,0.88,9381000000.0,,9381000000.0,22639036705.0,13.0,7.423,203000000.0,0.725,1.0,1201000000.0,0.425,3655000000.0,168000000.0,36066000000.0,,1352000000.0,0.0,0.0,0.0,21271000000.0,2760000000.0,18511000000.0,10858036705.0,-297000000.0,0.0,12000000.0,-250000000.0,-173000000.0,-406000000.0,-566000000.0,-4000000.0,675000000.0,0.0,247000000.0,247000000.0,247000000.0,102000000.0,1360000.0,0.087,525000000.0,676000000.0,771000000.0,0.705,1.157,15.293,15.186,19434000000.0,0.0,38.876,1.115,1.118,939000000.0,2695000000.0,2824000000.0,2824000000.0,0.0,,,,,0.0,0.0,1.0,279297789.0,280000000,280000000.0,10.086,27003000000.0,8000000.0,181000000.0,1184000000.0,96.439,289000000.0
11,PGN1,MRQ,2009-06-30,2009-06-30,2009-06-30,2021-05-24,-96000000.0,30874000000.0,,3705000000.0,27169000000.0,,33.175,-533000000.0,452000000.0,452000000.0,1567000000.0,174000000.0,1.151,2.323,12233000000.0,900000000.0,11333000000.0,12233000000.0,0.0,263000000.0,290000000.0,0.066,0.62,429000000.0,692000000.0,0.299,692000000.0,429000000.0,260000000.0,0.62,0.62,0.62,9289000000.0,,9289000000.0,22239359593.0,12.0,7.666,167000000.0,0.596,1.0,745000000.0,0.322,3655000000.0,169000000.0,35782000000.0,,1353000000.0,0.0,0.0,0.0,21579000000.0,3218000000.0,18361000000.0,10506359593.0,-180000000.0,0.0,0.0,-132000000.0,-174000000.0,-314000000.0,-566000000.0,-12000000.0,700000000.0,0.0,174000000.0,174000000.0,174000000.0,1000000.0,0.0,0.075,366000000.0,379000000.0,853000000.0,1.0,1.131,13.609,13.165,18974000000.0,0.0,37.652,1.093,1.097,882000000.0,2621000000.0,2312000000.0,2312000000.0,0.0,,,,,0.0,0.0,1.0,279038627.0,280000000,280000000.0,8.257,27219000000.0,72000000.0,86000000.0,1063000000.0,97.211,487000000.0
12,PGN1,MRQ,2009-03-31,2009-03-31,2009-03-31,2021-05-24,-107000000.0,30903000000.0,,3988000000.0,26915000000.0,,33.433,-639000000.0,632000000.0,632000000.0,1624000000.0,183000000.0,1.302,2.336,12365000000.0,730000000.0,11635000000.0,12365000000.0,0.0,313000000.0,286000000.0,0.068,0.62,434000000.0,747000000.0,0.306,747000000.0,434000000.0,267000000.0,0.66,0.66,0.66,9261000000.0,,9261000000.0,21808498913.0,12.0,7.554,-244000000.0,-0.881,1.0,818000000.0,0.335,3655000000.0,167000000.0,35918000000.0,,1300000000.0,0.0,0.0,0.0,21636000000.0,3063000000.0,18573000000.0,10048498913.0,452000000.0,0.0,545000000.0,419000000.0,-173000000.0,748000000.0,-691000000.0,-10000000.0,395000000.0,0.0,182000000.0,182000000.0,182000000.0,0.0,1000000.0,0.075,425000000.0,393000000.0,780000000.0,0.939,1.085,12.514,11.95,18636000000.0,0.0,36.089,1.053,1.048,844000000.0,2621000000.0,2442000000.0,2442000000.0,0.0,,,,,0.0,0.0,1.0,278433758.0,277000000,277000000.0,8.816,27248000000.0,30000000.0,85000000.0,1013000000.0,98.368,925000000.0
13,PGN1,MRQ,2008-12-31,2008-12-31,2008-12-31,2021-05-24,-116000000.0,29873000000.0,,3520000000.0,26353000000.0,,32.781,-573000000.0,180000000.0,180000000.0,1496000000.0,107000000.0,1.01,2.438,11940000000.0,1050000000.0,10890000000.0,11940000000.0,0.0,254000000.0,282000000.0,0.062,0.615,346000000.0,600000000.0,0.278,600000000.0,346000000.0,173000000.0,0.4,0.4,0.4,8687000000.0,,8687000000.0,21315692236.0,11.0,7.556,-714000000.0,-2.694,1.0,665000000.0,0.308,3655000000.0,173000000.0,34492000000.0,,1239000000.0,0.0,0.0,0.0,21180000000.0,3486000000.0,17694000000.0,10434692236.0,-223000000.0,-63000000.0,26000000.0,655000000.0,-161000000.0,565000000.0,-647000000.0,-20000000.0,-141000000.0,0.0,107000000.0,107000000.0,107000000.0,9000000.0,66030000.0,0.05,344000000.0,321000000.0,912000000.0,1.538,1.201,12.572,12.512,18293000000.0,0.0,39.662,1.138,1.134,867000000.0,2622000000.0,2161000000.0,2161000000.0,0.0,,,,,0.0,0.0,1.0,263087236.0,265000000,265000000.0,8.155,26218000000.0,194000000.0,66000000.0,945000000.0,98.936,34000000.0
14,PGN1,MRQ,2008-09-30,2008-09-30,2008-09-30,2021-05-24,-26000000.0,28237000000.0,,3149000000.0,25088000000.0,,33.691,-500000000.0,403000000.0,403000000.0,1758000000.0,310000000.0,1.027,2.199,11284000000.0,895000000.0,10389000000.0,11284000000.0,0.0,236000000.0,272000000.0,0.057,0.615,626000000.0,862000000.0,0.32,862000000.0,626000000.0,459000000.0,1.18,1.18,1.18,8827000000.0,,8827000000.0,21409343943.0,12.0,7.614,-498000000.0,-1.901,1.0,938000000.0,0.348,3655000000.0,167000000.0,32396000000.0,,1117000000.0,173000000.0,64000000.0,109000000.0,19410000000.0,3067000000.0,16343000000.0,11246343943.0,-1020000000.0,-1000000.0,64000000.0,-299000000.0,-161000000.0,-402000000.0,-620000000.0,-16000000.0,2000000.0,0.0,309000000.0,309000000.0,309000000.0,-1000000.0,0.0,0.115,347000000.0,591000000.0,944000000.0,0.521,1.274,13.615,13.628,17915000000.0,0.0,42.927,1.221,1.221,996000000.0,2705000000.0,2696000000.0,2696000000.0,0.0,,,,,0.0,0.0,1.0,261987408.0,262000000,262000000.0,10.29,24582000000.0,0.0,150000000.0,856000000.0,93.824,82000000.0
15,PGN1,MRQ,2008-06-30,2008-06-30,2008-06-30,2021-05-24,-28000000.0,29292000000.0,,4482000000.0,24810000000.0,,32.977,-642000000.0,1423000000.0,1423000000.0,1514000000.0,205000000.0,1.159,2.403,11586000000.0,1193000000.0,10393000000.0,11586000000.0,0.0,232000000.0,268000000.0,0.059,0.615,446000000.0,678000000.0,0.302,678000000.0,446000000.0,300000000.0,0.78,0.78,0.78,8607000000.0,,8607000000.0,20782609554.0,11.0,7.331,-62000000.0,-0.238,1.0,730000000.0,0.325,3655000000.0,146000000.0,31933000000.0,,1123000000.0,1137000000.0,520000000.0,617000000.0,20685000000.0,3867000000.0,16818000000.0,10879609554.0,1023000000.0,-31000000.0,22000000.0,1267000000.0,-161000000.0,1132000000.0,-689000000.0,-5000000.0,580000000.0,0.0,205000000.0,205000000.0,205000000.0,-5000000.0,5020000.0,0.091,324000000.0,406000000.0,1078000000.0,0.788,1.264,13.014,12.97,17501000000.0,0.0,41.633,1.175,1.173,934000000.0,2558000000.0,2244000000.0,2244000000.0,0.0,,,,,0.0,0.0,1.0,261320773.0,261000000,261000000.0,8.598,25637000000.0,0.0,95000000.0,385000000.0,98.226,615000000.0
16,PGN1,MRQ,2008-03-31,2008-03-31,2008-03-31,2021-05-24,-42000000.0,26544000000.0,,2598000000.0,23946000000.0,,32.762,-618000000.0,400000000.0,400000000.0,1372000000.0,214000000.0,0.767,2.116,10303000000.0,1402000000.0,8901000000.0,10303000000.0,0.0,235000000.0,262000000.0,0.059,0.615,446000000.0,681000000.0,0.33,681000000.0,446000000.0,293000000.0,0.8,0.8,0.8,8518000000.0,,8518000000.0,20594158800.0,15.0,8.602,159000000.0,0.612,1.0,694000000.0,0.336,3655000000.0,153000000.0,29406000000.0,,999000000.0,428000000.0,218000000.0,210000000.0,18026000000.0,3386000000.0,14640000000.0,10795158800.0,145000000.0,95000000.0,20000000.0,246000000.0,-159000000.0,-47000000.0,-585000000.0,-15000000.0,777000000.0,0.0,209000000.0,209000000.0,209000000.0,-61000000.0,65230000.0,0.101,329000000.0,365000000.0,794000000.0,0.769,1.267,24.646,24.705,16986000000.0,0.0,41.504,1.18,1.18,767000000.0,2514000000.0,2066000000.0,2066000000.0,0.0,,,,,0.0,0.0,1.0,260100680.0,260000000,260000000.0,7.946,22889000000.0,3000000.0,84000000.0,490000000.0,88.035,-788000000.0
17,PGN1,MRQ,2007-12-31,2007-12-31,2007-12-31,2021-05-24,-34000000.0,26338000000.0,,2802000000.0,23536000000.0,,32.288,-562000000.0,255000000.0,255000000.0,1559000000.0,95000000.0,0.849,2.137,10054000000.0,1078000000.0,8976000000.0,10054000000.0,0.0,270000000.0,255000000.0,0.051,0.61,321000000.0,591000000.0,0.268,591000000.0,321000000.0,164000000.0,0.39,0.4,0.39,8395000000.0,,8395000000.0,22078075856.0,15.0,9.004,-48000000.0,-0.185,1.0,643000000.0,0.292,3655000000.0,157000000.0,29180000000.0,,994000000.0,119000000.0,0.0,119000000.0,17943000000.0,3302000000.0,14641000000.0,12494075856.0,-362000000.0,17000000.0,17000000.0,-389000000.0,-158000000.0,-487000000.0,-389000000.0,172000000.0,514000000.0,0.0,103000000.0,103000000.0,103000000.0,9000000.0,181740000.0,0.047,359000000.0,284000000.0,819000000.0,1.564,1.488,24.79,24.593,16605000000.0,0.0,48.202,1.365,1.353,1122000000.0,2438000000.0,2202000000.0,2202000000.0,0.0,,,,,0.0,0.0,1.0,259201899.0,260000000,260000000.0,8.469,22683000000.0,24000000.0,61000000.0,500000000.0,87.242,-500000000.0
18,PGN1,MRQ,2007-09-30,2007-09-30,2007-09-30,2021-05-24,-54000000.0,26573000000.0,,3544000000.0,23029000000.0,,32.786,-512000000.0,617000000.0,617000000.0,1775000000.0,319000000.0,1.102,2.154,10201000000.0,1014000000.0,9187000000.0,10201000000.0,0.0,252000000.0,250000000.0,0.052,0.61,633000000.0,885000000.0,0.322,885000000.0,633000000.0,479000000.0,1.24,1.24,1.24,8426000000.0,,8426000000.0,21340603428.0,13.0,7.63,49000000.0,0.191,1.0,975000000.0,0.355,3655000000.0,154000000.0,29285000000.0,,999000000.0,363000000.0,363000000.0,0.0,18147000000.0,3217000000.0,14930000000.0,12072603428.0,531000000.0,12000000.0,12000000.0,838000000.0,-158000000.0,731000000.0,-761000000.0,-184000000.0,561000000.0,0.0,319000000.0,319000000.0,319000000.0,-8000000.0,0.0,0.116,365000000.0,610000000.0,826000000.0,0.492,1.433,18.431,18.073,16229000000.0,0.0,46.63,1.441,1.43,1148000000.0,2521000000.0,2750000000.0,2750000000.0,0.0,,,,,0.0,0.0,1.0,258904622.0,257000000,257000000.0,10.7,22918000000.0,50000000.0,160000000.0,453000000.0,89.175,327000000.0
19,PGN1,MRQ,2007-06-30,2007-06-30,2007-06-30,2021-05-24,-44000000.0,25402000000.0,,2823000000.0,22579000000.0,,32.188,-428000000.0,86000000.0,86000000.0,1460000000.0,-193000000.0,0.948,2.083,9354000000.0,918000000.0,8436000000.0,9354000000.0,0.0,254000000.0,246000000.0,0.054,0.61,-17000000.0,237000000.0,0.111,237000000.0,-17000000.0,-152000000.0,-0.75,-0.75,-0.75,8240000000.0,,8240000000.0,20871586031.0,13.0,7.508,-567000000.0,-2.215,1.0,669000000.0,0.314,3655000000.0,135000000.0,28036000000.0,,1035000000.0,108000000.0,108000000.0,0.0,17162000000.0,2979000000.0,14183000000.0,11700586031.0,-47000000.0,616000000.0,57000000.0,50000000.0,-156000000.0,-43000000.0,135000000.0,-9000000.0,-139000000.0,0.0,-193000000.0,-193000000.0,-193000000.0,331000000.0,0.0,-0.091,368000000.0,301000000.0,761000000.0,-0.813,1.42,17.863,17.385,15794000000.0,0.0,45.375,1.392,1.382,1006000000.0,2361000000.0,2129000000.0,2129000000.0,0.0,,,,,0.0,0.0,1.0,257861484.0,256000000,256000000.0,8.316,21747000000.0,36000000.0,41000000.0,398000000.0,84.949,-156000000.0
20,PGN1,MRQ,2007-03-31,2007-03-31,2007-03-31,2021-05-24,-50000000.0,25719000000.0,,3388000000.0,22331000000.0,,33.469,-471000000.0,133000000.0,133000000.0,1377000000.0,275000000.0,1.293,2.025,9304000000.0,521000000.0,8783000000.0,9304000000.0,0.0,250000000.0,236000000.0,0.048,0.61,489000000.0,739000000.0,0.357,739000000.0,489000000.0,347000000.0,1.08,1.08,1.08,8501000000.0,,8501000000.0,21801569344.0,12.0,7.368,-155000000.0,-0.61,1.0,695000000.0,0.335,3655000000.0,142000000.0,28615000000.0,,1013000000.0,113000000.0,113000000.0,0.0,17218000000.0,2620000000.0,14598000000.0,12907569344.0,-132000000.0,30000000.0,65000000.0,117000000.0,-155000000.0,-6000000.0,-442000000.0,60000000.0,316000000.0,0.0,275000000.0,275000000.0,275000000.0,-126000000.0,0.0,0.133,344000000.0,351000000.0,652000000.0,0.565,1.518,16.114,15.837,15579000000.0,0.0,50.203,1.506,1.487,960000000.0,2711000000.0,2072000000.0,2072000000.0,0.0,,,,,0.0,0.0,1.0,257109374.0,254000000,254000000.0,8.157,22064000000.0,17000000.0,72000000.0,462000000.0,86.866,768000000.0
21,PGN1,MRQ,2006-12-31,2006-12-31,2006-12-31,2021-05-24,-49000000.0,25707000000.0,,3614000000.0,22093000000.0,,33.144,-559000000.0,265000000.0,265000000.0,664000000.0,254000000.0,1.282,2.102,9229000000.0,324000000.0,8905000000.0,9229000000.0,0.0,393000000.0,227000000.0,0.05,0.605,543000000.0,936000000.0,0.656,936000000.0,543000000.0,388000000.0,1.01,1.02,1.01,8286000000.0,,8286000000.0,22595376484.0,15.0,8.295,-67000000.0,-0.268,1.0,763000000.0,0.535,3655000000.0,155000000.0,28196000000.0,,936000000.0,73000000.0,71000000.0,2000000.0,17421000000.0,2820000000.0,14601000000.0,12417376484.0,-70000000.0,1109000000.0,112000000.0,-1352000000.0,-153000000.0,-1345000000.0,755000000.0,255000000.0,492000000.0,0.0,254000000.0,254000000.0,254000000.0,-90000000.0,0.0,0.178,311000000.0,452000000.0,712000000.0,0.599,1.499,21.747,21.425,15245000000.0,0.0,48.849,1.423,1.4,930000000.0,2594000000.0,1427000000.0,1427000000.0,0.0,,,,,0.0,0.0,1.0,254198987.0,250000000,250000000.0,5.708,22052000000.0,142000000.0,134000000.0,747000000.0,88.208,794000000.0
22,PGN1,MRQ,2006-09-30,2006-09-30,2006-09-30,2021-05-24,-96000000.0,26380000000.0,,3957000000.0,22423000000.0,,31.956,-343000000.0,335000000.0,335000000.0,1823000000.0,319000000.0,1.323,2.289,10513000000.0,700000000.0,9813000000.0,10513000000.0,0.0,268000000.0,222000000.0,0.053,0.605,600000000.0,868000000.0,0.313,868000000.0,600000000.0,452000000.0,1.27,1.27,1.27,8021000000.0,,8021000000.0,21730846852.0,13.0,7.574,221000000.0,0.88,1.0,953000000.0,0.343,3877000000.0,148000000.0,29690000000.0,,953000000.0,333000000.0,333000000.0,0.0,18359000000.0,2991000000.0,15368000000.0,11442846852.0,71000000.0,327000000.0,13000000.0,-46000000.0,-151000000.0,-185000000.0,-273000000.0,-246000000.0,564000000.0,0.0,319000000.0,319000000.0,319000000.0,-36000000.0,0.0,0.115,396000000.0,557000000.0,613000000.0,0.476,1.427,24.243,24.025,15567000000.0,0.0,45.166,1.436,1.423,1061000000.0,2495000000.0,2776000000.0,2776000000.0,0.0,,,,,0.0,0.0,1.0,253348322.0,251000000,251000000.0,11.06,22503000000.0,126000000.0,133000000.0,372000000.0,89.653,966000000.0
23,PGN1,MRQ,2006-06-30,2006-06-30,2006-06-30,2021-05-24,-87000000.0,26154000000.0,,3336000000.0,22818000000.0,,31.376,-366000000.0,264000000.0,264000000.0,1613000000.0,-47000000.0,1.324,2.334,10552000000.0,460000000.0,10092000000.0,10552000000.0,0.0,262000000.0,214000000.0,0.056,0.605,154000000.0,416000000.0,0.181,416000000.0,154000000.0,-4000000.0,-0.19,-0.19,-0.19,7844000000.0,,7844000000.0,21341804849.0,13.0,7.619,137000000.0,0.548,1.0,685000000.0,0.298,3889000000.0,158000000.0,30033000000.0,,948000000.0,95000000.0,95000000.0,0.0,18310000000.0,2520000000.0,15790000000.0,10793804849.0,1000000.0,118000000.0,32000000.0,-255000000.0,-152000000.0,-430000000.0,-75000000.0,186000000.0,503000000.0,0.0,-47000000.0,-47000000.0,-47000000.0,66000000.0,0.0,-0.02,475000000.0,210000000.0,654000000.0,-3.184,1.376,17.9,17.559,16016000000.0,0.0,42.668,1.325,1.309,998000000.0,2328000000.0,2298000000.0,2298000000.0,0.0,,,,,0.0,0.0,1.0,252970295.0,250000000,250000000.0,9.192,22265000000.0,44000000.0,43000000.0,403000000.0,89.06,816000000.0
24,PGN1,MRQ,2006-03-31,2006-03-31,2006-03-31,2021-05-24,-90000000.0,26488000000.0,,3206000000.0,23282000000.0,,32.116,-304000000.0,263000000.0,263000000.0,1591000000.0,45000000.0,1.454,2.312,10811000000.0,363000000.0,10448000000.0,10811000000.0,0.0,267000000.0,207000000.0,0.054,0.605,237000000.0,504000000.0,0.227,504000000.0,237000000.0,74000000.0,0.18,0.18,0.18,7997000000.0,,7997000000.0,21571486386.0,14.0,7.743,138000000.0,0.554,1.0,632000000.0,0.284,3950000000.0,163000000.0,30881000000.0,,908000000.0,217000000.0,217000000.0,0.0,18491000000.0,2205000000.0,16286000000.0,11043486386.0,-342000000.0,103000000.0,28000000.0,-325000000.0,-151000000.0,-508000000.0,-280000000.0,-16000000.0,442000000.0,0.0,45000000.0,45000000.0,45000000.0,40000000.0,0.0,0.02,364000000.0,268000000.0,542000000.0,3.361,1.381,17.016,16.771,16362000000.0,0.0,43.773,1.361,1.343,1014000000.0,2527000000.0,2223000000.0,2223000000.0,0.0,,,,,0.0,0.0,1.0,252289683.0,249000000,249000000.0,8.928,22538000000.0,2000000.0,29000000.0,425000000.0,90.514,1001000000.0
25,PGN1,MRQ,2005-12-31,2005-12-31,2005-12-31,2021-05-24,-104000000.0,27062000000.0,,6007000000.0,21055000000.0,,32.152,-521000000.0,605000000.0,605000000.0,-149000000.0,155000000.0,1.97,2.367,11134000000.0,688000000.0,10446000000.0,11134000000.0,0.0,423000000.0,200000000.0,0.054,0.59,658000000.0,1081000000.0,1.611,1081000000.0,658000000.0,554000000.0,0.62,0.62,0.62,8038000000.0,,8038000000.0,21423996906.0,14.0,7.69,135000000.0,0.54,1.0,820000000.0,1.222,3714000000.0,104000000.0,30828000000.0,,823000000.0,191000000.0,191000000.0,0.0,19024000000.0,3049000000.0,15975000000.0,11000996906.0,404000000.0,17000000.0,15000000.0,506000000.0,-147000000.0,423000000.0,-736000000.0,-196000000.0,656000000.0,0.0,155000000.0,155000000.0,155000000.0,-153000000.0,0.0,0.231,288000000.0,532000000.0,601000000.0,0.952,1.369,15.783,15.501,14520000000.0,0.0,43.713,1.384,1.358,997000000.0,2634000000.0,671000000.0,671000000.0,0.0,,,,,0.0,0.0,1.0,251662294.0,250000000,250000000.0,2.684,23348000000.0,37000000.0,399000000.0,477000000.0,93.392,2958000000.0
26,PGN1,MRQ,2005-09-30,2005-09-30,2005-09-30,2021-05-24,-212000000.0,26538000000.0,,3191000000.0,23347000000.0,,31.867,-133000000.0,205000000.0,205000000.0,2050000000.0,450000000.0,0.937,2.358,10628000000.0,1369000000.0,9259000000.0,10628000000.0,0.0,259000000.0,195000000.0,0.053,0.59,541000000.0,800000000.0,0.271,800000000.0,541000000.0,385000000.0,1.82,1.81,1.82,7903000000.0,,7903000000.0,21610520457.0,19.0,10.127,149000000.0,0.601,1.0,904000000.0,0.306,4029000000.0,156000000.0,29525000000.0,,802000000.0,0.0,0.0,0.0,18635000000.0,3407000000.0,15228000000.0,11189520457.0,61000000.0,14000000.0,22000000.0,69000000.0,-146000000.0,-48000000.0,-127000000.0,32000000.0,282000000.0,0.0,450000000.0,450000000.0,450000000.0,-16000000.0,0.0,0.152,394000000.0,510000000.0,684000000.0,0.324,1.416,15.203,14.896,16246000000.0,0.0,44.539,1.268,1.252,1200000000.0,2630000000.0,2954000000.0,2954000000.0,0.0,,,,,0.0,0.0,1.0,251227350.0,248000000,248000000.0,11.911,22509000000.0,45000000.0,-65000000.0,565000000.0,90.762,-216000000.0
27,PGN1,MRQ,2005-06-30,2005-06-30,2005-06-30,2021-05-24,-113000000.0,25646000000.0,,2543000000.0,23103000000.0,,31.199,-352000000.0,141000000.0,141000000.0,1781000000.0,-1000000.0,0.834,2.341,10562000000.0,1251000000.0,9311000000.0,10562000000.0,0.0,266000000.0,189000000.0,0.052,0.59,135000000.0,401000000.0,0.177,401000000.0,135000000.0,-24000000.0,-0.01,-0.01,-0.01,7675000000.0,,7675000000.0,21754364408.0,18.0,9.712,-55000000.0,-0.224,1.0,484000000.0,0.214,4040000000.0,159000000.0,28977000000.0,,801000000.0,40000000.0,40000000.0,0.0,17971000000.0,3050000000.0,14921000000.0,11197364408.0,-139000000.0,46000000.0,111000000.0,-292000000.0,-144000000.0,-311000000.0,-137000000.0,183000000.0,297000000.0,0.0,-1000000.0,-1000000.0,-1000000.0,7000000.0,0.0,0.0,348000000.0,136000000.0,576000000.0,-59.0,1.459,19.011,18.606,16133000000.0,0.0,45.027,1.342,1.328,995000000.0,2327000000.0,2265000000.0,2265000000.0,0.0,,,,,0.0,0.0,1.0,248680504.0,246000000,246000000.0,9.207,21606000000.0,100000000.0,-23000000.0,702000000.0,87.829,-507000000.0
28,PGN1,MRQ,2005-03-31,2005-03-31,2005-03-31,2021-05-24,-159000000.0,25696000000.0,,2803000000.0,22893000000.0,,31.406,-307000000.0,280000000.0,280000000.0,1519000000.0,93000000.0,0.792,2.353,10837000000.0,1839000000.0,8998000000.0,10837000000.0,0.0,268000000.0,186000000.0,0.055,0.59,254000000.0,522000000.0,0.242,522000000.0,254000000.0,92000000.0,0.38,0.38,0.38,7663000000.0,,7663000000.0,20868914259.0,15.0,8.645,-75000000.0,-0.307,1.0,634000000.0,0.294,4049000000.0,162000000.0,28666000000.0,,772000000.0,229000000.0,229000000.0,0.0,18033000000.0,3538000000.0,14495000000.0,10376914259.0,224000000.0,398000000.0,60000000.0,286000000.0,-145000000.0,163000000.0,-144000000.0,-159000000.0,232000000.0,0.0,93000000.0,93000000.0,93000000.0,11000000.0,0.0,0.043,382000000.0,252000000.0,582000000.0,1.553,1.354,13.947,13.645,15983000000.0,0.0,41.753,1.265,1.242,931000000.0,2475000000.0,2153000000.0,2153000000.0,0.0,,,,,0.0,0.0,1.0,248533367.0,244000000,244000000.0,8.824,21647000000.0,65000000.0,-1000000.0,776000000.0,88.717,-735000000.0
29,PGN1,MRQ,2004-12-31,2004-12-31,2004-12-31,2021-05-24,-164000000.0,26044000000.0,,3032000000.0,23012000000.0,,31.541,-173000000.0,56000000.0,56000000.0,1050000000.0,194000000.0,0.983,2.412,10554000000.0,1033000000.0,9521000000.0,10554000000.0,0.0,193000000.0,180000000.0,0.051,0.575,218000000.0,411000000.0,0.283,411000000.0,218000000.0,121000000.0,0.8,0.8,0.8,7633000000.0,,7633000000.0,21636839415.0,16.0,8.908,-31000000.0,-0.128,1.0,404000000.0,0.278,4055000000.0,97000000.0,29404000000.0,,822000000.0,82000000.0,82000000.0,0.0,18411000000.0,3083000000.0,15328000000.0,11123839415.0,0.0,260000000.0,14000000.0,229000000.0,-140000000.0,162000000.0,-50000000.0,-112000000.0,142000000.0,0.0,194000000.0,194000000.0,194000000.0,-58000000.0,0.0,0.133,260000000.0,144000000.0,625000000.0,0.719,1.457,14.656,14.386,16136000000.0,0.0,45.027,1.381,1.353,896000000.0,2526000000.0,1454000000.0,1454000000.0,0.0,,,,,0.0,0.0,1.0,247047599.0,242000000,242000000.0,6.008,21989000000.0,112000000.0,-73000000.0,824000000.0,90.864,-51000000.0
30,PGN1,MRQ,2004-09-30,2004-09-30,2004-09-30,2021-05-24,-62000000.0,26620000000.0,,2796000000.0,23824000000.0,,31.527,-265000000.0,57000000.0,57000000.0,1499000000.0,303000000.0,0.909,2.475,10570000000.0,1016000000.0,9554000000.0,10570000000.0,0.0,295000000.0,174000000.0,0.054,0.575,611000000.0,906000000.0,0.367,906000000.0,611000000.0,457000000.0,1.25,1.24,1.25,7661000000.0,,7661000000.0,20884045215.0,15.0,8.5,100000000.0,0.412,1.0,971000000.0,0.393,4014000000.0,154000000.0,30042000000.0,,935000000.0,0.0,0.0,0.0,18959000000.0,3077000000.0,15882000000.0,10400045215.0,5000000.0,18000000.0,0.0,0.0,-140000000.0,-127000000.0,-245000000.0,24000000.0,365000000.0,0.0,303000000.0,303000000.0,303000000.0,-11000000.0,0.0,0.123,408000000.0,563000000.0,940000000.0,0.46,1.358,15.927,15.666,16750000000.0,0.0,42.141,1.35,1.329,1025000000.0,2475000000.0,2470000000.0,2470000000.0,0.0,,,,,0.0,0.0,1.0,246793015.0,243000000,243000000.0,10.165,22606000000.0,0.0,154000000.0,986000000.0,93.029,-281000000.0
31,PGN1,MRQ,2004-06-30,2004-06-30,2004-06-30,2021-05-24,-56000000.0,26235000000.0,,2608000000.0,23627000000.0,,31.004,-279000000.0,78000000.0,78000000.0,1447000000.0,154000000.0,0.871,2.497,10562000000.0,971000000.0,9591000000.0,10562000000.0,0.0,278000000.0,172000000.0,0.052,0.575,297000000.0,575000000.0,0.271,575000000.0,297000000.0,142000000.0,0.63,0.63,0.63,7503000000.0,,7503000000.0,21420639032.0,18.0,9.358,256000000.0,1.058,1.0,676000000.0,0.318,4036000000.0,155000000.0,29690000000.0,,775000000.0,0.0,0.0,0.0,18732000000.0,2993000000.0,15739000000.0,10810639032.0,13000000.0,10000000.0,30000000.0,-68000000.0,-137000000.0,-174000000.0,-330000000.0,-25000000.0,535000000.0,0.0,154000000.0,154000000.0,154000000.0,-8000000.0,0.0,0.073,389000000.0,287000000.0,684000000.0,0.913,1.441,16.184,15.828,16822000000.0,0.0,43.843,1.406,1.38,1099000000.0,2313000000.0,2123000000.0,2123000000.0,0.0,,,,,0.0,0.0,1.0,246577745.0,242000000,242000000.0,8.773,22199000000.0,0.0,-12000000.0,709000000.0,91.731,-385000000.0
32,PGN1,MRQ,2004-03-31,2004-03-31,2004-03-31,2021-05-24,-61000000.0,25883000000.0,,2361000000.0,23522000000.0,,30.909,-287000000.0,41000000.0,41000000.0,1350000000.0,108000000.0,1.013,2.475,10651000000.0,739000000.0,9912000000.0,10651000000.0,0.0,271000000.0,169000000.0,0.048,0.575,266000000.0,537000000.0,0.268,537000000.0,266000000.0,106000000.0,0.45,0.45,0.45,7449000000.0,,7449000000.0,22043351054.0,19.0,9.681,80000000.0,0.332,1.0,656000000.0,0.327,4048000000.0,160000000.0,30114000000.0,,782000000.0,0.0,0.0,0.0,18434000000.0,2331000000.0,16103000000.0,11510351054.0,3000000.0,84000000.0,29000000.0,-172000000.0,-141000000.0,-346000000.0,-24000000.0,227000000.0,367000000.0,0.0,108000000.0,108000000.0,108000000.0,-9000000.0,0.0,0.054,378000000.0,278000000.0,618000000.0,1.278,1.545,17.154,16.735,16706000000.0,0.0,46.858,1.511,1.482,987000000.0,2299000000.0,2006000000.0,2006000000.0,0.0,,,,,0.0,0.0,1.0,245640831.0,241000000,241000000.0,8.324,21835000000.0,0.0,-2000000.0,868000000.0,90.602,30000000.0
33,PGN1,MRQ,2003-12-31,2003-12-31,2003-12-31,2021-05-24,-50000000.0,26093000000.0,,2889000000.0,23204000000.0,,31.017,-185000000.0,47000000.0,47000000.0,532000000.0,88000000.0,1.09,2.505,10806000000.0,872000000.0,9934000000.0,10806000000.0,0.0,257000000.0,167000000.0,0.05,0.56,182000000.0,439000000.0,0.397,439000000.0,182000000.0,30000000.0,0.36,0.35,0.36,7444000000.0,,7444000000.0,21567985281.0,17.0,9.039,-28000000.0,-0.117,1.0,573000000.0,0.519,4083000000.0,152000000.0,30119000000.0,,907000000.0,226000000.0,226000000.0,0.0,18649000000.0,2650000000.0,15999000000.0,11039452281.0,-58000000.0,579000000.0,27000000.0,238000000.0,-138000000.0,134000000.0,-346000000.0,-263000000.0,157000000.0,0.0,88000000.0,88000000.0,88000000.0,0.0,0.0,0.08,336000000.0,237000000.0,635000000.0,1.556,1.483,14.117,13.651,16401000000.0,0.0,45.047,1.415,1.369,1084000000.0,2330000000.0,1105000000.0,1105000000.0,0.0,,,,,0.0,0.0,1.0,245065096.0,240000000,240000000.0,4.604,22010000000.0,87000000.0,-58000000.0,891000000.0,91.708,239000000.0
34,PGN1,MRQ,2003-09-30,2003-09-30,2003-09-30,2021-05-24,-221603000.0,23279332000.0,,2576730000.0,20702602000.0,,30.461,-327000000.0,100146000.0,100146000.0,1567000000.0,318000000.0,1.037,2.198,10628679000.0,868008000.0,9760671000.0,10628679000.0,0.0,281000000.0,167755000.0,0.05,0.56,457000000.0,738000000.0,0.3,738000000.0,457000000.0,312000000.0,1.33,1.32,1.33,7280076000.0,,7280076000.0,21939587364.0,16.0,8.908,197000000.0,0.824,1.0,890000000.0,0.362,3719327000.0,145000000.0,27604332000.0,,816425000.0,0.0,0.0,0.0,15999256000.0,2484206000.0,13515050000.0,10772310364.0,54000000.0,0.0,112000000.0,-587000000.0,-135000000.0,-596000000.0,125000000.0,0.0,524000000.0,0.0,318000000.0,318000000.0,318000000.0,19000000.0,0.0,0.129,414000000.0,476000000.0,566201000.0,0.421,1.48,13.187,12.752,14278609000.0,0.0,44.251,1.242,1.219,1003977000.0,2366769000.0,2457000000.0,2457000000.0,0.0,,,,,0.0,0.0,1.0,243437696.0,239000000,239000000.0,10.28,19560005000.0,0.0,-6000000.0,1104388000.0,81.841,92524000.0
35,PGN1,MRQ,2003-06-30,2003-06-30,2003-06-30,2021-05-24,-240508000.0,23628953000.0,,2916874000.0,20712079000.0,,29.503,-388000000.0,45654000.0,45654000.0,1384000000.0,157000000.0,0.786,2.394,11212931000.0,1989299000.0,9223632000.0,11212931000.0,0.0,292000000.0,161539000.0,0.051,0.56,271000000.0,563000000.0,0.275,563000000.0,271000000.0,114000000.0,0.66,0.66,0.66,6962762000.0,,6962762000.0,21453689605.0,20.0,9.852,80000000.0,0.339,1.0,666000000.0,0.325,3719327000.0,157000000.0,27363754000.0,,846928000.0,0.0,0.0,0.0,16666191000.0,3713149000.0,12953042000.0,10521389605.0,11000000.0,0.0,91000000.0,158000000.0,-135000000.0,139000000.0,-595000000.0,0.0,468000000.0,0.0,157000000.0,157000000.0,157000000.0,-3000000.0,0.0,0.077,392000000.0,274000000.0,606658000.0,0.848,1.511,16.166,15.331,14303998000.0,0.0,43.693,1.234,1.209,1041819000.0,2182440000.0,2050000000.0,2050000000.0,0.0,,,,,0.0,0.0,1.0,240800322.0,236000000,236000000.0,8.686,19909626000.0,0.0,-43000000.0,1023059000.0,84.363,-796275000.0
36,PGN1,MRQ,2003-03-31,2003-03-31,2003-03-31,2021-05-24,-238290000.0,23172892000.0,,2827752000.0,20345140000.0,,29.362,-520000000.0,35487000.0,35487000.0,1424000000.0,219000000.0,0.933,2.387,10967787000.0,1369839000.0,9597948000.0,10967787000.0,0.0,280000000.0,159780000.0,0.056,0.56,366000000.0,646000000.0,0.295,646000000.0,366000000.0,213000000.0,0.94,0.94,0.94,6841454000.0,,6841454000.0,19975736770.0,18.0,9.004,-81000000.0,-0.348,1.0,763000000.0,0.349,3719327000.0,153000000.0,27355195000.0,,844919000.0,0.0,0.0,0.0,16331438000.0,3030670000.0,13300768000.0,9319554770.0,-26000000.0,0.0,74000000.0,224000000.0,-133000000.0,135000000.0,-600000000.0,0.0,439000000.0,0.0,219000000.0,219000000.0,219000000.0,-11000000.0,0.0,0.1,406000000.0,357000000.0,718814000.0,0.596,1.362,15.167,14.169,14108164000.0,0.0,38.966,1.104,1.076,968106000.0,2163431000.0,2187000000.0,2187000000.0,0.0,,,,,0.0,0.0,1.0,239172863.0,233000000,233000000.0,9.386,19453565000.0,0.0,-6000000.0,1103418000.0,83.492,-202918000.0
37,PGN1,MRQ,2002-12-31,2002-12-31,2002-12-31,2021-05-24,-238000000.0,24208000000.0,,2834000000.0,21374000000.0,,29.821,-500589000.0,61000000.0,61000000.0,1313520000.0,122919000.0,1.052,2.626,10717000000.0,970000000.0,9747000000.0,10717000000.0,0.0,263341000.0,158000000.0,0.051,0.545,252588000.0,515929000.0,0.261,515929000.0,252588000.0,94629000.0,0.54,0.54,0.54,6677000000.0,,6677000000.0,20622739887.0,21.0,9.811,-165316000.0,-0.738,1.0,666452000.0,0.337,3874000000.0,157959000.0,28296000000.0,,875000000.0,0.0,0.0,0.0,17531000000.0,2694000000.0,14837000000.0,9585006887.0,2058000.0,31301000.0,655084000.0,-426724000.0,-121022000.0,133464000.0,-467319000.0,0.0,335273000.0,0.0,122919000.0,122919000.0,122919000.0,26013000.0,0.0,0.062,403940000.0,262512000.0,659000000.0,1.009,1.436,18.153,17.756,15485000000.0,0.0,43.146,1.185,1.157,962000000.0,2087000000.0,1979972000.0,1979972000.0,0.0,,,,,0.0,0.0,1.0,222152799.0,223900000,223900000.0,8.843,20334000000.0,0.0,-28290000.0,1064000000.0,90.817,140000000.0
38,PGN1,MRQ,2002-09-30,2002-09-30,2002-09-30,2021-05-24,-39102000.0,21580756000.0,,2440329000.0,19140427000.0,,28.845,-78497000.0,132761000.0,132761000.0,1409044000.0,151934000.0,0.802,2.462,11170494000.0,1435469000.0,9735025000.0,11170494000.0,0.0,268553000.0,159920000.0,0.053,0.545,184169000.0,452722000.0,0.196,452722000.0,184169000.0,42551000.0,0.71,0.7,0.71,6232890000.0,,6232890000.0,19907461192.0,27.0,10.844,433892000.0,2.008,1.0,903335000.0,0.391,3785073000.0,141618000.0,25791436000.0,,918297000.0,0.0,0.0,0.0,15347866000.0,3041980000.0,12305886000.0,8999337192.0,-135626000.0,-353301000.0,37309000.0,-80422000.0,-120574000.0,-242220000.0,-405739000.0,0.0,512389000.0,0.0,151934000.0,151934000.0,151934000.0,5139000.0,0.0,0.066,703115000.0,200220000.0,657572000.0,0.768,1.444,28.575,28.849,12589216000.0,0.0,40.678,1.179,1.151,1026052000.0,2094639000.0,2312379000.0,2312379000.0,0.0,,,,,0.0,0.0,1.0,221235262.0,216079000,216079000.0,10.702,17795683000.0,0.0,-109383000.0,1492537000.0,82.357,-601651000.0
39,PGN1,MRQ,2002-06-30,2002-06-30,2002-06-30,2021-05-24,-28923000.0,21768712000.0,,2546425000.0,19222287000.0,,28.702,-399031000.0,304442000.0,304442000.0,1285238000.0,120620000.0,1.127,2.527,11212566000.0,699843000.0,10512723000.0,11212566000.0,0.0,296077000.0,159900000.0,0.042,0.545,307788000.0,603865000.0,0.308,603865000.0,307788000.0,140980000.0,0.56,0.56,0.56,6171145000.0,,6171145000.0,22296521859.0,22.0,10.229,120439000.0,0.56,1.0,673617000.0,0.344,3722237000.0,166808000.0,26694333000.0,,925676000.0,0.0,0.0,0.0,15597567000.0,2260266000.0,13337301000.0,11452300859.0,-62243000.0,0.0,0.0,-14237000.0,-119198000.0,-154625000.0,-427046000.0,0.0,519470000.0,0.0,120620000.0,120620000.0,120620000.0,1313000.0,0.0,0.062,368329000.0,305288000.0,591660000.0,0.973,1.856,21.631,20.873,12724420000.0,0.0,51.765,1.497,1.455,988448000.0,2061224000.0,1958855000.0,1958855000.0,0.0,,,,,0.0,0.0,1.0,221235262.0,215007000,215007000.0,9.111,18046475000.0,0.0,20360000.0,1690243000.0,83.934,286159000.0
40,PGN1,MRQ,2002-03-31,2002-03-31,2002-03-31,2021-05-24,-27932000.0,21507282000.0,,2679080000.0,18828202000.0,,28.324,-748883000.0,361309000.0,361309000.0,1180824000.0,132527000.0,0.954,2.565,11205530000.0,1383525000.0,9822005000.0,11205530000.0,0.0,271029000.0,161719000.0,0.043,0.545,258456000.0,529485000.0,0.296,529485000.0,258456000.0,91841000.0,0.62,0.62,0.62,6032465000.0,,6032465000.0,21088509356.0,21.0,9.598,-489015000.0,-2.296,1.0,606478000.0,0.339,3690210000.0,166615000.0,25852727000.0,,921194000.0,0.0,0.0,0.0,15474817000.0,2808566000.0,12666251000.0,10893602356.0,202811000.0,0.0,-5393000.0,900383000.0,-119206000.0,844381000.0,-900896000.0,0.0,259868000.0,0.0,132527000.0,132527000.0,132527000.0,-8465000.0,0.0,0.074,364497000.0,241981000.0,597613000.0,0.879,1.806,20.928,20.082,12376554000.0,0.0,49.805,1.36,1.325,969203000.0,2058583000.0,1787302000.0,1787302000.0,0.0,,,,,0.0,0.0,1.0,218727139.0,212979000,212979000.0,8.392,17817072000.0,57602000.0,-40686000.0,1641845000.0,83.656,-129486000.0
41,PGN1,MRQ,2001-12-31,2001-12-31,2001-12-31,2021-05-24,-32180000.0,20890701000.0,,2897800000.0,17992901000.0,,28.024,-453034000.0,53708000.0,53708000.0,869281000.0,-90148000.0,0.843,2.48,10249326000.0,1630366000.0,8618960000.0,10249326000.0,0.0,268320000.0,151968000.0,0.047,0.53,-18661000.0,249659000.0,0.159,249659000.0,-18661000.0,-170961000.0,-0.48,-0.48,-0.48,6003533000.0,,6003533000.0,19710172656.0,19.0,8.47,-315677000.0,-1.474,1.0,705439000.0,0.448,3656970000.0,152300000.0,23990526000.0,,871643000.0,0.0,0.0,0.0,14887168000.0,3438823000.0,11448345000.0,9803478656.0,-48567000.0,53000000.0,-290000.0,349537000.0,-113090000.0,241724000.0,-426648000.0,0.0,137357000.0,0.0,-90148000.0,-90148000.0,-90148000.0,-1000000.0,0.0,-0.057,516889000.0,188550000.0,760116000.0,-1.104,1.633,18.088,16.912,11593890000.0,0.0,44.818,1.206,1.13,978879000.0,2042605000.0,1574720000.0,1574720000.0,0.0,,,,,0.0,0.0,1.0,218739274.0,214225000,214225000.0,7.351,17233731000.0,0.0,-80813000.0,1632843000.0,80.447,-541023000.0
42,PGN1,MRQ,2001-09-30,2001-09-30,2001-09-30,2021-05-24,-37609000.0,20672989000.0,,2488032000.0,18184957000.0,,30.132,-416307000.0,103863000.0,103863000.0,1503429000.0,366443000.0,0.843,2.333,10010557000.0,1383528000.0,8627029000.0,10010557000.0,0.0,321040000.0,0.0,0.049,0.53,475738000.0,796778000.0,0.342,796778000.0,475738000.0,309900000.0,1.78,1.77,1.78,6203097000.0,,6203097000.0,19112066029.0,17.0,7.759,76876000.0,0.373,1.0,827118000.0,0.355,3768820000.0,165838000.0,23858557000.0,,842052000.0,0.0,0.0,0.0,14469892000.0,2952306000.0,11517586000.0,8818086029.0,30196000.0,0.0,488290000.0,-374454000.0,-106404000.0,7452000.0,-470439000.0,0.0,493183000.0,0.0,366443000.0,366443000.0,366443000.0,0.0,0.0,0.157,373600000.0,453518000.0,715925000.0,0.298,1.422,14.206,14.504,11801887000.0,0.0,42.788,1.177,1.176,1139800000.0,2249519000.0,2330547000.0,2330547000.0,0.0,,,,,0.0,0.0,1.0,206089274.0,205866000,205866000.0,11.321,16904169000.0,241379000.0,-56543000.0,1845926000.0,82.112,-464274000.0
43,PGN1,MRQ,2001-06-30,2001-06-30,2001-06-30,2021-05-24,-34214000.0,20235689000.0,,2262961000.0,17972728000.0,,27.289,-351183000.0,73667000.0,73667000.0,1673492000.0,111702000.0,0.922,2.707,10367647000.0,954008000.0,9413639000.0,10367647000.0,0.0,339830000.0,0.0,0.047,0.53,281401000.0,621231000.0,0.268,621231000.0,281401000.0,86005000.0,0.56,0.56,0.56,5459040000.0,,5459040000.0,19431748255.0,17.0,8.355,26272000.0,0.131,1.0,642151000.0,0.277,3779868000.0,195396000.0,24294087000.0,,771479000.0,0.0,0.0,0.0,14776649000.0,2455714000.0,12320935000.0,9213684255.0,20094000.0,0.0,0.0,106873000.0,-106343000.0,-525000.0,-356836000.0,0.0,377455000.0,0.0,111702000.0,111702000.0,111702000.0,0.0,0.0,0.048,358076000.0,284075000.0,618098000.0,0.946,1.688,16.711,14.376,11624105000.0,0.0,44.709,1.48,1.436,992059000.0,1996243000.0,2315643000.0,2315643000.0,0.0,,,,,0.0,0.0,1.0,206082949.0,200043000,200043000.0,11.576,16455821000.0,238876000.0,-25697000.0,1916497000.0,82.261,-192753000.0
44,PGN1,MRQ,2001-03-31,2001-03-31,2001-03-31,2021-05-24,-34991000.0,20052052000.0,,2678295000.0,17373757000.0,,27.259,-306476000.0,53573000.0,53573000.0,1181800000.0,154003000.0,1.083,2.682,10271637000.0,1070315000.0,9201322000.0,10271637000.0,0.0,336810000.0,0.0,0.048,0.53,322721000.0,659531000.0,0.346,659531000.0,322721000.0,163056000.0,0.77,0.77,0.77,5446342000.0,,5446342000.0,18779739782.0,18.0,9.036,58529000.0,0.293,1.0,726290000.0,0.381,3605862000.0,159665000.0,24192211000.0,,519914000.0,0.0,0.0,0.0,14605710000.0,2472043000.0,12133667000.0,8834225782.0,-47723000.0,0.0,0.0,142044000.0,-106163000.0,-10651000.0,-402077000.0,0.0,365005000.0,0.0,154003000.0,154003000.0,154003000.0,0.0,0.0,0.081,416435000.0,309855000.0,696901000.0,0.688,1.622,16.147,13.19,11244581000.0,0.0,42.867,1.841,1.785,931840000.0,1990946000.0,1908090000.0,1908090000.0,0.0,,,,,0.0,0.0,1.0,206082949.0,199799000,199799000.0,9.55,16446190000.0,213639000.0,9053000.0,1963873000.0,82.314,206252000.0
45,PGN1,MRQ,2000-12-31,2000-12-31,2000-12-31,2021-05-24,0.0,20110701000.0,,2656130000.0,17454571000.0,,32.099,-351097000.0,101296000.0,101296000.0,288017000.0,-11440000.0,0.469,2.708,10046810000.0,4156711000.0,5890099000.0,10046810000.0,0.0,367540000.0,141744000.0,0.042,0.515,18175000.0,385715000.0,0.411,385715000.0,18175000.0,-70062000.0,-0.16,-0.16,-0.16,5424201000.0,,5424201000.0,11057660182.0,12.0,6.267,-395850000.0,-2.343,1.0,649631000.0,0.693,3652429000.0,88237000.0,20741127000.0,,420985000.0,0.0,0.0,0.0,14686500000.0,5662659000.0,9023841000.0,7813269182.0,-151333000.0,-3241775000.0,0.0,3842602000.0,-130298000.0,3712280000.0,-3819385000.0,-200000000.0,-44753000.0,0.0,-11440000.0,-11440000.0,-11440000.0,-439000.0,0.0,-0.012,639920000.0,9711000.0,828568000.0,-3.219,1.44,16.333,16.104,11166360000.0,0.0,48.956,2.073,2.042,925911000.0,1942510000.0,937648000.0,937648000.0,0.0,,,,,0.0,0.0,1.0,159597655.0,168986000,168986000.0,5.549,16458272000.0,0.0,-58622000.0,2068447000.0,97.394,-3006529000.0
46,PGN1,MRQ,2000-09-30,2000-09-30,2000-09-30,2021-05-24,0.0,10119381000.0,,1308900000.0,8810481000.0,,23.981,-208208000.0,252261000.0,252261000.0,610540000.0,297081000.0,1.818,1.752,3496652000.0,7140000.0,3489512000.0,3496652000.0,0.0,162530000.0,0.0,0.049,0.515,496641000.0,659171000.0,0.619,659171000.0,496641000.0,445574000.0,1.94,1.93,1.94,3676881000.0,,3676881000.0,10179610971.0,9.0,5.953,109303000.0,0.713,1.0,454368000.0,0.427,285818000.0,51067000.0,12357998000.0,,266501000.0,0.0,0.0,0.0,6442500000.0,719956000.0,5722544000.0,6621918971.0,222797000.0,0.0,0.0,-9201000.0,-79650000.0,-88893000.0,-5821000.0,200000000.0,317511000.0,0.0,297081000.0,297081000.0,297081000.0,0.0,0.0,0.279,177067000.0,277301000.0,298982000.0,0.265,1.801,11.656,11.184,7185230000.0,0.0,41.491,1.817,1.746,511121000.0,2060113000.0,1064908000.0,1064908000.0,0.0,,,,,0.0,0.0,1.0,159597655.0,153324000,153324000.0,6.945,9833563000.0,230395000.0,148493000.0,1956557000.0,64.136,588944000.0
47,PGN1,MRQ,2000-06-30,2000-06-30,2000-06-30,2021-05-24,0.0,9771646000.0,,1045394000.0,8726252000.0,,22.569,-220132000.0,29464000.0,29464000.0,505660000.0,107460000.0,0.935,1.824,3587156000.0,503108000.0,3084048000.0,3587156000.0,0.0,163129000.0,0.0,0.064,0.515,210701000.0,373830000.0,0.421,373830000.0,210701000.0,157894000.0,0.7,0.7,0.7,3460084000.0,,3460084000.0,8245315706.0,9.0,5.513,-122560000.0,-0.799,1.0,382088000.0,0.43,341671000.0,52807000.0,11869995000.0,,272508000.0,0.0,0.0,0.0,6311562000.0,1117672000.0,5193890000.0,5072912706.0,-7080000.0,0.0,0.0,290598000.0,-79867000.0,210731000.0,-315383000.0,0.0,97572000.0,0.0,107460000.0,107460000.0,107460000.0,0.0,0.0,0.121,172460000.0,209628000.0,269278000.0,0.736,1.466,12.133,11.601,7062668000.0,0.0,31.787,1.408,1.352,501516000.0,1841760000.0,887748000.0,887748000.0,0.0,,,,,0.0,0.0,1.0,159589744.0,153311000,153311000.0,5.791,9429975000.0,228880000.0,50434000.0,1841012000.0,61.509,-72278000.0
48,PGN1,MRQ,2000-03-31,2000-03-31,2000-03-31,2021-05-24,0.0,9379745000.0,,884020000.0,8495725000.0,,22.409,-231657000.0,36544000.0,36544000.0,516926000.0,85261000.0,1.134,1.735,3208947000.0,180140000.0,3028807000.0,3208947000.0,0.0,153785000.0,0.0,0.062,0.515,191926000.0,345711000.0,0.394,345711000.0,191926000.0,141459000.0,0.56,0.56,0.56,3429833000.0,,3429833000.0,8466512542.0,10.0,5.979,250891000.0,1.639,1.0,360214000.0,0.411,285271000.0,50467000.0,11487198000.0,,244264000.0,0.0,0.0,0.0,5949912000.0,779679000.0,5170233000.0,5152332542.0,-43327000.0,0.0,0.0,-153912000.0,-78189000.0,-232101000.0,-293774000.0,0.0,482548000.0,0.0,85261000.0,85261000.0,85261000.0,0.0,0.0,0.097,175104000.0,185110000.0,253646000.0,0.92,1.502,13.81,13.071,7092224000.0,0.0,32.285,1.481,1.42,415534000.0,1813478000.0,877140000.0,877140000.0,0.0,,,,,0.0,0.0,1.0,159589744.0,153054000,153054000.0,5.731,9094474000.0,228814000.0,56198000.0,1901163000.0,59.42,104341000.0
49,PGN1,MRQ,1999-12-31,1999-12-31,1999-12-31,2021-05-24,0.0,9494019000.0,,1079333000.0,8414686000.0,,22.311,-318759000.0,79871000.0,79871000.0,470322000.0,76063000.0,1.208,1.782,3394051000.0,365490000.0,3028561000.0,3394051000.0,0.0,154982000.0,0.0,0.066,0.5,176258000.0,331240000.0,0.407,331240000.0,176258000.0,130209000.0,0.51,0.5,0.51,3412647000.0,,3412647000.0,7808071794.0,10.0,5.541,-245819000.0,-1.607,1.0,344125000.0,0.423,288970000.0,46049000.0,11626104000.0,,247913000.0,0.0,0.0,0.0,6081372000.0,893125000.0,5188247000.0,4834654794.0,3220000.0,0.0,0.0,251996000.0,-76571000.0,177615000.0,-247335000.0,0.0,72940000.0,0.0,76063000.0,78288000.0,78288000.0,0.0,0.0,0.096,162012000.0,182113000.0,269053000.0,0.98,1.417,12.747,11.834,7004795000.0,-2225000.0,30.294,1.437,1.336,446367000.0,1807345000.0,814447000.0,814447000.0,0.0,,,,,0.0,0.0,1.0,159589744.0,152955000,152955000.0,5.325,9205049000.0,229008000.0,54146000.0,1836482000.0,60.181,186208000.0
50,PGN1,MRQ,1999-09-30,1999-09-30,1999-09-30,2021-05-24,0.0,9295123000.0,,1031900000.0,8263223000.0,,22.5,-219093000.0,76651000.0,76651000.0,547957000.0,147854000.0,1.143,1.725,3050068000.0,250000000.0,2800068000.0,3050068000.0,0.0,150114000.0,0.0,0.056,0.5,294819000.0,444933000.0,0.434,444933000.0,294819000.0,248809000.0,0.97,0.97,0.97,3410638000.0,,3410638000.0,8455387703.0,11.0,6.263,35834000.0,0.236,1.0,476799000.0,0.465,290816000.0,46010000.0,11075219000.0,,230498000.0,0.0,0.0,0.0,5884485000.0,902505000.0,4981980000.0,5618633703.0,-6528000.0,1876000.0,0.0,88392000.0,-72397000.0,19830000.0,-281285000.0,0.0,254927000.0,0.0,147854000.0,147112000.0,147112000.0,0.0,0.0,0.144,167836000.0,308963000.0,314748000.0,0.515,1.647,15.546,14.371,6888665000.0,742000.0,35.209,1.72,1.633,482474000.0,1807987000.0,1024756000.0,1024756000.0,0.0,,,,,0.0,0.0,1.0,159581559.0,151581000,151581000.0,6.76,9004307000.0,240059000.0,100955000.0,1939397000.0,59.403,129395000.0
51,PGN1,MRQ,1999-06-30,1999-06-30,1999-06-30,2021-05-24,0.0,8566117000.0,,898488000.0,7667629000.0,,20.597,-139938000.0,81303000.0,81303000.0,447534000.0,62417000.0,1.275,1.879,2918057000.0,201610000.0,2716447000.0,2918057000.0,0.0,143534000.0,0.0,0.046,0.5,150649000.0,294183000.0,0.386,294183000.0,150649000.0,106578000.0,0.43,0.43,0.43,2975565000.0,,2975565000.0,9211250394.0,11.0,6.572,53983000.0,0.374,1.0,315288000.0,0.413,61269000.0,44071000.0,10637154000.0,,233264000.0,0.0,0.0,0.0,5590552000.0,704448000.0,4886104000.0,6448648394.0,37709000.0,0.0,0.0,117926000.0,-72522000.0,45217000.0,-201429000.0,0.0,193921000.0,0.0,62417000.0,62417000.0,62417000.0,0.0,0.0,0.082,157917000.0,157371000.0,231787000.0,1.163,2.167,16.138,15.383,6508327000.0,0.0,42.611,2.011,1.92,448655000.0,1737466000.0,762822000.0,762822000.0,0.0,,,,,0.0,0.0,1.0,151337503.0,144466000,144466000.0,5.28,8504848000.0,253000000.0,44161000.0,1878417000.0,58.871,194040000.0
52,PGN1,MRQ,1999-03-31,1999-03-31,1999-03-31,2021-05-24,0.0,8464952000.0,,801615000.0,7663337000.0,,20.658,-169066000.0,43594000.0,43594000.0,405460000.0,92212000.0,1.2,1.84,2806196000.0,201611000.0,2604585000.0,2806196000.0,0.0,143371000.0,0.0,0.052,0.5,194705000.0,338076000.0,0.443,338076000.0,194705000.0,151371000.0,0.63,0.63,0.63,2980850000.0,,2980850000.0,8333987123.0,10.0,5.912,139040000.0,0.964,1.0,357442000.0,0.469,0.0,43334000.0,10559672000.0,,226491000.0,0.0,0.0,0.0,5484102000.0,667882000.0,4816220000.0,5695273123.0,14722000.0,0.0,0.0,50778000.0,-72955000.0,-21846000.0,-271538000.0,0.0,308106000.0,0.0,92212000.0,91470000.0,91470000.0,0.0,0.0,0.12,158081000.0,199361000.0,186382000.0,0.794,1.911,14.17,13.489,6313187000.0,742000.0,37.635,1.784,1.701,402134000.0,1747409000.0,762902000.0,762902000.0,0.0,,,,,0.0,0.0,1.0,151330894.0,144293000,144293000.0,5.287,8464952000.0,265513000.0,59159000.0,936217000.0,58.665,133733000.0
53,PGN1,MRQ,1998-12-31,1998-12-31,1998-12-31,2021-05-24,0.0,8401406000.0,,800856000.0,7600550000.0,,20.467,-127953000.0,28872000.0,28872000.0,423384000.0,58207000.0,1.345,1.83,2667586000.0,53172000.0,2614414000.0,2667586000.0,0.0,142646000.0,0.0,0.041,0.485,130259000.0,272905000.0,0.381,272905000.0,130259000.0,88654000.0,0.42,0.42,0.42,2949305000.0,,2949305000.0,9672506459.0,12.0,6.878,32294000.0,0.224,1.0,293556000.0,0.409,67017000.0,41605000.0,10377603000.0,,224701000.0,0.0,0.0,0.0,5398101000.0,595500000.0,4856601000.0,7088496459.0,4301000.0,0.0,0.0,84315000.0,-70724000.0,13766000.0,-169712000.0,0.0,160247000.0,0.0,58207000.0,60432000.0,60432000.0,0.0,0.0,0.084,154403000.0,139153000.0,319163000.0,1.155,2.403,17.888,17.033,6365554000.0,-2225000.0,46.841,2.221,2.112,406418000.0,1728301000.0,716940000.0,716940000.0,0.0,,,,,0.0,0.0,1.0,151330894.0,144103000,144103000.0,4.975,8334389000.0,298894000.0,30447000.0,1890746000.0,57.836,205356000.0
54,PGN1,MRQ,1998-09-30,1998-09-30,1998-09-30,2021-05-24,0.0,8361932000.0,,842968000.0,7518964000.0,,20.536,-124512000.0,24571000.0,24571000.0,446936000.0,186024000.0,1.338,1.828,2608581000.0,73172000.0,2535409000.0,2608581000.0,0.0,145655000.0,0.0,0.042,0.485,350831000.0,496486000.0,0.515,496486000.0,350831000.0,307452000.0,1.29,1.28,1.29,2957164000.0,,2957164000.0,9665769410.0,11.0,6.662,261865000.0,1.818,1.0,517355000.0,0.537,58670000.0,43379000.0,10257147000.0,,201565000.0,0.0,0.0,0.0,5404768000.0,630125000.0,4774643000.0,6956705410.0,-15765000.0,0.0,0.0,-141724000.0,-70620000.0,-212334000.0,-189808000.0,0.0,386377000.0,0.0,186024000.0,185282000.0,185282000.0,0.0,0.0,0.192,162819000.0,354536000.0,224491000.0,0.376,2.352,16.602,15.743,6275260000.0,742000.0,45.97,2.159,2.054,498632000.0,1740043000.0,964291000.0,964291000.0,0.0,,,,,0.0,0.0,1.0,151330894.0,144001000,144001000.0,6.696,8303262000.0,290278000.0,121428000.0,2010710000.0,57.661,212843000.0
55,PGN1,MRQ,1998-06-30,1998-06-30,1998-06-30,2021-05-24,0.0,8383145000.0,,854427000.0,7528718000.0,,19.711,-94464000.0,40336000.0,40336000.0,429152000.0,65469000.0,1.209,1.956,2749400000.0,168075000.0,2581325000.0,2749400000.0,0.0,144886000.0,0.0,0.044,0.485,157235000.0,302121000.0,0.403,302121000.0,157235000.0,112005000.0,0.45,0.45,0.45,2836285000.0,,2836285000.0,9142708502.0,11.0,6.44,32313000.0,0.225,1.0,319789000.0,0.427,0.0,45230000.0,10385305000.0,,232302000.0,0.0,0.0,0.0,5546860000.0,706904000.0,4839956000.0,6533499502.0,6491000.0,0.0,0.0,91271000.0,-70712000.0,19926000.0,-140212000.0,0.0,126777000.0,0.0,65469000.0,64728000.0,64728000.0,0.0,0.0,0.086,160196000.0,159593000.0,277812000.0,1.078,2.304,16.358,15.529,6268239000.0,741000.0,43.171,2.064,1.963,484812000.0,1624745000.0,748941000.0,748941000.0,0.0,,,,,0.0,0.0,1.0,151340394.0,143892000,143892000.0,5.205,8383145000.0,302904000.0,46536000.0,1953155000.0,58.26,147523000.0
56,PGN1,MRQ,1998-03-31,1998-03-31,1998-03-31,2021-05-24,,,,,,,,-77334000.0,,,408559000.0,86571000.0,,,,,,,,145161000.0,,0.042,0.485,189675000.0,334836000.0,0.44,334836000.0,189675000.0,145654000.0,0.6,0.6,0.6,,,,9425136918.0,12.0,6.859,143446000.0,0.998,1.0,352936000.0,0.463,,44021000.0,,,,,,,,,,6815927918.0,19419000.0,0.0,0.0,32654000.0,-70628000.0,-37974000.0,-163387000.0,0.0,220780000.0,0.0,86571000.0,85829000.0,85829000.0,0.0,0.0,0.113,158670000.0,194266000.0,,0.808,,17.556,16.68,,742000.0,45.037,2.212,2.101,,,761495000.0,761495000.0,0.0,,,,,0.0,0.0,1.0,151340394.0,143766000,143766000.0,5.297,,,59083000.0,,,
57,PGN1,MRQ,1997-12-31,1997-12-31,1997-12-31,2021-05-24,0.0,8176728000.0,,734806000.0,7441922000.0,,19.601,-94747000.0,14426000.0,14426000.0,418396000.0,83937000.0,1.07,1.901,2623635000.0,207979000.0,2415656000.0,2623635000.0,0.0,145174000.0,0.0,0.045,0.47,172245000.0,317419000.0,0.425,317419000.0,172245000.0,129489000.0,0.58,0.58,0.58,2818807000.0,,2818807000.0,,,,130033000.0,0.904,1.0,329243000.0,0.44,0.0,42756000.0,10099111000.0,,183804000.0,0.0,0.0,0.0,5357921000.0,686826000.0,4671095000.0,,-310000.0,0.0,0.0,-26807000.0,-68249000.0,-95056000.0,-130034000.0,0.0,224780000.0,0.0,83937000.0,83195000.0,83195000.0,0.0,0.0,0.111,162375000.0,166868000.0,246352000.0,0.81,,,15.855,6293510000.0,742000.0,42.176,,1.995,406872000.0,1613881000.0,747639000.0,747639000.0,0.0,,,,,0.0,0.0,1.0,,143807000,143807000.0,5.199,8176728000.0,328818000.0,45552000.0,1944936000.0,56.859,47980000.0
58,PGN1,MRQ,1997-09-30,1997-09-30,1997-09-30,2021-05-24,0.0,8154107000.0,,702026000.0,7452081000.0,,19.51,-87332000.0,14736000.0,14736000.0,418567000.0,167829000.0,1.027,1.906,2577780000.0,188529000.0,2389251000.0,2577780000.0,0.0,141085000.0,0.0,0.052,0.47,324135000.0,465220000.0,0.513,465220000.0,324135000.0,278253000.0,1.15,1.15,1.15,2805515000.0,,2805515000.0,,,,274330000.0,1.908,1.0,488274000.0,0.538,0.0,45882000.0,10033360000.0,,177319000.0,0.0,0.0,0.0,5348592000.0,683791000.0,4664801000.0,,-5650000.0,0.0,0.0,-85845000.0,-70260000.0,-241955000.0,-125357000.0,0.0,361662000.0,0.0,167829000.0,165662000.0,165662000.0,0.0,0.0,0.183,161780000.0,326494000.0,160344000.0,0.409,,,,6333693000.0,2167000.0,35.831,,,396167000.0,1600590000.0,906841000.0,906841000.0,0.0,,,,,0.0,0.0,1.0,,143800000,143800000.0,6.306,8154107000.0,342976000.0,110424000.0,2101936000.0,56.704,18235000.0
59,PGN1,MRQ,1997-06-30,1997-06-30,1997-06-30,2021-05-24,0.0,8130585000.0,,642580000.0,7488005000.0,,18.859,-64578000.0,20386000.0,20386000.0,397373000.0,54289000.0,1.074,2.005,2663144000.0,137336000.0,2525808000.0,2663144000.0,0.0,138595000.0,0.0,0.052,0.47,118104000.0,256699000.0,0.385,256699000.0,118104000.0,74086000.0,0.37,0.37,0.37,2705823000.0,,2705823000.0,,,,39998000.0,0.279,1.0,268650000.0,0.403,0.0,44018000.0,10174817000.0,,189159000.0,0.0,0.0,0.0,5424762000.0,598526000.0,4826236000.0,,-4515000.0,0.0,-23418000.0,-55300000.0,-70007000.0,-148725000.0,39634000.0,0.0,104576000.0,0.0,54289000.0,53548000.0,53548000.0,0.0,0.0,0.08,159826000.0,108824000.0,159563000.0,1.27,,,,6344120000.0,741000.0,35.706,,,343669000.0,1502621000.0,666023000.0,666023000.0,0.0,,,,,0.0,0.0,1.0,,143475000,143475000.0,4.642,8130585000.0,356700000.0,19797000.0,2039597000.0,56.669,44054000.0
60,PGN1,MRQ,1996-12-31,1996-12-31,1996-12-31,2021-05-24,0.0,8364862000.0,,667700000.0,7697162000.0,,18.733,,10941000.0,10941000.0,,,0.913,2.109,2693837000.0,168230000.0,2525607000.0,2693837000.0,0.0,,0.0,0.05,0.455,,,,,,,,,,2690454000.0,,2690454000.0,,,,,,1.0,,,0.0,,10316739000.0,,183178000.0,0.0,0.0,0.0,5674408000.0,731019000.0,4943389000.0,,,,,,,,,,,,,,,,,,,,375216000.0,,,,13.657,6399919000.0,,36.328,,1.742,384318000.0,,,,,,,,,,,1.0,,143621000,,,8364862000.0,384336000.0,,2059955000.0,58.243,-63319000.0
0,PGN1,MRT,2012-03-31,2012-03-31,2012-03-31,2021-05-24,-160000000.0,35975000000.0,34457750000.0,3835000000.0,32140000000.0,0.256,33.7,-2127000000.0,565000000.0,565000000.0,6014000000.0,549000000.0,0.805,2.594,14446000000.0,2431000000.0,12015000000.0,14446000000.0,0.0,871000000.0,343000000.0,0.052,2.739,1553000000.0,2424000000.0,0.274,2424000000.0,1553000000.0,833000000.0,1.83,1.83,1.83,10009000000.0,10047000000.0,10009000000.0,29061087888.0,19.0,11.989,-602000000.0,-2.027,1.0,2818000000.0,0.319,3655000000.0,720000000.0,41439000000.0,40051750000.0,1447000000.0,0.0,0.0,0.0,25964000000.0,4762000000.0,21202000000.0,15679087888.0,393000000.0,0.0,48000000.0,1909000000.0,-811000000.0,1112000000.0,-2244000000.0,-43000000.0,1525000000.0,0.0,541000000.0,541000000.0,541000000.0,-8000000.0,8040000.0,0.061,1317000000.0,1501000000.0,878000000.0,1.497,1.566,28.982,29.022,22805000000.0,0.0,53.11,1.775,1.786,758000000.0,2718000000.0,8832000000.0,8832000000.0,0.0,0.016,0.054,0.039,0.176,0.0,0.0,1.0,295219128.0,297000000,297000000.0,29.737,32320000000.0,518000000.0,292000000.0,2738000000.0,108.822,-927000000.0
1,PGN1,MRT,2011-12-31,2011-12-31,2011-12-31,2021-05-24,-165000000.0,35059000000.0,33619500000.0,3483000000.0,31576000000.0,0.265,33.855,-2066000000.0,230000000.0,230000000.0,6022000000.0,582000000.0,0.853,2.498,13612000000.0,1621000000.0,11991000000.0,13612000000.0,0.0,870000000.0,340000000.0,0.049,2.739,1623000000.0,2493000000.0,0.28,2493000000.0,1623000000.0,898000000.0,1.94,1.94,1.94,10021000000.0,10056500000.0,10021000000.0,29408200379.0,18.0,11.796,-451000000.0,-1.524,1.0,2885000000.0,0.324,3655000000.0,725000000.0,40701000000.0,39361000000.0,1438000000.0,0.0,0.0,0.0,25034000000.0,4085000000.0,20949000000.0,16526200379.0,-381000000.0,0.0,53000000.0,953000000.0,-734000000.0,216000000.0,-2212000000.0,-47000000.0,1615000000.0,0.0,575000000.0,575000000.0,575000000.0,5000000.0,7020000.0,0.065,1297000000.0,1588000000.0,909000000.0,1.412,1.649,28.741,28.876,22497000000.0,0.0,56.02,1.855,1.862,889000000.0,2752000000.0,8907000000.0,8907000000.0,0.0,0.017,0.057,0.041,0.182,0.0,0.0,1.0,295005362.0,296000000,296000000.0,30.091,31404000000.0,371000000.0,323000000.0,2458000000.0,106.095,-602000000.0
2,PGN1,MRT,2011-09-30,2011-09-30,2011-09-30,2021-05-24,-207000000.0,33677000000.0,33118250000.0,3425000000.0,30252000000.0,0.287,34.162,-2113000000.0,103000000.0,103000000.0,6202000000.0,784000000.0,0.965,2.33,12985000000.0,995000000.0,11990000000.0,12985000000.0,0.0,911000000.0,339000000.0,0.048,2.48,1971000000.0,2882000000.0,0.304,2882000000.0,1971000000.0,1245000000.0,2.62,2.62,2.62,10112000000.0,10057000000.0,10112000000.0,27868119169.0,14.0,9.67,-176000000.0,-0.595,1.0,3289000000.0,0.347,3655000000.0,726000000.0,39356000000.0,38804500000.0,1376000000.0,0.0,0.0,0.0,23562000000.0,3548000000.0,20014000000.0,15165119169.0,-588000000.0,0.0,57000000.0,331000000.0,-732000000.0,-354000000.0,-2171000000.0,-34000000.0,1937000000.0,0.0,776000000.0,776000000.0,776000000.0,6000000.0,8000000.0,0.082,1353000000.0,1936000000.0,895000000.0,0.947,1.5,19.543,19.648,22015000000.0,0.0,51.477,1.598,1.605,1207000000.0,2905000000.0,9491000000.0,9491000000.0,0.0,0.023,0.077,0.051,0.208,0.0,0.0,1.0,294602077.0,296000000,296000000.0,32.064,30022000000.0,285000000.0,469000000.0,2414000000.0,101.426,-123000000.0
3,PGN1,MRT,2011-06-30,2011-06-30,2011-06-30,2021-05-24,-142000000.0,33120000000.0,32875500000.0,3016000000.0,30104000000.0,0.295,33.939,-2109000000.0,52000000.0,52000000.0,6349000000.0,856000000.0,0.872,2.297,12755000000.0,1064000000.0,11691000000.0,12755000000.0,0.0,953000000.0,337000000.0,0.052,2.48,2099000000.0,3052000000.0,0.314,3052000000.0,2099000000.0,1356000000.0,2.87,2.87,2.87,10046000000.0,10034250000.0,10046000000.0,26413305159.0,13.0,8.654,49000000.0,0.166,1.0,3357000000.0,0.346,3655000000.0,743000000.0,38711000000.0,38347250000.0,1354000000.0,0.0,0.0,0.0,23071000000.0,3457000000.0,19614000000.0,14065305159.0,-638000000.0,0.0,55000000.0,108000000.0,-729000000.0,-602000000.0,-2194000000.0,-19000000.0,2158000000.0,0.0,846000000.0,846000000.0,846000000.0,8000000.0,10000000.0,0.087,1358000000.0,1999000000.0,920000000.0,0.864,1.4,16.626,16.65,21749000000.0,0.0,47.784,1.449,1.457,1041000000.0,2798000000.0,9706000000.0,9706000000.0,0.0,0.026,0.084,0.055,0.216,0.0,0.0,1.0,294351281.0,296000000,296000000.0,32.791,29465000000.0,0.0,510000000.0,2008000000.0,99.544,-441000000.0
4,PGN1,MRT,2011-03-31,2011-03-31,2011-03-31,2021-05-24,-121000000.0,32622000000.0,32629750000.0,2793000000.0,29829000000.0,0.301,34.058,-2167000000.0,172000000.0,172000000.0,6399000000.0,858000000.0,1.058,2.247,12520000000.0,379000000.0,12141000000.0,12520000000.0,0.0,997000000.0,335000000.0,0.054,2.48,2112000000.0,3109000000.0,0.317,3109000000.0,2112000000.0,1357000000.0,2.89,2.89,2.89,10047000000.0,9987000000.0,10047000000.0,25511278657.0,12.0,8.206,230000000.0,0.78,1.0,3423000000.0,0.349,3655000000.0,755000000.0,38676000000.0,38002000000.0,1276000000.0,0.0,0.0,0.0,22572000000.0,2639000000.0,19933000000.0,13480278657.0,-849000000.0,0.0,245000000.0,-427000000.0,-725000000.0,-945000000.0,-2301000000.0,-18000000.0,2397000000.0,0.0,850000000.0,850000000.0,850000000.0,7000000.0,8000000.0,0.087,1412000000.0,2011000000.0,849000000.0,0.858,1.342,15.859,15.89,21482000000.0,0.0,45.923,1.372,1.379,880000000.0,2806000000.0,9822000000.0,9822000000.0,0.0,0.026,0.085,0.056,0.215,0.0,0.0,1.0,293541665.0,295000000,295000000.0,33.295,28967000000.0,36000000.0,507000000.0,1873000000.0,98.193,154000000.0
5,PGN1,MRT,2010-12-31,2010-12-31,2010-12-31,2021-05-24,-125000000.0,33054000000.0,32507750000.0,3476000000.0,29578000000.0,0.313,34.443,-2221000000.0,611000000.0,611000000.0,6606000000.0,863000000.0,1.176,2.297,12642000000.0,505000000.0,12137000000.0,12642000000.0,0.0,1083000000.0,324000000.0,0.057,2.48,2142000000.0,3225000000.0,0.316,3225000000.0,2142000000.0,1395000000.0,2.95,2.95,2.95,10023000000.0,9894250000.0,10023000000.0,24627029118.0,11.0,7.636,316000000.0,1.086,1.0,3584000000.0,0.352,3655000000.0,747000000.0,38475000000.0,37622000000.0,1226000000.0,0.0,0.0,0.0,23027000000.0,2955000000.0,20072000000.0,12677029118.0,-114000000.0,0.0,434000000.0,51000000.0,-717000000.0,-251000000.0,-2400000000.0,-19000000.0,2537000000.0,0.0,856000000.0,856000000.0,856000000.0,4000000.0,7010000.0,0.084,1530000000.0,2054000000.0,994000000.0,0.841,1.265,14.81,14.67,21240000000.0,0.0,43.275,1.244,1.236,1033000000.0,2805000000.0,10190000000.0,10190000000.0,0.0,0.026,0.087,0.057,0.21,0.0,0.0,1.0,292938462.0,291000000,291000000.0,35.017,29399000000.0,156000000.0,539000000.0,1806000000.0,101.027,521000000.0
6,PGN1,MRT,2010-09-30,2010-09-30,2010-09-30,2021-05-24,-164000000.0,32706000000.0,32053250000.0,3706000000.0,29000000000.0,0.317,34.085,-2294000000.0,691000000.0,691000000.0,6772000000.0,891000000.0,1.067,2.263,12641000000.0,1005000000.0,11636000000.0,12641000000.0,0.0,948000000.0,321000000.0,0.056,2.48,2124000000.0,3072000000.0,0.302,3072000000.0,2124000000.0,1386000000.0,3.07,3.07,3.07,10021000000.0,9750750000.0,10021000000.0,24886292739.0,12.0,8.101,111000000.0,0.378,1.0,3404000000.0,0.335,3655000000.0,738000000.0,37527000000.0,37202000000.0,1214000000.0,0.0,0.0,0.0,22682000000.0,3474000000.0,19208000000.0,12935292739.0,536000000.0,0.0,485000000.0,882000000.0,-708000000.0,644000000.0,-2513000000.0,-22000000.0,2405000000.0,0.0,885000000.0,885000000.0,885000000.0,-22000000.0,5910000.0,0.087,1393000000.0,2011000000.0,827000000.0,0.808,1.291,14.616,14.401,20776000000.0,0.0,44.211,1.271,1.277,1112000000.0,2863000000.0,10176000000.0,10176000000.0,0.0,0.028,0.091,0.057,0.209,0.0,0.0,1.0,292581000.0,294000000,294000000.0,34.612,29051000000.0,7000000.0,501000000.0,1585000000.0,98.813,232000000.0
7,PGN1,MRT,2010-06-30,2010-06-30,2010-06-30,2021-05-24,-131000000.0,32137000000.0,31541250000.0,3660000000.0,28477000000.0,0.318,33.99,-2239000000.0,690000000.0,690000000.0,6568000000.0,774000000.0,1.18,2.26,12641000000.0,705000000.0,11936000000.0,12641000000.0,0.0,1114000000.0,316000000.0,0.064,2.48,1951000000.0,3065000000.0,0.305,3065000000.0,1951000000.0,1234000000.0,2.72,2.72,2.72,9857000000.0,9590750000.0,9857000000.0,23128879598.0,12.0,7.546,96000000.0,0.331,1.0,3470000000.0,0.346,3655000000.0,717000000.0,37330000000.0,36836750000.0,1237000000.0,0.0,0.0,0.0,22278000000.0,3103000000.0,19175000000.0,11209879598.0,238000000.0,0.0,483000000.0,632000000.0,-700000000.0,422000000.0,-2519000000.0,-37000000.0,2335000000.0,0.0,771000000.0,771000000.0,771000000.0,78000000.0,3270000.0,0.077,1536000000.0,1934000000.0,954000000.0,0.912,1.137,14.539,14.351,20512000000.0,0.0,39.035,1.117,1.128,999000000.0,2684000000.0,10038000000.0,10038000000.0,0.0,0.024,0.08,0.053,0.194,0.0,0.0,1.0,287171852.0,290000000,290000000.0,34.614,28482000000.0,21000000.0,463000000.0,1401000000.0,98.214,557000000.0
8,PGN1,MRT,2010-03-31,2010-03-31,2010-03-31,2021-05-24,-91000000.0,32134000000.0,31225500000.0,3830000000.0,28304000000.0,0.32,34.07,-2211000000.0,1021000000.0,1021000000.0,6572000000.0,768000000.0,1.181,2.32,12940000000.0,1006000000.0,11934000000.0,12940000000.0,0.0,1107000000.0,309000000.0,0.063,2.48,1910000000.0,3017000000.0,0.302,3017000000.0,1910000000.0,1216000000.0,2.72,2.72,2.72,9676000000.0,9448750000.0,9676000000.0,23242972371.0,12.0,7.704,251000000.0,0.884,1.0,3406000000.0,0.341,3655000000.0,694000000.0,37156000000.0,36449750000.0,1232000000.0,0.0,0.0,0.0,22453000000.0,3242000000.0,19211000000.0,11149972371.0,389000000.0,0.0,275000000.0,800000000.0,-695000000.0,387000000.0,-2460000000.0,-35000000.0,2462000000.0,0.0,765000000.0,765000000.0,765000000.0,78000000.0,3270000.0,0.077,1533000000.0,1873000000.0,860000000.0,0.912,1.152,14.575,14.402,20141000000.0,0.0,39.175,1.117,1.115,826000000.0,2686000000.0,9978000000.0,9978000000.0,0.0,0.024,0.081,0.052,0.191,0.0,0.0,1.0,284621114.0,284000000,284000000.0,35.134,28479000000.0,15000000.0,451000000.0,1354000000.0,100.278,588000000.0
9,PGN1,MRT,2009-12-31,2009-12-31,2009-12-31,2021-05-24,-87000000.0,31236000000.0,30917750000.0,3531000000.0,27705000000.0,0.32,33.867,-2295000000.0,725000000.0,725000000.0,6557000000.0,761000000.0,1.328,2.305,12597000000.0,546000000.0,12051000000.0,12597000000.0,0.0,1135000000.0,300000000.0,0.061,2.48,1833000000.0,2968000000.0,0.3,2968000000.0,1833000000.0,1154000000.0,2.71,2.71,2.71,9449000000.0,9345000000.0,9449000000.0,23236503014.0,13.0,7.829,-24000000.0,-0.086,1.0,3328000000.0,0.337,3655000000.0,679000000.0,36795000000.0,36140250000.0,1325000000.0,0.0,0.0,0.0,21781000000.0,2658000000.0,19123000000.0,11413503014.0,545000000.0,0.0,623000000.0,868000000.0,-693000000.0,806000000.0,-2532000000.0,-36000000.0,2271000000.0,0.0,757000000.0,757000000.0,757000000.0,79000000.0,4280000.0,0.077,1556000000.0,1772000000.0,835000000.0,0.915,1.208,15.077,15.062,19733000000.0,0.0,40.817,1.155,1.152,800000000.0,2675000000.0,9885000000.0,9885000000.0,0.0,0.024,0.081,0.051,0.185,0.0,0.0,1.0,279626073.0,279000000,279000000.0,35.43,27581000000.0,145000000.0,397000000.0,1313000000.0,98.857,873000000.0
10,PGN1,MRT,2009-09-30,2009-09-30,2009-09-30,2021-05-24,-99000000.0,30658000000.0,30577000000.0,3049000000.0,27609000000.0,0.319,33.504,-2217000000.0,155000000.0,155000000.0,6310000000.0,712000000.0,1.105,2.267,11978000000.0,650000000.0,11328000000.0,11978000000.0,0.0,1245000000.0,294000000.0,0.064,2.475,1805000000.0,3050000000.0,0.313,3050000000.0,1805000000.0,1128000000.0,2.56,2.56,2.56,9381000000.0,9154500000.0,9381000000.0,22639036705.0,13.0,7.423,-588000000.0,-2.1,1.0,3429000000.0,0.352,3655000000.0,677000000.0,36066000000.0,35564500000.0,1352000000.0,0.0,0.0,0.0,21271000000.0,2760000000.0,18511000000.0,10858036705.0,-248000000.0,-63000000.0,583000000.0,692000000.0,-681000000.0,593000000.0,-2470000000.0,-46000000.0,1629000000.0,0.0,710000000.0,710000000.0,710000000.0,112000000.0,68390000.0,0.073,1660000000.0,1769000000.0,771000000.0,0.967,1.157,15.293,15.186,19434000000.0,0.0,38.876,1.115,1.118,939000000.0,2695000000.0,9739000000.0,9739000000.0,0.0,0.023,0.078,0.051,0.185,0.0,0.0,1.0,279297789.0,280000000,280000000.0,34.782,27003000000.0,8000000.0,418000000.0,1184000000.0,96.439,289000000.0
11,PGN1,MRT,2009-06-30,2009-06-30,2009-06-30,2021-05-24,-96000000.0,30874000000.0,29971750000.0,3705000000.0,27169000000.0,0.321,33.175,-2245000000.0,452000000.0,452000000.0,6445000000.0,774000000.0,1.151,2.323,12233000000.0,900000000.0,11333000000.0,12233000000.0,0.0,1066000000.0,290000000.0,0.066,2.47,1835000000.0,2901000000.0,0.302,2901000000.0,1835000000.0,1159000000.0,2.86,2.86,2.86,9289000000.0,9016000000.0,9289000000.0,22239359593.0,12.0,7.666,-1289000000.0,-4.604,1.0,3166000000.0,0.329,3655000000.0,676000000.0,35782000000.0,34647000000.0,1353000000.0,0.0,0.0,0.0,21579000000.0,3218000000.0,18361000000.0,10506359593.0,-971000000.0,-64000000.0,635000000.0,643000000.0,-669000000.0,597000000.0,-2524000000.0,-58000000.0,956000000.0,0.0,772000000.0,772000000.0,772000000.0,9000000.0,67030000.0,0.08,1482000000.0,1684000000.0,853000000.0,0.864,1.131,13.609,13.165,18974000000.0,0.0,37.652,1.093,1.097,882000000.0,2621000000.0,9611000000.0,9611000000.0,0.0,0.026,0.086,0.053,0.191,0.0,0.0,1.0,279038627.0,280000000,280000000.0,34.325,27219000000.0,72000000.0,387000000.0,1063000000.0,97.211,487000000.0
12,PGN1,MRT,2009-03-31,2009-03-31,2009-03-31,2021-05-24,-107000000.0,30903000000.0,29576250000.0,3988000000.0,26915000000.0,0.323,33.433,-2354000000.0,632000000.0,632000000.0,6392000000.0,805000000.0,1.302,2.336,12365000000.0,730000000.0,11635000000.0,12365000000.0,0.0,1035000000.0,286000000.0,0.068,2.465,1852000000.0,2887000000.0,0.303,2887000000.0,1852000000.0,1199000000.0,3.02,3.02,3.02,9261000000.0,8845500000.0,9261000000.0,21808498913.0,12.0,7.554,-1518000000.0,-5.48,1.0,3151000000.0,0.33,3655000000.0,653000000.0,35918000000.0,33684750000.0,1300000000.0,0.0,0.0,0.0,21636000000.0,3063000000.0,18573000000.0,10048498913.0,232000000.0,-95000000.0,657000000.0,2042000000.0,-656000000.0,2043000000.0,-2647000000.0,-51000000.0,836000000.0,0.0,803000000.0,803000000.0,803000000.0,3000000.0,72050000.0,0.084,1440000000.0,1711000000.0,780000000.0,0.816,1.085,12.514,11.95,18636000000.0,0.0,36.089,1.053,1.048,844000000.0,2621000000.0,9543000000.0,9543000000.0,0.0,0.027,0.091,0.055,0.194,0.0,0.0,1.0,278433758.0,277000000,277000000.0,34.451,27248000000.0,30000000.0,396000000.0,1013000000.0,98.368,925000000.0
13,PGN1,MRT,2008-12-31,2008-12-31,2008-12-31,2021-05-24,-116000000.0,29873000000.0,28486500000.0,3520000000.0,26353000000.0,0.322,33.156,-2333000000.0,180000000.0,180000000.0,6140000000.0,836000000.0,1.01,2.438,11940000000.0,1050000000.0,10890000000.0,11940000000.0,0.0,957000000.0,282000000.0,0.062,2.46,1864000000.0,2821000000.0,0.308,2821000000.0,1864000000.0,1225000000.0,3.17,3.17,3.17,8687000000.0,8659750000.0,8687000000.0,21315692236.0,11.0,7.556,-1115000000.0,-4.256,1.0,3027000000.0,0.33,3655000000.0,639000000.0,34492000000.0,32056750000.0,1239000000.0,0.0,0.0,0.0,21180000000.0,3486000000.0,17694000000.0,10434692236.0,-75000000.0,0.0,132000000.0,1869000000.0,-642000000.0,1248000000.0,-2541000000.0,-56000000.0,1218000000.0,0.0,830000000.0,830000000.0,830000000.0,-58000000.0,5780000.0,0.091,1344000000.0,1683000000.0,912000000.0,0.776,1.201,12.572,12.512,18293000000.0,0.0,39.662,1.138,1.134,867000000.0,2622000000.0,9167000000.0,9167000000.0,0.0,0.029,0.096,0.058,0.203,0.0,0.0,1.0,263087236.0,262000000,262000000.0,34.989,26218000000.0,194000000.0,395000000.0,945000000.0,100.069,34000000.0
14,PGN1,MRT,2008-09-30,2008-09-30,2008-09-30,2021-05-24,-26000000.0,28237000000.0,27602750000.0,3149000000.0,25088000000.0,0.334,33.691,-2322000000.0,403000000.0,403000000.0,6203000000.0,824000000.0,1.027,2.199,11284000000.0,895000000.0,10389000000.0,11284000000.0,0.0,973000000.0,272000000.0,0.057,2.455,1839000000.0,2812000000.0,0.305,2812000000.0,1839000000.0,1216000000.0,3.15,3.16,3.15,8827000000.0,8586750000.0,8827000000.0,21409343943.0,12.0,7.614,-449000000.0,-1.714,1.0,3005000000.0,0.326,3655000000.0,623000000.0,32396000000.0,30728750000.0,1117000000.0,173000000.0,64000000.0,109000000.0,19410000000.0,3067000000.0,16343000000.0,11246343943.0,-214000000.0,80000000.0,123000000.0,825000000.0,-639000000.0,196000000.0,-2283000000.0,136000000.0,1873000000.0,0.0,826000000.0,826000000.0,826000000.0,-58000000.0,251990000.0,0.09,1359000000.0,1646000000.0,944000000.0,0.779,1.274,13.615,13.628,17915000000.0,0.0,42.927,1.221,1.221,996000000.0,2705000000.0,9208000000.0,9208000000.0,0.0,0.03,0.096,0.06,0.2,0.0,0.0,1.0,261987408.0,262000000,262000000.0,35.145,24582000000.0,0.0,390000000.0,856000000.0,93.824,82000000.0
15,PGN1,MRT,2008-06-30,2008-06-30,2008-06-30,2021-05-24,-28000000.0,29292000000.0,27186750000.0,4482000000.0,24810000000.0,0.341,32.977,-2334000000.0,1423000000.0,1423000000.0,6220000000.0,833000000.0,1.159,2.403,11586000000.0,1193000000.0,10393000000.0,11586000000.0,0.0,989000000.0,268000000.0,0.059,2.45,1846000000.0,2835000000.0,0.306,2835000000.0,1846000000.0,1236000000.0,3.21,3.22,3.21,8607000000.0,8486500000.0,8607000000.0,20782609554.0,11.0,7.331,98000000.0,0.375,1.0,3042000000.0,0.328,3655000000.0,610000000.0,31933000000.0,29951000000.0,1123000000.0,1137000000.0,520000000.0,617000000.0,20685000000.0,3867000000.0,16818000000.0,10879609554.0,1337000000.0,93000000.0,71000000.0,1962000000.0,-636000000.0,1329000000.0,-2424000000.0,-32000000.0,2432000000.0,0.0,836000000.0,836000000.0,836000000.0,-65000000.0,251990000.0,0.09,1377000000.0,1665000000.0,1078000000.0,0.763,1.264,13.014,12.97,17501000000.0,0.0,41.633,1.175,1.173,934000000.0,2558000000.0,9262000000.0,9262000000.0,0.0,0.031,0.099,0.062,0.199,0.0,0.0,1.0,261320773.0,261000000,261000000.0,35.487,25637000000.0,0.0,400000000.0,385000000.0,98.226,615000000.0
16,PGN1,MRT,2008-03-31,2008-03-31,2008-03-31,2021-05-24,-42000000.0,26544000000.0,26214250000.0,2598000000.0,23946000000.0,0.349,32.762,-2120000000.0,400000000.0,400000000.0,6166000000.0,435000000.0,0.767,2.116,10303000000.0,1402000000.0,8901000000.0,10303000000.0,0.0,1011000000.0,262000000.0,0.059,2.445,1383000000.0,2394000000.0,0.262,2394000000.0,1383000000.0,784000000.0,1.68,1.69,1.68,8518000000.0,8394750000.0,8518000000.0,20594158800.0,15.0,8.602,-407000000.0,-1.565,1.0,2981000000.0,0.326,3655000000.0,599000000.0,29406000000.0,28976750000.0,999000000.0,428000000.0,218000000.0,210000000.0,18026000000.0,3386000000.0,14640000000.0,10795158800.0,267000000.0,740000000.0,106000000.0,745000000.0,-631000000.0,154000000.0,-1600000000.0,-36000000.0,1713000000.0,0.0,438000000.0,438000000.0,438000000.0,271000000.0,246970000.0,0.048,1421000000.0,1560000000.0,794000000.0,1.455,1.267,24.646,24.705,16986000000.0,0.0,41.504,1.18,1.18,767000000.0,2514000000.0,9147000000.0,9147000000.0,0.0,0.017,0.052,0.048,0.151,0.0,0.0,1.0,260100680.0,260000000,260000000.0,35.181,22889000000.0,3000000.0,346000000.0,490000000.0,88.035,-788000000.0
17,PGN1,MRT,2007-12-31,2007-12-31,2007-12-31,2021-05-24,-34000000.0,26338000000.0,26008000000.0,2802000000.0,23536000000.0,0.352,32.665,-1973000000.0,255000000.0,255000000.0,6171000000.0,496000000.0,0.849,2.137,10054000000.0,1078000000.0,8976000000.0,10054000000.0,0.0,1026000000.0,255000000.0,0.051,2.44,1426000000.0,2452000000.0,0.268,2452000000.0,1426000000.0,838000000.0,1.96,1.96,1.96,8395000000.0,8390500000.0,8395000000.0,22078075856.0,15.0,9.004,-721000000.0,-2.805,1.0,2982000000.0,0.326,3655000000.0,588000000.0,29180000000.0,28779000000.0,994000000.0,119000000.0,0.0,119000000.0,17943000000.0,3302000000.0,14641000000.0,12494075856.0,-10000000.0,675000000.0,151000000.0,616000000.0,-627000000.0,195000000.0,-1457000000.0,39000000.0,1252000000.0,0.0,504000000.0,504000000.0,504000000.0,206000000.0,181740000.0,0.055,1436000000.0,1546000000.0,819000000.0,1.245,1.488,24.79,24.593,16605000000.0,0.0,48.202,1.365,1.353,1122000000.0,2438000000.0,9153000000.0,9153000000.0,0.0,0.019,0.06,0.05,0.156,0.0,0.0,1.0,259201899.0,257000000,257000000.0,35.615,22683000000.0,24000000.0,334000000.0,500000000.0,88.261,-500000000.0
18,PGN1,MRT,2007-09-30,2007-09-30,2007-09-30,2021-05-24,-54000000.0,26573000000.0,25850250000.0,3544000000.0,23029000000.0,0.324,32.786,-1970000000.0,617000000.0,617000000.0,5276000000.0,655000000.0,1.102,2.154,10201000000.0,1014000000.0,9187000000.0,10201000000.0,0.0,1149000000.0,250000000.0,0.052,2.435,1648000000.0,2797000000.0,0.334,2797000000.0,1648000000.0,1062000000.0,2.58,2.59,2.58,8426000000.0,8363250000.0,8426000000.0,21340603428.0,13.0,7.63,-740000000.0,-2.879,1.0,3102000000.0,0.37,3655000000.0,586000000.0,29285000000.0,28533000000.0,999000000.0,363000000.0,363000000.0,0.0,18147000000.0,3217000000.0,14930000000.0,12072603428.0,282000000.0,1767000000.0,246000000.0,-347000000.0,-622000000.0,-663000000.0,-313000000.0,122000000.0,1230000000.0,0.0,655000000.0,655000000.0,655000000.0,107000000.0,0.0,0.078,1388000000.0,1714000000.0,826000000.0,0.944,1.433,18.431,18.073,16229000000.0,0.0,46.63,1.441,1.43,1148000000.0,2521000000.0,8378000000.0,8378000000.0,0.0,0.025,0.078,0.058,0.197,0.0,0.0,1.0,258904622.0,257000000,257000000.0,32.599,22918000000.0,50000000.0,407000000.0,453000000.0,89.175,327000000.0
19,PGN1,MRT,2007-06-30,2007-06-30,2007-06-30,2021-05-24,-44000000.0,25402000000.0,25802000000.0,2823000000.0,22579000000.0,0.326,32.188,-1801000000.0,86000000.0,86000000.0,5324000000.0,655000000.0,0.948,2.083,9354000000.0,918000000.0,8436000000.0,9354000000.0,0.0,1165000000.0,246000000.0,0.054,2.43,1615000000.0,2780000000.0,0.331,2780000000.0,1615000000.0,1035000000.0,2.61,2.62,2.61,8240000000.0,8262000000.0,8240000000.0,20871586031.0,13.0,7.508,-568000000.0,-2.219,1.0,3080000000.0,0.366,3655000000.0,580000000.0,28036000000.0,28634250000.0,1035000000.0,108000000.0,108000000.0,0.0,17162000000.0,2979000000.0,14183000000.0,11700586031.0,-178000000.0,2082000000.0,247000000.0,-1231000000.0,-615000000.0,-1579000000.0,175000000.0,60000000.0,1233000000.0,0.0,655000000.0,655000000.0,655000000.0,79000000.0,0.0,0.078,1419000000.0,1661000000.0,761000000.0,0.931,1.42,17.863,17.385,15794000000.0,0.0,45.375,1.392,1.382,1006000000.0,2361000000.0,8404000000.0,8404000000.0,0.0,0.025,0.079,0.056,0.192,0.0,0.0,1.0,257861484.0,256000000,256000000.0,32.828,21747000000.0,36000000.0,380000000.0,398000000.0,84.949,-156000000.0
20,PGN1,MRT,2007-03-31,2007-03-31,2007-03-31,2021-05-24,-50000000.0,25719000000.0,25990000000.0,3388000000.0,22331000000.0,0.33,33.469,-1739000000.0,133000000.0,133000000.0,5477000000.0,801000000.0,1.293,2.025,9304000000.0,521000000.0,8783000000.0,9304000000.0,0.0,1173000000.0,236000000.0,0.048,2.425,1786000000.0,2959000000.0,0.345,2959000000.0,1786000000.0,1183000000.0,3.17,3.18,3.17,8501000000.0,8163000000.0,8501000000.0,21801569344.0,12.0,7.368,136000000.0,0.535,1.0,3096000000.0,0.361,3655000000.0,603000000.0,28615000000.0,29133500000.0,1013000000.0,113000000.0,113000000.0,0.0,17218000000.0,2620000000.0,14598000000.0,12907569344.0,-130000000.0,1584000000.0,222000000.0,-1536000000.0,-611000000.0,-1966000000.0,-35000000.0,255000000.0,1875000000.0,0.0,801000000.0,801000000.0,801000000.0,-186000000.0,0.0,0.093,1526000000.0,1570000000.0,652000000.0,0.765,1.518,16.114,15.837,15579000000.0,0.0,50.203,1.506,1.487,960000000.0,2711000000.0,8573000000.0,8573000000.0,0.0,0.031,0.098,0.061,0.208,0.0,0.0,1.0,257109374.0,254000000,254000000.0,33.752,22064000000.0,17000000.0,382000000.0,462000000.0,86.866,768000000.0
21,PGN1,MRT,2006-12-31,2006-12-31,2006-12-31,2021-05-24,-49000000.0,25707000000.0,26182250000.0,3614000000.0,22093000000.0,0.333,33.144,-1572000000.0,265000000.0,265000000.0,5691000000.0,571000000.0,1.282,2.102,9229000000.0,324000000.0,8905000000.0,9229000000.0,0.0,1190000000.0,227000000.0,0.05,2.42,1534000000.0,2724000000.0,0.312,2724000000.0,1534000000.0,910000000.0,2.28,2.28,2.28,8286000000.0,8037000000.0,8286000000.0,22595376484.0,15.0,8.295,429000000.0,1.716,1.0,3033000000.0,0.348,3655000000.0,624000000.0,28196000000.0,29700000000.0,936000000.0,73000000.0,71000000.0,2000000.0,17421000000.0,2820000000.0,14601000000.0,12417376484.0,-340000000.0,1657000000.0,185000000.0,-1978000000.0,-607000000.0,-2468000000.0,127000000.0,179000000.0,2001000000.0,0.0,571000000.0,571000000.0,571000000.0,-20000000.0,0.0,0.065,1546000000.0,1487000000.0,712000000.0,1.061,1.499,21.747,21.425,15245000000.0,0.0,48.849,1.423,1.4,930000000.0,2594000000.0,8724000000.0,8724000000.0,0.0,0.022,0.071,0.052,0.176,0.0,0.0,1.0,254198987.0,250000000,250000000.0,34.896,22052000000.0,142000000.0,339000000.0,747000000.0,88.208,794000000.0
22,PGN1,MRT,2006-09-30,2006-09-30,2006-09-30,2021-05-24,-96000000.0,26380000000.0,26521000000.0,3957000000.0,22423000000.0,0.3,31.956,-1534000000.0,335000000.0,335000000.0,4878000000.0,472000000.0,1.323,2.289,10513000000.0,700000000.0,9813000000.0,10513000000.0,0.0,1220000000.0,222000000.0,0.053,2.405,1649000000.0,2869000000.0,0.36,2869000000.0,1649000000.0,1076000000.0,1.88,1.88,1.88,8021000000.0,7975000000.0,8021000000.0,21730846852.0,13.0,7.574,631000000.0,2.514,1.0,3090000000.0,0.388,3877000000.0,573000000.0,29690000000.0,30358000000.0,953000000.0,333000000.0,333000000.0,0.0,18359000000.0,2991000000.0,15368000000.0,11442846852.0,134000000.0,565000000.0,88000000.0,-120000000.0,-601000000.0,-700000000.0,-1364000000.0,-272000000.0,2165000000.0,0.0,472000000.0,472000000.0,472000000.0,-83000000.0,0.0,0.059,1523000000.0,1567000000.0,613000000.0,1.279,1.427,24.243,24.025,15567000000.0,0.0,45.166,1.436,1.423,1061000000.0,2495000000.0,7968000000.0,7968000000.0,0.0,0.018,0.059,0.054,0.207,0.0,0.0,1.0,253348322.0,251000000,251000000.0,31.745,22503000000.0,126000000.0,604000000.0,372000000.0,89.653,966000000.0
23,PGN1,MRT,2006-06-30,2006-06-30,2006-06-30,2021-05-24,-87000000.0,26154000000.0,26560500000.0,3336000000.0,22818000000.0,0.307,31.376,-1324000000.0,264000000.0,264000000.0,5105000000.0,603000000.0,1.324,2.334,10552000000.0,460000000.0,10092000000.0,10552000000.0,0.0,1211000000.0,214000000.0,0.056,2.39,1590000000.0,2801000000.0,0.344,2801000000.0,1590000000.0,1009000000.0,2.43,2.42,2.43,7844000000.0,7945500000.0,7844000000.0,21341804849.0,13.0,7.619,559000000.0,2.236,1.0,3041000000.0,0.373,3889000000.0,581000000.0,30033000000.0,30316750000.0,948000000.0,95000000.0,95000000.0,0.0,18310000000.0,2520000000.0,15790000000.0,10793804849.0,124000000.0,252000000.0,97000000.0,-5000000.0,-596000000.0,-563000000.0,-1218000000.0,6000000.0,1883000000.0,0.0,603000000.0,603000000.0,603000000.0,-63000000.0,0.0,0.074,1521000000.0,1520000000.0,654000000.0,0.984,1.376,17.9,17.559,16016000000.0,0.0,42.668,1.325,1.309,998000000.0,2328000000.0,8146000000.0,8146000000.0,0.0,0.023,0.076,0.052,0.195,0.0,0.0,1.0,252970295.0,250000000,250000000.0,32.584,22265000000.0,44000000.0,406000000.0,403000000.0,89.06,816000000.0
24,PGN1,MRT,2006-03-31,2006-03-31,2006-03-31,2021-05-24,-90000000.0,26488000000.0,26433500000.0,3206000000.0,23282000000.0,0.307,32.116,-1310000000.0,263000000.0,263000000.0,5273000000.0,649000000.0,1.454,2.312,10811000000.0,363000000.0,10448000000.0,10811000000.0,0.0,1215000000.0,207000000.0,0.054,2.375,1571000000.0,2786000000.0,0.343,2786000000.0,1571000000.0,989000000.0,2.61,2.6,2.61,7997000000.0,7903250000.0,7997000000.0,21571486386.0,14.0,7.743,367000000.0,1.474,1.0,2840000000.0,0.35,3950000000.0,582000000.0,30881000000.0,30052750000.0,908000000.0,217000000.0,217000000.0,0.0,18491000000.0,2205000000.0,16286000000.0,11043486386.0,-16000000.0,180000000.0,176000000.0,-42000000.0,-588000000.0,-444000000.0,-1280000000.0,3000000.0,1677000000.0,0.0,649000000.0,649000000.0,649000000.0,-122000000.0,0.0,0.08,1394000000.0,1446000000.0,542000000.0,0.91,1.381,17.016,16.771,16362000000.0,0.0,43.773,1.361,1.343,1014000000.0,2527000000.0,8113000000.0,8113000000.0,0.0,0.025,0.082,0.052,0.194,0.0,0.0,1.0,252289683.0,249000000,249000000.0,32.582,22538000000.0,2000000.0,340000000.0,425000000.0,90.514,1001000000.0
25,PGN1,MRT,2005-12-31,2005-12-31,2005-12-31,2021-05-24,-104000000.0,27062000000.0,26235500000.0,6007000000.0,21055000000.0,0.303,32.543,-1313000000.0,605000000.0,605000000.0,5177000000.0,697000000.0,1.97,2.367,11134000000.0,688000000.0,10446000000.0,11134000000.0,0.0,1216000000.0,200000000.0,0.054,2.36,1570000000.0,2786000000.0,0.351,2786000000.0,1570000000.0,995000000.0,2.82,2.82,2.82,8038000000.0,7819750000.0,8038000000.0,21423996906.0,14.0,7.69,154000000.0,0.623,1.0,2771000000.0,0.349,3714000000.0,575000000.0,30828000000.0,29499000000.0,823000000.0,191000000.0,191000000.0,0.0,19024000000.0,3049000000.0,15975000000.0,11000996906.0,550000000.0,475000000.0,208000000.0,569000000.0,-582000000.0,227000000.0,-1144000000.0,-140000000.0,1467000000.0,0.0,697000000.0,697000000.0,697000000.0,-173000000.0,0.0,0.088,1383000000.0,1388000000.0,601000000.0,0.837,1.369,15.783,15.501,14520000000.0,0.0,43.713,1.384,1.358,997000000.0,2634000000.0,7948000000.0,7948000000.0,0.0,0.027,0.089,0.053,0.198,0.0,0.0,1.0,251662294.0,247000000,247000000.0,32.178,23348000000.0,37000000.0,298000000.0,477000000.0,94.526,2958000000.0
26,PGN1,MRT,2005-09-30,2005-09-30,2005-09-30,2021-05-24,-212000000.0,26538000000.0,25981000000.0,3191000000.0,23347000000.0,0.34,31.867,-965000000.0,205000000.0,205000000.0,6400000000.0,736000000.0,0.937,2.358,10628000000.0,1369000000.0,9259000000.0,10628000000.0,0.0,986000000.0,195000000.0,0.053,2.345,1148000000.0,2134000000.0,0.242,2134000000.0,1148000000.0,574000000.0,2.99,2.98,2.99,7903000000.0,7718500000.0,7903000000.0,21610520457.0,19.0,10.127,-12000000.0,-0.048,1.0,2426000000.0,0.275,4029000000.0,574000000.0,29525000000.0,29143000000.0,802000000.0,0.0,0.0,0.0,18635000000.0,3407000000.0,15228000000.0,11189520457.0,146000000.0,718000000.0,207000000.0,292000000.0,-575000000.0,-34000000.0,-458000000.0,-56000000.0,953000000.0,0.0,736000000.0,736000000.0,736000000.0,-56000000.0,0.0,0.083,1384000000.0,1042000000.0,684000000.0,0.784,1.416,15.203,14.896,16246000000.0,0.0,44.539,1.268,1.252,1200000000.0,2630000000.0,8826000000.0,8826000000.0,0.0,0.028,0.095,0.039,0.13,0.0,0.0,1.0,251227350.0,248000000,248000000.0,35.589,22509000000.0,45000000.0,-162000000.0,565000000.0,90.762,-216000000.0
27,PGN1,MRT,2005-06-30,2005-06-30,2005-06-30,2021-05-24,-113000000.0,25646000000.0,26001500000.0,2543000000.0,23103000000.0,0.321,31.199,-1097000000.0,141000000.0,141000000.0,5849000000.0,589000000.0,0.834,2.341,10562000000.0,1251000000.0,9311000000.0,10562000000.0,0.0,1022000000.0,189000000.0,0.052,2.33,1218000000.0,2240000000.0,0.269,2240000000.0,1218000000.0,646000000.0,2.42,2.41,2.42,7675000000.0,7658000000.0,7675000000.0,21754364408.0,18.0,9.712,-61000000.0,-0.248,1.0,2493000000.0,0.299,4040000000.0,572000000.0,28977000000.0,29272250000.0,801000000.0,40000000.0,40000000.0,0.0,17971000000.0,3050000000.0,14921000000.0,11197364408.0,90000000.0,722000000.0,185000000.0,223000000.0,-569000000.0,-113000000.0,-576000000.0,-64000000.0,1036000000.0,0.0,589000000.0,589000000.0,589000000.0,-51000000.0,0.0,0.071,1398000000.0,1095000000.0,576000000.0,0.963,1.459,19.011,18.606,16133000000.0,0.0,45.027,1.342,1.328,995000000.0,2327000000.0,8342000000.0,8342000000.0,0.0,0.023,0.077,0.042,0.146,0.0,0.0,1.0,248680504.0,246000000,246000000.0,33.911,21606000000.0,100000000.0,57000000.0,702000000.0,87.829,-507000000.0
28,PGN1,MRT,2005-03-31,2005-03-31,2005-03-31,2021-05-24,-159000000.0,25696000000.0,26148750000.0,2803000000.0,22893000000.0,0.314,31.406,-1024000000.0,280000000.0,280000000.0,5515000000.0,744000000.0,0.792,2.353,10837000000.0,1839000000.0,8998000000.0,10837000000.0,0.0,1034000000.0,186000000.0,0.055,2.315,1380000000.0,2414000000.0,0.294,2414000000.0,1380000000.0,812000000.0,3.06,3.05,3.06,7663000000.0,7615000000.0,7663000000.0,20868914259.0,15.0,8.645,250000000.0,1.025,1.0,2685000000.0,0.327,4049000000.0,568000000.0,28666000000.0,29450500000.0,772000000.0,229000000.0,229000000.0,0.0,18033000000.0,3538000000.0,14495000000.0,10376914259.0,242000000.0,686000000.0,104000000.0,447000000.0,-562000000.0,24000000.0,-769000000.0,-272000000.0,1274000000.0,0.0,744000000.0,744000000.0,744000000.0,-66000000.0,0.0,0.091,1439000000.0,1246000000.0,582000000.0,0.757,1.354,13.947,13.645,15983000000.0,0.0,41.753,1.265,1.242,931000000.0,2475000000.0,8200000000.0,8200000000.0,0.0,0.028,0.098,0.047,0.168,0.0,0.0,1.0,248533367.0,244000000,244000000.0,33.607,21647000000.0,65000000.0,68000000.0,776000000.0,88.717,-735000000.0
29,PGN1,MRT,2004-12-31,2004-12-31,2004-12-31,2021-05-24,-164000000.0,26044000000.0,26195500000.0,3032000000.0,23012000000.0,0.307,31.541,-1004000000.0,56000000.0,56000000.0,5346000000.0,759000000.0,0.983,2.412,10554000000.0,1033000000.0,9521000000.0,10554000000.0,0.0,1037000000.0,180000000.0,0.051,2.3,1392000000.0,2429000000.0,0.302,2429000000.0,1392000000.0,826000000.0,3.13,3.12,3.13,7633000000.0,7561500000.0,7633000000.0,21636839415.0,16.0,8.908,405000000.0,1.674,1.0,2707000000.0,0.336,4055000000.0,566000000.0,29404000000.0,29812500000.0,822000000.0,82000000.0,82000000.0,0.0,18411000000.0,3083000000.0,15328000000.0,11123839415.0,21000000.0,372000000.0,73000000.0,-11000000.0,-558000000.0,-485000000.0,-649000000.0,114000000.0,1409000000.0,0.0,759000000.0,759000000.0,759000000.0,-86000000.0,0.0,0.094,1435000000.0,1272000000.0,625000000.0,0.735,1.457,14.656,14.386,16136000000.0,0.0,45.027,1.381,1.353,896000000.0,2526000000.0,8053000000.0,8053000000.0,0.0,0.029,0.1,0.047,0.173,0.0,0.0,1.0,247047599.0,242000000,242000000.0,33.277,21989000000.0,112000000.0,67000000.0,824000000.0,90.864,-51000000.0
30,PGN1,MRT,2004-09-30,2004-09-30,2004-09-30,2021-05-24,-62000000.0,26620000000.0,26207750000.0,2796000000.0,23824000000.0,0.294,31.527,-1016000000.0,57000000.0,57000000.0,4828000000.0,653000000.0,0.909,2.475,10570000000.0,1016000000.0,9554000000.0,10570000000.0,0.0,1101000000.0,174000000.0,0.054,2.285,1356000000.0,2457000000.0,0.319,2457000000.0,1356000000.0,735000000.0,2.69,2.67,2.69,7661000000.0,7514250000.0,7661000000.0,20884045215.0,15.0,8.5,408000000.0,1.679,1.0,2876000000.0,0.373,4014000000.0,621000000.0,30042000000.0,29991250000.0,935000000.0,0.0,0.0,0.0,18959000000.0,3077000000.0,15882000000.0,10400045215.0,-37000000.0,691000000.0,86000000.0,-2000000.0,-556000000.0,-513000000.0,-945000000.0,-37000000.0,1424000000.0,0.0,653000000.0,653000000.0,653000000.0,-28000000.0,0.0,0.085,1511000000.0,1365000000.0,940000000.0,0.849,1.358,15.927,15.666,16750000000.0,0.0,42.141,1.35,1.329,1025000000.0,2475000000.0,7704000000.0,7704000000.0,0.0,0.025,0.087,0.045,0.176,0.0,0.0,1.0,246793015.0,243000000,243000000.0,31.704,22606000000.0,0.0,82000000.0,986000000.0,93.029,-281000000.0
31,PGN1,MRT,2004-06-30,2004-06-30,2004-06-30,2021-05-24,-56000000.0,26235000000.0,25372583000.0,2608000000.0,23627000000.0,0.303,31.004,-1078000000.0,78000000.0,78000000.0,4896000000.0,668000000.0,0.871,2.497,10562000000.0,971000000.0,9591000000.0,10562000000.0,0.0,1087000000.0,172000000.0,0.052,2.27,1202000000.0,2289000000.0,0.298,2289000000.0,1202000000.0,590000000.0,2.77,2.75,2.77,7503000000.0,7419019000.0,7503000000.0,21420639032.0,18.0,9.358,505000000.0,2.087,1.0,2795000000.0,0.363,4036000000.0,612000000.0,29690000000.0,29381833000.0,775000000.0,0.0,0.0,0.0,18732000000.0,2993000000.0,15739000000.0,10810639032.0,12000000.0,673000000.0,198000000.0,-589000000.0,-551000000.0,-982000000.0,-575000000.0,-61000000.0,1583000000.0,0.0,668000000.0,668000000.0,668000000.0,2000000.0,0.0,0.087,1517000000.0,1278000000.0,684000000.0,0.819,1.441,16.184,15.828,16822000000.0,0.0,43.843,1.406,1.38,1099000000.0,2313000000.0,7691000000.0,7691000000.0,0.0,0.026,0.09,0.041,0.156,0.0,0.0,1.0,246577745.0,242000000,242000000.0,31.781,22199000000.0,0.0,-78000000.0,709000000.0,91.731,-385000000.0
32,PGN1,MRT,2004-03-31,2004-03-31,2004-03-31,2021-05-24,-61000000.0,25883000000.0,24721071250.0,2361000000.0,23522000000.0,0.308,30.909,-1187000000.0,41000000.0,41000000.0,4833000000.0,671000000.0,1.013,2.475,10651000000.0,739000000.0,9912000000.0,10651000000.0,0.0,1101000000.0,169000000.0,0.048,2.255,1176000000.0,2277000000.0,0.299,2277000000.0,1176000000.0,562000000.0,2.8,2.78,2.8,7449000000.0,7283959500.0,7449000000.0,22043351054.0,19.0,9.681,329000000.0,1.365,1.0,2785000000.0,0.366,4048000000.0,614000000.0,30114000000.0,28800271500.0,782000000.0,0.0,0.0,0.0,18434000000.0,2331000000.0,16103000000.0,11510351054.0,10000000.0,663000000.0,259000000.0,-363000000.0,-549000000.0,-669000000.0,-840000000.0,-36000000.0,1516000000.0,0.0,671000000.0,671000000.0,671000000.0,7000000.0,0.0,0.088,1520000000.0,1265000000.0,618000000.0,0.805,1.545,17.154,16.735,16706000000.0,0.0,46.858,1.511,1.482,987000000.0,2299000000.0,7618000000.0,7618000000.0,0.0,0.027,0.092,0.041,0.154,0.0,0.0,1.0,245640831.0,241000000,241000000.0,31.61,21835000000.0,0.0,-109000000.0,868000000.0,90.602,30000000.0
33,PGN1,MRT,2003-12-31,2003-12-31,2003-12-31,2021-05-24,-50000000.0,26093000000.0,24043544250.0,2889000000.0,23204000000.0,0.324,31.409,-1420000000.0,47000000.0,47000000.0,4907000000.0,782000000.0,1.09,2.505,10806000000.0,872000000.0,9934000000.0,10806000000.0,0.0,1110000000.0,167000000.0,0.05,2.24,1276000000.0,2386000000.0,0.306,2386000000.0,1276000000.0,669000000.0,3.3,3.28,3.3,7444000000.0,7132073000.0,7444000000.0,21567985281.0,17.0,9.039,168000000.0,0.709,1.0,2892000000.0,0.371,4083000000.0,607000000.0,30119000000.0,28110570250.0,907000000.0,226000000.0,226000000.0,0.0,18649000000.0,2650000000.0,15999000000.0,11039452281.0,-19000000.0,579000000.0,304000000.0,33000000.0,-541000000.0,-188000000.0,-1416000000.0,-263000000.0,1588000000.0,0.0,782000000.0,782000000.0,782000000.0,5000000.0,0.0,0.1,1548000000.0,1344000000.0,635000000.0,0.679,1.483,14.117,13.651,16401000000.0,0.0,45.047,1.415,1.369,1084000000.0,2330000000.0,7799000000.0,7799000000.0,0.0,0.033,0.11,0.045,0.164,0.0,0.0,1.0,245065096.0,237000000,237000000.0,32.907,22010000000.0,87000000.0,-113000000.0,891000000.0,92.869,239000000.0
34,PGN1,MRT,2003-09-30,2003-09-30,2003-09-30,2021-05-24,-221603000.0,23279332000.0,23572294250.0,2576730000.0,20702602000.0,0.368,30.461,-1735589000.0,100146000.0,100146000.0,5688520000.0,816919000.0,1.037,2.198,10628679000.0,868008000.0,9760671000.0,10628679000.0,0.0,1116341000.0,167755000.0,0.05,2.225,1346588000.0,2462929000.0,0.284,2462929000.0,1346588000.0,733629000.0,3.47,3.46,3.47,7280076000.0,6940323000.0,7280076000.0,21939587364.0,16.0,8.908,30684000.0,0.128,1.0,2985452000.0,0.344,3719327000.0,612959000.0,27604332000.0,27654820250.0,816425000.0,0.0,0.0,0.0,15999256000.0,2484206000.0,13515050000.0,10772310364.0,41058000.0,31301000.0,932084000.0,-631724000.0,-524022000.0,-188536000.0,-1537319000.0,0.0,1766273000.0,0.0,816919000.0,816919000.0,816919000.0,31013000.0,0.0,0.094,1615940000.0,1369512000.0,566201000.0,0.641,1.48,13.187,12.752,14278609000.0,0.0,44.251,1.242,1.219,1003977000.0,2366769000.0,8673972000.0,8673972000.0,0.0,0.035,0.118,0.049,0.155,0.0,0.0,1.0,243437696.0,239000000,239000000.0,36.293,19560005000.0,0.0,-83290000.0,1104388000.0,81.841,92524000.0
35,PGN1,MRT,2003-06-30,2003-06-30,2003-06-30,2021-05-24,-240508000.0,23628953000.0,23147650250.0,2916874000.0,20712079000.0,0.368,29.503,-1487086000.0,45654000.0,45654000.0,5530564000.0,650853000.0,0.786,2.394,11212931000.0,1989299000.0,9223632000.0,11212931000.0,0.0,1103894000.0,161539000.0,0.051,2.21,1073757000.0,2177651000.0,0.255,2177651000.0,1073757000.0,464180000.0,2.85,2.84,2.85,6962762000.0,6678526500.0,6962762000.0,21453689605.0,20.0,9.852,267576000.0,1.134,1.0,2998787000.0,0.352,3719327000.0,609577000.0,27363754000.0,27201596250.0,846928000.0,0.0,0.0,0.0,16666191000.0,3713149000.0,12953042000.0,10521389605.0,-148568000.0,-322000000.0,857393000.0,-125146000.0,-509596000.0,165244000.0,-2068058000.0,0.0,1754662000.0,0.0,650853000.0,650853000.0,650853000.0,17152000.0,0.0,0.076,1905055000.0,1093732000.0,606658000.0,0.775,1.511,16.166,15.331,14303998000.0,0.0,43.693,1.234,1.209,1041819000.0,2182440000.0,8529351000.0,8529351000.0,0.0,0.028,0.097,0.039,0.126,0.0,0.0,1.0,240800322.0,236000000,236000000.0,36.141,19909626000.0,0.0,-186673000.0,1023059000.0,84.363,-796275000.0
36,PGN1,MRT,2003-03-31,2003-03-31,2003-03-31,2021-05-24,-238290000.0,23172892000.0,22682590000.0,2827752000.0,20345140000.0,0.372,29.362,-1498117000.0,35487000.0,35487000.0,5431802000.0,614473000.0,0.933,2.387,10967787000.0,1369839000.0,9597948000.0,10967787000.0,0.0,1107971000.0,159780000.0,0.056,2.195,1110545000.0,2218516000.0,0.263,2218516000.0,1110545000.0,491160000.0,2.75,2.74,2.75,6841454000.0,6480622250.0,6841454000.0,19975736770.0,18.0,9.004,308015000.0,1.322,1.0,3006404000.0,0.356,3719327000.0,619385000.0,27355195000.0,27034241000.0,844919000.0,0.0,0.0,0.0,16331438000.0,3030670000.0,13300768000.0,9319554770.0,-221811000.0,-322000000.0,766393000.0,-297383000.0,-493794000.0,-128381000.0,-1900104000.0,0.0,1806132000.0,0.0,614473000.0,614473000.0,614473000.0,21465000.0,0.0,0.073,1881384000.0,1125020000.0,718814000.0,0.798,1.362,15.167,14.169,14108164000.0,0.0,38.966,1.104,1.076,968106000.0,2163431000.0,8438206000.0,8438206000.0,0.0,0.027,0.095,0.041,0.132,0.0,0.0,1.0,239172863.0,233000000,233000000.0,36.215,19453565000.0,0.0,-123313000.0,1103418000.0,83.492,-202918000.0
37,PGN1,MRT,2002-12-31,2002-12-31,2002-12-31,2021-05-24,-238000000.0,24208000000.0,22266187500.0,2834000000.0,21374000000.0,0.363,30.77,-1727000000.0,61000000.0,61000000.0,5248000000.0,528000000.0,1.052,2.626,10717000000.0,970000000.0,9747000000.0,10717000000.0,0.0,1099000000.0,158000000.0,0.051,2.18,1003000000.0,2102000000.0,0.26,2102000000.0,1003000000.0,370000000.0,2.43,2.42,2.43,6677000000.0,6278375000.0,6677000000.0,20622739887.0,21.0,9.811,-100000000.0,-0.461,1.0,2843000000.0,0.351,3874000000.0,633000000.0,28296000000.0,26658624000.0,875000000.0,0.0,0.0,0.0,17531000000.0,2694000000.0,14837000000.0,9585006887.0,7000000.0,-322000000.0,687000000.0,379000000.0,-480000000.0,581000000.0,-2201000000.0,0.0,1627000000.0,0.0,528000000.0,528000000.0,528000000.0,24000000.0,0.0,0.065,1833000000.0,1010000000.0,659000000.0,0.897,1.436,18.153,17.756,15485000000.0,0.0,43.146,1.185,1.157,962000000.0,2087000000.0,8091000000.0,8091000000.0,0.0,0.024,0.084,0.038,0.124,0.0,0.0,1.0,222152799.0,217000000,217000000.0,37.286,20334000000.0,0.0,-158000000.0,1064000000.0,93.705,140000000.0
38,PGN1,MRT,2002-09-30,2002-09-30,2002-09-30,2021-05-24,-39102000.0,21580756000.0,21436862750.0,2440329000.0,19140427000.0,0.356,28.845,-1679445000.0,132761000.0,132761000.0,4744387000.0,314933000.0,0.802,2.462,11170494000.0,1435469000.0,9735025000.0,11170494000.0,0.0,1103979000.0,159920000.0,0.053,2.165,731752000.0,1835731000.0,0.24,1835731000.0,731752000.0,104411000.0,1.41,1.4,1.41,6232890000.0,6110008250.0,6232890000.0,19907461192.0,27.0,10.844,-250361000.0,-1.159,1.0,2888869000.0,0.378,3785073000.0,627341000.0,25791436000.0,25582255500.0,918297000.0,0.0,0.0,0.0,15347866000.0,3041980000.0,12305886000.0,8999337192.0,-43625000.0,-300301000.0,31626000.0,1155261000.0,-472068000.0,689260000.0,-2160329000.0,0.0,1429084000.0,0.0,314933000.0,314933000.0,314933000.0,-3013000.0,0.0,0.041,1952830000.0,936039000.0,657572000.0,1.535,1.444,28.575,28.849,12589216000.0,0.0,40.678,1.179,1.151,1026052000.0,2094639000.0,7633256000.0,7633256000.0,0.0,0.015,0.052,0.029,0.096,0.0,0.0,1.0,221235262.0,216079000,216079000.0,35.326,17795683000.0,0.0,-210522000.0,1492537000.0,82.357,-601651000.0
39,PGN1,MRT,2002-06-30,2002-06-30,2002-06-30,2021-05-24,-28923000.0,21768712000.0,21209921000.0,2546425000.0,19222287000.0,0.361,28.702,-2017255000.0,304442000.0,304442000.0,4838772000.0,529442000.0,1.127,2.527,11212566000.0,699843000.0,10512723000.0,11212566000.0,0.0,1156466000.0,159900000.0,0.042,2.15,1023321000.0,2179787000.0,0.285,2179787000.0,1023321000.0,371760000.0,2.48,2.47,2.48,6171145000.0,6102560000.0,6171145000.0,22296521859.0,22.0,10.229,-607377000.0,-2.825,1.0,2812652000.0,0.368,3722237000.0,651561000.0,26694333000.0,25099035750.0,925676000.0,0.0,0.0,0.0,15597567000.0,2260266000.0,13337301000.0,11452300859.0,122197000.0,53000000.0,482607000.0,861229000.0,-457898000.0,938932000.0,-2225029000.0,0.0,1409878000.0,0.0,529442000.0,529442000.0,529442000.0,-8152000.0,0.0,0.069,1623315000.0,1189337000.0,591660000.0,0.867,1.856,21.631,20.873,12724420000.0,0.0,51.765,1.497,1.455,988448000.0,2061224000.0,7651424000.0,7651424000.0,0.0,0.025,0.087,0.041,0.134,0.0,0.0,1.0,221235262.0,215007000,215007000.0,35.587,18046475000.0,0.0,-157682000.0,1690243000.0,83.934,286159000.0
40,PGN1,MRT,2002-03-31,2002-03-31,2002-03-31,2021-05-24,-27932000.0,21507282000.0,20826665250.0,2679080000.0,18828202000.0,0.385,28.324,-1969407000.0,361309000.0,361309000.0,5227026000.0,520524000.0,0.954,2.565,11205530000.0,1383525000.0,9822005000.0,11205530000.0,0.0,1200219000.0,161719000.0,0.043,2.135,996934000.0,2197153000.0,0.274,2197153000.0,996934000.0,316785000.0,2.48,2.47,2.48,6032465000.0,5924533750.0,6032465000.0,21088509356.0,21.0,9.598,-701544000.0,-3.294,1.0,2781186000.0,0.347,3690210000.0,680149000.0,25852727000.0,24498974250.0,921194000.0,0.0,0.0,0.0,15474817000.0,2808566000.0,12666251000.0,10893602356.0,204534000.0,53000000.0,482607000.0,982339000.0,-445043000.0,1093032000.0,-2154819000.0,0.0,1267863000.0,0.0,520524000.0,520524000.0,520524000.0,-9465000.0,0.0,0.065,1613062000.0,1168124000.0,597613000.0,0.861,1.806,20.928,20.082,12376554000.0,0.0,49.805,1.36,1.325,969203000.0,2058583000.0,8008212000.0,8008212000.0,0.0,0.025,0.088,0.041,0.124,0.0,0.0,1.0,218727139.0,212979000,212979000.0,37.601,17817072000.0,57602000.0,-203739000.0,1641845000.0,83.656,-129486000.0
41,PGN1,MRT,2001-12-31,2001-12-31,2001-12-31,2021-05-24,-32180000.0,20890701000.0,20462857750.0,2897800000.0,17992901000.0,0.397,29.286,-1527000000.0,53708000.0,53708000.0,5228000000.0,542000000.0,0.843,2.48,10249326000.0,1630366000.0,8618960000.0,10249326000.0,0.0,1266000000.0,151968000.0,0.047,2.12,1061000000.0,2327000000.0,0.286,2327000000.0,1061000000.0,388000000.0,2.65,2.64,2.65,6003533000.0,5778003000.0,6003533000.0,19710172656.0,19.0,8.47,-154000000.0,-0.751,1.0,2901000000.0,0.357,3656970000.0,673000000.0,23990526000.0,24083845250.0,871643000.0,0.0,0.0,0.0,14887168000.0,3438823000.0,11448345000.0,9803478656.0,-46000000.0,53000000.0,488000000.0,224000000.0,-432000000.0,238000000.0,-1656000000.0,0.0,1373000000.0,0.0,542000000.0,542000000.0,542000000.0,-1000000.0,0.0,0.067,1665000000.0,1236000000.0,760116000.0,0.8,1.633,18.088,16.912,11593890000.0,0.0,44.818,1.206,1.13,978879000.0,2042605000.0,8129000000.0,8129000000.0,0.0,0.026,0.094,0.044,0.131,0.0,0.0,1.0,218739274.0,205000000,205000000.0,39.654,17233731000.0,0.0,-154000000.0,1632843000.0,84.067,-541023000.0
42,PGN1,MRT,2001-09-30,2001-09-30,2001-09-30,2021-05-24,-37609000.0,20672989000.0,20267857750.0,2488032000.0,18184957000.0,0.37,30.132,-1425063000.0,103863000.0,103863000.0,4646738000.0,620708000.0,0.843,2.333,10010557000.0,1383528000.0,8627029000.0,10010557000.0,0.0,1365220000.0,0.0,0.049,2.105,1098035000.0,2463255000.0,0.329,2463255000.0,1098035000.0,488899000.0,2.95,2.94,2.95,6203097000.0,5633170000.0,6203097000.0,19112066029.0,17.0,7.759,-234173000.0,-1.138,1.0,2845190000.0,0.38,3768820000.0,609136000.0,23858557000.0,23271495500.0,842052000.0,0.0,0.0,0.0,14469892000.0,2952306000.0,11517586000.0,8818086029.0,-148766000.0,-3241775000.0,488290000.0,3717065000.0,-449208000.0,3708556000.0,-5048737000.0,-200000000.0,1190890000.0,0.0,620708000.0,620708000.0,620708000.0,-439000.0,0.0,0.083,1788031000.0,1057159000.0,715925000.0,0.714,1.422,14.206,14.504,11801887000.0,0.0,42.788,1.177,1.176,1139800000.0,2249519000.0,7491928000.0,7491928000.0,0.0,0.031,0.11,0.047,0.147,0.0,0.0,1.0,206089274.0,205866000,205866000.0,36.392,16904169000.0,241379000.0,-131809000.0,1845926000.0,82.112,-464274000.0
43,PGN1,MRT,2001-06-30,2001-06-30,2001-06-30,2021-05-24,-34214000.0,20235689000.0,17629455750.0,2262961000.0,17972728000.0,0.353,27.289,-1216964000.0,73667000.0,73667000.0,3753849000.0,551346000.0,0.922,2.707,10367647000.0,954008000.0,9413639000.0,10367647000.0,0.0,1206710000.0,0.0,0.047,2.09,1118938000.0,2325648000.0,0.374,2325648000.0,1118938000.0,624573000.0,3.11,3.1,3.11,5459040000.0,5001616000.0,5459040000.0,19431748255.0,17.0,8.355,-201746000.0,-1.009,1.0,2472440000.0,0.397,3779868000.0,494365000.0,24294087000.0,20396355750.0,771479000.0,0.0,0.0,0.0,14776649000.0,2455714000.0,12320935000.0,9213684255.0,43835000.0,-3241775000.0,0.0,4082318000.0,-422454000.0,3612211000.0,-4584119000.0,0.0,1015218000.0,0.0,551346000.0,551346000.0,551346000.0,-439000.0,0.0,0.089,1591498000.0,880942000.0,618098000.0,0.672,1.688,16.711,14.376,11624105000.0,0.0,44.709,1.48,1.436,992059000.0,1996243000.0,6226289000.0,6226289000.0,0.0,0.031,0.11,0.055,0.18,0.0,0.0,1.0,206082949.0,200043000,200043000.0,31.125,16455821000.0,238876000.0,73227000.0,1916497000.0,82.261,-192753000.0
44,PGN1,MRT,2001-03-31,2001-03-31,2001-03-31,2021-05-24,-34991000.0,20052052000.0,15013445000.0,2678295000.0,17373757000.0,0.32,27.259,-1085913000.0,53573000.0,53573000.0,2586017000.0,547104000.0,1.083,2.682,10271637000.0,1070315000.0,9201322000.0,10271637000.0,0.0,1030009000.0,0.0,0.048,2.075,1048238000.0,2078247000.0,0.433,2078247000.0,1048238000.0,696462000.0,3.25,3.24,3.25,5446342000.0,4501877000.0,5446342000.0,18779739782.0,18.0,9.036,-350578000.0,-1.755,1.0,2212377000.0,0.461,3605862000.0,351776000.0,24192211000.0,17290332750.0,519914000.0,0.0,0.0,0.0,14605710000.0,2472043000.0,12133667000.0,8834225782.0,16661000.0,-3241775000.0,0.0,4266043000.0,-395978000.0,3823467000.0,-4542666000.0,0.0,735335000.0,0.0,547104000.0,547104000.0,547104000.0,-439000.0,0.0,0.114,1405882000.0,806495000.0,696901000.0,0.638,1.622,16.147,13.19,11244581000.0,0.0,42.867,1.841,1.785,931840000.0,1990946000.0,4798394000.0,4798394000.0,0.0,0.036,0.122,0.061,0.218,0.0,0.0,1.0,206082949.0,199799000,199799000.0,24.016,16446190000.0,213639000.0,149358000.0,1963873000.0,82.314,206252000.0
45,PGN1,MRT,2000-12-31,2000-12-31,2000-12-31,2021-05-24,0.0,20110701000.0,12345368250.0,2656130000.0,17454571000.0,0.305,34.512,-1011094000.0,101296000.0,101296000.0,1921144000.0,478361000.0,0.469,2.708,10046810000.0,4156711000.0,5890099000.0,10046810000.0,0.0,846984000.0,141744000.0,0.042,2.06,917441000.0,1764425000.0,0.468,1764425000.0,917441000.0,674863000.0,3.04,3.03,3.04,5424201000.0,3997749750.0,5424201000.0,11057660182.0,12.0,6.267,-158216000.0,-1.007,1.0,1847778000.0,0.49,3652429000.0,242578000.0,20741127000.0,14114079500.0,420985000.0,0.0,0.0,0.0,14686500000.0,5662659000.0,9023841000.0,7813269182.0,21057000.0,-3241775000.0,0.0,3970087000.0,-368004000.0,3602017000.0,-4434363000.0,0.0,852878000.0,0.0,478361000.0,478361000.0,478361000.0,-439000.0,0.0,0.127,1164552000.0,683226000.0,828568000.0,0.678,1.44,16.333,16.104,11166360000.0,0.0,48.956,2.073,2.042,925911000.0,1942510000.0,3768922000.0,3768922000.0,0.0,0.039,0.12,0.065,0.243,0.0,0.0,1.0,159597655.0,157169000,157169000.0,23.98,16458272000.0,0.0,196502000.0,2068447000.0,104.717,-3006529000.0
46,PGN1,MRT,2000-09-30,2000-09-30,2000-09-30,2021-05-24,0.0,10119381000.0,9691197750.0,1308900000.0,8810481000.0,0.376,23.981,-978756000.0,252261000.0,252261000.0,2103448000.0,565865000.0,1.818,1.752,3496652000.0,7140000.0,3489512000.0,3496652000.0,0.0,634426000.0,0.0,0.049,2.045,1075526000.0,1709952000.0,0.469,1709952000.0,1075526000.0,875136000.0,3.71,3.69,3.71,3676881000.0,3494861250.0,3676881000.0,10179610971.0,9.0,5.953,-8185000.0,-0.053,1.0,1540795000.0,0.423,285818000.0,200390000.0,12357998000.0,11835323750.0,266501000.0,0.0,0.0,0.0,6442500000.0,719956000.0,5722544000.0,6621918971.0,175610000.0,0.0,0.0,379481000.0,-314277000.0,67352000.0,-862313000.0,200000000.0,970571000.0,0.0,565865000.0,568090000.0,568090000.0,0.0,0.0,0.156,686643000.0,854152000.0,298982000.0,0.551,1.801,11.656,11.184,7185230000.0,-2225000.0,41.491,1.817,1.746,511121000.0,2060113000.0,3644243000.0,3644243000.0,0.0,0.059,0.163,0.091,0.295,0.0,0.0,1.0,159597655.0,153324000,153324000.0,23.768,9833563000.0,230395000.0,309271000.0,1956557000.0,64.136,588944000.0
47,PGN1,MRT,2000-06-30,2000-06-30,2000-06-30,2021-05-24,0.0,9771646000.0,9485133250.0,1045394000.0,8726252000.0,0.38,22.569,-989641000.0,29464000.0,29464000.0,2040865000.0,416638000.0,0.935,1.824,3587156000.0,503108000.0,3084048000.0,3587156000.0,0.0,622010000.0,0.0,0.064,2.03,873704000.0,1495714000.0,0.415,1495714000.0,873704000.0,678371000.0,2.74,2.73,2.74,3460084000.0,3428300500.0,3460084000.0,8245315706.0,9.0,5.513,-81654000.0,-0.533,1.0,1563226000.0,0.434,341671000.0,195333000.0,11869995000.0,11514629000.0,272508000.0,0.0,0.0,0.0,6311562000.0,1117672000.0,5193890000.0,5072912706.0,-53715000.0,1876000.0,0.0,477074000.0,-307024000.0,176075000.0,-1137777000.0,0.0,907987000.0,0.0,416638000.0,418121000.0,418121000.0,0.0,0.0,0.116,677412000.0,885814000.0,269278000.0,0.741,1.466,12.133,11.601,7062668000.0,-1483000.0,31.787,1.408,1.352,501516000.0,1841760000.0,3604091000.0,3604091000.0,0.0,0.044,0.122,0.076,0.242,0.0,0.0,1.0,159589744.0,153311000,153311000.0,23.508,9429975000.0,228880000.0,261733000.0,1841012000.0,61.509,-72278000.0
48,PGN1,MRT,2000-03-31,2000-03-31,2000-03-31,2021-05-24,0.0,9379745000.0,9183751000.0,884020000.0,8495725000.0,0.379,22.409,-909447000.0,36544000.0,36544000.0,1982739000.0,371595000.0,1.134,1.735,3208947000.0,180140000.0,3028807000.0,3208947000.0,0.0,602415000.0,0.0,0.062,2.015,813652000.0,1416067000.0,0.407,1416067000.0,813652000.0,627055000.0,2.47,2.46,2.47,3429833000.0,3307170750.0,3429833000.0,8466512542.0,10.0,5.979,94889000.0,0.62,1.0,1496426000.0,0.43,285271000.0,186597000.0,11487198000.0,11206418750.0,244264000.0,0.0,0.0,0.0,5949912000.0,779679000.0,5170233000.0,5152332542.0,-8926000.0,1876000.0,0.0,304402000.0,-299679000.0,10561000.0,-1023823000.0,0.0,1004336000.0,0.0,371595000.0,373078000.0,373078000.0,0.0,0.0,0.107,662869000.0,833557000.0,253646000.0,0.816,1.502,13.81,13.071,7092224000.0,-1483000.0,32.285,1.481,1.42,415534000.0,1813478000.0,3479165000.0,3479165000.0,0.0,0.041,0.113,0.073,0.234,0.0,0.0,1.0,159589744.0,153054000,153054000.0,22.732,9094474000.0,228814000.0,255460000.0,1901163000.0,59.42,104341000.0
49,PGN1,MRT,1999-12-31,1999-12-31,1999-12-31,2021-05-24,0.0,9494019000.0,8955052750.0,1079333000.0,8414686000.0,0.376,23.005,-846856000.0,79871000.0,79871000.0,1871226000.0,379288000.0,1.208,1.782,3394051000.0,365490000.0,3028561000.0,3394051000.0,0.0,592001000.0,0.0,0.066,2.0,817173000.0,1409174000.0,0.419,1409174000.0,817173000.0,637709000.0,2.56,2.55,2.56,3412647000.0,3194925000.0,3412647000.0,7808071794.0,10.0,5.541,-17703000.0,-0.119,1.0,1493701000.0,0.444,288970000.0,179464000.0,11626104000.0,10974537250.0,247913000.0,0.0,0.0,0.0,6081372000.0,893125000.0,5188247000.0,4834654794.0,49123000.0,1876000.0,0.0,509092000.0,-293704000.0,221557000.0,-1001587000.0,0.0,829153000.0,0.0,379288000.0,379288000.0,379288000.0,0.0,0.0,0.113,645846000.0,847855000.0,269053000.0,0.781,1.417,12.747,11.834,7004795000.0,0.0,30.294,1.437,1.336,446367000.0,1807345000.0,3364927000.0,3364927000.0,0.0,0.042,0.119,0.074,0.243,0.0,0.0,1.0,159589744.0,148344000,148344000.0,22.683,9205049000.0,229008000.0,258421000.0,1836482000.0,62.052,186208000.0
50,PGN1,MRT,1999-09-30,1999-09-30,1999-09-30,2021-05-24,0.0,9295123000.0,8681899500.0,1031900000.0,8263223000.0,0.376,22.5,-656050000.0,76651000.0,76651000.0,1824335000.0,360690000.0,1.143,1.725,3050068000.0,250000000.0,2800068000.0,3050068000.0,0.0,579665000.0,0.0,0.056,1.985,770432000.0,1350097000.0,0.413,1350097000.0,770432000.0,595412000.0,2.45,2.45,2.45,3410638000.0,3079089500.0,3410638000.0,8455387703.0,11.0,6.263,261151000.0,1.723,1.0,1443085000.0,0.442,290816000.0,175020000.0,11075219000.0,10662412000.0,230498000.0,0.0,0.0,0.0,5884485000.0,902505000.0,4981980000.0,5618633703.0,50204000.0,1876000.0,0.0,341411000.0,-288598000.0,56967000.0,-923964000.0,0.0,917201000.0,0.0,360690000.0,361431000.0,361431000.0,0.0,0.0,0.111,638237000.0,804848000.0,314748000.0,0.81,1.647,15.546,14.371,6888665000.0,-741000.0,35.209,1.72,1.633,482474000.0,1807987000.0,3267420000.0,3267420000.0,0.0,0.042,0.117,0.072,0.236,0.0,0.0,1.0,159581559.0,151581000,151581000.0,21.556,9004307000.0,240059000.0,234722000.0,1939397000.0,59.403,129395000.0
51,PGN1,MRT,1999-06-30,1999-06-30,1999-06-30,2021-05-24,0.0,8566117000.0,8448601750.0,898488000.0,7667629000.0,0.38,20.597,-561469000.0,81303000.0,81303000.0,1723314000.0,398860000.0,1.275,1.879,2918057000.0,201610000.0,2716447000.0,2918057000.0,0.0,575206000.0,0.0,0.046,1.97,826444000.0,1401650000.0,0.437,1401650000.0,826444000.0,654055000.0,2.77,2.76,2.77,2975565000.0,2965721000.0,2975565000.0,9211250394.0,11.0,6.572,487182000.0,3.372,1.0,1483641000.0,0.463,61269000.0,172389000.0,10637154000.0,10457894000.0,233264000.0,0.0,0.0,0.0,5590552000.0,704448000.0,4886104000.0,6448648394.0,40967000.0,0.0,0.0,111295000.0,-286821000.0,-175197000.0,-832487000.0,0.0,1048651000.0,0.0,398860000.0,399601000.0,399601000.0,0.0,0.0,0.125,633220000.0,850421000.0,231787000.0,0.711,2.167,16.138,15.383,6508327000.0,-741000.0,42.611,2.011,1.92,448655000.0,1737466000.0,3206955000.0,3206955000.0,0.0,0.047,0.135,0.079,0.258,0.0,0.0,1.0,151337503.0,144466000,144466000.0,22.199,8504848000.0,253000000.0,255195000.0,1878417000.0,58.871,194040000.0
52,PGN1,MRT,1999-03-31,1999-03-31,1999-03-31,2021-05-24,0.0,8464952000.0,8402858750.0,801615000.0,7663337000.0,0.38,20.658,-515995000.0,43594000.0,43594000.0,1704932000.0,401912000.0,1.2,1.84,2806196000.0,201611000.0,2604585000.0,2806196000.0,0.0,576558000.0,0.0,0.052,1.955,833030000.0,1409588000.0,0.441,1409588000.0,833030000.0,659482000.0,2.79,2.78,2.79,2980850000.0,2930901000.0,2980850000.0,8333987123.0,10.0,5.912,465512000.0,3.226,1.0,1488142000.0,0.466,0.0,173548000.0,10559672000.0,10394931750.0,226491000.0,0.0,0.0,0.0,5484102000.0,667882000.0,4816220000.0,5695273123.0,9749000.0,0.0,0.0,84640000.0,-285011000.0,-200488000.0,-771270000.0,0.0,981507000.0,0.0,401912000.0,401912000.0,401912000.0,0.0,0.0,0.126,635499000.0,852643000.0,186382000.0,0.701,1.911,14.17,13.489,6313187000.0,0.0,37.635,1.784,1.701,402134000.0,1747409000.0,3193074000.0,3193074000.0,0.0,0.048,0.137,0.08,0.261,0.0,0.0,1.0,151330894.0,144293000,144293000.0,22.129,8464952000.0,265513000.0,257570000.0,936217000.0,58.665,133733000.0
53,PGN1,MRT,1998-12-31,1998-12-31,1998-12-31,2021-05-24,0.0,8401406000.0,8289067000.0,800856000.0,7600550000.0,0.385,20.49,-424263000.0,28872000.0,28872000.0,1708028000.0,396271000.0,1.345,1.83,2667586000.0,53172000.0,2614414000.0,2667586000.0,0.0,578348000.0,0.0,0.041,1.94,828001000.0,1406349000.0,0.441,1406349000.0,828001000.0,653765000.0,2.75,2.75,2.75,2949305000.0,2884056000.0,2949305000.0,9672506459.0,12.0,6.878,469918000.0,3.265,1.0,1483640000.0,0.465,67017000.0,174236000.0,10377603000.0,10238357000.0,224701000.0,0.0,0.0,0.0,5398101000.0,595500000.0,4856601000.0,7088496459.0,14446000.0,0.0,0.0,66516000.0,-282684000.0,-216616000.0,-663119000.0,0.0,894181000.0,0.0,396271000.0,396271000.0,396271000.0,0.0,0.0,0.124,636090000.0,847550000.0,319163000.0,0.705,2.403,17.888,17.033,6365554000.0,0.0,46.841,2.221,2.112,406418000.0,1728301000.0,3191668000.0,3191668000.0,0.0,0.048,0.137,0.081,0.259,0.0,0.0,1.0,151330894.0,143941000,143941000.0,22.173,8334389000.0,298894000.0,257494000.0,1890746000.0,57.901,205356000.0
54,PGN1,MRT,1998-09-30,1998-09-30,1998-09-30,2021-05-24,0.0,8361932000.0,8258019500.0,842968000.0,7518964000.0,0.39,20.536,-391057000.0,24571000.0,24571000.0,1703043000.0,422001000.0,1.338,1.828,2608581000.0,73172000.0,2535409000.0,2608581000.0,0.0,580876000.0,0.0,0.042,1.925,869986000.0,1450862000.0,0.45,1450862000.0,869986000.0,694600000.0,2.92,2.91,2.92,2957164000.0,2881339500.0,2957164000.0,9665769410.0,11.0,6.662,567657000.0,3.942,1.0,1519323000.0,0.471,58670000.0,175386000.0,10257147000.0,10145253500.0,201565000.0,0.0,0.0,0.0,5404768000.0,630125000.0,4774643000.0,6956705410.0,9835000.0,0.0,0.0,-44606000.0,-280209000.0,-325438000.0,-623441000.0,0.0,958714000.0,0.0,422001000.0,419034000.0,419034000.0,0.0,0.0,0.13,644060000.0,875263000.0,224491000.0,0.659,2.352,16.602,15.743,6275260000.0,2967000.0,45.97,2.159,2.054,498632000.0,1740043000.0,3222366000.0,3222366000.0,0.0,0.051,0.145,0.086,0.27,0.0,0.0,1.0,151330894.0,144001000,144001000.0,22.377,8303262000.0,290278000.0,272599000.0,2010710000.0,57.661,212843000.0
55,PGN1,MRT,1998-06-30,1998-06-30,1998-06-30,2021-05-24,0.0,8383145000.0,8256865000.0,854427000.0,7528718000.0,0.383,19.711,-353877000.0,40336000.0,40336000.0,1674674000.0,403806000.0,1.209,1.956,2749400000.0,168075000.0,2581325000.0,2749400000.0,0.0,576306000.0,0.0,0.044,1.91,843290000.0,1419596000.0,0.449,1419596000.0,843290000.0,665401000.0,2.78,2.78,2.78,2836285000.0,2771054000.0,2836285000.0,9142708502.0,11.0,6.44,580122000.0,4.032,1.0,1490242000.0,0.471,0.0,177889000.0,10385305000.0,10280061000.0,232302000.0,0.0,0.0,0.0,5546860000.0,706904000.0,4839956000.0,6533499502.0,19950000.0,0.0,0.0,11273000.0,-279849000.0,-355059000.0,-558990000.0,0.0,933999000.0,0.0,403806000.0,399414000.0,399414000.0,0.0,0.0,0.126,643021000.0,847221000.0,277812000.0,0.687,2.304,16.358,15.529,6268239000.0,4392000.0,43.171,2.064,1.963,484812000.0,1624745000.0,3164916000.0,3164916000.0,0.0,0.048,0.144,0.082,0.266,0.0,0.0,1.0,151340394.0,143892000,143892000.0,21.995,8383145000.0,302904000.0,261595000.0,1953155000.0,58.26,147523000.0
56,PGN1,MRT,1998-03-31,1998-03-31,1998-03-31,2021-05-24,,,,,,,,-323991000.0,,,1642895000.0,392626000.0,,,,,,,,570015000.0,,0.042,1.895,804159000.0,1374174000.0,0.446,1374174000.0,804159000.0,627482000.0,2.7,2.7,2.7,,,,9425136918.0,12.0,6.859,587807000.0,4.089,1.0,1439103000.0,0.467,,176677000.0,,,,,,,,,,6815927918.0,8944000.0,0.0,-23418000.0,-135298000.0,-279144000.0,-523710000.0,-379144000.0,0.0,911798000.0,0.0,392626000.0,388234000.0,388234000.0,0.0,0.0,0.126,642651000.0,796452000.0,,0.702,,17.556,16.68,,4392000.0,45.037,2.212,2.101,,,3081998000.0,3081998000.0,0.0,,,,0.261,0.0,0.0,1.0,151340394.0,143766000,143766000.0,21.438,,,234856000.0,,,
57,PGN1,MRT,1997-12-31,1997-12-31,1997-12-31,2021-05-24,0.0,8176728000.0,8270795000.0,734806000.0,7441922000.0,0.367,19.623,-322205000.0,14426000.0,14426000.0,1605186000.0,388317000.0,1.07,1.901,2623635000.0,207979000.0,2415656000.0,2623635000.0,0.0,565212000.0,0.0,0.045,1.88,799321000.0,1364533000.0,0.449,1364533000.0,799321000.0,622033000.0,2.66,2.66,2.66,2818807000.0,2754630500.0,2818807000.0,,,,562552000.0,3.916,1.0,1431401000.0,0.471,0.0,177288000.0,10099111000.0,10207925000.0,183804000.0,0.0,0.0,0.0,5357921000.0,686826000.0,4671095000.0,,3485000.0,0.0,-23418000.0,-142403000.0,-277840000.0,-529511000.0,-351761000.0,0.0,884757000.0,0.0,388317000.0,382265000.0,382265000.0,0.0,0.0,0.126,645424000.0,785977000.0,246352000.0,0.707,,,15.855,6293510000.0,6052000.0,42.176,,1.995,406872000.0,1613881000.0,3036587000.0,3036587000.0,0.0,0.046,0.139,0.078,0.263,0.0,0.0,1.0,,143645000,143645000.0,21.14,8176728000.0,328818000.0,233716000.0,1944936000.0,56.923,47980000.0
58,PGN1,MRT,1997-09-30,1997-09-30,1997-09-30,2021-05-24,0.0,8154107000.0,,702026000.0,7452081000.0,,19.51,,14736000.0,14736000.0,,,1.027,1.906,2577780000.0,188529000.0,2389251000.0,2577780000.0,0.0,,0.0,0.052,1.865,,,,,,,,,,2805515000.0,,2805515000.0,,,,,,1.0,,,0.0,,10033360000.0,,177319000.0,0.0,0.0,0.0,5348592000.0,683791000.0,4664801000.0,,,,,,,,,,,,,,,,,,,,160344000.0,,,,,6333693000.0,,35.831,,,396167000.0,1600590000.0,,,,,,,,,,1.0,,143800000,,,8154107000.0,342976000.0,,2101936000.0,56.704,18235000.0
59,PGN1,MRT,1997-06-30,1997-06-30,1997-06-30,2021-05-24,0.0,8130585000.0,,642580000.0,7488005000.0,,18.859,,20386000.0,20386000.0,,,1.074,2.005,2663144000.0,137336000.0,2525808000.0,2663144000.0,0.0,,0.0,0.052,1.85,,,,,,,,,,2705823000.0,,2705823000.0,,,,,,1.0,,,0.0,,10174817000.0,,189159000.0,0.0,0.0,0.0,5424762000.0,598526000.0,4826236000.0,,,,,,,,,,,,,,,,,,,,159563000.0,,,,,6344120000.0,,35.706,,,343669000.0,1502621000.0,,,,,,,,,,1.0,,143475000,,,8130585000.0,356700000.0,,2039597000.0,56.669,44054000.0
60,PGN1,MRT,1996-12-31,1996-12-31,1996-12-31,2021-05-24,0.0,8364862000.0,,667700000.0,7697162000.0,,18.733,-369308000.0,10941000.0,10941000.0,1657744000.0,391277000.0,0.913,2.109,2693837000.0,168230000.0,2525607000.0,2693837000.0,0.0,446508000.0,0.0,0.05,1.82,832563000.0,1279071000.0,0.427,1279071000.0,832563000.0,647193000.0,2.66,2.66,2.66,2690454000.0,,2690454000.0,,,,542899000.0,3.78,1.0,1337971000.0,0.447,0.0,185370000.0,10316739000.0,,183178000.0,0.0,0.0,0.0,5674408000.0,731019000.0,4943389000.0,,-3548000.0,0.0,-25208000.0,-126668000.0,-270818000.0,-422694000.0,-493061000.0,0.0,912207000.0,0.0,391277000.0,381668000.0,381668000.0,0.0,0.0,0.127,554121000.0,783850000.0,375216000.0,0.684,,,13.657,6399919000.0,9609000.0,36.328,,1.742,384318000.0,,2995715000.0,2995715000.0,0.0,,,,0.278,0.0,0.0,1.0,,143621000,143621000.0,20.858,8364862000.0,384336000.0,255916000.0,2059955000.0,58.243,-63319000.0
61,PGN1,MRT,1995-12-31,1995-12-31,1995-12-31,2021-05-24,,,,,,,,-266400000.0,,,1677783000.0,372604000.0,,,,,,,,446662000.0,,0.051,1.76,821462000.0,1268124000.0,0.422,1268124000.0,821462000.0,613287000.0,2.48,2.48,2.48,,,,,,,606702000.0,4.149,1.0,1328770000.0,0.442,,208175000.0,,,,,,,,,,,-65750000.0,0.0,-132439000.0,-89788000.0,-267560000.0,-489787000.0,-449065000.0,0.0,873102000.0,0.0,372604000.0,362995000.0,362995000.0,0.0,0.0,0.121,536698000.0,792072000.0,,0.71,,,13.846,,9609000.0,34.338,,1.67,,,3006553000.0,3006553000.0,0.0,,,,0.273,0.0,0.0,1.0,,146232000,146232000.0,20.56,,,240683000.0,,,
