None,ticker,dimension,calendardate,datekey,reportperiod,lastupdated,accoci,assets,assetsavg,assetsc,assetsnc,assetturnover,bvps,capex,cashneq,cashnequsd,cor,consolinc,currentratio,de,debt,debtc,debtnc,debtusd,deferredrev,depamor,deposits,divyield,dps,ebit,ebitda,ebitdamargin,ebitdausd,ebitusd,ebt,eps,epsdil,epsusd,equity,equityavg,equityusd,ev,evebit,evebitda,fcf,fcfps,fxusd,gp,grossmargin,intangibles,intexp,invcap,invcapavg,inventory,investments,investmentsc,investmentsnc,liabilities,liabilitiesc,liabilitiesnc,marketcap,ncf,ncfbus,ncfcommon,ncfdebt,ncfdiv,ncff,ncfi,ncfinv,ncfo,ncfx,netinc,netinccmn,netinccmnusd,netincdis,netincnci,netmargin,opex,opinc,payables,payoutratio,pb,pe,pe1,ppnenet,prefdivis,price,ps,ps1,receivables,retearn,revenue,revenueusd,rnd,roa,roe,roic,ros,sbcomp,sgna,sharefactor,sharesbas,shareswa,shareswadil,sps,tangibles,taxassets,taxexp,taxliabilities,tbvps,workingcapital
0,CE,MRY,2020-12-31,2020-12-31,2020-12-31,2021-10-22,-328000000.0,10909000000.0,9932250000.0,3763000000.0,7146000000.0,0.569,29.928,-364000000.0,955000000.0,955000000.0,4362000000.0,1992000000.0,1.907,1.989,3931000000.0,496000000.0,3435000000.0,3931000000.0,0.0,356000000.0,0.0,0.019,2.48,2341000000.0,2697000000.0,0.477,2697000000.0,2341000000.0,2232000000.0,16.85,16.75,16.85,3526000000.0,2742250000.0,3526000000.0,18863339289.0,8.0,6.994,979000000.0,8.309,1.0,1293000000.0,0.229,1485000000.0,109000000.0,10427000000.0,9873000000.0,978000000.0,1353000000.0,533000000.0,820000000.0,7014000000.0,1973000000.0,5041000000.0,15189339289.0,492000000.0,1496000000.0,-650000000.0,-472000000.0,-293000000.0,-1471000000.0,592000000.0,-501000000.0,1343000000.0,28000000.0,1985000000.0,1985000000.0,1985000000.0,0.0,7000000.0,0.351,624000000.0,669000000.0,797000000.0,0.147,4.308,7.652,7.712,4171000000.0,0.0,129.94,2.686,2.707,1242000000.0,8091000000.0,5655000000.0,5655000000.0,74000000.0,0.2,0.724,0.237,0.414,28000000.0,482000000.0,1.0,116895023.0,117817445,118481376.0,47.998,9424000000.0,259000000.0,247000000.0,749000000.0,79.988,1790000000.0
1,CE,MRY,2019-12-31,2019-12-31,2019-12-31,2021-10-22,-300000000.0,9476000000.0,9492500000.0,2765000000.0,6711000000.0,0.663,20.23,-370000000.0,463000000.0,463000000.0,4691000000.0,858000000.0,1.576,2.624,4086000000.0,496000000.0,3590000000.0,4086000000.0,0.0,356000000.0,0.0,0.019,2.4,1091000000.0,1447000000.0,0.23,1447000000.0,1091000000.0,976000000.0,6.88,6.84,6.88,2507000000.0,2791250000.0,2507000000.0,18294018576.0,17.0,12.643,1084000000.0,8.747,1.0,1606000000.0,0.255,1386000000.0,115000000.0,9959000000.0,9952250000.0,1038000000.0,1015000000.0,40000000.0,975000000.0,6578000000.0,1754000000.0,4824000000.0,14882018576.0,24000000.0,-90000000.0,-996000000.0,412000000.0,-300000000.0,-935000000.0,-493000000.0,-16000000.0,1454000000.0,-2000000.0,852000000.0,852000000.0,852000000.0,0.0,6000000.0,0.135,779000000.0,827000000.0,780000000.0,0.349,5.936,17.467,17.895,3916000000.0,0.0,123.12,2.363,2.423,1181000000.0,6399000000.0,6297000000.0,6297000000.0,67000000.0,0.09,0.305,0.11,0.173,48000000.0,483000000.0,1.0,120874095.0,123925697,124651759.0,50.813,8090000000.0,96000000.0,124000000.0,439000000.0,65.281,1011000000.0
2,CE,MRY,2018-12-31,2018-12-31,2018-12-31,2021-10-22,-247000000.0,9313000000.0,9676500000.0,2874000000.0,6439000000.0,0.739,22.218,-337000000.0,439000000.0,439000000.0,5183000000.0,1213000000.0,1.616,1.989,3531000000.0,561000000.0,2970000000.0,3531000000.0,0.0,349000000.0,0.0,0.023,2.08,1624000000.0,1973000000.0,0.276,1973000000.0,1624000000.0,1499000000.0,8.99,8.91,8.99,2984000000.0,3289500000.0,2984000000.0,14756204831.0,9.0,7.479,1221000000.0,9.091,1.0,1972000000.0,0.276,1367000000.0,125000000.0,9259000000.0,9644000000.0,1046000000.0,1010000000.0,31000000.0,979000000.0,5934000000.0,1779000000.0,4155000000.0,12034204831.0,-137000000.0,-131000000.0,-805000000.0,-40000000.0,-280000000.0,-1165000000.0,-507000000.0,0.0,1558000000.0,-23000000.0,1207000000.0,1207000000.0,1207000000.0,0.0,6000000.0,0.169,638000000.0,1334000000.0,819000000.0,0.231,4.033,9.97,10.008,3719000000.0,0.0,89.97,1.682,1.689,1318000000.0,5847000000.0,7155000000.0,7155000000.0,72000000.0,0.125,0.367,0.168,0.227,71000000.0,546000000.0,1.0,133757973.0,134305269,135416858.0,53.274,7946000000.0,84000000.0,292000000.0,469000000.0,59.164,1095000000.0
3,CE,MRY,2017-12-31,2017-12-31,2017-12-31,2021-10-22,-177000000.0,9538000000.0,8942750000.0,2792000000.0,6746000000.0,0.687,20.935,-267000000.0,576000000.0,576000000.0,4629000000.0,849000000.0,1.791,2.161,3641000000.0,326000000.0,3315000000.0,3641000000.0,0.0,310000000.0,0.0,0.016,1.74,1178000000.0,1488000000.0,0.242,1488000000.0,1178000000.0,1056000000.0,6.11,6.09,6.11,2887000000.0,2726750000.0,2887000000.0,17451943785.0,15.0,11.728,536000000.0,3.887,1.0,1511000000.0,0.246,1304000000.0,122000000.0,9740000000.0,9151500000.0,900000000.0,1008000000.0,32000000.0,976000000.0,6239000000.0,1559000000.0,4680000000.0,14523943785.0,-62000000.0,-268000000.0,-500000000.0,443000000.0,-241000000.0,-351000000.0,-549000000.0,0.0,803000000.0,35000000.0,843000000.0,843000000.0,843000000.0,0.0,6000000.0,0.137,653000000.0,858000000.0,807000000.0,0.285,5.031,17.229,17.525,3762000000.0,0.0,107.08,2.365,2.405,1230000000.0,4920000000.0,6140000000.0,6140000000.0,73000000.0,0.094,0.309,0.129,0.192,47000000.0,496000000.0,1.0,135636382.0,137902667,138317395.0,44.524,8234000000.0,366000000.0,213000000.0,439000000.0,59.709,1233000000.0
4,CE,MRY,2016-12-31,2016-12-31,2016-12-31,2021-10-22,-358000000.0,8357000000.0,8438500000.0,2472000000.0,5885000000.0,0.639,17.856,-246000000.0,638000000.0,638000000.0,3984000000.0,906000000.0,2.295,2.062,3008000000.0,118000000.0,2890000000.0,3008000000.0,0.0,295000000.0,0.0,0.018,1.38,1142000000.0,1437000000.0,0.267,1437000000.0,1142000000.0,1022000000.0,6.21,6.18,6.21,2588000000.0,2636250000.0,2588000000.0,13038528236.0,11.0,9.073,647000000.0,4.464,1.0,1405000000.0,0.261,990000000.0,120000000.0,8660000000.0,8441250000.0,720000000.0,882000000.0,30000000.0,852000000.0,5336000000.0,1077000000.0,4259000000.0,11275528236.0,-329000000.0,-166000000.0,-500000000.0,-7000000.0,-201000000.0,-759000000.0,-439000000.0,0.0,893000000.0,-24000000.0,900000000.0,900000000.0,900000000.0,0.0,6000000.0,0.167,470000000.0,935000000.0,625000000.0,0.222,4.357,12.528,12.68,3577000000.0,0.0,78.74,2.092,2.118,1024000000.0,4320000000.0,5389000000.0,5389000000.0,78000000.0,0.107,0.341,0.135,0.212,31000000.0,378000000.0,1.0,143199495.0,144939433,145668181.0,37.181,7367000000.0,159000000.0,122000000.0,273000000.0,50.828,1395000000.0
5,CE,MRY,2015-12-31,2015-12-31,2015-12-31,2021-10-22,-348000000.0,8586000000.0,8777000000.0,2787000000.0,5799000000.0,0.646,15.765,-520000000.0,967000000.0,967000000.0,4356000000.0,285000000.0,1.798,2.421,2981000000.0,513000000.0,2468000000.0,2981000000.0,0.0,363000000.0,0.0,0.017,1.15,624000000.0,987000000.0,0.174,987000000.0,624000000.0,505000000.0,2.02,2.0,2.02,2378000000.0,2770250000.0,2378000000.0,11930078629.0,19.0,12.087,342000000.0,2.267,1.0,1318000000.0,0.232,830000000.0,119000000.0,8220000000.0,8453250000.0,682000000.0,868000000.0,30000000.0,838000000.0,5757000000.0,1550000000.0,4207000000.0,9878078629.0,187000000.0,-2000000.0,-420000000.0,323000000.0,-174000000.0,-66000000.0,-558000000.0,0.0,862000000.0,-51000000.0,304000000.0,304000000.0,304000000.0,0.0,-19000000.0,0.054,996000000.0,322000000.0,587000000.0,0.569,4.154,32.494,33.332,3609000000.0,0.0,67.33,1.741,1.79,991000000.0,3621000000.0,5674000000.0,5674000000.0,119000000.0,0.035,0.11,0.074,0.11,40000000.0,506000000.0,1.0,146711401.0,150838050,152287955.0,37.617,7756000000.0,290000000.0,201000000.0,423000000.0,51.419,1237000000.0
6,CE,MRY,2014-12-31,2014-12-31,2014-12-31,2021-10-22,-165000000.0,8796000000.0,9242000000.0,2698000000.0,6098000000.0,0.736,18.179,-678000000.0,780000000.0,780000000.0,5186000000.0,620000000.0,2.016,2.029,2723000000.0,137000000.0,2586000000.0,2723000000.0,0.0,298000000.0,0.0,0.016,0.93,1085000000.0,1383000000.0,0.203,1383000000.0,1085000000.0,938000000.0,4.03,4.0,4.03,2818000000.0,2882250000.0,2818000000.0,11105802661.0,10.0,8.03,284000000.0,1.832,1.0,1616000000.0,0.238,881000000.0,147000000.0,8520000000.0,8648500000.0,782000000.0,908000000.0,32000000.0,876000000.0,5718000000.0,1338000000.0,4380000000.0,9211802661.0,-204000000.0,-10000000.0,-250000000.0,-277000000.0,-144000000.0,-415000000.0,-705000000.0,0.0,962000000.0,-46000000.0,624000000.0,624000000.0,624000000.0,0.0,-4000000.0,0.092,856000000.0,760000000.0,757000000.0,0.231,3.269,14.763,14.878,3733000000.0,0.0,59.96,1.354,1.366,1042000000.0,3491000000.0,6802000000.0,6802000000.0,86000000.0,0.068,0.216,0.125,0.16,46000000.0,758000000.0,1.0,153632466.0,155012370,156166993.0,43.88,7915000000.0,282000000.0,314000000.0,312000000.0,51.06,1360000000.0
7,CE,MRY,2013-12-31,2013-12-31,2013-12-31,2021-10-22,-4000000.0,9018000000.0,9230000000.0,3182000000.0,5836000000.0,0.705,16.996,-377000000.0,984000000.0,984000000.0,5145000000.0,1101000000.0,2.06,2.341,3064000000.0,177000000.0,2887000000.0,3064000000.0,0.0,319000000.0,0.0,0.009,0.525,1781000000.0,2100000000.0,0.323,2100000000.0,1781000000.0,1609000000.0,6.93,6.91,6.93,2699000000.0,2150750000.0,2699000000.0,10714855190.0,6.0,5.102,385000000.0,2.424,1.0,1365000000.0,0.21,940000000.0,172000000.0,8613000000.0,8828000000.0,804000000.0,882000000.0,41000000.0,841000000.0,6319000000.0,1545000000.0,4774000000.0,8720855190.0,25000000.0,13000000.0,-164000000.0,-81000000.0,-83000000.0,-326000000.0,-422000000.0,0.0,762000000.0,11000000.0,1101000000.0,1101000000.0,1101000000.0,0.0,0.0,0.169,-149000000.0,1514000000.0,799000000.0,0.076,3.231,7.921,7.981,3425000000.0,0.0,55.31,1.34,1.349,1210000000.0,3011000000.0,6510000000.0,6510000000.0,85000000.0,0.119,0.512,0.202,0.274,24000000.0,311000000.0,1.0,157672305.0,158801150,159334219.0,40.995,8078000000.0,404000000.0,508000000.0,453000000.0,50.869,1637000000.0
8,CE,MRY,2012-12-31,2012-12-31,2012-12-31,2021-10-22,-89000000.0,9000000000.0,8891750000.0,2839000000.0,6161000000.0,0.722,10.924,-410000000.0,959000000.0,959000000.0,5237000000.0,372000000.0,2.095,4.202,3098000000.0,168000000.0,2930000000.0,3098000000.0,0.0,320000000.0,0.0,0.006,0.27,502000000.0,822000000.0,0.128,822000000.0,502000000.0,317000000.0,2.35,2.33,2.35,1730000000.0,1740750000.0,1730000000.0,9155962276.0,18.0,11.139,312000000.0,1.97,1.0,1181000000.0,0.184,942000000.0,185000000.0,8842000000.0,8716750000.0,711000000.0,853000000.0,53000000.0,800000000.0,7270000000.0,1355000000.0,5915000000.0,7103962276.0,277000000.0,-22000000.0,-45000000.0,63000000.0,-43000000.0,49000000.0,-500000000.0,0.0,722000000.0,6000000.0,372000000.0,372000000.0,372000000.0,0.0,0.0,0.058,1002000000.0,179000000.0,649000000.0,0.115,4.106,19.097,18.949,3350000000.0,0.0,44.53,1.107,1.099,1036000000.0,1993000000.0,6418000000.0,6418000000.0,104000000.0,0.042,0.214,0.058,0.078,20000000.0,830000000.0,1.0,159532052.0,158359914,159830786.0,40.528,8058000000.0,655000000.0,-55000000.0,294000000.0,50.884,1484000000.0
9,CE,MRY,2011-12-31,2011-12-31,2011-12-31,2021-10-22,-850000000.0,8518000000.0,8692500000.0,2703000000.0,5815000000.0,0.778,8.584,-553000000.0,682000000.0,682000000.0,5346000000.0,427000000.0,1.952,5.352,3017000000.0,144000000.0,2873000000.0,3017000000.0,0.0,311000000.0,0.0,0.005,0.22,689000000.0,1000000000.0,0.148,1000000000.0,689000000.0,468000000.0,2.73,2.69,2.73,1341000000.0,1326500000.0,1341000000.0,9260622657.0,13.0,9.261,85000000.0,0.544,1.0,1417000000.0,0.21,957000000.0,221000000.0,8511000000.0,8489000000.0,712000000.0,888000000.0,64000000.0,824000000.0,7177000000.0,1385000000.0,5792000000.0,6910622657.0,-58000000.0,157000000.0,-31000000.0,-196000000.0,-34000000.0,-253000000.0,-441000000.0,0.0,638000000.0,-2000000.0,427000000.0,427000000.0,427000000.0,-1000000.0,0.0,0.063,1015000000.0,402000000.0,673000000.0,0.081,5.153,16.184,16.216,3269000000.0,0.0,44.27,1.022,1.023,1106000000.0,2424000000.0,6763000000.0,6763000000.0,98000000.0,0.049,0.322,0.081,0.102,0.0,805000000.0,1.0,156101709.0,156226526,158970283.0,43.29,7561000000.0,525000000.0,41000000.0,303000000.0,48.398,1318000000.0
10,CE,MRY,2010-12-31,2010-12-31,2010-12-31,2021-10-22,-670000000.0,8281000000.0,8245500000.0,2668000000.0,5613000000.0,0.718,5.991,-513000000.0,740000000.0,740000000.0,4738000000.0,377000000.0,1.73,7.943,3218000000.0,228000000.0,2990000000.0,3218000000.0,0.0,300000000.0,0.0,0.004,0.18,693000000.0,993000000.0,0.168,993000000.0,693000000.0,489000000.0,2.42,2.38,2.42,926000000.0,776500000.0,926000000.0,8795675105.0,13.0,8.858,-61000000.0,-0.395,1.0,1180000000.0,0.199,1026000000.0,204000000.0,8191000000.0,8049500000.0,610000000.0,916000000.0,78000000.0,838000000.0,7355000000.0,1542000000.0,5813000000.0,6408675105.0,-514000000.0,-20000000.0,-48000000.0,-313000000.0,-28000000.0,-388000000.0,-560000000.0,0.0,452000000.0,-18000000.0,377000000.0,374000000.0,374000000.0,49000000.0,0.0,0.063,674000000.0,506000000.0,673000000.0,0.074,6.921,17.135,17.012,3017000000.0,3000000.0,41.17,1.083,1.075,1080000000.0,1851000000.0,5918000000.0,5918000000.0,70000000.0,0.045,0.482,0.086,0.117,0.0,505000000.0,1.0,155663714.0,154564136,158372192.0,38.288,7255000000.0,535000000.0,112000000.0,434000000.0,46.938,1126000000.0
11,CE,MRY,2009-12-31,2009-12-31,2009-12-31,2021-10-22,-660000000.0,8412000000.0,7905500000.0,2856000000.0,5556000000.0,0.643,4.078,-527000000.0,1254000000.0,1254000000.0,4079000000.0,498000000.0,1.777,13.355,3501000000.0,242000000.0,3259000000.0,3501000000.0,0.0,319000000.0,0.0,0.005,0.16,462000000.0,781000000.0,0.154,781000000.0,462000000.0,255000000.0,3.4,3.17,3.4,586000000.0,390250000.0,586000000.0,6893595310.0,15.0,8.827,69000000.0,0.48,1.0,1003000000.0,0.197,1092000000.0,207000000.0,7960000000.0,7669000000.0,522000000.0,875000000.0,3000000.0,872000000.0,7826000000.0,1607000000.0,6219000000.0,4609595310.0,578000000.0,162000000.0,0.0,-89000000.0,-23000000.0,-112000000.0,31000000.0,15000000.0,596000000.0,63000000.0,498000000.0,488000000.0,488000000.0,-4000000.0,0.0,0.096,715000000.0,288000000.0,649000000.0,0.047,7.866,9.446,9.441,2797000000.0,10000000.0,32.1,0.907,0.908,983000000.0,1505000000.0,5082000000.0,5082000000.0,70000000.0,0.062,1.25,0.06,0.091,0.0,474000000.0,1.0,143601100.0,143688749,157115521.0,35.368,7320000000.0,526000000.0,-243000000.0,471000000.0,50.943,1249000000.0
12,CE,MRY,2008-12-31,2008-12-31,2008-12-31,2021-10-22,-579000000.0,7166000000.0,8016750000.0,2286000000.0,4880000000.0,0.851,1.227,-459000000.0,676000000.0,676000000.0,5567000000.0,280000000.0,1.67,38.363,3533000000.0,233000000.0,3300000000.0,3533000000.0,0.0,360000000.0,0.0,0.013,0.16,605000000.0,965000000.0,0.141,965000000.0,605000000.0,344000000.0,1.83,1.72,1.83,182000000.0,890500000.0,182000000.0,4818541962.0,8.0,4.993,127000000.0,0.856,1.0,1256000000.0,0.184,1143000000.0,261000000.0,7511000000.0,7822000000.0,577000000.0,889000000.0,6000000.0,883000000.0,6982000000.0,1369000000.0,5613000000.0,1782541962.0,-149000000.0,9000000.0,-378000000.0,-98000000.0,-24000000.0,-499000000.0,-201000000.0,18000000.0,586000000.0,-35000000.0,281000000.0,271000000.0,271000000.0,90000000.0,-1000000.0,0.04,812000000.0,444000000.0,523000000.0,0.087,9.794,6.578,6.792,2470000000.0,10000000.0,12.43,0.261,0.27,905000000.0,1047000000.0,6823000000.0,6823000000.0,75000000.0,0.034,0.304,0.077,0.089,0.0,545000000.0,1.0,143406433.0,148350273,163471873.0,45.993,6023000000.0,51000000.0,63000000.0,379000000.0,40.6,917000000.0
13,CE,MRY,2007-12-31,2007-12-31,2007-12-31,2021-10-22,197000000.0,8058000000.0,7710250000.0,3063000000.0,4995000000.0,0.836,6.875,-309000000.0,825000000.0,825000000.0,4999000000.0,427000000.0,1.508,6.588,3556000000.0,272000000.0,3284000000.0,3556000000.0,0.0,311000000.0,0.0,0.004,0.16,798000000.0,1109000000.0,0.172,1109000000.0,798000000.0,536000000.0,2.69,2.49,2.69,1062000000.0,842750000.0,1062000000.0,9363657993.0,12.0,8.443,257000000.0,1.664,1.0,1445000000.0,0.224,1291000000.0,262000000.0,7467000000.0,7358500000.0,636000000.0,1069000000.0,46000000.0,1023000000.0,6996000000.0,2031000000.0,4965000000.0,6399657993.0,34000000.0,446000000.0,-403000000.0,-119000000.0,-25000000.0,-714000000.0,143000000.0,10000000.0,566000000.0,39000000.0,426000000.0,416000000.0,416000000.0,-90000000.0,1000000.0,0.065,699000000.0,746000000.0,818000000.0,0.059,6.026,15.384,15.732,2362000000.0,10000000.0,42.32,0.993,1.014,1446000000.0,799000000.0,6444000000.0,6444000000.0,73000000.0,0.054,0.494,0.108,0.124,0.0,516000000.0,1.0,151220652.0,154475020,171227997.0,41.715,6767000000.0,80000000.0,110000000.0,538000000.0,43.806,1032000000.0
14,CE,MRY,2006-12-31,2006-12-31,2006-12-31,2021-10-22,31000000.0,7895000000.0,7652500000.0,3111000000.0,4784000000.0,0.755,4.962,-244000000.0,837000000.0,837000000.0,4469000000.0,406000000.0,1.404,9.032,3498000000.0,309000000.0,3189000000.0,3498000000.0,0.0,323000000.0,0.0,0.006,0.16,902000000.0,1225000000.0,0.212,1225000000.0,902000000.0,609000000.0,2.5,2.36,2.5,787000000.0,523250000.0,787000000.0,6997314534.0,8.0,5.712,507000000.0,3.197,1.0,1309000000.0,0.227,1338000000.0,293000000.0,7002000000.0,7221250000.0,653000000.0,763000000.0,0.0,763000000.0,7108000000.0,2216000000.0,4892000000.0,4105314534.0,401000000.0,49000000.0,0.0,-74000000.0,-26000000.0,-108000000.0,-268000000.0,30000000.0,751000000.0,26000000.0,406000000.0,396000000.0,396000000.0,-87000000.0,0.0,0.069,686000000.0,623000000.0,830000000.0,0.064,5.216,10.367,10.352,2155000000.0,10000000.0,25.88,0.711,0.71,1476000000.0,394000000.0,5778000000.0,5778000000.0,65000000.0,0.052,0.757,0.125,0.156,0.0,536000000.0,1.0,158628846.0,158597424,171807599.0,36.432,6557000000.0,98000000.0,203000000.0,594000000.0,41.344,895000000.0
15,CE,MRY,2005-12-31,2005-12-31,2005-12-31,2021-10-22,-126000000.0,7445000000.0,7646000000.0,2568000000.0,4877000000.0,0.689,1.522,-203000000.0,390000000.0,390000000.0,4064000000.0,277000000.0,1.276,30.681,3437000000.0,155000000.0,3282000000.0,3437000000.0,0.0,325000000.0,0.0,0.004,0.08,619000000.0,944000000.0,0.179,944000000.0,619000000.0,334000000.0,1.73,1.67,1.73,235000000.0,120250000.0,235000000.0,6126708518.0,10.0,6.49,498000000.0,3.225,1.0,1206000000.0,0.229,1430000000.0,285000000.0,7049000000.0,6765750000.0,650000000.0,775000000.0,0.0,775000000.0,7210000000.0,2013000000.0,5197000000.0,3031708518.0,-448000000.0,-870000000.0,764000000.0,-233000000.0,-21000000.0,-144000000.0,-907000000.0,72000000.0,701000000.0,-98000000.0,277000000.0,267000000.0,267000000.0,-63000000.0,0.0,0.051,720000000.0,486000000.0,811000000.0,0.046,12.901,11.355,11.052,2031000000.0,10000000.0,19.12,0.575,0.56,1400000000.0,24000000.0,5270000000.0,5270000000.0,86000000.0,0.035,2.22,0.091,0.117,0.0,512000000.0,1.0,158562161.0,154402575,166200048.0,34.132,6015000000.0,176000000.0,57000000.0,545000000.0,38.957,555000000.0
16,CE,MRY,2003-12-31,2003-12-31,2003-12-31,2021-10-22,-198000000.0,6814000000.0,6615500000.0,2251000000.0,4563000000.0,0.696,52.219,-211000000.0,148000000.0,148000000.0,3883000000.0,148000000.0,1.141,1.639,637000000.0,148000000.0,489000000.0,637000000.0,0.0,294000000.0,0.0,,0.0,257000000.0,551000000.0,0.12,551000000.0,257000000.0,208000000.0,2.99,2.99,2.99,2582000000.0,2339000000.0,2582000000.0,,,,190000000.0,3.843,1.0,720000000.0,0.156,1108000000.0,49000000.0,4223000000.0,4072000000.0,509000000.0,561000000.0,0.0,561000000.0,4232000000.0,1972000000.0,2260000000.0,,24000000.0,2000000.0,-15000000.0,-68000000.0,-25000000.0,-108000000.0,-275000000.0,-63000000.0,401000000.0,6000000.0,148000000.0,148000000.0,148000000.0,-6000000.0,0.0,0.032,598000000.0,122000000.0,590000000.0,0.0,,,,1710000000.0,0.0,,,,1311000000.0,25000000.0,4603000000.0,4603000000.0,89000000.0,0.022,0.063,0.063,0.056,65000000.0,510000000.0,1.0,158675271.0,49445958,49457145.0,93.092,5706000000.0,673000000.0,60000000.0,384000000.0,115.399,279000000.0
17,CE,MRY,2002-12-31,2002-12-31,2002-12-31,2021-10-22,-527000000.0,6417000000.0,,2067000000.0,4350000000.0,,41.646,-203000000.0,124000000.0,124000000.0,3171000000.0,168000000.0,1.07,2.062,644000000.0,204000000.0,440000000.0,644000000.0,0.0,247000000.0,0.0,,0.0,228000000.0,475000000.0,0.124,475000000.0,228000000.0,173000000.0,3.34,3.34,3.34,2096000000.0,,2096000000.0,,,,160000000.0,3.179,1.0,665000000.0,0.173,1085000000.0,55000000.0,3921000000.0,,505000000.0,476000000.0,0.0,476000000.0,4321000000.0,1931000000.0,2390000000.0,,81000000.0,102000000.0,-6000000.0,-144000000.0,0.0,-150000000.0,-139000000.0,-22000000.0,363000000.0,7000000.0,168000000.0,168000000.0,168000000.0,-27000000.0,0.0,0.044,495000000.0,170000000.0,572000000.0,0.0,,,,1593000000.0,0.0,,,,1129000000.0,-98000000.0,3836000000.0,3836000000.0,65000000.0,,,,0.059,5000000.0,446000000.0,1.0,,50329346,50329346.0,76.218,5332000000.0,714000000.0,5000000.0,486000000.0,105.942,136000000.0
18,CE,MRY,2001-12-31,2001-12-31,2001-12-31,2021-10-22,,,,,,,,-191000000.0,,,3409000000.0,-365000000.0,,,,,,,,326000000.0,,,0.0,-423000000.0,-97000000.0,-0.024,-97000000.0,-423000000.0,-495000000.0,-7.25,-7.25,-7.25,,,,,,,271000000.0,5.384,1.0,561000000.0,0.141,,72000000.0,,,,,,,,,,,21000000.0,41000000.0,0.0,-319000000.0,-18000000.0,-337000000.0,-105000000.0,45000000.0,462000000.0,1000000.0,-365000000.0,-365000000.0,-365000000.0,52000000.0,0.0,-0.092,979000000.0,-418000000.0,,0.0,,,,,0.0,,,,,,3970000000.0,3970000000.0,74000000.0,,,,-0.107,10000000.0,489000000.0,1.0,,50331847,50331847.0,78.877,,,-130000000.0,,,
0,CE,MRQ,2021-09-30,2021-09-30,2021-09-30,2021-10-22,-328000000.0,11583000000.0,,4355000000.0,7228000000.0,,35.456,-102000000.0,1340000000.0,1340000000.0,1551000000.0,507000000.0,2.403,1.866,4024000000.0,103000000.0,3921000000.0,4024000000.0,0.0,94000000.0,0.0,0.018,0.68,629000000.0,723000000.0,0.319,723000000.0,629000000.0,608000000.0,4.58,4.56,4.58,3919000000.0,,3919000000.0,19521430183.0,6.0,5.27,528000000.0,4.777,1.0,715000000.0,0.316,1434000000.0,21000000.0,11021000000.0,,1159000000.0,870000000.0,28000000.0,842000000.0,7312000000.0,1812000000.0,5500000000.0,16738430183.0,286000000.0,6000000.0,-286000000.0,233000000.0,-76000000.0,-228000000.0,-108000000.0,0.0,630000000.0,-8000000.0,506000000.0,506000000.0,506000000.0,0.0,1000000.0,0.223,181000000.0,534000000.0,1042000000.0,0.148,4.271,5.938,6.131,4155000000.0,0.0,150.64,2.131,2.12,1738000000.0,9227000000.0,2266000000.0,2266000000.0,21000000.0,,,,,22000000.0,165000000.0,1.0,111115442.0,110532051,111044558.0,20.501,10149000000.0,254000000.0,102000000.0,947000000.0,91.82,2543000000.0
1,CE,MRQ,2021-06-30,2021-06-30,2021-06-30,2021-10-22,-298000000.0,11220000000.0,,4061000000.0,7159000000.0,,33.822,-110000000.0,1054000000.0,1054000000.0,1437000000.0,540000000.0,1.907,1.86,3837000000.0,500000000.0,3337000000.0,3837000000.0,0.0,93000000.0,0.0,0.017,0.68,678000000.0,771000000.0,0.351,771000000.0,678000000.0,654000000.0,4.79,4.77,4.79,3798000000.0,,3798000000.0,20103096096.0,7.0,6.026,317000000.0,2.823,1.0,761000000.0,0.346,1447000000.0,24000000.0,10427000000.0,,1118000000.0,847000000.0,29000000.0,818000000.0,7063000000.0,2129000000.0,4934000000.0,17075096096.0,263000000.0,1000000.0,-250000000.0,-4000000.0,-76000000.0,-344000000.0,177000000.0,300000000.0,427000000.0,3000000.0,538000000.0,538000000.0,538000000.0,0.0,2000000.0,0.245,191000000.0,570000000.0,998000000.0,0.142,4.496,6.776,6.973,4137000000.0,0.0,151.6,2.44,2.433,1788000000.0,8797000000.0,2198000000.0,2198000000.0,22000000.0,,,,,42000000.0,161000000.0,1.0,112632560.0,112294274,112758639.0,19.574,9773000000.0,257000000.0,116000000.0,886000000.0,87.03,1932000000.0
2,CE,MRQ,2021-03-31,2021-03-31,2021-03-31,2021-10-22,-302000000.0,10756000000.0,,3710000000.0,7046000000.0,,31.204,-92000000.0,791000000.0,791000000.0,1313000000.0,323000000.0,1.917,1.934,3819000000.0,497000000.0,3322000000.0,3819000000.0,0.0,91000000.0,0.0,0.017,0.68,432000000.0,523000000.0,0.291,523000000.0,432000000.0,407000000.0,2.84,2.82,2.84,3542000000.0,,3542000000.0,20080307466.0,8.0,7.113,24000000.0,0.211,1.0,485000000.0,0.27,1442000000.0,25000000.0,10407000000.0,,1025000000.0,1127000000.0,331000000.0,796000000.0,6849000000.0,1935000000.0,4914000000.0,17104307466.0,-164000000.0,0.0,-267000000.0,-5000000.0,-78000000.0,-371000000.0,98000000.0,200000000.0,116000000.0,-7000000.0,322000000.0,322000000.0,322000000.0,0.0,1000000.0,0.179,162000000.0,323000000.0,906000000.0,0.239,4.829,8.188,8.393,4097000000.0,0.0,149.81,2.854,2.838,1510000000.0,8335000000.0,1798000000.0,1798000000.0,20000000.0,,,,,12000000.0,137000000.0,1.0,114173336.0,113511369,114028145.0,15.84,9314000000.0,255000000.0,85000000.0,828000000.0,82.053,1775000000.0
3,CE,MRQ,2020-12-31,2020-12-31,2020-12-31,2021-10-22,-328000000.0,10909000000.0,,3763000000.0,7146000000.0,,30.492,-85000000.0,955000000.0,955000000.0,1215000000.0,1454000000.0,1.907,1.989,3931000000.0,496000000.0,3435000000.0,3931000000.0,0.0,91000000.0,0.0,0.019,0.62,1596000000.0,1687000000.0,1.06,1687000000.0,1596000000.0,1570000000.0,12.36,12.28,12.36,3526000000.0,,3526000000.0,18863339289.0,8.0,6.994,189000000.0,1.634,1.0,376000000.0,0.236,1485000000.0,26000000.0,10427000000.0,,978000000.0,1353000000.0,533000000.0,820000000.0,7014000000.0,1973000000.0,5041000000.0,15189339289.0,340000000.0,1579000000.0,-378000000.0,-473000000.0,-72000000.0,-933000000.0,979000000.0,-501000000.0,274000000.0,20000000.0,1453000000.0,1453000000.0,1453000000.0,0.0,1000000.0,0.913,170000000.0,206000000.0,797000000.0,0.05,4.308,7.652,7.712,4171000000.0,0.0,129.94,2.686,2.707,1242000000.0,8091000000.0,1591000000.0,1591000000.0,20000000.0,,,,,11000000.0,137000000.0,1.0,116895023.0,115638221,116567895.0,13.758,9424000000.0,259000000.0,117000000.0,749000000.0,81.496,1790000000.0
4,CE,MRQ,2020-09-30,2020-09-30,2020-09-30,2021-10-22,-344000000.0,9769000000.0,,2771000000.0,6998000000.0,,21.246,-72000000.0,615000000.0,615000000.0,1084000000.0,209000000.0,1.15,2.745,4289000000.0,958000000.0,3331000000.0,4289000000.0,0.0,90000000.0,0.0,0.023,0.62,265000000.0,355000000.0,0.252,355000000.0,265000000.0,237000000.0,1.75,1.75,1.75,2508000000.0,,2508000000.0,16388331739.0,20.0,14.019,359000000.0,3.041,1.0,327000000.0,0.232,1445000000.0,28000000.0,9589000000.0,,1001000000.0,1028000000.0,35000000.0,993000000.0,6885000000.0,2409000000.0,4476000000.0,12710331739.0,76000000.0,2000000.0,-105000000.0,-103000000.0,-73000000.0,-290000000.0,-78000000.0,0.0,431000000.0,13000000.0,207000000.0,207000000.0,207000000.0,0.0,2000000.0,0.147,141000000.0,186000000.0,699000000.0,0.354,5.068,22.105,21.929,4061000000.0,0.0,107.45,2.313,2.308,716000000.0,6710000000.0,1411000000.0,1411000000.0,19000000.0,,,,,-3000000.0,106000000.0,1.0,118290663.0,118045476,118564820.0,11.953,8324000000.0,87000000.0,30000000.0,484000000.0,70.515,362000000.0
5,CE,MRQ,2020-06-30,2020-06-30,2020-06-30,2021-10-22,-346000000.0,9506000000.0,,2709000000.0,6797000000.0,,21.016,-88000000.0,539000000.0,539000000.0,951000000.0,109000000.0,1.198,2.669,4217000000.0,1045000000.0,3172000000.0,4217000000.0,0.0,89000000.0,0.0,0.029,0.62,169000000.0,258000000.0,0.216,258000000.0,169000000.0,142000000.0,0.9,0.9,0.9,2487000000.0,,2487000000.0,13917883053.0,16.0,11.117,291000000.0,2.459,1.0,242000000.0,0.203,1415000000.0,27000000.0,9507000000.0,,1031000000.0,993000000.0,36000000.0,957000000.0,6637000000.0,2262000000.0,4375000000.0,10207883053.0,-31000000.0,-85000000.0,0.0,-148000000.0,-74000000.0,-232000000.0,-181000000.0,0.0,379000000.0,3000000.0,107000000.0,107000000.0,107000000.0,0.0,2000000.0,0.09,160000000.0,82000000.0,599000000.0,0.689,4.104,16.177,16.321,3926000000.0,0.0,86.34,1.8,1.802,1041000000.0,6576000000.0,1193000000.0,1193000000.0,18000000.0,,,,,10000000.0,114000000.0,1.0,118228898.0,118339872,118767633.0,10.081,8091000000.0,100000000.0,35000000.0,491000000.0,68.371,447000000.0
6,CE,MRQ,2020-03-31,2020-03-31,2020-03-31,2021-10-22,-341000000.0,9545000000.0,,2855000000.0,6690000000.0,,20.528,-119000000.0,570000000.0,570000000.0,1112000000.0,220000000.0,1.481,2.741,4280000000.0,749000000.0,3531000000.0,4280000000.0,0.0,86000000.0,0.0,0.034,0.62,311000000.0,397000000.0,0.272,397000000.0,311000000.0,283000000.0,1.83,1.82,1.83,2448000000.0,,2448000000.0,12397209556.0,13.0,9.21,140000000.0,1.174,1.0,348000000.0,0.238,1358000000.0,28000000.0,9969000000.0,,1036000000.0,1019000000.0,38000000.0,981000000.0,6709000000.0,1928000000.0,4781000000.0,8774209556.0,107000000.0,0.0,-167000000.0,252000000.0,-74000000.0,-16000000.0,-128000000.0,0.0,259000000.0,-8000000.0,218000000.0,218000000.0,218000000.0,0.0,2000000.0,0.149,153000000.0,195000000.0,724000000.0,0.339,3.584,11.97,12.111,3879000000.0,0.0,73.39,1.446,1.442,1160000000.0,6543000000.0,1460000000.0,1460000000.0,17000000.0,,,,,10000000.0,125000000.0,1.0,119555928.0,119251689,119899844.0,12.243,8187000000.0,91000000.0,65000000.0,452000000.0,68.653,927000000.0
7,CE,MRQ,2019-12-31,2019-12-31,2019-12-31,2021-10-22,-300000000.0,9476000000.0,,2765000000.0,6711000000.0,,20.853,-144000000.0,463000000.0,463000000.0,1116000000.0,45000000.0,1.576,2.624,4086000000.0,496000000.0,3590000000.0,4086000000.0,0.0,91000000.0,0.0,0.019,0.62,68000000.0,159000000.0,0.111,159000000.0,68000000.0,40000000.0,0.42,0.41,0.42,2507000000.0,,2507000000.0,18294018576.0,17.0,12.643,182000000.0,1.514,1.0,316000000.0,0.221,1386000000.0,28000000.0,9959000000.0,,1038000000.0,1015000000.0,40000000.0,975000000.0,6578000000.0,1754000000.0,4824000000.0,14882018576.0,-34000000.0,0.0,-233000000.0,115000000.0,-75000000.0,-199000000.0,-168000000.0,-16000000.0,326000000.0,7000000.0,43000000.0,43000000.0,43000000.0,0.0,2000000.0,0.03,250000000.0,66000000.0,780000000.0,1.476,5.936,17.467,17.895,3916000000.0,0.0,123.12,2.363,2.423,1181000000.0,6399000000.0,1432000000.0,1432000000.0,17000000.0,,,,,10000000.0,125000000.0,1.0,120874095.0,120223847,121000549.0,11.911,8090000000.0,96000000.0,-3000000.0,439000000.0,67.291,1011000000.0
8,CE,MRQ,2019-09-30,2019-09-30,2019-09-30,2021-10-22,-306000000.0,9414000000.0,,2843000000.0,6571000000.0,,22.388,-82000000.0,497000000.0,497000000.0,1172000000.0,265000000.0,1.855,2.284,3909000000.0,368000000.0,3541000000.0,3909000000.0,0.0,95000000.0,0.0,0.019,0.62,343000000.0,438000000.0,0.276,438000000.0,343000000.0,316000000.0,2.14,2.13,2.14,2747000000.0,,2747000000.0,18596207279.0,15.0,11.74,315000000.0,2.567,1.0,414000000.0,0.261,1368000000.0,27000000.0,9925000000.0,,994000000.0,996000000.0,26000000.0,970000000.0,6275000000.0,1533000000.0,4742000000.0,15132207279.0,6000000.0,1000000.0,-275000000.0,53000000.0,-77000000.0,-299000000.0,-82000000.0,0.0,397000000.0,-10000000.0,263000000.0,263000000.0,263000000.0,0.0,2000000.0,0.166,153000000.0,261000000.0,764000000.0,0.29,5.509,16.665,16.868,3791000000.0,0.0,122.29,2.309,2.289,1282000000.0,6431000000.0,1586000000.0,1586000000.0,17000000.0,,,,,11000000.0,120000000.0,1.0,123740349.0,122699859,123299664.0,12.926,8046000000.0,98000000.0,53000000.0,481000000.0,65.575,1310000000.0
9,CE,MRQ,2019-06-30,2019-06-30,2019-06-30,2021-10-22,-267000000.0,9506000000.0,,2876000000.0,6630000000.0,,22.859,-65000000.0,491000000.0,491000000.0,1169000000.0,210000000.0,2.043,2.183,3955000000.0,319000000.0,3636000000.0,3955000000.0,0.0,86000000.0,0.0,0.021,0.62,266000000.0,352000000.0,0.221,352000000.0,266000000.0,237000000.0,1.67,1.66,1.67,2864000000.0,,2864000000.0,17076826638.0,12.0,9.923,359000000.0,2.865,1.0,423000000.0,0.266,1410000000.0,29000000.0,10152000000.0,,1011000000.0,986000000.0,27000000.0,959000000.0,6252000000.0,1408000000.0,4844000000.0,13648826638.0,50000000.0,0.0,-276000000.0,66000000.0,-78000000.0,-307000000.0,-66000000.0,0.0,424000000.0,-1000000.0,209000000.0,209000000.0,209000000.0,0.0,1000000.0,0.131,238000000.0,185000000.0,764000000.0,0.371,4.766,13.049,13.325,3851000000.0,0.0,107.8,2.025,2.004,1303000000.0,6245000000.0,1592000000.0,1592000000.0,17000000.0,,,,,13000000.0,118000000.0,1.0,126612492.0,125289967,125847894.0,12.707,8096000000.0,90000000.0,28000000.0,459000000.0,64.618,1468000000.0
10,CE,MRQ,2019-03-31,2019-03-31,2019-03-31,2021-10-22,-243000000.0,9574000000.0,,2884000000.0,6690000000.0,,23.89,-79000000.0,441000000.0,441000000.0,1234000000.0,338000000.0,1.583,2.013,3869000000.0,743000000.0,3126000000.0,3869000000.0,0.0,84000000.0,0.0,0.022,0.54,414000000.0,498000000.0,0.295,498000000.0,414000000.0,383000000.0,2.64,2.63,2.64,3047000000.0,,3047000000.0,15723952537.0,10.0,8.147,228000000.0,1.788,1.0,453000000.0,0.269,1407000000.0,31000000.0,9773000000.0,,1009000000.0,979000000.0,29000000.0,950000000.0,6135000000.0,1822000000.0,4313000000.0,12631952537.0,2000000.0,-91000000.0,-212000000.0,178000000.0,-70000000.0,-130000000.0,-177000000.0,0.0,307000000.0,2000000.0,337000000.0,337000000.0,337000000.0,0.0,1000000.0,0.2,138000000.0,315000000.0,699000000.0,0.205,4.146,10.696,11.006,3931000000.0,0.0,98.61,1.807,1.799,1358000000.0,6114000000.0,1687000000.0,1687000000.0,16000000.0,,,,,14000000.0,120000000.0,1.0,128100117.0,127542328,128215700.0,13.227,8167000000.0,93000000.0,46000000.0,504000000.0,64.034,1062000000.0
11,CE,MRQ,2018-12-31,2018-12-31,2018-12-31,2021-10-22,-247000000.0,9313000000.0,,2874000000.0,6439000000.0,,22.742,-93000000.0,439000000.0,439000000.0,1269000000.0,101000000.0,1.616,1.989,3531000000.0,561000000.0,2970000000.0,3531000000.0,0.0,91000000.0,0.0,0.023,0.54,205000000.0,296000000.0,0.175,296000000.0,205000000.0,175000000.0,0.8,0.79,0.8,2984000000.0,,2984000000.0,14756204831.0,9.0,7.479,270000000.0,2.058,1.0,420000000.0,0.249,1367000000.0,30000000.0,9259000000.0,,1046000000.0,1010000000.0,31000000.0,979000000.0,5934000000.0,1779000000.0,4155000000.0,12034204831.0,-264000000.0,0.0,-555000000.0,120000000.0,-71000000.0,-526000000.0,-98000000.0,0.0,363000000.0,-3000000.0,99000000.0,99000000.0,99000000.0,0.0,2000000.0,0.059,159000000.0,261000000.0,819000000.0,0.675,4.033,9.97,10.008,3719000000.0,0.0,89.97,1.682,1.689,1318000000.0,5847000000.0,1689000000.0,1689000000.0,18000000.0,,,,,18000000.0,134000000.0,1.0,133757973.0,131210964,132504323.0,12.872,7946000000.0,84000000.0,76000000.0,469000000.0,60.559,1095000000.0
12,CE,MRQ,2018-09-30,2018-09-30,2018-09-30,2021-10-22,-219000000.0,9824000000.0,,3180000000.0,6644000000.0,,26.323,-79000000.0,703000000.0,703000000.0,1255000000.0,402000000.0,2.076,1.661,3425000000.0,229000000.0,3196000000.0,3425000000.0,0.0,90000000.0,0.0,0.018,0.54,485000000.0,575000000.0,0.325,575000000.0,485000000.0,455000000.0,2.98,2.96,2.98,3541000000.0,,3541000000.0,18278068872.0,11.0,8.916,388000000.0,2.884,1.0,516000000.0,0.291,1381000000.0,30000000.0,9633000000.0,,1033000000.0,1012000000.0,31000000.0,981000000.0,5881000000.0,1532000000.0,4349000000.0,15392068872.0,-5000000.0,4000000.0,-150000000.0,-154000000.0,-73000000.0,-383000000.0,-78000000.0,0.0,467000000.0,-11000000.0,401000000.0,401000000.0,401000000.0,0.0,1000000.0,0.226,142000000.0,374000000.0,819000000.0,0.181,4.347,11.741,11.777,3699000000.0,0.0,114.0,2.18,2.172,1365000000.0,5819000000.0,1771000000.0,1771000000.0,18000000.0,,,,,14000000.0,129000000.0,1.0,135018148.0,134519301,135499390.0,13.165,8443000000.0,170000000.0,54000000.0,537000000.0,62.764,1648000000.0
13,CE,MRQ,2018-06-30,2018-06-30,2018-06-30,2021-10-22,-188000000.0,9789000000.0,,3153000000.0,6636000000.0,,24.928,-79000000.0,708000000.0,708000000.0,1323000000.0,345000000.0,1.958,1.776,3594000000.0,366000000.0,3228000000.0,3594000000.0,0.0,88000000.0,0.0,0.017,0.54,473000000.0,561000000.0,0.304,561000000.0,473000000.0,441000000.0,2.54,2.52,2.54,3380000000.0,,3380000000.0,18366135153.0,12.0,9.811,506000000.0,3.732,1.0,521000000.0,0.283,1394000000.0,32000000.0,9671000000.0,,917000000.0,995000000.0,32000000.0,963000000.0,6002000000.0,1610000000.0,4392000000.0,15088135153.0,218000000.0,0.0,-100000000.0,-74000000.0,-73000000.0,-254000000.0,-96000000.0,0.0,585000000.0,-17000000.0,344000000.0,344000000.0,344000000.0,0.0,1000000.0,0.187,166000000.0,355000000.0,819000000.0,0.213,4.464,13.282,13.301,3724000000.0,0.0,111.06,2.201,2.197,1445000000.0,5491000000.0,1844000000.0,1844000000.0,18000000.0,,,,,17000000.0,136000000.0,1.0,135855710.0,135589717,136309158.0,13.6,8395000000.0,163000000.0,97000000.0,508000000.0,61.915,1543000000.0
14,CE,MRQ,2018-03-31,2018-03-31,2018-03-31,2021-10-22,-128000000.0,9780000000.0,,3006000000.0,6774000000.0,,23.934,-86000000.0,490000000.0,490000000.0,1336000000.0,365000000.0,1.876,1.88,3768000000.0,425000000.0,3343000000.0,3768000000.0,0.0,80000000.0,0.0,0.018,0.46,461000000.0,541000000.0,0.292,541000000.0,461000000.0,428000000.0,2.67,2.66,2.67,3253000000.0,,3253000000.0,16675285103.0,12.0,9.873,57000000.0,0.419,1.0,515000000.0,0.278,1443000000.0,33000000.0,10013000000.0,,955000000.0,1011000000.0,32000000.0,979000000.0,6115000000.0,1602000000.0,4513000000.0,13610285103.0,-86000000.0,-135000000.0,0.0,68000000.0,-63000000.0,-2000000.0,-235000000.0,0.0,143000000.0,8000000.0,363000000.0,363000000.0,363000000.0,0.0,2000000.0,0.196,171000000.0,344000000.0,797000000.0,0.172,4.184,13.304,13.397,3801000000.0,0.0,100.21,2.087,2.089,1205000000.0,5220000000.0,1851000000.0,1851000000.0,18000000.0,,,,,22000000.0,147000000.0,1.0,135817634.0,135916446,136383735.0,13.619,8337000000.0,182000000.0,65000000.0,485000000.0,61.339,1404000000.0
15,CE,MRQ,2017-12-31,2017-12-31,2017-12-31,2021-10-22,-177000000.0,9538000000.0,,2792000000.0,6746000000.0,,21.257,-87000000.0,576000000.0,576000000.0,1180000000.0,204000000.0,1.791,2.161,3641000000.0,326000000.0,3315000000.0,3641000000.0,0.0,79000000.0,0.0,0.016,0.46,294000000.0,373000000.0,0.234,373000000.0,294000000.0,263000000.0,1.49,1.49,1.49,2887000000.0,,2887000000.0,17451943785.0,15.0,11.728,-29000000.0,-0.214,1.0,413000000.0,0.259,1304000000.0,31000000.0,9740000000.0,,900000000.0,1008000000.0,32000000.0,976000000.0,6239000000.0,1559000000.0,4680000000.0,14523943785.0,115000000.0,0.0,0.0,225000000.0,-63000000.0,145000000.0,-92000000.0,0.0,58000000.0,4000000.0,203000000.0,203000000.0,203000000.0,0.0,1000000.0,0.127,172000000.0,241000000.0,807000000.0,0.309,5.031,17.229,17.525,3762000000.0,0.0,107.08,2.365,2.405,1230000000.0,4920000000.0,1593000000.0,1593000000.0,20000000.0,,,,,15000000.0,143000000.0,1.0,135636382.0,135812678,136304617.0,11.729,8234000000.0,366000000.0,60000000.0,439000000.0,60.628,1233000000.0
16,CE,MRQ,2017-09-30,2017-09-30,2017-09-30,2021-10-22,-206000000.0,9062000000.0,,2613000000.0,6449000000.0,,19.879,-64000000.0,461000000.0,461000000.0,1183000000.0,228000000.0,1.686,2.183,3389000000.0,435000000.0,2954000000.0,3389000000.0,0.0,82000000.0,0.0,0.016,0.46,315000000.0,397000000.0,0.254,397000000.0,315000000.0,283000000.0,1.65,1.65,1.65,2715000000.0,,2715000000.0,17144639733.0,16.0,12.505,191000000.0,1.398,1.0,383000000.0,0.245,1298000000.0,32000000.0,9142000000.0,,809000000.0,969000000.0,31000000.0,938000000.0,5927000000.0,1550000000.0,4377000000.0,14340639733.0,-50000000.0,-1000000.0,-200000000.0,25000000.0,-62000000.0,-247000000.0,-68000000.0,0.0,255000000.0,10000000.0,226000000.0,226000000.0,226000000.0,0.0,2000000.0,0.144,158000000.0,225000000.0,695000000.0,0.279,5.282,17.926,18.102,3706000000.0,0.0,104.27,2.448,2.431,1249000000.0,4781000000.0,1566000000.0,1566000000.0,19000000.0,,,,,13000000.0,133000000.0,1.0,137533708.0,136579077,136951923.0,11.466,7764000000.0,201000000.0,57000000.0,425000000.0,56.846,1063000000.0
17,CE,MRQ,2017-06-30,2017-06-30,2017-06-30,2021-10-22,-247000000.0,8883000000.0,,2583000000.0,6300000000.0,,19.434,-54000000.0,511000000.0,511000000.0,1145000000.0,233000000.0,1.814,2.138,3315000000.0,384000000.0,2931000000.0,3315000000.0,0.0,77000000.0,0.0,0.016,0.46,301000000.0,378000000.0,0.25,378000000.0,301000000.0,271000000.0,1.67,1.66,1.67,2694000000.0,,2694000000.0,15696696872.0,15.0,11.601,244000000.0,1.76,1.0,365000000.0,0.242,1277000000.0,30000000.0,8986000000.0,,771000000.0,915000000.0,30000000.0,885000000.0,5761000000.0,1424000000.0,4337000000.0,13239696872.0,10000000.0,-268000000.0,-172000000.0,262000000.0,-65000000.0,21000000.0,-325000000.0,0.0,298000000.0,16000000.0,231000000.0,231000000.0,231000000.0,0.0,2000000.0,0.153,143000000.0,222000000.0,666000000.0,0.275,4.915,15.837,16.01,3663000000.0,0.0,94.94,2.358,2.344,1212000000.0,4617000000.0,1510000000.0,1510000000.0,17000000.0,,,,,9000000.0,117000000.0,1.0,139453306.0,138619721,139029425.0,10.893,7606000000.0,164000000.0,40000000.0,357000000.0,54.87,1159000000.0
18,CE,MRQ,2017-03-31,2017-03-31,2017-03-31,2021-10-22,-327000000.0,8288000000.0,,2389000000.0,5899000000.0,,18.565,-62000000.0,501000000.0,501000000.0,1121000000.0,184000000.0,2.354,2.01,2958000000.0,107000000.0,2851000000.0,2958000000.0,0.0,72000000.0,0.0,0.016,0.36,268000000.0,340000000.0,0.231,340000000.0,268000000.0,239000000.0,1.3,1.3,1.3,2611000000.0,,2611000000.0,15032252854.0,14.0,11.11,130000000.0,0.924,1.0,350000000.0,0.238,992000000.0,29000000.0,8738000000.0,,717000000.0,905000000.0,31000000.0,874000000.0,5247000000.0,1015000000.0,4232000000.0,12662252854.0,-137000000.0,1000000.0,-128000000.0,-69000000.0,-51000000.0,-270000000.0,-64000000.0,0.0,192000000.0,5000000.0,183000000.0,183000000.0,183000000.0,0.0,1000000.0,0.124,180000000.0,170000000.0,615000000.0,0.277,4.85,15.33,15.572,3571000000.0,0.0,89.85,2.321,2.316,1102000000.0,4451000000.0,1471000000.0,1471000000.0,17000000.0,,,,,10000000.0,103000000.0,1.0,140926576.0,140643860,140997403.0,10.459,7296000000.0,154000000.0,56000000.0,309000000.0,51.876,1374000000.0
19,CE,MRQ,2016-12-31,2016-12-31,2016-12-31,2021-10-22,-358000000.0,8357000000.0,,2472000000.0,5885000000.0,,18.241,-60000000.0,638000000.0,638000000.0,989000000.0,161000000.0,2.295,2.062,3008000000.0,118000000.0,2890000000.0,3008000000.0,0.0,72000000.0,0.0,0.018,0.36,184000000.0,256000000.0,0.195,256000000.0,184000000.0,155000000.0,1.14,1.13,1.14,2588000000.0,,2588000000.0,13038528236.0,11.0,9.073,-107000000.0,-0.754,1.0,322000000.0,0.246,990000000.0,29000000.0,8660000000.0,,720000000.0,882000000.0,30000000.0,852000000.0,5336000000.0,1077000000.0,4259000000.0,11275528236.0,-614000000.0,-174000000.0,-200000000.0,-37000000.0,-51000000.0,-292000000.0,-247000000.0,0.0,-47000000.0,-28000000.0,160000000.0,160000000.0,160000000.0,0.0,1000000.0,0.122,162000000.0,160000000.0,625000000.0,0.316,4.357,12.528,12.68,3577000000.0,0.0,78.74,2.092,2.118,1024000000.0,4320000000.0,1311000000.0,1311000000.0,20000000.0,,,,,8000000.0,146000000.0,1.0,143199495.0,141878269,142916044.0,9.24,7367000000.0,159000000.0,-5000000.0,273000000.0,51.925,1395000000.0
20,CE,MRQ,2016-09-30,2016-09-30,2016-09-30,2021-10-22,-310000000.0,8757000000.0,,2978000000.0,5779000000.0,,18.819,-58000000.0,1252000000.0,1252000000.0,968000000.0,263000000.0,2.712,2.069,3015000000.0,92000000.0,2923000000.0,3015000000.0,0.0,74000000.0,0.0,0.02,0.36,305000000.0,379000000.0,0.286,379000000.0,305000000.0,277000000.0,1.82,1.81,1.82,2710000000.0,,2710000000.0,11481672822.0,16.0,10.904,246000000.0,1.708,1.0,355000000.0,0.268,831000000.0,28000000.0,8591000000.0,,652000000.0,898000000.0,34000000.0,864000000.0,5606000000.0,1098000000.0,4508000000.0,9633672822.0,517000000.0,6000000.0,-100000000.0,437000000.0,-52000000.0,265000000.0,-54000000.0,0.0,304000000.0,2000000.0,262000000.0,262000000.0,262000000.0,0.0,1000000.0,0.198,108000000.0,247000000.0,591000000.0,0.198,3.555,21.796,21.265,3578000000.0,0.0,66.56,1.78,1.771,1005000000.0,4211000000.0,1323000000.0,1323000000.0,20000000.0,,,,,7000000.0,81000000.0,1.0,144736671.0,144005098,144601465.0,9.187,7926000000.0,216000000.0,15000000.0,356000000.0,55.04,1880000000.0
21,CE,MRQ,2016-06-30,2016-06-30,2016-06-30,2021-10-22,-301000000.0,8248000000.0,,2456000000.0,5792000000.0,,17.763,-58000000.0,735000000.0,735000000.0,1013000000.0,223000000.0,2.259,1.997,2583000000.0,119000000.0,2464000000.0,2583000000.0,0.0,75000000.0,0.0,0.019,0.36,303000000.0,378000000.0,0.28,378000000.0,303000000.0,273000000.0,1.51,1.5,1.51,2602000000.0,,2602000000.0,11537287882.0,17.0,11.311,291000000.0,1.987,1.0,338000000.0,0.25,832000000.0,30000000.0,8177000000.0,,636000000.0,877000000.0,35000000.0,842000000.0,5197000000.0,1087000000.0,4110000000.0,9650287882.0,19000000.0,2000000.0,-200000000.0,-1000000.0,-54000000.0,-259000000.0,-63000000.0,0.0,349000000.0,-8000000.0,221000000.0,221000000.0,221000000.0,0.0,2000000.0,0.164,94000000.0,244000000.0,551000000.0,0.238,3.709,28.3,27.5,3588000000.0,0.0,65.45,1.754,1.743,1009000000.0,4001000000.0,1351000000.0,1351000000.0,19000000.0,,,,,6000000.0,71000000.0,1.0,147445193.0,146482612,147065688.0,9.223,7416000000.0,237000000.0,52000000.0,386000000.0,50.627,1369000000.0
22,CE,MRQ,2016-03-31,2016-03-31,2016-03-31,2021-10-22,-283000000.0,8392000000.0,,2503000000.0,5889000000.0,,17.943,-70000000.0,716000000.0,716000000.0,1014000000.0,259000000.0,2.286,2.002,2603000000.0,116000000.0,2487000000.0,2603000000.0,0.0,74000000.0,0.0,0.018,0.3,350000000.0,424000000.0,0.302,424000000.0,350000000.0,317000000.0,1.74,1.73,1.74,2645000000.0,,2645000000.0,11647987524.0,18.0,11.556,217000000.0,1.472,1.0,390000000.0,0.278,847000000.0,33000000.0,8337000000.0,,667000000.0,901000000.0,31000000.0,870000000.0,5294000000.0,1095000000.0,4199000000.0,9633987524.0,-251000000.0,0.0,0.0,-406000000.0,-44000000.0,-473000000.0,-75000000.0,0.0,287000000.0,10000000.0,257000000.0,257000000.0,257000000.0,1000000.0,2000000.0,0.183,106000000.0,284000000.0,574000000.0,0.172,3.642,29.643,29.638,3640000000.0,0.0,65.5,1.712,1.716,1042000000.0,3834000000.0,1404000000.0,1404000000.0,19000000.0,,,,,10000000.0,80000000.0,1.0,147083779.0,147413234,148131114.0,9.524,7545000000.0,236000000.0,60000000.0,417000000.0,51.183,1408000000.0
23,CE,MRQ,2015-12-31,2015-12-31,2015-12-31,2021-10-22,-348000000.0,8586000000.0,,2787000000.0,5799000000.0,,16.189,-89000000.0,967000000.0,967000000.0,1075000000.0,-301000000.0,1.798,2.421,2981000000.0,513000000.0,2468000000.0,2981000000.0,0.0,106000000.0,0.0,0.017,0.3,-234000000.0,-128000000.0,-0.096,-128000000.0,-234000000.0,-267000000.0,-1.94,-1.92,-1.94,2378000000.0,,2378000000.0,11930078629.0,19.0,12.087,47000000.0,0.32,1.0,259000000.0,0.194,830000000.0,33000000.0,8220000000.0,,682000000.0,868000000.0,30000000.0,838000000.0,5757000000.0,1550000000.0,4207000000.0,9878078629.0,15000000.0,1000000.0,0.0,15000000.0,-43000000.0,-2000000.0,-97000000.0,0.0,136000000.0,-22000000.0,-298000000.0,-298000000.0,-298000000.0,0.0,-3000000.0,-0.223,565000000.0,-306000000.0,587000000.0,-0.155,4.154,32.494,33.332,3609000000.0,0.0,67.33,1.741,1.79,991000000.0,3621000000.0,1334000000.0,1334000000.0,21000000.0,,,,,8000000.0,209000000.0,1.0,146711401.0,146893029,148890473.0,9.081,7756000000.0,290000000.0,31000000.0,423000000.0,52.8,1237000000.0
24,CE,MRQ,2015-09-30,2015-09-30,2015-09-30,2021-10-22,-292000000.0,8908000000.0,,2796000000.0,6112000000.0,,18.465,-104000000.0,952000000.0,952000000.0,1110000000.0,151000000.0,1.844,2.065,3004000000.0,463000000.0,2541000000.0,3004000000.0,0.0,82000000.0,0.0,0.019,0.3,264000000.0,346000000.0,0.245,346000000.0,264000000.0,235000000.0,1.07,1.07,1.07,2766000000.0,,2766000000.0,10760317440.0,13.0,9.103,69000000.0,0.461,1.0,303000000.0,0.214,838000000.0,29000000.0,8606000000.0,,738000000.0,898000000.0,30000000.0,868000000.0,5711000000.0,1516000000.0,4195000000.0,9073317440.0,-36000000.0,0.0,-420000000.0,335000000.0,-47000000.0,-99000000.0,-107000000.0,0.0,173000000.0,-3000000.0,161000000.0,161000000.0,161000000.0,0.0,-10000000.0,0.114,120000000.0,183000000.0,608000000.0,0.28,3.28,17.516,17.251,3778000000.0,0.0,59.17,1.538,1.503,1024000000.0,3962000000.0,1413000000.0,1413000000.0,19000000.0,,,,,7000000.0,93000000.0,1.0,153343205.0,149800029,151004081.0,9.433,8070000000.0,293000000.0,74000000.0,401000000.0,53.872,1280000000.0
25,CE,MRQ,2015-06-30,2015-06-30,2015-06-30,2021-10-22,-281000000.0,8988000000.0,,2923000000.0,6065000000.0,,20.042,-165000000.0,988000000.0,988000000.0,1102000000.0,201000000.0,2.305,1.789,2675000000.0,123000000.0,2552000000.0,2675000000.0,0.0,107000000.0,0.0,0.015,0.3,259000000.0,366000000.0,0.248,366000000.0,259000000.0,229000000.0,1.34,1.33,1.34,3076000000.0,,3076000000.0,12827981553.0,13.0,9.906,118000000.0,0.769,1.0,375000000.0,0.254,841000000.0,30000000.0,8566000000.0,,762000000.0,850000000.0,29000000.0,821000000.0,5503000000.0,1268000000.0,4235000000.0,11014981553.0,137000000.0,-3000000.0,0.0,-12000000.0,-46000000.0,18000000.0,-181000000.0,0.0,283000000.0,17000000.0,205000000.0,205000000.0,205000000.0,2000000.0,-4000000.0,0.139,184000000.0,191000000.0,736000000.0,0.224,3.581,18.057,17.97,3771000000.0,0.0,71.88,1.761,1.764,1099000000.0,3848000000.0,1477000000.0,1477000000.0,59000000.0,,,,,13000000.0,106000000.0,1.0,153241257.0,153480175,153990933.0,9.623,8147000000.0,275000000.0,24000000.0,402000000.0,53.082,1655000000.0
26,CE,MRQ,2015-03-31,2015-03-31,2015-03-31,2021-10-22,-322000000.0,8626000000.0,,2696000000.0,5930000000.0,,18.673,-162000000.0,851000000.0,851000000.0,1069000000.0,234000000.0,2.256,1.897,2664000000.0,128000000.0,2536000000.0,2664000000.0,0.0,68000000.0,0.0,0.018,0.25,335000000.0,403000000.0,0.278,403000000.0,335000000.0,308000000.0,1.54,1.53,1.54,2861000000.0,,2861000000.0,10506449147.0,9.0,7.521,108000000.0,0.705,1.0,381000000.0,0.263,823000000.0,27000000.0,8421000000.0,,744000000.0,833000000.0,29000000.0,804000000.0,5427000000.0,1195000000.0,4232000000.0,8541449147.0,71000000.0,0.0,0.0,-15000000.0,-38000000.0,17000000.0,-173000000.0,0.0,270000000.0,-43000000.0,236000000.0,236000000.0,236000000.0,0.0,-2000000.0,0.163,127000000.0,254000000.0,664000000.0,0.162,2.985,12.864,12.931,3685000000.0,0.0,55.86,1.305,1.307,1012000000.0,3689000000.0,1450000000.0,1450000000.0,20000000.0,,,,,12000000.0,98000000.0,1.0,152908148.0,153216510,153901562.0,9.464,7803000000.0,290000000.0,72000000.0,353000000.0,50.928,1501000000.0
27,CE,MRQ,2014-12-31,2014-12-31,2014-12-31,2021-10-22,-165000000.0,8796000000.0,,2698000000.0,6098000000.0,,18.371,-214000000.0,780000000.0,780000000.0,1165000000.0,-85000000.0,2.016,2.029,2723000000.0,137000000.0,2586000000.0,2723000000.0,0.0,72000000.0,0.0,0.016,0.25,-5000000.0,67000000.0,0.043,67000000.0,-5000000.0,-32000000.0,-0.52,-0.53,-0.52,2818000000.0,,2818000000.0,11105802661.0,10.0,8.03,-48000000.0,-0.313,1.0,394000000.0,0.253,881000000.0,27000000.0,8520000000.0,,782000000.0,908000000.0,32000000.0,876000000.0,5718000000.0,1338000000.0,4380000000.0,9211802661.0,-730000000.0,-10000000.0,-49000000.0,-634000000.0,-38000000.0,-652000000.0,-228000000.0,0.0,166000000.0,-16000000.0,-84000000.0,-84000000.0,-84000000.0,0.0,-1000000.0,-0.054,447000000.0,-53000000.0,757000000.0,-0.481,3.269,14.763,14.878,3733000000.0,0.0,59.96,1.354,1.366,1042000000.0,3491000000.0,1559000000.0,1559000000.0,18000000.0,,,,,20000000.0,417000000.0,1.0,153632466.0,153391149,155691439.0,10.164,7915000000.0,282000000.0,52000000.0,312000000.0,51.6,1360000000.0
28,CE,MRQ,2014-09-30,2014-09-30,2014-09-30,2021-10-22,-190000000.0,9710000000.0,,3687000000.0,6023000000.0,,19.064,-191000000.0,1510000000.0,1510000000.0,1333000000.0,252000000.0,1.684,2.233,3404000000.0,765000000.0,2639000000.0,3404000000.0,0.0,75000000.0,0.0,0.015,0.25,384000000.0,459000000.0,0.259,459000000.0,384000000.0,343000000.0,1.64,1.63,1.64,2944000000.0,,2944000000.0,11059133325.0,5.0,4.623,188000000.0,1.217,1.0,436000000.0,0.246,887000000.0,41000000.0,8528000000.0,,771000000.0,893000000.0,36000000.0,857000000.0,6575000000.0,2189000000.0,4386000000.0,9085133325.0,446000000.0,0.0,-98000000.0,387000000.0,-39000000.0,287000000.0,-194000000.0,0.0,379000000.0,-26000000.0,253000000.0,253000000.0,253000000.0,0.0,-1000000.0,0.143,127000000.0,309000000.0,816000000.0,0.152,3.086,6.67,6.75,3618000000.0,0.0,58.52,1.325,1.318,1216000000.0,3613000000.0,1769000000.0,1769000000.0,22000000.0,,,,,9000000.0,118000000.0,1.0,155248348.0,154427554,155174528.0,11.455,8823000000.0,407000000.0,90000000.0,500000000.0,57.134,1498000000.0
29,CE,MRQ,2014-06-30,2014-06-30,2014-06-30,2021-10-22,-53000000.0,9333000000.0,,3339000000.0,5994000000.0,,18.972,-125000000.0,1064000000.0,1064000000.0,1361000000.0,258000000.0,2.164,2.109,3038000000.0,158000000.0,2880000000.0,3038000000.0,0.0,75000000.0,0.0,0.012,0.25,393000000.0,468000000.0,0.265,468000000.0,393000000.0,353000000.0,1.66,1.66,1.66,2955000000.0,,2955000000.0,12063295076.0,6.0,5.279,128000000.0,0.822,1.0,408000000.0,0.231,934000000.0,40000000.0,8830000000.0,,816000000.0,919000000.0,39000000.0,880000000.0,6232000000.0,1543000000.0,4689000000.0,10023295076.0,66000000.0,0.0,-50000000.0,-6000000.0,-39000000.0,-54000000.0,-132000000.0,0.0,253000000.0,-1000000.0,259000000.0,259000000.0,259000000.0,0.0,-1000000.0,0.146,148000000.0,260000000.0,839000000.0,0.151,3.392,7.825,7.916,3577000000.0,0.0,64.28,1.49,1.489,1276000000.0,3399000000.0,1769000000.0,1769000000.0,24000000.0,,,,,9000000.0,119000000.0,1.0,155931784.0,155751779,156054232.0,11.358,8399000000.0,386000000.0,94000000.0,460000000.0,53.926,1796000000.0
30,CE,MRQ,2014-03-31,2014-03-31,2014-03-31,2021-10-22,-14000000.0,9129000000.0,,3246000000.0,5883000000.0,,17.968,-148000000.0,998000000.0,998000000.0,1327000000.0,195000000.0,2.15,2.208,3038000000.0,157000000.0,2881000000.0,3038000000.0,0.0,76000000.0,0.0,0.011,0.18,313000000.0,389000000.0,0.228,389000000.0,313000000.0,274000000.0,1.25,1.25,1.25,2812000000.0,,2812000000.0,10791801793.0,6.0,5.026,16000000.0,0.102,1.0,378000000.0,0.222,943000000.0,39000000.0,8716000000.0,,816000000.0,871000000.0,43000000.0,828000000.0,6209000000.0,1510000000.0,4699000000.0,8711801793.0,14000000.0,0.0,-53000000.0,-24000000.0,-28000000.0,4000000.0,-151000000.0,0.0,164000000.0,-3000000.0,196000000.0,196000000.0,196000000.0,0.0,-1000000.0,0.115,134000000.0,244000000.0,790000000.0,0.144,3.098,7.543,7.615,3519000000.0,0.0,55.51,1.318,1.314,1242000000.0,3179000000.0,1705000000.0,1705000000.0,22000000.0,,,,,8000000.0,104000000.0,1.0,156941124.0,156501794,156812915.0,10.894,8186000000.0,376000000.0,78000000.0,462000000.0,52.306,1736000000.0
31,CE,MRQ,2013-12-31,2013-12-31,2013-12-31,2021-10-22,-4000000.0,9018000000.0,,3182000000.0,5836000000.0,,17.152,-112000000.0,984000000.0,984000000.0,1249000000.0,654000000.0,2.06,2.341,3064000000.0,177000000.0,2887000000.0,3064000000.0,0.0,81000000.0,0.0,0.009,0.18,995000000.0,1076000000.0,0.666,1076000000.0,995000000.0,953000000.0,4.12,4.11,4.12,2699000000.0,,2699000000.0,10714855190.0,6.0,5.102,42000000.0,0.267,1.0,367000000.0,0.227,940000000.0,42000000.0,8613000000.0,,804000000.0,882000000.0,41000000.0,841000000.0,6319000000.0,1545000000.0,4774000000.0,8720855190.0,-116000000.0,0.0,-62000000.0,-54000000.0,-28000000.0,-143000000.0,-132000000.0,0.0,154000000.0,5000000.0,654000000.0,654000000.0,654000000.0,0.0,0.0,0.405,-578000000.0,945000000.0,799000000.0,0.044,3.231,7.921,7.981,3425000000.0,0.0,55.31,1.34,1.349,1210000000.0,3011000000.0,1616000000.0,1616000000.0,12000000.0,,,,,6000000.0,-5000000.0,1.0,157672305.0,157357658,157797097.0,10.27,8078000000.0,404000000.0,299000000.0,453000000.0,51.335,1637000000.0
32,CE,MRQ,2013-09-30,2013-09-30,2013-09-30,2021-10-22,-47000000.0,9512000000.0,,3228000000.0,6284000000.0,,13.148,-110000000.0,1100000000.0,1100000000.0,1290000000.0,172000000.0,2.021,3.564,3094000000.0,224000000.0,2870000000.0,3094000000.0,0.0,80000000.0,0.0,0.008,0.18,272000000.0,352000000.0,0.215,352000000.0,272000000.0,229000000.0,1.09,1.08,1.09,2084000000.0,,2084000000.0,10400976022.0,18.0,11.634,122000000.0,0.77,1.0,346000000.0,0.211,934000000.0,43000000.0,8975000000.0,,753000000.0,901000000.0,44000000.0,857000000.0,7428000000.0,1597000000.0,5831000000.0,8423976022.0,-7000000.0,1000000.0,-96000000.0,-7000000.0,-29000000.0,-134000000.0,-113000000.0,0.0,232000000.0,8000000.0,172000000.0,172000000.0,172000000.0,0.0,0.0,0.105,133000000.0,213000000.0,739000000.0,0.165,4.042,30.302,30.339,3391000000.0,0.0,52.79,1.317,1.308,1242000000.0,2385000000.0,1636000000.0,1636000000.0,24000000.0,,,,,18000000.0,97000000.0,1.0,159575223.0,158501075,159095531.0,10.322,8578000000.0,654000000.0,57000000.0,441000000.0,54.12,1631000000.0
33,CE,MRQ,2013-06-30,2013-06-30,2013-06-30,2021-10-22,-91000000.0,9322000000.0,,3180000000.0,6142000000.0,,12.431,-78000000.0,1107000000.0,1107000000.0,1334000000.0,133000000.0,2.06,3.696,3084000000.0,224000000.0,2860000000.0,3084000000.0,0.0,78000000.0,0.0,0.007,0.09,252000000.0,330000000.0,0.2,330000000.0,252000000.0,208000000.0,0.83,0.83,0.83,1985000000.0,,1985000000.0,9245377030.0,18.0,10.864,151000000.0,0.946,1.0,319000000.0,0.193,924000000.0,44000000.0,8831000000.0,,738000000.0,853000000.0,45000000.0,808000000.0,7337000000.0,1544000000.0,5793000000.0,7152377030.0,129000000.0,12000000.0,-6000000.0,4000000.0,-14000000.0,-14000000.0,-90000000.0,0.0,229000000.0,4000000.0,133000000.0,133000000.0,133000000.0,0.0,0.0,0.08,148000000.0,171000000.0,716000000.0,0.108,3.603,30.697,30.897,3325000000.0,0.0,44.8,1.123,1.123,1209000000.0,2242000000.0,1653000000.0,1653000000.0,23000000.0,,,,,0.0,113000000.0,1.0,159651273.0,159676462,160142156.0,10.352,8398000000.0,652000000.0,75000000.0,396000000.0,52.594,1636000000.0
34,CE,MRQ,2013-03-31,2013-03-31,2013-03-31,2021-10-22,-119000000.0,9068000000.0,,2986000000.0,6082000000.0,,11.492,-77000000.0,978000000.0,978000000.0,1272000000.0,142000000.0,2.21,3.942,3071000000.0,112000000.0,2959000000.0,3071000000.0,0.0,80000000.0,0.0,0.006,0.075,262000000.0,342000000.0,0.213,342000000.0,262000000.0,219000000.0,0.89,0.89,0.89,1835000000.0,,1835000000.0,9171688264.0,15.0,9.948,70000000.0,0.438,1.0,333000000.0,0.207,917000000.0,43000000.0,8893000000.0,,758000000.0,845000000.0,49000000.0,796000000.0,7233000000.0,1351000000.0,5882000000.0,7032688264.0,19000000.0,0.0,0.0,-24000000.0,-12000000.0,-35000000.0,-87000000.0,0.0,147000000.0,-6000000.0,142000000.0,142000000.0,142000000.0,-1000000.0,0.0,0.088,148000000.0,185000000.0,659000000.0,0.084,3.833,21.909,21.807,3286000000.0,0.0,44.05,1.101,1.101,1113000000.0,2123000000.0,1605000000.0,1605000000.0,26000000.0,,,,,0.0,106000000.0,1.0,159652401.0,159682386,160201636.0,10.051,8151000000.0,653000000.0,77000000.0,345000000.0,51.045,1635000000.0
35,CE,MRQ,2012-12-31,2012-12-31,2012-12-31,2021-10-22,-89000000.0,9000000000.0,,2839000000.0,6161000000.0,,10.844,-97000000.0,959000000.0,959000000.0,1257000000.0,-169000000.0,2.095,4.202,3098000000.0,168000000.0,2930000000.0,3098000000.0,0.0,84000000.0,0.0,0.006,0.075,-214000000.0,-130000000.0,-0.087,-130000000.0,-214000000.0,-265000000.0,-1.07,-1.06,-1.07,1730000000.0,,1730000000.0,9155962276.0,18.0,11.139,-36000000.0,-0.226,1.0,244000000.0,0.163,942000000.0,51000000.0,8842000000.0,,711000000.0,853000000.0,53000000.0,800000000.0,7270000000.0,1355000000.0,5915000000.0,7103962276.0,31000000.0,0.0,-8000000.0,102000000.0,-12000000.0,70000000.0,-103000000.0,0.0,61000000.0,3000000.0,-169000000.0,-169000000.0,-169000000.0,-2000000.0,0.0,-0.113,534000000.0,-290000000.0,649000000.0,-0.07,4.106,19.097,18.949,3350000000.0,0.0,44.53,1.107,1.099,1036000000.0,1993000000.0,1501000000.0,1501000000.0,31000000.0,,,,,20000000.0,476000000.0,1.0,159532052.0,159528051,160287230.0,9.409,8058000000.0,655000000.0,-96000000.0,294000000.0,50.511,1484000000.0
36,CE,MRQ,2012-09-30,2012-09-30,2012-09-30,2021-10-22,-822000000.0,8965000000.0,,2968000000.0,5997000000.0,,12.032,-95000000.0,928000000.0,928000000.0,1281000000.0,127000000.0,2.128,3.681,2980000000.0,141000000.0,2839000000.0,2980000000.0,0.0,81000000.0,0.0,0.007,0.075,228000000.0,309000000.0,0.192,309000000.0,228000000.0,184000000.0,0.8,0.79,0.8,1915000000.0,,1915000000.0,8212213381.0,14.0,9.207,164000000.0,1.03,1.0,328000000.0,0.204,942000000.0,44000000.0,8680000000.0,,711000000.0,831000000.0,56000000.0,775000000.0,7050000000.0,1395000000.0,5655000000.0,6036213381.0,128000000.0,0.0,-9000000.0,-6000000.0,-12000000.0,-25000000.0,-114000000.0,0.0,259000000.0,8000000.0,127000000.0,127000000.0,127000000.0,2000000.0,0.0,0.079,148000000.0,180000000.0,685000000.0,0.094,3.152,13.237,13.163,3295000000.0,0.0,37.91,0.924,0.924,1120000000.0,2903000000.0,1609000000.0,1609000000.0,23000000.0,,,,,0.0,113000000.0,1.0,159224832.0,159158280,160129376.0,10.109,8023000000.0,645000000.0,57000000.0,382000000.0,50.409,1573000000.0
37,CE,MRQ,2012-06-30,2012-06-30,2012-06-30,2021-10-22,-858000000.0,8779000000.0,,2866000000.0,5913000000.0,,11.235,-91000000.0,800000000.0,800000000.0,1340000000.0,221000000.0,2.139,3.94,2976000000.0,131000000.0,2845000000.0,2976000000.0,0.0,78000000.0,0.0,0.007,0.06,323000000.0,401000000.0,0.239,401000000.0,323000000.0,278000000.0,1.4,1.38,1.4,1777000000.0,,1777000000.0,7717598569.0,13.0,8.407,96000000.0,0.607,1.0,335000000.0,0.2,940000000.0,45000000.0,8675000000.0,,726000000.0,816000000.0,60000000.0,756000000.0,7002000000.0,1340000000.0,5662000000.0,5414598569.0,73000000.0,1000000.0,-8000000.0,-35000000.0,-9000000.0,25000000.0,-128000000.0,0.0,187000000.0,-11000000.0,221000000.0,221000000.0,221000000.0,0.0,0.0,0.132,156000000.0,179000000.0,688000000.0,0.043,3.047,10.917,10.99,3265000000.0,0.0,34.62,0.805,0.814,1134000000.0,2798000000.0,1675000000.0,1675000000.0,25000000.0,,,,,0.0,115000000.0,1.0,156400883.0,158163378,159778255.0,10.59,7839000000.0,668000000.0,57000000.0,357000000.0,49.563,1526000000.0
38,CE,MRQ,2012-03-31,2012-03-31,2012-03-31,2021-10-22,-817000000.0,8823000000.0,,2817000000.0,6006000000.0,,9.842,-127000000.0,727000000.0,727000000.0,1359000000.0,193000000.0,1.915,4.726,3030000000.0,155000000.0,2875000000.0,3030000000.0,0.0,77000000.0,0.0,0.005,0.06,165000000.0,242000000.0,0.148,242000000.0,165000000.0,120000000.0,1.23,1.21,1.23,1541000000.0,,1541000000.0,9569626916.0,16.0,10.312,88000000.0,0.562,1.0,274000000.0,0.168,985000000.0,45000000.0,8670000000.0,,753000000.0,825000000.0,63000000.0,762000000.0,7282000000.0,1471000000.0,5811000000.0,7234626916.0,45000000.0,-23000000.0,-20000000.0,2000000.0,-10000000.0,-21000000.0,-155000000.0,0.0,215000000.0,6000000.0,193000000.0,193000000.0,193000000.0,0.0,0.0,0.118,164000000.0,110000000.0,758000000.0,0.049,4.695,15.135,15.141,3329000000.0,0.0,46.18,1.063,1.062,1135000000.0,2597000000.0,1633000000.0,1633000000.0,25000000.0,,,,,0.0,126000000.0,1.0,156661475.0,156576896,159115232.0,10.429,7838000000.0,666000000.0,-73000000.0,355000000.0,50.058,1346000000.0
39,CE,MRQ,2011-12-31,2011-12-31,2011-12-31,2021-10-22,-850000000.0,8518000000.0,,2703000000.0,5815000000.0,,8.571,-138000000.0,682000000.0,682000000.0,1359000000.0,-85000000.0,1.952,5.352,3017000000.0,144000000.0,2873000000.0,3017000000.0,0.0,80000000.0,0.0,0.005,0.06,-140000000.0,-60000000.0,-0.037,-60000000.0,-140000000.0,-195000000.0,-0.55,-0.53,-0.55,1341000000.0,,1341000000.0,9260622657.0,13.0,9.261,19000000.0,0.121,1.0,255000000.0,0.158,957000000.0,55000000.0,8511000000.0,,712000000.0,888000000.0,64000000.0,824000000.0,7177000000.0,1385000000.0,5792000000.0,6910622657.0,-22000000.0,1000000.0,-3000000.0,-25000000.0,-9000000.0,-29000000.0,-145000000.0,0.0,157000000.0,-5000000.0,-85000000.0,-85000000.0,-85000000.0,-1000000.0,0.0,-0.053,445000000.0,-190000000.0,673000000.0,-0.109,5.153,16.184,16.216,3269000000.0,0.0,44.27,1.022,1.023,1106000000.0,2424000000.0,1614000000.0,1614000000.0,26000000.0,,,,,0.0,397000000.0,1.0,156101709.0,156462158,158983699.0,10.316,7561000000.0,525000000.0,-110000000.0,303000000.0,48.325,1318000000.0
40,CE,MRQ,2011-09-30,2011-09-30,2011-09-30,2021-10-22,-626000000.0,8711000000.0,,2898000000.0,5813000000.0,,9.322,-150000000.0,704000000.0,704000000.0,1406000000.0,167000000.0,1.797,4.983,3054000000.0,161000000.0,2893000000.0,3054000000.0,0.0,80000000.0,0.0,0.006,0.06,255000000.0,335000000.0,0.185,335000000.0,255000000.0,201000000.0,1.07,1.05,1.07,1456000000.0,,1456000000.0,7392868596.0,8.0,5.789,15000000.0,0.096,1.0,401000000.0,0.222,993000000.0,54000000.0,8455000000.0,,777000000.0,905000000.0,64000000.0,841000000.0,7255000000.0,1613000000.0,5642000000.0,5085868596.0,-37000000.0,159000000.0,-15000000.0,5000000.0,-9000000.0,-26000000.0,-163000000.0,0.0,165000000.0,-13000000.0,167000000.0,167000000.0,167000000.0,0.0,0.0,0.092,206000000.0,195000000.0,713000000.0,0.056,3.493,8.923,8.912,3233000000.0,0.0,32.53,0.764,0.763,1181000000.0,2338000000.0,1807000000.0,1807000000.0,24000000.0,,,,,0.0,140000000.0,1.0,156343947.0,156194459,159018839.0,11.569,7718000000.0,513000000.0,34000000.0,477000000.0,49.413,1285000000.0
41,CE,MRQ,2011-06-30,2011-06-30,2011-06-30,2021-10-22,-566000000.0,8919000000.0,,3014000000.0,5905000000.0,,8.785,-134000000.0,741000000.0,741000000.0,1343000000.0,203000000.0,1.837,5.496,3048000000.0,155000000.0,2893000000.0,3048000000.0,0.0,76000000.0,0.0,0.004,0.05,335000000.0,411000000.0,0.234,411000000.0,335000000.0,278000000.0,1.3,1.28,1.3,1373000000.0,,1373000000.0,10828075992.0,11.0,8.69,50000000.0,0.32,1.0,410000000.0,0.234,1051000000.0,57000000.0,8534000000.0,,779000000.0,908000000.0,70000000.0,838000000.0,7546000000.0,1641000000.0,5905000000.0,8328075992.0,19000000.0,1000000.0,-10000000.0,-173000000.0,-8000000.0,-187000000.0,18000000.0,0.0,184000000.0,4000000.0,203000000.0,203000000.0,203000000.0,2000000.0,0.0,0.116,200000000.0,210000000.0,786000000.0,0.038,6.066,15.197,15.188,3273000000.0,0.0,53.31,1.31,1.311,1266000000.0,2180000000.0,1753000000.0,1753000000.0,25000000.0,,,,,0.0,140000000.0,1.0,156219771.0,156280721,159209400.0,11.217,7868000000.0,529000000.0,75000000.0,539000000.0,50.345,1373000000.0
42,CE,MRQ,2011-03-31,2011-03-31,2011-03-31,2021-10-22,-600000000.0,8622000000.0,,2851000000.0,5771000000.0,,7.284,-131000000.0,722000000.0,722000000.0,1238000000.0,142000000.0,1.771,6.59,3222000000.0,219000000.0,3003000000.0,3222000000.0,0.0,75000000.0,0.0,0.004,0.05,239000000.0,314000000.0,0.198,314000000.0,239000000.0,184000000.0,0.91,0.9,0.91,1136000000.0,,1136000000.0,9398684271.0,11.0,8.026,1000000.0,0.006,1.0,351000000.0,0.221,1056000000.0,55000000.0,8456000000.0,,688000000.0,896000000.0,74000000.0,822000000.0,7486000000.0,1610000000.0,5876000000.0,6920684271.0,-18000000.0,-4000000.0,-3000000.0,-3000000.0,-8000000.0,-11000000.0,-151000000.0,0.0,132000000.0,12000000.0,142000000.0,142000000.0,142000000.0,0.0,0.0,0.089,164000000.0,187000000.0,740000000.0,0.055,6.092,13.704,13.737,3153000000.0,0.0,44.37,1.131,1.131,1219000000.0,1985000000.0,1589000000.0,1589000000.0,23000000.0,,,,,0.0,128000000.0,1.0,155976657.0,155966259,158666687.0,10.188,7566000000.0,532000000.0,42000000.0,504000000.0,48.51,1241000000.0
43,CE,MRQ,2010-12-31,2010-12-31,2010-12-31,2021-10-22,-670000000.0,8281000000.0,,2668000000.0,5613000000.0,,5.946,-172000000.0,740000000.0,740000000.0,1194000000.0,58000000.0,1.73,7.943,3218000000.0,228000000.0,2990000000.0,3218000000.0,0.0,74000000.0,0.0,0.004,0.05,143000000.0,217000000.0,0.144,217000000.0,143000000.0,85000000.0,0.37,0.37,0.37,926000000.0,,926000000.0,8795675105.0,13.0,8.858,-83000000.0,-0.533,1.0,313000000.0,0.208,1026000000.0,58000000.0,8191000000.0,,610000000.0,916000000.0,78000000.0,838000000.0,7355000000.0,1542000000.0,5813000000.0,6408675105.0,-144000000.0,4000000.0,-7000000.0,-61000000.0,-8000000.0,-56000000.0,-179000000.0,0.0,89000000.0,2000000.0,58000000.0,58000000.0,58000000.0,45000000.0,0.0,0.038,169000000.0,144000000.0,673000000.0,0.135,6.921,17.135,17.012,3017000000.0,0.0,41.17,1.083,1.075,1080000000.0,1851000000.0,1507000000.0,1507000000.0,18000000.0,,,,,0.0,132000000.0,1.0,155663714.0,155737184,158263559.0,9.677,7255000000.0,535000000.0,27000000.0,434000000.0,46.585,1126000000.0
44,CE,MRQ,2010-09-30,2010-09-30,2010-09-30,2021-10-22,-606000000.0,8394000000.0,,2767000000.0,5627000000.0,,5.884,-112000000.0,884000000.0,884000000.0,1160000000.0,145000000.0,1.69,8.154,3271000000.0,261000000.0,3010000000.0,3271000000.0,0.0,67000000.0,0.0,0.005,0.05,237000000.0,304000000.0,0.202,304000000.0,237000000.0,189000000.0,0.93,0.92,0.93,917000000.0,,917000000.0,7356264749.0,11.0,7.393,32000000.0,0.205,1.0,346000000.0,0.23,1056000000.0,48000000.0,8088000000.0,,578000000.0,898000000.0,2000000.0,896000000.0,7477000000.0,1637000000.0,5840000000.0,5010264749.0,-197000000.0,2000000.0,-21000000.0,-205000000.0,-8000000.0,-254000000.0,-106000000.0,0.0,144000000.0,19000000.0,145000000.0,145000000.0,145000000.0,2000000.0,0.0,0.096,124000000.0,222000000.0,640000000.0,0.054,5.464,15.657,15.659,2884000000.0,0.0,32.1,0.864,0.863,1161000000.0,1801000000.0,1506000000.0,1506000000.0,17000000.0,,,,,0.0,125000000.0,1.0,156083014.0,155859508,157883548.0,9.663,7338000000.0,541000000.0,44000000.0,545000000.0,47.081,1130000000.0
45,CE,MRQ,2010-06-30,2010-06-30,2010-06-30,2021-10-22,-709000000.0,8105000000.0,,2822000000.0,5283000000.0,,4.407,-100000000.0,1081000000.0,1081000000.0,1214000000.0,160000000.0,1.869,10.763,3427000000.0,265000000.0,3162000000.0,3427000000.0,0.0,66000000.0,0.0,0.006,0.04,270000000.0,336000000.0,0.221,336000000.0,270000000.0,221000000.0,1.02,1.01,1.02,689000000.0,,689000000.0,6254744408.0,11.0,7.14,64000000.0,0.409,1.0,303000000.0,0.2,1005000000.0,49000000.0,7936000000.0,,522000000.0,846000000.0,2000000.0,844000000.0,7416000000.0,1510000000.0,5906000000.0,3902744408.0,-58000000.0,-31000000.0,-20000000.0,-38000000.0,-6000000.0,-63000000.0,-143000000.0,0.0,164000000.0,-16000000.0,160000000.0,160000000.0,160000000.0,3000000.0,0.0,0.105,147000000.0,156000000.0,607000000.0,0.039,5.664,6.847,6.437,2676000000.0,0.0,24.91,0.697,0.696,1106000000.0,1664000000.0,1517000000.0,1517000000.0,17000000.0,,,,,0.0,124000000.0,1.0,156673802.0,156326226,158405119.0,9.704,7100000000.0,526000000.0,61000000.0,451000000.0,45.418,1312000000.0
46,CE,MRQ,2010-03-31,2010-03-31,2010-03-31,2021-10-22,-686000000.0,8202000000.0,,2851000000.0,5351000000.0,,3.82,-129000000.0,1139000000.0,1139000000.0,1170000000.0,14000000.0,1.851,13.289,3491000000.0,258000000.0,3233000000.0,3491000000.0,0.0,93000000.0,0.0,0.005,0.04,43000000.0,136000000.0,0.098,136000000.0,43000000.0,-6000000.0,0.07,0.07,0.07,574000000.0,,574000000.0,6892695241.0,15.0,8.594,-74000000.0,-0.492,1.0,218000000.0,0.157,1031000000.0,49000000.0,7983000000.0,,545000000.0,847000000.0,4000000.0,843000000.0,7628000000.0,1540000000.0,6088000000.0,4645695241.0,-115000000.0,5000000.0,0.0,-9000000.0,-6000000.0,-15000000.0,-132000000.0,0.0,55000000.0,-23000000.0,14000000.0,11000000.0,11000000.0,-1000000.0,0.0,0.008,234000000.0,-16000000.0,626000000.0,0.571,8.094,8.986,8.872,2723000000.0,3000000.0,31.85,0.873,0.899,1077000000.0,1511000000.0,1388000000.0,1388000000.0,18000000.0,,,,,0.0,124000000.0,1.0,145861703.0,150272227,152642371.0,9.237,7171000000.0,529000000.0,-20000000.0,460000000.0,47.72,1311000000.0
47,CE,MRQ,2009-12-31,2009-12-31,2009-12-31,2021-10-22,-660000000.0,8412000000.0,,2856000000.0,5556000000.0,,4.066,-149000000.0,1254000000.0,1254000000.0,1099000000.0,6000000.0,1.777,13.355,3501000000.0,242000000.0,3259000000.0,3501000000.0,0.0,77000000.0,0.0,0.005,0.04,142000000.0,219000000.0,0.158,219000000.0,142000000.0,91000000.0,0.03,0.03,0.03,586000000.0,,586000000.0,6893595310.0,15.0,8.827,39000000.0,0.271,1.0,289000000.0,0.208,1092000000.0,51000000.0,7960000000.0,,522000000.0,875000000.0,3000000.0,872000000.0,7826000000.0,1607000000.0,6219000000.0,4609595310.0,-39000000.0,-5000000.0,0.0,-64000000.0,-6000000.0,-60000000.0,-160000000.0,0.0,188000000.0,-7000000.0,6000000.0,4000000.0,4000000.0,-4000000.0,0.0,0.003,181000000.0,108000000.0,649000000.0,1.333,7.866,9.446,9.441,2797000000.0,2000000.0,32.1,0.907,0.908,983000000.0,1505000000.0,1388000000.0,1388000000.0,14000000.0,,,,,0.0,136000000.0,1.0,143601100.0,144127781,158427289.0,9.63,7320000000.0,526000000.0,85000000.0,471000000.0,50.788,1249000000.0
48,CE,MRQ,2009-09-30,2009-09-30,2009-09-30,2021-10-22,-543000000.0,8250000000.0,,2862000000.0,5388000000.0,,4.764,-135000000.0,1293000000.0,1293000000.0,1038000000.0,398000000.0,1.943,11.058,3577000000.0,265000000.0,3312000000.0,3577000000.0,0.0,86000000.0,0.0,0.006,0.04,99000000.0,185000000.0,0.142,185000000.0,99000000.0,48000000.0,2.75,2.53,2.75,684000000.0,,684000000.0,5936489550.0,33.0,11.595,-26000000.0,-0.181,1.0,266000000.0,0.204,1121000000.0,51000000.0,7940000000.0,,467000000.0,898000000.0,4000000.0,894000000.0,7564000000.0,1473000000.0,6091000000.0,3589489550.0,148000000.0,168000000.0,0.0,15000000.0,-5000000.0,7000000.0,8000000.0,0.0,109000000.0,24000000.0,398000000.0,395000000.0,395000000.0,0.0,0.0,0.303,199000000.0,67000000.0,558000000.0,0.015,5.248,11.182,10.87,2687000000.0,3000000.0,25.0,0.721,0.721,951000000.0,1505000000.0,1304000000.0,1304000000.0,18000000.0,,,,,0.0,110000000.0,1.0,143579582.0,143591231,157562916.0,9.081,7129000000.0,418000000.0,-350000000.0,396000000.0,49.648,1389000000.0
49,CE,MRQ,2009-06-30,2009-06-30,2009-06-30,2021-10-22,-588000000.0,7623000000.0,,2778000000.0,4845000000.0,,1.714,-129000000.0,1145000000.0,1145000000.0,996000000.0,109000000.0,2.07,29.98,3492000000.0,224000000.0,3268000000.0,3492000000.0,0.0,82000000.0,0.0,0.007,0.04,180000000.0,262000000.0,0.211,262000000.0,180000000.0,126000000.0,0.74,0.69,0.74,246000000.0,,246000000.0,5727311912.0,19.0,9.062,-29000000.0,-0.202,1.0,248000000.0,0.199,1116000000.0,54000000.0,7512000000.0,,473000000.0,849000000.0,6000000.0,843000000.0,7375000000.0,1342000000.0,6033000000.0,3408311912.0,-5000000.0,0.0,0.0,-1000000.0,-6000000.0,-11000000.0,-128000000.0,0.0,100000000.0,34000000.0,109000000.0,107000000.0,107000000.0,1000000.0,0.0,0.086,160000000.0,88000000.0,557000000.0,0.054,13.855,42.078,39.583,2533000000.0,2000000.0,23.75,0.62,0.62,933000000.0,1114000000.0,1244000000.0,1244000000.0,18000000.0,,,,,0.0,114000000.0,1.0,143507870.0,143528126,157077970.0,8.667,6507000000.0,49000000.0,17000000.0,384000000.0,45.336,1436000000.0
50,CE,MRQ,2009-03-31,2009-03-31,2009-03-31,2021-10-22,-690000000.0,7337000000.0,,2589000000.0,4748000000.0,,0.314,-114000000.0,1150000000.0,1150000000.0,946000000.0,-20000000.0,1.993,162.0,3469000000.0,195000000.0,3274000000.0,3469000000.0,0.0,74000000.0,0.0,0.012,0.04,36000000.0,110000000.0,0.096,110000000.0,36000000.0,-15000000.0,-0.16,-0.16,-0.16,45000000.0,,45000000.0,4775671316.0,15.0,7.225,85000000.0,0.592,1.0,200000000.0,0.175,1093000000.0,51000000.0,7264000000.0,,522000000.0,805000000.0,5000000.0,800000000.0,7290000000.0,1299000000.0,5991000000.0,1918671316.0,474000000.0,-1000000.0,0.0,-39000000.0,-6000000.0,-48000000.0,311000000.0,15000000.0,199000000.0,12000000.0,-20000000.0,-23000000.0,-23000000.0,-1000000.0,0.0,-0.02,175000000.0,25000000.0,504000000.0,-0.25,42.637,18.101,18.315,2482000000.0,3000000.0,13.37,0.313,0.313,846000000.0,1018000000.0,1146000000.0,1146000000.0,20000000.0,,,,,0.0,114000000.0,1.0,143505708.0,143506981,143506981.0,7.986,6244000000.0,53000000.0,5000000.0,360000000.0,43.51,1290000000.0
51,CE,MRQ,2008-12-31,2008-12-31,2008-12-31,2021-10-22,-579000000.0,7166000000.0,,2286000000.0,4880000000.0,,1.269,-125000000.0,676000000.0,676000000.0,1177000000.0,-156000000.0,1.67,38.363,3533000000.0,233000000.0,3300000000.0,3533000000.0,0.0,88000000.0,0.0,0.013,0.04,-133000000.0,-45000000.0,-0.035,-45000000.0,-133000000.0,-199000000.0,-1.03,-0.91,-1.03,182000000.0,,182000000.0,4818541962.0,8.0,4.993,116000000.0,0.809,1.0,109000000.0,0.085,1143000000.0,66000000.0,7511000000.0,,577000000.0,889000000.0,6000000.0,883000000.0,6982000000.0,1369000000.0,5613000000.0,1782541962.0,92000000.0,3000000.0,0.0,-88000000.0,-6000000.0,-97000000.0,-32000000.0,92000000.0,241000000.0,-20000000.0,-156000000.0,-158000000.0,-158000000.0,15000000.0,0.0,-0.123,254000000.0,-145000000.0,523000000.0,-0.039,9.794,6.578,6.792,2470000000.0,2000000.0,12.43,0.261,0.27,905000000.0,1047000000.0,1286000000.0,1286000000.0,16000000.0,,,,,0.0,129000000.0,1.0,143406433.0,143470347,155863462.0,8.964,6023000000.0,51000000.0,-43000000.0,379000000.0,41.981,917000000.0
52,CE,MRQ,2008-09-30,2008-09-30,2008-09-30,2021-10-22,108000000.0,7972000000.0,,2820000000.0,5152000000.0,,6.997,-136000000.0,584000000.0,584000000.0,1490000000.0,158000000.0,1.661,6.747,3620000000.0,302000000.0,3318000000.0,3620000000.0,0.0,94000000.0,0.0,0.006,0.04,211000000.0,305000000.0,0.167,305000000.0,211000000.0,146000000.0,1.05,0.97,1.05,1029000000.0,,1029000000.0,6830656190.0,6.0,4.8,-137000000.0,-0.932,1.0,333000000.0,0.183,1205000000.0,65000000.0,8105000000.0,,743000000.0,998000000.0,17000000.0,981000000.0,6943000000.0,1698000000.0,5245000000.0,4190656190.0,-399000000.0,4000000.0,-252000000.0,47000000.0,-6000000.0,-219000000.0,-136000000.0,6000000.0,-1000000.0,-43000000.0,158000000.0,155000000.0,155000000.0,6000000.0,0.0,0.085,181000000.0,152000000.0,754000000.0,0.038,4.073,6.548,6.614,2527000000.0,3000000.0,27.91,0.574,0.562,1359000000.0,1210000000.0,1823000000.0,1823000000.0,18000000.0,,,,,0.0,142000000.0,1.0,150148914.0,147063241,162911689.0,12.396,6767000000.0,137000000.0,-12000000.0,562000000.0,46.014,1122000000.0
53,CE,MRQ,2008-06-30,2008-06-30,2008-06-30,2021-10-22,206000000.0,8614000000.0,,3301000000.0,5313000000.0,,8.164,-89000000.0,983000000.0,983000000.0,1472000000.0,133000000.0,1.673,5.992,3623000000.0,252000000.0,3371000000.0,3623000000.0,0.0,92000000.0,0.0,0.004,0.04,199000000.0,291000000.0,0.156,291000000.0,199000000.0,136000000.0,0.87,0.8,0.87,1232000000.0,,1232000000.0,9734684291.0,9.0,6.993,91000000.0,0.603,1.0,396000000.0,0.212,1334000000.0,63000000.0,7947000000.0,,754000000.0,1035000000.0,24000000.0,1011000000.0,7382000000.0,1973000000.0,5409000000.0,6893684291.0,220000000.0,0.0,-66000000.0,-5000000.0,-6000000.0,-71000000.0,105000000.0,-83000000.0,180000000.0,6000000.0,134000000.0,132000000.0,132000000.0,69000000.0,-1000000.0,0.071,186000000.0,210000000.0,829000000.0,0.046,5.596,11.283,11.387,2542000000.0,2000000.0,45.66,0.978,0.978,1442000000.0,1061000000.0,1868000000.0,1868000000.0,18000000.0,,,,,0.0,138000000.0,1.0,150978631.0,150905770,167814803.0,12.379,7280000000.0,118000000.0,2000000.0,604000000.0,48.242,1328000000.0
54,CE,MRQ,2008-03-31,2008-03-31,2008-03-31,2021-10-22,164000000.0,8315000000.0,,3130000000.0,5185000000.0,,7.362,-109000000.0,763000000.0,763000000.0,1428000000.0,145000000.0,1.502,6.431,3604000000.0,253000000.0,3351000000.0,3604000000.0,0.0,86000000.0,0.0,0.004,0.04,285000000.0,371000000.0,0.201,371000000.0,285000000.0,218000000.0,0.93,0.87,0.93,1119000000.0,,1119000000.0,8679666677.0,11.0,8.052,57000000.0,0.375,1.0,418000000.0,0.226,1347000000.0,67000000.0,7725000000.0,,709000000.0,1064000000.0,24000000.0,1040000000.0,7196000000.0,2084000000.0,5112000000.0,5948666677.0,-62000000.0,2000000.0,-60000000.0,-52000000.0,-6000000.0,-112000000.0,-138000000.0,3000000.0,166000000.0,22000000.0,145000000.0,142000000.0,142000000.0,0.0,0.0,0.077,191000000.0,227000000.0,822000000.0,0.043,5.316,16.57,16.408,2477000000.0,3000000.0,39.05,0.883,0.881,1523000000.0,935000000.0,1846000000.0,1846000000.0,23000000.0,,,,,0.0,136000000.0,1.0,152334614.0,151993753,167306016.0,12.145,6968000000.0,81000000.0,73000000.0,603000000.0,45.844,1046000000.0
55,CE,MRQ,2007-12-31,2007-12-31,2007-12-31,2021-10-22,197000000.0,8058000000.0,,3063000000.0,4995000000.0,,7.004,-79000000.0,825000000.0,825000000.0,1348000000.0,215000000.0,1.508,6.588,3556000000.0,272000000.0,3284000000.0,3556000000.0,0.0,73000000.0,0.0,0.004,0.04,383000000.0,456000000.0,0.259,456000000.0,383000000.0,317000000.0,1.37,1.26,1.37,1062000000.0,,1062000000.0,9363657993.0,12.0,8.443,208000000.0,1.372,1.0,412000000.0,0.234,1291000000.0,66000000.0,7467000000.0,,636000000.0,1069000000.0,46000000.0,1023000000.0,6996000000.0,2031000000.0,4965000000.0,6399657993.0,294000000.0,33000000.0,0.0,23000000.0,1000000.0,46000000.0,-53000000.0,10000000.0,287000000.0,14000000.0,214000000.0,211000000.0,211000000.0,-6000000.0,1000000.0,0.12,90000000.0,322000000.0,818000000.0,0.029,6.026,15.384,15.732,2362000000.0,3000000.0,42.32,0.993,1.014,1446000000.0,799000000.0,1760000000.0,1760000000.0,19000000.0,,,,,0.0,145000000.0,1.0,151220652.0,151628290,168564090.0,11.607,6767000000.0,80000000.0,103000000.0,538000000.0,44.629,1032000000.0
56,CE,MRQ,2007-09-30,2007-09-30,2007-09-30,2021-10-22,55000000.0,7541000000.0,,2590000000.0,4951000000.0,,4.489,-110000000.0,531000000.0,531000000.0,1236000000.0,128000000.0,1.446,10.188,3495000000.0,243000000.0,3252000000.0,3495000000.0,0.0,80000000.0,0.0,0.004,0.04,194000000.0,274000000.0,0.174,274000000.0,194000000.0,131000000.0,0.84,0.76,0.84,674000000.0,,674000000.0,8732560394.0,14.0,9.39,90000000.0,0.599,1.0,337000000.0,0.214,1307000000.0,63000000.0,7407000000.0,,575000000.0,778000000.0,0.0,778000000.0,6867000000.0,1791000000.0,5076000000.0,5817560394.0,61000000.0,24000000.0,-145000000.0,69000000.0,-8000000.0,-54000000.0,-99000000.0,-2000000.0,200000000.0,14000000.0,128000000.0,126000000.0,126000000.0,2000000.0,0.0,0.08,190000000.0,147000000.0,675000000.0,0.048,8.631,20.777,21.536,2270000000.0,2000000.0,38.98,0.952,0.957,1348000000.0,594000000.0,1573000000.0,1573000000.0,18000000.0,,,,,0.0,133000000.0,1.0,149244751.0,150154309,167410047.0,10.476,6234000000.0,126000000.0,3000000.0,269000000.0,41.517,799000000.0
57,CE,MRQ,2007-06-30,2007-06-30,2007-06-30,2021-10-22,48000000.0,7355000000.0,,2496000000.0,4859000000.0,,4.18,-71000000.0,470000000.0,470000000.0,1219000000.0,-117000000.0,1.556,10.212,3385000000.0,187000000.0,3198000000.0,3385000000.0,0.0,73000000.0,0.0,0.004,0.04,-96000000.0,-23000000.0,-0.015,-23000000.0,-96000000.0,-157000000.0,-0.76,-0.76,-0.76,656000000.0,,656000000.0,8483340238.0,13.0,8.56,-4000000.0,-0.025,1.0,337000000.0,0.217,1306000000.0,61000000.0,7360000000.0,,575000000.0,745000000.0,0.0,745000000.0,6699000000.0,1604000000.0,5095000000.0,6109340238.0,-645000000.0,80000000.0,-258000000.0,-181000000.0,-10000000.0,-689000000.0,-30000000.0,-29000000.0,67000000.0,7000000.0,-117000000.0,-120000000.0,-120000000.0,-7000000.0,0.0,-0.077,266000000.0,71000000.0,667000000.0,-0.053,9.313,23.497,23.646,2176000000.0,3000000.0,38.78,1.016,1.012,1324000000.0,474000000.0,1556000000.0,1556000000.0,19000000.0,,,,,0.0,122000000.0,1.0,157538428.0,156932929,156932929.0,9.915,6049000000.0,143000000.0,-40000000.0,320000000.0,38.545,892000000.0
58,CE,MRQ,2007-03-31,2007-03-31,2007-03-31,2021-10-22,-9000000.0,7887000000.0,,3237000000.0,4650000000.0,,6.146,-49000000.0,1115000000.0,1115000000.0,1196000000.0,201000000.0,1.859,7.056,3489000000.0,184000000.0,3305000000.0,3489000000.0,0.0,85000000.0,0.0,0.005,0.04,317000000.0,402000000.0,0.259,402000000.0,317000000.0,245000000.0,1.25,1.15,1.25,979000000.0,,979000000.0,7554341659.0,8.0,5.74,-37000000.0,-0.232,1.0,359000000.0,0.231,1320000000.0,72000000.0,7200000000.0,,584000000.0,733000000.0,0.0,733000000.0,6908000000.0,1741000000.0,5167000000.0,4893341659.0,324000000.0,309000000.0,0.0,-30000000.0,-8000000.0,-17000000.0,325000000.0,31000000.0,12000000.0,4000000.0,201000000.0,199000000.0,199000000.0,-79000000.0,0.0,0.128,153000000.0,206000000.0,731000000.0,0.032,4.998,10.173,10.145,2047000000.0,2000000.0,30.84,0.828,0.831,1420000000.0,600000000.0,1555000000.0,1555000000.0,17000000.0,,,,,0.0,116000000.0,1.0,158668666.0,159284888,174442332.0,9.762,6567000000.0,138000000.0,44000000.0,375000000.0,41.228,1496000000.0
59,CE,MRQ,2006-12-31,2006-12-31,2006-12-31,2021-10-22,31000000.0,7895000000.0,,3111000000.0,4784000000.0,,4.96,-73000000.0,837000000.0,837000000.0,1119000000.0,77000000.0,1.404,9.032,3498000000.0,309000000.0,3189000000.0,3498000000.0,0.0,79000000.0,0.0,0.006,0.04,198000000.0,277000000.0,0.194,277000000.0,198000000.0,122000000.0,0.48,0.44,0.48,787000000.0,,787000000.0,6997314534.0,8.0,5.712,234000000.0,1.475,1.0,311000000.0,0.217,1338000000.0,76000000.0,7002000000.0,,653000000.0,763000000.0,0.0,763000000.0,7108000000.0,2216000000.0,4892000000.0,4105314534.0,278000000.0,38000000.0,0.0,9000000.0,1000000.0,1000000.0,-46000000.0,8000000.0,307000000.0,16000000.0,77000000.0,75000000.0,75000000.0,-28000000.0,0.0,0.052,171000000.0,140000000.0,830000000.0,0.083,5.216,10.367,10.352,2155000000.0,2000000.0,25.88,0.711,0.71,1476000000.0,394000000.0,1430000000.0,1430000000.0,17000000.0,,,,,0.0,134000000.0,1.0,158628846.0,158655447,172497737.0,9.013,6557000000.0,98000000.0,45000000.0,594000000.0,41.329,895000000.0
60,CE,MRQ,2006-09-30,2006-09-30,2006-09-30,2021-10-22,-136000000.0,7626000000.0,,2840000000.0,4786000000.0,,3.442,-58000000.0,557000000.0,557000000.0,1133000000.0,109000000.0,1.459,12.967,3449000000.0,205000000.0,3244000000.0,3449000000.0,0.0,82000000.0,0.0,0.009,0.04,253000000.0,335000000.0,0.228,335000000.0,253000000.0,180000000.0,0.67,0.64,0.67,546000000.0,,546000000.0,5935137455.0,7.0,4.967,219000000.0,1.381,1.0,338000000.0,0.23,1345000000.0,73000000.0,7226000000.0,,639000000.0,787000000.0,0.0,787000000.0,7080000000.0,1947000000.0,5133000000.0,2839137455.0,159000000.0,11000000.0,0.0,-50000000.0,-9000000.0,-58000000.0,-58000000.0,16000000.0,277000000.0,-2000000.0,109000000.0,106000000.0,106000000.0,-21000000.0,0.0,0.072,164000000.0,174000000.0,741000000.0,0.06,5.2,5.759,5.701,2085000000.0,3000000.0,17.9,0.546,0.546,1539000000.0,326000000.0,1471000000.0,1471000000.0,15000000.0,,,,,0.0,129000000.0,1.0,158611031.0,158609246,171176126.0,9.274,6281000000.0,122000000.0,71000000.0,575000000.0,39.6,893000000.0
61,CE,MRQ,2006-06-30,2006-06-30,2006-06-30,2021-10-22,-156000000.0,7568000000.0,,2710000000.0,4858000000.0,,2.636,-70000000.0,398000000.0,398000000.0,1121000000.0,103000000.0,1.428,17.105,3494000000.0,174000000.0,3320000000.0,3494000000.0,0.0,84000000.0,0.0,0.008,0.04,218000000.0,302000000.0,0.207,302000000.0,218000000.0,145000000.0,0.64,0.6,0.64,418000000.0,,418000000.0,6401839328.0,9.0,5.961,98000000.0,0.618,1.0,336000000.0,0.231,1394000000.0,73000000.0,7372000000.0,,655000000.0,815000000.0,0.0,815000000.0,7150000000.0,1898000000.0,5252000000.0,3237839328.0,42000000.0,0.0,0.0,-67000000.0,-9000000.0,-76000000.0,-58000000.0,8000000.0,168000000.0,8000000.0,103000000.0,101000000.0,101000000.0,-8000000.0,0.0,0.069,183000000.0,153000000.0,744000000.0,0.062,7.746,7.547,7.48,2082000000.0,2000000.0,20.42,0.616,0.616,1553000000.0,226000000.0,1457000000.0,1457000000.0,16000000.0,,,,,0.0,136000000.0,1.0,158562161.0,158562161,172066546.0,9.189,6174000000.0,156000000.0,42000000.0,579000000.0,38.937,812000000.0
62,CE,MRQ,2006-03-31,2006-03-31,2006-03-31,2021-10-22,-133000000.0,7521000000.0,,2684000000.0,4837000000.0,,2.157,-43000000.0,354000000.0,354000000.0,1160000000.0,117000000.0,1.352,20.991,3518000000.0,212000000.0,3306000000.0,3518000000.0,0.0,78000000.0,0.0,0.006,0.04,233000000.0,311000000.0,0.208,311000000.0,233000000.0,162000000.0,0.72,0.68,0.72,342000000.0,,342000000.0,6372048516.0,9.0,6.266,-44000000.0,-0.277,1.0,338000000.0,0.226,1415000000.0,71000000.0,7285000000.0,,678000000.0,793000000.0,0.0,793000000.0,7179000000.0,1985000000.0,5194000000.0,3325048516.0,-78000000.0,0.0,0.0,34000000.0,-9000000.0,25000000.0,-106000000.0,-2000000.0,-1000000.0,4000000.0,117000000.0,114000000.0,114000000.0,-21000000.0,0.0,0.076,169000000.0,169000000.0,750000000.0,0.056,9.722,8.461,8.388,2035000000.0,3000000.0,20.97,0.627,0.627,1543000000.0,132000000.0,1498000000.0,1498000000.0,17000000.0,,,,,0.0,138000000.0,1.0,158562161.0,158562161,171487669.0,9.447,6106000000.0,156000000.0,45000000.0,548000000.0,38.509,699000000.0
63,CE,MRQ,2005-12-31,2005-12-31,2005-12-31,2021-10-22,-126000000.0,7445000000.0,,2568000000.0,4877000000.0,,1.482,-111000000.0,390000000.0,390000000.0,573000000.0,175000000.0,1.276,30.681,3437000000.0,155000000.0,3282000000.0,3437000000.0,0.0,125000000.0,0.0,0.004,0.04,122000000.0,247000000.0,0.318,247000000.0,122000000.0,153000000.0,1.11,1.05,1.11,235000000.0,,235000000.0,6126708518.0,10.0,6.49,77000000.0,0.485,1.0,204000000.0,0.263,1430000000.0,-31000000.0,7049000000.0,,650000000.0,775000000.0,0.0,775000000.0,7210000000.0,2013000000.0,5197000000.0,3031708518.0,-11000000.0,-105000000.0,0.0,19000000.0,-15000000.0,-66000000.0,-129000000.0,-2000000.0,188000000.0,-4000000.0,175000000.0,172000000.0,172000000.0,-57000000.0,0.0,0.221,124000000.0,80000000.0,811000000.0,0.036,12.901,11.355,11.052,2031000000.0,3000000.0,19.12,0.575,0.56,1400000000.0,24000000.0,777000000.0,777000000.0,18000000.0,,,,,0.0,74000000.0,1.0,158562161.0,158606220,166200048.0,4.899,6015000000.0,176000000.0,-22000000.0,545000000.0,37.924,555000000.0
64,CE,MRQ,2005-09-30,2005-09-30,2005-09-30,2021-10-22,-134000000.0,7340000000.0,,2610000000.0,4730000000.0,,0.372,-20000000.0,401000000.0,401000000.0,1240000000.0,45000000.0,1.351,123.407,3496000000.0,181000000.0,3315000000.0,3496000000.0,0.0,70000000.0,0.0,0.002,0.04,144000000.0,214000000.0,0.14,214000000.0,144000000.0,72000000.0,0.26,0.26,0.26,59000000.0,,59000000.0,5168897817.0,10.0,6.855,303000000.0,1.911,1.0,286000000.0,0.187,1435000000.0,72000000.0,7068000000.0,,625000000.0,551000000.0,0.0,551000000.0,7281000000.0,1932000000.0,5349000000.0,2734897817.0,-558000000.0,-616000000.0,0.0,-237000000.0,-6000000.0,-246000000.0,-640000000.0,-8000000.0,323000000.0,5000000.0,45000000.0,42000000.0,42000000.0,2000000.0,0.0,0.028,189000000.0,97000000.0,698000000.0,0.154,46.354,71.971,1725.0,1982000000.0,3000000.0,17.25,0.477,0.477,1466000000.0,-151000000.0,1526000000.0,1526000000.0,22000000.0,,,,,0.0,144000000.0,1.0,158544801.0,158546594,171930270.0,9.625,5905000000.0,104000000.0,27000000.0,462000000.0,37.245,678000000.0
65,CE,MRQ,2005-06-30,2005-06-30,2005-06-30,2021-10-22,-28000000.0,7396000000.0,,3207000000.0,4189000000.0,,0.795,-32000000.0,959000000.0,959000000.0,1165000000.0,67000000.0,1.77,57.698,3393000000.0,140000000.0,3253000000.0,3393000000.0,0.0,67000000.0,0.0,0.0,0.0,178000000.0,245000000.0,0.163,245000000.0,178000000.0,110000000.0,0.41,0.39,0.41,126000000.0,,126000000.0,4220276888.0,9.0,6.081,116000000.0,0.732,1.0,341000000.0,0.226,1202000000.0,68000000.0,6816000000.0,,586000000.0,543000000.0,0.0,543000000.0,7270000000.0,1812000000.0,5458000000.0,2519276888.0,-779000000.0,-7000000.0,0.0,-10000000.0,0.0,-817000000.0,-33000000.0,5000000.0,148000000.0,-77000000.0,67000000.0,65000000.0,65000000.0,0.0,0.0,0.043,188000000.0,153000000.0,682000000.0,0.0,19.994,-33.59,-16.552,1756000000.0,2000000.0,15.89,0.46,0.46,1478000000.0,-196000000.0,1506000000.0,1506000000.0,23000000.0,,,,,0.0,135000000.0,1.0,158544801.0,158530397,170530397.0,9.5,6194000000.0,111000000.0,43000000.0,471000000.0,39.071,1395000000.0
66,CE,MRQ,2005-03-31,2005-03-31,2005-03-31,2021-10-22,-28000000.0,8403000000.0,,4112000000.0,4291000000.0,,0.43,-40000000.0,1738000000.0,1738000000.0,1106000000.0,-10000000.0,1.469,136.754,3439000000.0,139000000.0,3300000000.0,3439000000.0,0.0,63000000.0,0.0,0.0,0.0,174000000.0,237000000.0,0.16,237000000.0,174000000.0,-2000000.0,-0.08,-0.08,-0.08,61000000.0,,61000000.0,5400256706.0,19.0,10.094,2000000.0,0.014,1.0,372000000.0,0.252,1175000000.0,176000000.0,6130000000.0,,641000000.0,567000000.0,0.0,567000000.0,8342000000.0,2799000000.0,5543000000.0,2851256706.0,900000000.0,-142000000.0,764000000.0,-5000000.0,0.0,985000000.0,-105000000.0,77000000.0,42000000.0,-22000000.0,-10000000.0,-12000000.0,-12000000.0,-10000000.0,0.0,-0.008,219000000.0,153000000.0,778000000.0,0.0,46.742,-10.759,-6.84,1839000000.0,2000000.0,17.99,0.549,0.491,1542000000.0,-263000000.0,1478000000.0,1478000000.0,23000000.0,,,,,0.0,159000000.0,1.0,158491201.0,141742428,141742428.0,10.427,7228000000.0,131000000.0,8000000.0,493000000.0,50.994,1313000000.0
67,CE,MRQ,2004-12-31,2004-12-31,2004-12-31,2021-10-22,-17000000.0,7410000000.0,,3151000000.0,4259000000.0,,-1.127,-54000000.0,838000000.0,838000000.0,937000000.0,-57000000.0,1.579,-67.161,3387000000.0,144000000.0,3243000000.0,3387000000.0,0.0,31000000.0,0.0,,0.0,27000000.0,58000000.0,0.047,58000000.0,27000000.0,-45000000.0,-0.58,-0.58,-0.58,-112000000.0,,-112000000.0,,,,-225000000.0,-2.264,1.0,287000000.0,0.234,1147000000.0,72000000.0,6817000000.0,,604000000.0,833000000.0,0.0,833000000.0,7522000000.0,1995000000.0,5527000000.0,,19000000.0,-8000000.0,0.0,219000000.0,501000000.0,238000000.0,-87000000.0,-19000000.0,-171000000.0,39000000.0,-57000000.0,-57000000.0,-57000000.0,-6000000.0,0.0,-0.047,264000000.0,23000000.0,716000000.0,0.0,,,,1702000000.0,0.0,,,,1513000000.0,-253000000.0,1224000000.0,1224000000.0,22000000.0,,,,,-1000000.0,176000000.0,1.0,158675271.0,99377884,99377884.0,12.317,6263000000.0,125000000.0,12000000.0,490000000.0,63.022,1156000000.0
68,CE,MRQ,2004-09-30,2004-09-30,2004-09-30,2021-10-22,,,,,,,,-57000000.0,,,1005000000.0,-71000000.0,,,,,,,,79000000.0,,,0.0,75000000.0,154000000.0,0.122,154000000.0,75000000.0,-23000000.0,-0.71,-0.71,-0.71,,,,,,,159000000.0,1.6,1.0,260000000.0,0.206,,98000000.0,,,,,,,,,,,103000000.0,3000000.0,0.0,696000000.0,-500000000.0,-50000000.0,-75000000.0,-21000000.0,216000000.0,12000000.0,-71000000.0,-71000000.0,-71000000.0,0.0,0.0,-0.056,233000000.0,27000000.0,,0.0,,,,,0.0,,,,,,1265000000.0,1265000000.0,23000000.0,,,,,0.0,153000000.0,1.0,158675271.0,99377884,99377884.0,12.729,,,48000000.0,,,
69,CE,MRQ,2004-06-30,2004-06-30,2004-06-30,2021-10-22,,,,,,,,-49000000.0,,,1058000000.0,-125000000.0,,,,,,,,71000000.0,,,0.0,15000000.0,86000000.0,0.07,86000000.0,15000000.0,-115000000.0,-1.26,-1.26,-1.26,,,,,,,-156000000.0,-1.57,1.0,171000000.0,0.139,,130000000.0,,,,,,,,,,,716000000.0,-1598000000.0,0.0,1813000000.0,-1000000.0,2498000000.0,-1649000000.0,-1000000.0,-107000000.0,-26000000.0,-125000000.0,-125000000.0,-125000000.0,1000000.0,0.0,-0.102,146000000.0,25000000.0,,0.0,,,,,0.0,,,,,,1229000000.0,1229000000.0,22000000.0,,,,,1000000.0,125000000.0,1.0,158675271.0,99377884,99377884.0,12.367,,,10000000.0,,,
70,CE,MRQ,2003-12-31,2003-12-31,2003-12-31,2021-10-22,-198000000.0,6814000000.0,,2251000000.0,4563000000.0,,52.219,,148000000.0,148000000.0,,,1.141,1.639,637000000.0,148000000.0,489000000.0,637000000.0,0.0,,0.0,,0.0,,,,,,,,,,2582000000.0,,2582000000.0,,,,,,1.0,,,1108000000.0,,4223000000.0,,509000000.0,561000000.0,0.0,561000000.0,4232000000.0,1972000000.0,2260000000.0,,,,,,,,,,,,,,,,,,,,590000000.0,,,,,1710000000.0,,,,,1311000000.0,25000000.0,,,,,,,,,,1.0,158675271.0,49445958,,,5706000000.0,673000000.0,,384000000.0,115.399,279000000.0
71,CE,MRQ,2002-12-31,2002-12-31,2002-12-31,2021-10-22,-527000000.0,6417000000.0,,2067000000.0,4350000000.0,,41.646,,124000000.0,124000000.0,,,1.07,2.062,644000000.0,204000000.0,440000000.0,644000000.0,0.0,,0.0,,0.0,,,,,,,,,,2096000000.0,,2096000000.0,,,,,,1.0,,,1085000000.0,,3921000000.0,,505000000.0,476000000.0,0.0,476000000.0,4321000000.0,1931000000.0,2390000000.0,,,,,,,,,,,,,,,,,,,,572000000.0,,,,,1593000000.0,,,,,1129000000.0,-98000000.0,,,,,,,,,,1.0,,50329346,,,5332000000.0,714000000.0,,486000000.0,105.942,136000000.0
0,CE,MRT,2021-09-30,2021-09-30,2021-09-30,2021-10-22,-328000000.0,11583000000.0,11117000000.0,4355000000.0,7228000000.0,0.706,35.456,-389000000.0,1340000000.0,1340000000.0,5516000000.0,2824000000.0,2.403,1.866,4024000000.0,103000000.0,3921000000.0,4024000000.0,0.0,369000000.0,0.0,0.018,2.66,3335000000.0,3704000000.0,0.472,3704000000.0,3335000000.0,3239000000.0,24.57,24.43,24.57,3919000000.0,3696250000.0,3919000000.0,19521430183.0,6.0,5.27,1058000000.0,9.572,1.0,2337000000.0,0.298,1434000000.0,96000000.0,11021000000.0,10570500000.0,1159000000.0,870000000.0,28000000.0,842000000.0,7312000000.0,1812000000.0,5500000000.0,16738430183.0,725000000.0,1586000000.0,-1181000000.0,-249000000.0,-302000000.0,-1876000000.0,1146000000.0,-1000000.0,1447000000.0,8000000.0,2819000000.0,2819000000.0,2819000000.0,0.0,5000000.0,0.359,704000000.0,1633000000.0,1042000000.0,0.108,4.271,5.938,6.131,4155000000.0,0.0,150.64,2.131,2.12,1738000000.0,9227000000.0,7853000000.0,7853000000.0,83000000.0,0.254,0.763,0.316,0.425,87000000.0,600000000.0,1.0,111115442.0,110532051,111044558.0,71.047,10149000000.0,254000000.0,420000000.0,947000000.0,91.82,2543000000.0
1,CE,MRT,2021-06-30,2021-06-30,2021-06-30,2021-10-22,-298000000.0,11220000000.0,10663500000.0,4061000000.0,7159000000.0,0.656,33.822,-359000000.0,1054000000.0,1054000000.0,5049000000.0,2526000000.0,1.907,1.86,3837000000.0,500000000.0,3337000000.0,3837000000.0,0.0,365000000.0,0.0,0.017,2.6,2971000000.0,3336000000.0,0.477,3336000000.0,2971000000.0,2868000000.0,21.74,21.62,21.74,3798000000.0,3343500000.0,3798000000.0,20103096096.0,7.0,6.026,889000000.0,7.917,1.0,1949000000.0,0.279,1447000000.0,103000000.0,10427000000.0,10212500000.0,1118000000.0,847000000.0,29000000.0,818000000.0,7063000000.0,2129000000.0,4934000000.0,17075096096.0,515000000.0,1582000000.0,-1000000000.0,-585000000.0,-299000000.0,-1938000000.0,1176000000.0,-1000000.0,1248000000.0,29000000.0,2520000000.0,2520000000.0,2520000000.0,0.0,6000000.0,0.36,664000000.0,1285000000.0,998000000.0,0.12,4.496,6.776,6.973,4137000000.0,0.0,151.6,2.44,2.433,1788000000.0,8797000000.0,6998000000.0,6998000000.0,81000000.0,0.236,0.754,0.291,0.425,62000000.0,541000000.0,1.0,112632560.0,112294274,112758639.0,62.318,9773000000.0,257000000.0,348000000.0,886000000.0,87.03,1932000000.0
2,CE,MRT,2021-03-31,2021-03-31,2021-03-31,2021-10-22,-302000000.0,10756000000.0,10235000000.0,3710000000.0,7046000000.0,0.586,31.204,-337000000.0,791000000.0,791000000.0,4563000000.0,2095000000.0,1.917,1.934,3819000000.0,497000000.0,3322000000.0,3819000000.0,0.0,361000000.0,0.0,0.017,2.54,2462000000.0,2823000000.0,0.471,2823000000.0,2462000000.0,2356000000.0,17.85,17.75,17.85,3542000000.0,3015750000.0,3542000000.0,20080307466.0,8.0,7.113,863000000.0,7.603,1.0,1430000000.0,0.239,1442000000.0,106000000.0,10407000000.0,9982500000.0,1025000000.0,1127000000.0,331000000.0,796000000.0,6849000000.0,1935000000.0,4914000000.0,17104307466.0,221000000.0,1496000000.0,-750000000.0,-729000000.0,-297000000.0,-1826000000.0,818000000.0,-301000000.0,1200000000.0,29000000.0,2089000000.0,2089000000.0,2089000000.0,0.0,6000000.0,0.349,633000000.0,797000000.0,906000000.0,0.142,4.829,8.188,8.393,4097000000.0,0.0,149.81,2.854,2.838,1510000000.0,8335000000.0,5993000000.0,5993000000.0,77000000.0,0.204,0.693,0.247,0.411,30000000.0,494000000.0,1.0,114173336.0,113511369,114028145.0,52.796,9314000000.0,255000000.0,267000000.0,828000000.0,82.053,1775000000.0
3,CE,MRT,2020-12-31,2020-12-31,2020-12-31,2021-10-22,-328000000.0,10909000000.0,9932250000.0,3763000000.0,7146000000.0,0.569,29.928,-364000000.0,955000000.0,955000000.0,4362000000.0,1992000000.0,1.907,1.989,3931000000.0,496000000.0,3435000000.0,3931000000.0,0.0,356000000.0,0.0,0.019,2.48,2341000000.0,2697000000.0,0.477,2697000000.0,2341000000.0,2232000000.0,16.85,16.75,16.85,3526000000.0,2742250000.0,3526000000.0,18863339289.0,8.0,6.994,979000000.0,8.309,1.0,1293000000.0,0.229,1485000000.0,109000000.0,10427000000.0,9873000000.0,978000000.0,1353000000.0,533000000.0,820000000.0,7014000000.0,1973000000.0,5041000000.0,15189339289.0,492000000.0,1496000000.0,-650000000.0,-472000000.0,-293000000.0,-1471000000.0,592000000.0,-501000000.0,1343000000.0,28000000.0,1985000000.0,1985000000.0,1985000000.0,0.0,7000000.0,0.351,624000000.0,669000000.0,797000000.0,0.147,4.308,7.652,7.712,4171000000.0,0.0,129.94,2.686,2.707,1242000000.0,8091000000.0,5655000000.0,5655000000.0,74000000.0,0.2,0.724,0.237,0.414,28000000.0,482000000.0,1.0,116895023.0,117817445,118481376.0,47.998,9424000000.0,259000000.0,247000000.0,749000000.0,79.988,1790000000.0
4,CE,MRT,2020-09-30,2020-09-30,2020-09-30,2021-10-22,-344000000.0,9769000000.0,9574000000.0,2771000000.0,6998000000.0,0.574,21.246,-423000000.0,615000000.0,615000000.0,4263000000.0,583000000.0,1.15,2.745,4289000000.0,958000000.0,3331000000.0,4289000000.0,0.0,356000000.0,0.0,0.023,2.48,813000000.0,1169000000.0,0.213,1169000000.0,813000000.0,702000000.0,4.9,4.88,4.9,2508000000.0,2487500000.0,2508000000.0,16388331739.0,20.0,14.019,972000000.0,8.234,1.0,1233000000.0,0.224,1445000000.0,111000000.0,9589000000.0,9756000000.0,1001000000.0,1028000000.0,35000000.0,993000000.0,6885000000.0,2409000000.0,4476000000.0,12710331739.0,118000000.0,-83000000.0,-505000000.0,116000000.0,-296000000.0,-737000000.0,-555000000.0,-16000000.0,1395000000.0,15000000.0,575000000.0,575000000.0,575000000.0,0.0,8000000.0,0.105,704000000.0,529000000.0,699000000.0,0.506,5.068,22.105,21.929,4061000000.0,0.0,107.45,2.313,2.308,716000000.0,6710000000.0,5496000000.0,5496000000.0,71000000.0,0.06,0.231,0.083,0.148,27000000.0,470000000.0,1.0,118290663.0,118045476,118564820.0,46.558,8324000000.0,87000000.0,127000000.0,484000000.0,70.515,362000000.0
5,CE,MRT,2020-06-30,2020-06-30,2020-06-30,2021-10-22,-346000000.0,9506000000.0,9485250000.0,2709000000.0,6797000000.0,0.598,21.016,-433000000.0,539000000.0,539000000.0,4351000000.0,639000000.0,1.198,2.669,4217000000.0,1045000000.0,3172000000.0,4217000000.0,0.0,361000000.0,0.0,0.029,2.48,891000000.0,1252000000.0,0.221,1252000000.0,891000000.0,781000000.0,5.29,5.26,5.29,2487000000.0,2547250000.0,2487000000.0,13917883053.0,16.0,11.117,928000000.0,7.842,1.0,1320000000.0,0.233,1415000000.0,110000000.0,9507000000.0,9840000000.0,1031000000.0,993000000.0,36000000.0,957000000.0,6637000000.0,2262000000.0,4375000000.0,10207883053.0,48000000.0,-84000000.0,-675000000.0,272000000.0,-300000000.0,-746000000.0,-559000000.0,-16000000.0,1361000000.0,-8000000.0,631000000.0,631000000.0,631000000.0,0.0,8000000.0,0.111,716000000.0,604000000.0,599000000.0,0.469,4.104,16.177,16.321,3926000000.0,0.0,86.34,1.8,1.802,1041000000.0,6576000000.0,5671000000.0,5671000000.0,69000000.0,0.067,0.248,0.091,0.157,41000000.0,484000000.0,1.0,118228898.0,118339872,118767633.0,47.921,8091000000.0,100000000.0,150000000.0,491000000.0,68.371,447000000.0
6,CE,MRT,2020-03-31,2020-03-31,2020-03-31,2021-10-22,-341000000.0,9545000000.0,9485250000.0,2855000000.0,6690000000.0,0.64,20.528,-410000000.0,570000000.0,570000000.0,4569000000.0,740000000.0,1.481,2.741,4280000000.0,749000000.0,3531000000.0,4280000000.0,0.0,358000000.0,0.0,0.034,2.48,988000000.0,1346000000.0,0.222,1346000000.0,988000000.0,876000000.0,6.06,6.02,6.06,2448000000.0,2641500000.0,2448000000.0,12397209556.0,13.0,9.21,996000000.0,8.352,1.0,1501000000.0,0.247,1358000000.0,112000000.0,9969000000.0,10001250000.0,1036000000.0,1019000000.0,38000000.0,981000000.0,6709000000.0,1928000000.0,4781000000.0,8774209556.0,129000000.0,1000000.0,-951000000.0,486000000.0,-304000000.0,-821000000.0,-444000000.0,-16000000.0,1406000000.0,-12000000.0,733000000.0,733000000.0,733000000.0,0.0,7000000.0,0.121,794000000.0,707000000.0,724000000.0,0.409,3.584,11.97,12.111,3879000000.0,0.0,73.39,1.446,1.442,1160000000.0,6543000000.0,6070000000.0,6070000000.0,68000000.0,0.077,0.277,0.099,0.163,44000000.0,488000000.0,1.0,119555928.0,119251689,119899844.0,50.901,8187000000.0,91000000.0,143000000.0,452000000.0,68.653,927000000.0
7,CE,MRT,2019-12-31,2019-12-31,2019-12-31,2021-10-22,-300000000.0,9476000000.0,9492500000.0,2765000000.0,6711000000.0,0.663,20.23,-370000000.0,463000000.0,463000000.0,4691000000.0,858000000.0,1.576,2.624,4086000000.0,496000000.0,3590000000.0,4086000000.0,0.0,356000000.0,0.0,0.019,2.4,1091000000.0,1447000000.0,0.23,1447000000.0,1091000000.0,976000000.0,6.88,6.84,6.88,2507000000.0,2791250000.0,2507000000.0,18294018576.0,17.0,12.643,1084000000.0,8.747,1.0,1606000000.0,0.255,1386000000.0,115000000.0,9959000000.0,9952250000.0,1038000000.0,1015000000.0,40000000.0,975000000.0,6578000000.0,1754000000.0,4824000000.0,14882018576.0,24000000.0,-90000000.0,-996000000.0,412000000.0,-300000000.0,-935000000.0,-493000000.0,-16000000.0,1454000000.0,-2000000.0,852000000.0,852000000.0,852000000.0,0.0,6000000.0,0.135,779000000.0,827000000.0,780000000.0,0.349,5.936,17.467,17.895,3916000000.0,0.0,123.12,2.363,2.423,1181000000.0,6399000000.0,6297000000.0,6297000000.0,67000000.0,0.09,0.305,0.11,0.173,48000000.0,483000000.0,1.0,120874095.0,123925697,124651759.0,50.813,8090000000.0,96000000.0,124000000.0,439000000.0,65.281,1011000000.0
8,CE,MRT,2019-09-30,2019-09-30,2019-09-30,2021-10-22,-306000000.0,9414000000.0,9451750000.0,2843000000.0,6571000000.0,0.693,22.388,-319000000.0,497000000.0,497000000.0,4844000000.0,914000000.0,1.855,2.284,3909000000.0,368000000.0,3541000000.0,3909000000.0,0.0,356000000.0,0.0,0.019,2.32,1228000000.0,1584000000.0,0.242,1584000000.0,1228000000.0,1111000000.0,7.25,7.21,7.25,2747000000.0,2910500000.0,2747000000.0,18596207279.0,15.0,11.74,1172000000.0,9.552,1.0,1710000000.0,0.261,1368000000.0,117000000.0,9925000000.0,9777250000.0,994000000.0,996000000.0,26000000.0,970000000.0,6275000000.0,1533000000.0,4742000000.0,15132207279.0,-206000000.0,-90000000.0,-1318000000.0,417000000.0,-296000000.0,-1262000000.0,-423000000.0,0.0,1491000000.0,-12000000.0,908000000.0,908000000.0,908000000.0,0.0,6000000.0,0.139,688000000.0,1022000000.0,764000000.0,0.32,5.509,16.665,16.868,3791000000.0,0.0,122.29,2.309,2.289,1282000000.0,6431000000.0,6554000000.0,6554000000.0,68000000.0,0.096,0.312,0.126,0.187,56000000.0,492000000.0,1.0,123740349.0,122699859,123299664.0,53.415,8046000000.0,98000000.0,203000000.0,481000000.0,65.575,1310000000.0
9,CE,MRT,2019-06-30,2019-06-30,2019-06-30,2021-10-22,-267000000.0,9506000000.0,9554250000.0,2876000000.0,6630000000.0,0.705,22.859,-316000000.0,491000000.0,491000000.0,4927000000.0,1051000000.0,2.043,2.183,3955000000.0,319000000.0,3636000000.0,3955000000.0,0.0,351000000.0,0.0,0.021,2.24,1370000000.0,1721000000.0,0.255,1721000000.0,1370000000.0,1250000000.0,8.09,8.04,8.09,2864000000.0,3109000000.0,2864000000.0,17076826638.0,12.0,9.923,1245000000.0,9.937,1.0,1812000000.0,0.269,1410000000.0,120000000.0,10152000000.0,9704250000.0,1011000000.0,986000000.0,27000000.0,959000000.0,6252000000.0,1408000000.0,4844000000.0,13648826638.0,-217000000.0,-87000000.0,-1193000000.0,210000000.0,-292000000.0,-1346000000.0,-419000000.0,0.0,1561000000.0,-13000000.0,1046000000.0,1046000000.0,1046000000.0,0.0,5000000.0,0.155,677000000.0,1135000000.0,764000000.0,0.277,4.766,13.049,13.325,3851000000.0,0.0,107.8,2.025,2.004,1303000000.0,6245000000.0,6739000000.0,6739000000.0,69000000.0,0.109,0.336,0.141,0.203,59000000.0,501000000.0,1.0,126612492.0,125289967,125847894.0,53.787,8096000000.0,90000000.0,204000000.0,459000000.0,64.618,1468000000.0
10,CE,MRT,2019-03-31,2019-03-31,2019-03-31,2021-10-22,-243000000.0,9574000000.0,9625000000.0,2884000000.0,6690000000.0,0.726,23.89,-330000000.0,441000000.0,441000000.0,5081000000.0,1186000000.0,1.583,2.013,3869000000.0,743000000.0,3126000000.0,3869000000.0,0.0,353000000.0,0.0,0.022,2.16,1577000000.0,1930000000.0,0.276,1930000000.0,1577000000.0,1454000000.0,8.96,8.9,8.96,3047000000.0,3238000000.0,3047000000.0,15723952537.0,10.0,8.147,1392000000.0,10.914,1.0,1910000000.0,0.273,1407000000.0,123000000.0,9773000000.0,9584000000.0,1009000000.0,979000000.0,29000000.0,950000000.0,6135000000.0,1822000000.0,4313000000.0,12631952537.0,-49000000.0,-87000000.0,-1017000000.0,70000000.0,-287000000.0,-1293000000.0,-449000000.0,0.0,1722000000.0,-29000000.0,1181000000.0,1181000000.0,1181000000.0,0.0,5000000.0,0.169,605000000.0,1305000000.0,699000000.0,0.241,4.146,10.696,11.006,3931000000.0,0.0,98.61,1.807,1.799,1358000000.0,6114000000.0,6991000000.0,6991000000.0,70000000.0,0.123,0.365,0.165,0.226,63000000.0,519000000.0,1.0,128100117.0,127542328,128215700.0,54.813,8167000000.0,93000000.0,273000000.0,504000000.0,64.034,1062000000.0
11,CE,MRT,2018-12-31,2018-12-31,2018-12-31,2021-10-22,-247000000.0,9313000000.0,9676500000.0,2874000000.0,6439000000.0,0.739,22.218,-337000000.0,439000000.0,439000000.0,5183000000.0,1213000000.0,1.616,1.989,3531000000.0,561000000.0,2970000000.0,3531000000.0,0.0,349000000.0,0.0,0.023,2.08,1624000000.0,1973000000.0,0.276,1973000000.0,1624000000.0,1499000000.0,8.99,8.91,8.99,2984000000.0,3289500000.0,2984000000.0,14756204831.0,9.0,7.479,1221000000.0,9.091,1.0,1972000000.0,0.276,1367000000.0,125000000.0,9259000000.0,9644000000.0,1046000000.0,1010000000.0,31000000.0,979000000.0,5934000000.0,1779000000.0,4155000000.0,12034204831.0,-137000000.0,-131000000.0,-805000000.0,-40000000.0,-280000000.0,-1165000000.0,-507000000.0,0.0,1558000000.0,-23000000.0,1207000000.0,1207000000.0,1207000000.0,0.0,6000000.0,0.169,638000000.0,1334000000.0,819000000.0,0.231,4.033,9.97,10.008,3719000000.0,0.0,89.97,1.682,1.689,1318000000.0,5847000000.0,7155000000.0,7155000000.0,72000000.0,0.125,0.367,0.168,0.227,71000000.0,546000000.0,1.0,133757973.0,134305269,135416858.0,53.274,7946000000.0,84000000.0,292000000.0,469000000.0,59.164,1095000000.0
12,CE,MRT,2018-09-30,2018-09-30,2018-09-30,2021-10-22,-219000000.0,9824000000.0,9732750000.0,3180000000.0,6644000000.0,0.725,26.323,-331000000.0,703000000.0,703000000.0,5094000000.0,1316000000.0,2.076,1.661,3425000000.0,229000000.0,3196000000.0,3425000000.0,0.0,337000000.0,0.0,0.018,2.0,1713000000.0,2050000000.0,0.29,2050000000.0,1713000000.0,1587000000.0,9.68,9.63,9.68,3541000000.0,3265250000.0,3541000000.0,18278068872.0,11.0,8.916,922000000.0,6.854,1.0,1965000000.0,0.278,1381000000.0,126000000.0,9633000000.0,9764250000.0,1033000000.0,1012000000.0,31000000.0,981000000.0,5881000000.0,1532000000.0,4349000000.0,15392068872.0,242000000.0,-131000000.0,-250000000.0,65000000.0,-272000000.0,-494000000.0,-501000000.0,0.0,1253000000.0,-16000000.0,1311000000.0,1311000000.0,1311000000.0,0.0,5000000.0,0.186,651000000.0,1314000000.0,819000000.0,0.207,4.347,11.741,11.777,3699000000.0,0.0,114.0,2.18,2.172,1365000000.0,5819000000.0,7059000000.0,7059000000.0,74000000.0,0.135,0.402,0.175,0.243,68000000.0,555000000.0,1.0,135018148.0,134519301,135499390.0,52.476,8443000000.0,170000000.0,276000000.0,537000000.0,62.764,1648000000.0
13,CE,MRT,2018-06-30,2018-06-30,2018-06-30,2021-10-22,-188000000.0,9789000000.0,9542250000.0,3153000000.0,6636000000.0,0.718,24.928,-316000000.0,708000000.0,708000000.0,5022000000.0,1142000000.0,1.958,1.776,3594000000.0,366000000.0,3228000000.0,3594000000.0,0.0,329000000.0,0.0,0.017,1.92,1543000000.0,1872000000.0,0.273,1872000000.0,1543000000.0,1415000000.0,8.35,8.32,8.35,3380000000.0,3058750000.0,3380000000.0,18366135153.0,12.0,9.811,725000000.0,5.347,1.0,1832000000.0,0.267,1394000000.0,128000000.0,9671000000.0,9641500000.0,917000000.0,995000000.0,32000000.0,963000000.0,6002000000.0,1610000000.0,4392000000.0,15088135153.0,197000000.0,-136000000.0,-300000000.0,244000000.0,-261000000.0,-358000000.0,-491000000.0,0.0,1041000000.0,5000000.0,1136000000.0,1136000000.0,1136000000.0,0.0,6000000.0,0.166,667000000.0,1165000000.0,819000000.0,0.23,4.464,13.282,13.301,3724000000.0,0.0,111.06,2.201,2.197,1445000000.0,5491000000.0,6854000000.0,6854000000.0,75000000.0,0.119,0.371,0.16,0.225,67000000.0,559000000.0,1.0,135855710.0,135589717,136309158.0,50.55,8395000000.0,163000000.0,279000000.0,508000000.0,61.915,1543000000.0
14,CE,MRT,2018-03-31,2018-03-31,2018-03-31,2021-10-22,-128000000.0,9780000000.0,9315750000.0,3006000000.0,6774000000.0,0.7,23.934,-291000000.0,490000000.0,490000000.0,4844000000.0,1030000000.0,1.876,1.88,3768000000.0,425000000.0,3343000000.0,3768000000.0,0.0,318000000.0,0.0,0.018,1.84,1371000000.0,1689000000.0,0.259,1689000000.0,1371000000.0,1245000000.0,7.48,7.46,7.48,3253000000.0,2887250000.0,3253000000.0,16675285103.0,12.0,9.873,463000000.0,3.407,1.0,1676000000.0,0.257,1443000000.0,126000000.0,10013000000.0,9470250000.0,955000000.0,1011000000.0,32000000.0,979000000.0,6115000000.0,1602000000.0,4513000000.0,13610285103.0,-11000000.0,-404000000.0,-372000000.0,580000000.0,-253000000.0,-83000000.0,-720000000.0,0.0,754000000.0,38000000.0,1023000000.0,1023000000.0,1023000000.0,0.0,7000000.0,0.157,644000000.0,1032000000.0,797000000.0,0.246,4.184,13.304,13.397,3801000000.0,0.0,100.21,2.087,2.089,1205000000.0,5220000000.0,6520000000.0,6520000000.0,74000000.0,0.11,0.354,0.145,0.21,59000000.0,540000000.0,1.0,135817634.0,135916446,136383735.0,47.971,8337000000.0,182000000.0,222000000.0,485000000.0,61.339,1404000000.0
15,CE,MRT,2017-12-31,2017-12-31,2017-12-31,2021-10-22,-177000000.0,9538000000.0,8942750000.0,2792000000.0,6746000000.0,0.687,20.935,-267000000.0,576000000.0,576000000.0,4629000000.0,849000000.0,1.791,2.161,3641000000.0,326000000.0,3315000000.0,3641000000.0,0.0,310000000.0,0.0,0.016,1.74,1178000000.0,1488000000.0,0.242,1488000000.0,1178000000.0,1056000000.0,6.11,6.09,6.11,2887000000.0,2726750000.0,2887000000.0,17451943785.0,15.0,11.728,536000000.0,3.887,1.0,1511000000.0,0.246,1304000000.0,122000000.0,9740000000.0,9151500000.0,900000000.0,1008000000.0,32000000.0,976000000.0,6239000000.0,1559000000.0,4680000000.0,14523943785.0,-62000000.0,-268000000.0,-500000000.0,443000000.0,-241000000.0,-351000000.0,-549000000.0,0.0,803000000.0,35000000.0,843000000.0,843000000.0,843000000.0,0.0,6000000.0,0.137,653000000.0,858000000.0,807000000.0,0.285,5.031,17.229,17.525,3762000000.0,0.0,107.08,2.365,2.405,1230000000.0,4920000000.0,6140000000.0,6140000000.0,73000000.0,0.094,0.309,0.129,0.192,47000000.0,496000000.0,1.0,135636382.0,137902667,138317395.0,44.524,8234000000.0,366000000.0,213000000.0,439000000.0,59.709,1233000000.0
16,CE,MRT,2017-09-30,2017-09-30,2017-09-30,2021-10-22,-206000000.0,9062000000.0,8647500000.0,2613000000.0,6449000000.0,0.677,19.879,-240000000.0,461000000.0,461000000.0,4438000000.0,806000000.0,1.686,2.183,3389000000.0,435000000.0,2954000000.0,3389000000.0,0.0,303000000.0,0.0,0.016,1.64,1068000000.0,1371000000.0,0.234,1371000000.0,1068000000.0,948000000.0,5.76,5.74,5.76,2715000000.0,2652000000.0,2715000000.0,17144639733.0,16.0,12.505,458000000.0,3.353,1.0,1420000000.0,0.242,1298000000.0,120000000.0,9142000000.0,8881500000.0,809000000.0,969000000.0,31000000.0,938000000.0,5927000000.0,1550000000.0,4377000000.0,14340639733.0,-791000000.0,-442000000.0,-700000000.0,181000000.0,-229000000.0,-788000000.0,-704000000.0,0.0,698000000.0,3000000.0,800000000.0,800000000.0,800000000.0,0.0,6000000.0,0.137,643000000.0,777000000.0,695000000.0,0.285,5.282,17.926,18.102,3706000000.0,0.0,104.27,2.448,2.431,1249000000.0,4781000000.0,5858000000.0,5858000000.0,73000000.0,0.093,0.302,0.12,0.182,40000000.0,499000000.0,1.0,137533708.0,136579077,136951923.0,42.891,7764000000.0,201000000.0,148000000.0,425000000.0,56.846,1063000000.0
17,CE,MRT,2017-06-30,2017-06-30,2017-06-30,2021-10-22,-247000000.0,8883000000.0,8571250000.0,2583000000.0,6300000000.0,0.655,19.434,-234000000.0,511000000.0,511000000.0,4223000000.0,841000000.0,1.814,2.138,3315000000.0,384000000.0,2931000000.0,3315000000.0,0.0,295000000.0,0.0,0.016,1.54,1058000000.0,1353000000.0,0.241,1353000000.0,1058000000.0,942000000.0,5.93,5.9,5.93,2694000000.0,2650750000.0,2694000000.0,15696696872.0,15.0,11.601,513000000.0,3.701,1.0,1392000000.0,0.248,1277000000.0,116000000.0,8986000000.0,8743750000.0,771000000.0,915000000.0,30000000.0,885000000.0,5761000000.0,1424000000.0,4337000000.0,13239696872.0,-224000000.0,-435000000.0,-600000000.0,593000000.0,-219000000.0,-276000000.0,-690000000.0,0.0,747000000.0,-5000000.0,836000000.0,836000000.0,836000000.0,0.0,5000000.0,0.149,593000000.0,799000000.0,666000000.0,0.26,4.915,15.837,16.01,3663000000.0,0.0,94.94,2.358,2.344,1212000000.0,4617000000.0,5615000000.0,5615000000.0,74000000.0,0.098,0.315,0.121,0.188,34000000.0,447000000.0,1.0,139453306.0,138619721,139029425.0,40.507,7606000000.0,164000000.0,106000000.0,357000000.0,54.87,1159000000.0
18,CE,MRT,2017-03-31,2017-03-31,2017-03-31,2021-10-22,-327000000.0,8288000000.0,8412500000.0,2389000000.0,5899000000.0,0.649,18.565,-238000000.0,501000000.0,501000000.0,4091000000.0,831000000.0,2.354,2.01,2958000000.0,107000000.0,2851000000.0,2958000000.0,0.0,293000000.0,0.0,0.016,1.44,1060000000.0,1353000000.0,0.248,1353000000.0,1060000000.0,944000000.0,5.77,5.74,5.77,2611000000.0,2627750000.0,2611000000.0,15032252854.0,14.0,11.11,560000000.0,3.982,1.0,1365000000.0,0.25,992000000.0,116000000.0,8738000000.0,8541500000.0,717000000.0,905000000.0,31000000.0,874000000.0,5247000000.0,1015000000.0,4232000000.0,12662252854.0,-215000000.0,-165000000.0,-628000000.0,330000000.0,-208000000.0,-556000000.0,-428000000.0,0.0,798000000.0,-29000000.0,826000000.0,826000000.0,826000000.0,0.0,5000000.0,0.151,544000000.0,821000000.0,615000000.0,0.25,4.85,15.33,15.572,3571000000.0,0.0,89.85,2.321,2.316,1102000000.0,4451000000.0,5456000000.0,5456000000.0,76000000.0,0.098,0.314,0.124,0.194,31000000.0,401000000.0,1.0,140926576.0,140643860,140997403.0,38.793,7296000000.0,154000000.0,118000000.0,309000000.0,51.876,1374000000.0
19,CE,MRT,2016-12-31,2016-12-31,2016-12-31,2021-10-22,-358000000.0,8357000000.0,8438500000.0,2472000000.0,5885000000.0,0.639,17.856,-246000000.0,638000000.0,638000000.0,3984000000.0,906000000.0,2.295,2.062,3008000000.0,118000000.0,2890000000.0,3008000000.0,0.0,295000000.0,0.0,0.018,1.38,1142000000.0,1437000000.0,0.267,1437000000.0,1142000000.0,1022000000.0,6.21,6.18,6.21,2588000000.0,2636250000.0,2588000000.0,13038528236.0,11.0,9.073,647000000.0,4.464,1.0,1405000000.0,0.261,990000000.0,120000000.0,8660000000.0,8441250000.0,720000000.0,882000000.0,30000000.0,852000000.0,5336000000.0,1077000000.0,4259000000.0,11275528236.0,-329000000.0,-166000000.0,-500000000.0,-7000000.0,-201000000.0,-759000000.0,-439000000.0,0.0,893000000.0,-24000000.0,900000000.0,900000000.0,900000000.0,0.0,6000000.0,0.167,470000000.0,935000000.0,625000000.0,0.222,4.357,12.528,12.68,3577000000.0,0.0,78.74,2.092,2.118,1024000000.0,4320000000.0,5389000000.0,5389000000.0,78000000.0,0.107,0.341,0.135,0.212,31000000.0,378000000.0,1.0,143199495.0,144939433,145668181.0,37.181,7367000000.0,159000000.0,122000000.0,273000000.0,50.828,1395000000.0
20,CE,MRT,2016-09-30,2016-09-30,2016-09-30,2021-10-22,-310000000.0,8757000000.0,8495750000.0,2978000000.0,5779000000.0,0.637,18.819,-275000000.0,1252000000.0,1252000000.0,4070000000.0,444000000.0,2.712,2.069,3015000000.0,92000000.0,2923000000.0,3015000000.0,0.0,329000000.0,0.0,0.02,1.32,724000000.0,1053000000.0,0.195,1053000000.0,724000000.0,600000000.0,3.13,3.12,3.13,2710000000.0,2583750000.0,2710000000.0,11481672822.0,16.0,10.904,801000000.0,5.562,1.0,1342000000.0,0.248,831000000.0,124000000.0,8591000000.0,8331250000.0,652000000.0,898000000.0,34000000.0,864000000.0,5606000000.0,1098000000.0,4508000000.0,9633672822.0,300000000.0,9000000.0,-300000000.0,45000000.0,-193000000.0,-469000000.0,-289000000.0,0.0,1076000000.0,-18000000.0,442000000.0,442000000.0,442000000.0,1000000.0,2000000.0,0.082,873000000.0,469000000.0,591000000.0,0.422,3.555,21.796,21.265,3578000000.0,0.0,66.56,1.78,1.771,1005000000.0,4211000000.0,5412000000.0,5412000000.0,79000000.0,0.052,0.171,0.087,0.134,31000000.0,441000000.0,1.0,144736671.0,144005098,144601465.0,37.582,7926000000.0,216000000.0,158000000.0,356000000.0,55.04,1880000000.0
21,CE,MRT,2016-06-30,2016-06-30,2016-06-30,2021-10-22,-301000000.0,8248000000.0,8533500000.0,2456000000.0,5792000000.0,0.645,17.763,-321000000.0,735000000.0,735000000.0,4212000000.0,332000000.0,2.259,1.997,2583000000.0,119000000.0,2464000000.0,2583000000.0,0.0,337000000.0,0.0,0.019,1.26,683000000.0,1020000000.0,0.185,1020000000.0,683000000.0,558000000.0,2.38,2.38,2.38,2602000000.0,2597750000.0,2602000000.0,11537287882.0,17.0,11.311,624000000.0,4.26,1.0,1290000000.0,0.234,832000000.0,125000000.0,8177000000.0,8335000000.0,636000000.0,877000000.0,35000000.0,842000000.0,5197000000.0,1087000000.0,4110000000.0,9650287882.0,-253000000.0,3000000.0,-620000000.0,-57000000.0,-188000000.0,-833000000.0,-342000000.0,0.0,945000000.0,-23000000.0,341000000.0,341000000.0,341000000.0,1000000.0,-9000000.0,0.062,885000000.0,405000000.0,551000000.0,0.529,3.709,28.3,27.5,3588000000.0,0.0,65.45,1.754,1.743,1009000000.0,4001000000.0,5502000000.0,5502000000.0,78000000.0,0.04,0.131,0.082,0.124,31000000.0,453000000.0,1.0,147445193.0,146482612,147065688.0,37.561,7416000000.0,237000000.0,217000000.0,386000000.0,50.627,1369000000.0
22,CE,MRT,2016-03-31,2016-03-31,2016-03-31,2021-10-22,-283000000.0,8392000000.0,8718500000.0,2503000000.0,5889000000.0,0.646,17.943,-428000000.0,716000000.0,716000000.0,4301000000.0,310000000.0,2.286,2.002,2603000000.0,116000000.0,2487000000.0,2603000000.0,0.0,369000000.0,0.0,0.018,1.2,639000000.0,1008000000.0,0.179,1008000000.0,639000000.0,514000000.0,2.21,2.21,2.21,2645000000.0,2716250000.0,2645000000.0,11647987524.0,18.0,11.556,451000000.0,3.059,1.0,1327000000.0,0.236,847000000.0,125000000.0,8337000000.0,8432250000.0,667000000.0,901000000.0,31000000.0,870000000.0,5294000000.0,1095000000.0,4199000000.0,9633987524.0,-135000000.0,-2000000.0,-420000000.0,-68000000.0,-180000000.0,-556000000.0,-460000000.0,0.0,879000000.0,2000000.0,325000000.0,325000000.0,325000000.0,3000000.0,-15000000.0,0.058,975000000.0,352000000.0,574000000.0,0.543,3.642,29.643,29.638,3640000000.0,0.0,65.5,1.712,1.716,1042000000.0,3834000000.0,5628000000.0,5628000000.0,118000000.0,0.037,0.12,0.076,0.114,38000000.0,488000000.0,1.0,147083779.0,147413234,148131114.0,38.178,7545000000.0,236000000.0,189000000.0,417000000.0,51.183,1408000000.0
23,CE,MRT,2015-12-31,2015-12-31,2015-12-31,2021-10-22,-348000000.0,8586000000.0,8777000000.0,2787000000.0,5799000000.0,0.646,15.765,-520000000.0,967000000.0,967000000.0,4356000000.0,285000000.0,1.798,2.421,2981000000.0,513000000.0,2468000000.0,2981000000.0,0.0,363000000.0,0.0,0.017,1.15,624000000.0,987000000.0,0.174,987000000.0,624000000.0,505000000.0,2.02,2.0,2.02,2378000000.0,2770250000.0,2378000000.0,11930078629.0,19.0,12.087,342000000.0,2.267,1.0,1318000000.0,0.232,830000000.0,119000000.0,8220000000.0,8453250000.0,682000000.0,868000000.0,30000000.0,838000000.0,5757000000.0,1550000000.0,4207000000.0,9878078629.0,187000000.0,-2000000.0,-420000000.0,323000000.0,-174000000.0,-66000000.0,-558000000.0,0.0,862000000.0,-51000000.0,304000000.0,304000000.0,304000000.0,0.0,-19000000.0,0.054,996000000.0,322000000.0,587000000.0,0.569,4.154,32.494,33.332,3609000000.0,0.0,67.33,1.741,1.79,991000000.0,3621000000.0,5674000000.0,5674000000.0,119000000.0,0.035,0.11,0.074,0.11,40000000.0,506000000.0,1.0,146711401.0,150838050,152287955.0,37.617,7756000000.0,290000000.0,201000000.0,423000000.0,51.419,1237000000.0
24,CE,MRT,2015-09-30,2015-09-30,2015-09-30,2021-10-22,-292000000.0,8908000000.0,8829500000.0,2796000000.0,6112000000.0,0.668,18.465,-645000000.0,952000000.0,952000000.0,4446000000.0,501000000.0,1.844,2.065,3004000000.0,463000000.0,2541000000.0,3004000000.0,0.0,329000000.0,0.0,0.019,1.1,853000000.0,1182000000.0,0.2,1182000000.0,853000000.0,740000000.0,3.43,3.4,3.43,2766000000.0,2880250000.0,2766000000.0,10760317440.0,13.0,9.103,247000000.0,1.649,1.0,1453000000.0,0.246,838000000.0,113000000.0,8606000000.0,8528250000.0,738000000.0,898000000.0,30000000.0,868000000.0,5711000000.0,1516000000.0,4195000000.0,9073317440.0,-558000000.0,-13000000.0,-469000000.0,-326000000.0,-169000000.0,-716000000.0,-689000000.0,0.0,892000000.0,-45000000.0,518000000.0,518000000.0,518000000.0,2000000.0,-17000000.0,0.088,878000000.0,575000000.0,608000000.0,0.321,3.28,17.516,17.251,3778000000.0,0.0,59.17,1.538,1.503,1024000000.0,3962000000.0,5899000000.0,5899000000.0,116000000.0,0.059,0.18,0.1,0.145,52000000.0,714000000.0,1.0,153343205.0,149800029,151004081.0,39.379,8070000000.0,293000000.0,222000000.0,401000000.0,53.872,1280000000.0
25,CE,MRT,2015-06-30,2015-06-30,2015-06-30,2021-10-22,-281000000.0,8988000000.0,9030000000.0,2923000000.0,6065000000.0,0.693,20.042,-732000000.0,988000000.0,988000000.0,4669000000.0,602000000.0,2.305,1.789,2675000000.0,123000000.0,2552000000.0,2675000000.0,0.0,322000000.0,0.0,0.015,1.05,973000000.0,1295000000.0,0.207,1295000000.0,973000000.0,848000000.0,4.0,3.96,4.0,3076000000.0,2924750000.0,3076000000.0,12827981553.0,13.0,9.906,366000000.0,2.385,1.0,1586000000.0,0.254,841000000.0,125000000.0,8566000000.0,8508750000.0,762000000.0,850000000.0,29000000.0,821000000.0,5503000000.0,1268000000.0,4235000000.0,11014981553.0,-76000000.0,-13000000.0,-147000000.0,-274000000.0,-161000000.0,-330000000.0,-776000000.0,0.0,1098000000.0,-68000000.0,610000000.0,610000000.0,610000000.0,2000000.0,-8000000.0,0.098,885000000.0,701000000.0,736000000.0,0.263,3.581,18.057,17.97,3771000000.0,0.0,71.88,1.761,1.764,1099000000.0,3848000000.0,6255000000.0,6255000000.0,119000000.0,0.068,0.209,0.114,0.156,54000000.0,739000000.0,1.0,153241257.0,153480175,153990933.0,40.754,8147000000.0,275000000.0,238000000.0,402000000.0,53.082,1655000000.0
26,CE,MRT,2015-03-31,2015-03-31,2015-03-31,2021-10-22,-322000000.0,8626000000.0,9116250000.0,2696000000.0,5930000000.0,0.718,18.673,-692000000.0,851000000.0,851000000.0,4928000000.0,659000000.0,2.256,1.897,2664000000.0,128000000.0,2536000000.0,2664000000.0,0.0,290000000.0,0.0,0.018,1.0,1107000000.0,1397000000.0,0.213,1397000000.0,1107000000.0,972000000.0,4.32,4.29,4.32,2861000000.0,2894500000.0,2861000000.0,10506449147.0,9.0,7.521,376000000.0,2.454,1.0,1619000000.0,0.247,823000000.0,135000000.0,8421000000.0,8574750000.0,744000000.0,833000000.0,29000000.0,804000000.0,5427000000.0,1195000000.0,4232000000.0,8541449147.0,-147000000.0,-10000000.0,-197000000.0,-268000000.0,-154000000.0,-402000000.0,-727000000.0,0.0,1068000000.0,-86000000.0,664000000.0,664000000.0,664000000.0,0.0,-5000000.0,0.101,849000000.0,770000000.0,664000000.0,0.231,2.985,12.864,12.931,3685000000.0,0.0,55.86,1.305,1.307,1012000000.0,3689000000.0,6547000000.0,6547000000.0,84000000.0,0.073,0.229,0.129,0.169,50000000.0,752000000.0,1.0,152908148.0,153216510,153901562.0,42.73,7803000000.0,290000000.0,308000000.0,353000000.0,50.928,1501000000.0
27,CE,MRT,2014-12-31,2014-12-31,2014-12-31,2021-10-22,-165000000.0,8796000000.0,9242000000.0,2698000000.0,6098000000.0,0.736,18.179,-678000000.0,780000000.0,780000000.0,5186000000.0,620000000.0,2.016,2.029,2723000000.0,137000000.0,2586000000.0,2723000000.0,0.0,298000000.0,0.0,0.016,0.93,1085000000.0,1383000000.0,0.203,1383000000.0,1085000000.0,938000000.0,4.03,4.0,4.03,2818000000.0,2882250000.0,2818000000.0,11105802661.0,10.0,8.03,284000000.0,1.832,1.0,1616000000.0,0.238,881000000.0,147000000.0,8520000000.0,8648500000.0,782000000.0,908000000.0,32000000.0,876000000.0,5718000000.0,1338000000.0,4380000000.0,9211802661.0,-204000000.0,-10000000.0,-250000000.0,-277000000.0,-144000000.0,-415000000.0,-705000000.0,0.0,962000000.0,-46000000.0,624000000.0,624000000.0,624000000.0,0.0,-4000000.0,0.092,856000000.0,760000000.0,757000000.0,0.231,3.269,14.763,14.878,3733000000.0,0.0,59.96,1.354,1.366,1042000000.0,3491000000.0,6802000000.0,6802000000.0,86000000.0,0.068,0.216,0.125,0.16,46000000.0,758000000.0,1.0,153632466.0,155012370,156166993.0,43.88,7915000000.0,282000000.0,314000000.0,312000000.0,51.06,1360000000.0
28,CE,MRT,2014-09-30,2014-09-30,2014-09-30,2021-10-22,-190000000.0,9710000000.0,9297500000.0,3687000000.0,6023000000.0,0.738,19.064,-576000000.0,1510000000.0,1510000000.0,5270000000.0,1359000000.0,1.684,2.233,3404000000.0,765000000.0,2639000000.0,3404000000.0,0.0,307000000.0,0.0,0.015,0.86,2085000000.0,2392000000.0,0.349,2392000000.0,2085000000.0,1923000000.0,8.67,8.65,8.67,2944000000.0,2852500000.0,2944000000.0,11059133325.0,5.0,4.623,374000000.0,2.422,1.0,1589000000.0,0.232,887000000.0,162000000.0,8528000000.0,8671750000.0,771000000.0,893000000.0,36000000.0,857000000.0,6575000000.0,2189000000.0,4386000000.0,9085133325.0,410000000.0,0.0,-263000000.0,303000000.0,-134000000.0,94000000.0,-609000000.0,0.0,950000000.0,-25000000.0,1362000000.0,1362000000.0,1362000000.0,0.0,-3000000.0,0.199,-169000000.0,1758000000.0,816000000.0,0.099,3.086,6.67,6.75,3618000000.0,0.0,58.52,1.325,1.318,1216000000.0,3613000000.0,6859000000.0,6859000000.0,80000000.0,0.146,0.477,0.24,0.304,32000000.0,336000000.0,1.0,155248348.0,154427554,155174528.0,44.416,8823000000.0,407000000.0,561000000.0,500000000.0,57.134,1498000000.0
29,CE,MRT,2014-06-30,2014-06-30,2014-06-30,2021-10-22,-53000000.0,9333000000.0,9248000000.0,3339000000.0,5994000000.0,0.727,18.972,-495000000.0,1064000000.0,1064000000.0,5227000000.0,1279000000.0,2.164,2.109,3038000000.0,158000000.0,2880000000.0,3038000000.0,0.0,312000000.0,0.0,0.012,0.79,1973000000.0,2285000000.0,0.34,2285000000.0,1973000000.0,1809000000.0,8.12,8.1,8.12,2955000000.0,2637500000.0,2955000000.0,12063295076.0,6.0,5.279,308000000.0,1.978,1.0,1499000000.0,0.223,934000000.0,164000000.0,8830000000.0,8783500000.0,816000000.0,919000000.0,39000000.0,880000000.0,6232000000.0,1543000000.0,4689000000.0,10023295076.0,-43000000.0,1000000.0,-261000000.0,-91000000.0,-124000000.0,-327000000.0,-528000000.0,0.0,803000000.0,9000000.0,1281000000.0,1281000000.0,1281000000.0,0.0,-2000000.0,0.19,-163000000.0,1662000000.0,839000000.0,0.097,3.392,7.825,7.916,3577000000.0,0.0,64.28,1.49,1.489,1276000000.0,3399000000.0,6726000000.0,6726000000.0,82000000.0,0.139,0.486,0.225,0.293,41000000.0,315000000.0,1.0,155931784.0,155751779,156054232.0,43.184,8399000000.0,386000000.0,528000000.0,460000000.0,53.926,1796000000.0
30,CE,MRT,2014-03-31,2014-03-31,2014-03-31,2021-10-22,-14000000.0,9129000000.0,9245250000.0,3246000000.0,5883000000.0,0.715,17.968,-448000000.0,998000000.0,998000000.0,5200000000.0,1154000000.0,2.15,2.208,3038000000.0,157000000.0,2881000000.0,3038000000.0,0.0,315000000.0,0.0,0.011,0.63,1832000000.0,2147000000.0,0.325,2147000000.0,1832000000.0,1664000000.0,7.29,7.27,7.29,2812000000.0,2395000000.0,2812000000.0,10791801793.0,6.0,5.026,331000000.0,2.115,1.0,1410000000.0,0.213,943000000.0,168000000.0,8716000000.0,8783750000.0,816000000.0,871000000.0,43000000.0,828000000.0,6209000000.0,1510000000.0,4699000000.0,8711801793.0,20000000.0,13000000.0,-217000000.0,-81000000.0,-99000000.0,-287000000.0,-486000000.0,0.0,779000000.0,14000000.0,1155000000.0,1155000000.0,1155000000.0,0.0,-1000000.0,0.175,-163000000.0,1573000000.0,790000000.0,0.086,3.098,7.543,7.615,3519000000.0,0.0,55.51,1.318,1.314,1242000000.0,3179000000.0,6610000000.0,6610000000.0,81000000.0,0.125,0.482,0.209,0.277,32000000.0,309000000.0,1.0,156941124.0,156501794,156812915.0,42.236,8186000000.0,376000000.0,509000000.0,462000000.0,52.306,1736000000.0
31,CE,MRT,2013-12-31,2013-12-31,2013-12-31,2021-10-22,-4000000.0,9018000000.0,9230000000.0,3182000000.0,5836000000.0,0.705,16.996,-377000000.0,984000000.0,984000000.0,5145000000.0,1101000000.0,2.06,2.341,3064000000.0,177000000.0,2887000000.0,3064000000.0,0.0,319000000.0,0.0,0.009,0.525,1781000000.0,2100000000.0,0.323,2100000000.0,1781000000.0,1609000000.0,6.93,6.91,6.93,2699000000.0,2150750000.0,2699000000.0,10714855190.0,6.0,5.102,385000000.0,2.424,1.0,1365000000.0,0.21,940000000.0,172000000.0,8613000000.0,8828000000.0,804000000.0,882000000.0,41000000.0,841000000.0,6319000000.0,1545000000.0,4774000000.0,8720855190.0,25000000.0,13000000.0,-164000000.0,-81000000.0,-83000000.0,-326000000.0,-422000000.0,0.0,762000000.0,11000000.0,1101000000.0,1101000000.0,1101000000.0,0.0,0.0,0.169,-149000000.0,1514000000.0,799000000.0,0.076,3.231,7.921,7.981,3425000000.0,0.0,55.31,1.34,1.349,1210000000.0,3011000000.0,6510000000.0,6510000000.0,85000000.0,0.119,0.512,0.202,0.274,24000000.0,311000000.0,1.0,157672305.0,158801150,159334219.0,40.995,8078000000.0,404000000.0,508000000.0,453000000.0,50.869,1637000000.0
32,CE,MRT,2013-09-30,2013-09-30,2013-09-30,2021-10-22,-47000000.0,9512000000.0,9225500000.0,3228000000.0,6284000000.0,0.693,13.148,-362000000.0,1100000000.0,1100000000.0,5153000000.0,278000000.0,2.021,3.564,3094000000.0,224000000.0,2870000000.0,3094000000.0,0.0,322000000.0,0.0,0.008,0.42,572000000.0,894000000.0,0.14,894000000.0,572000000.0,391000000.0,1.74,1.74,1.74,2084000000.0,1908500000.0,2084000000.0,10400976022.0,18.0,11.634,307000000.0,1.937,1.0,1242000000.0,0.194,934000000.0,181000000.0,8975000000.0,8885250000.0,753000000.0,901000000.0,44000000.0,857000000.0,7428000000.0,1597000000.0,5831000000.0,8423976022.0,172000000.0,13000000.0,-110000000.0,75000000.0,-67000000.0,-113000000.0,-393000000.0,0.0,669000000.0,9000000.0,278000000.0,278000000.0,278000000.0,-3000000.0,0.0,0.043,963000000.0,279000000.0,739000000.0,0.241,4.042,30.302,30.339,3391000000.0,0.0,52.79,1.317,1.308,1242000000.0,2385000000.0,6395000000.0,6395000000.0,104000000.0,0.03,0.146,0.064,0.089,38000000.0,792000000.0,1.0,159575223.0,158501075,159095531.0,40.347,8578000000.0,654000000.0,113000000.0,441000000.0,54.12,1631000000.0
33,CE,MRT,2013-06-30,2013-06-30,2013-06-30,2021-10-22,-91000000.0,9322000000.0,9088750000.0,3180000000.0,6142000000.0,0.701,12.431,-347000000.0,1107000000.0,1107000000.0,5144000000.0,233000000.0,2.06,3.696,3084000000.0,224000000.0,2860000000.0,3084000000.0,0.0,323000000.0,0.0,0.007,0.315,528000000.0,851000000.0,0.134,851000000.0,528000000.0,346000000.0,1.45,1.45,1.45,1985000000.0,1866250000.0,1985000000.0,9245377030.0,18.0,10.864,349000000.0,2.186,1.0,1224000000.0,0.192,924000000.0,182000000.0,8831000000.0,8811500000.0,738000000.0,853000000.0,45000000.0,808000000.0,7337000000.0,1544000000.0,5793000000.0,7152377030.0,307000000.0,12000000.0,-23000000.0,76000000.0,-50000000.0,-4000000.0,-394000000.0,0.0,696000000.0,9000000.0,233000000.0,233000000.0,233000000.0,-1000000.0,0.0,0.037,978000000.0,246000000.0,716000000.0,0.217,3.603,30.697,30.897,3325000000.0,0.0,44.8,1.123,1.123,1209000000.0,2242000000.0,6368000000.0,6368000000.0,103000000.0,0.026,0.125,0.06,0.083,20000000.0,808000000.0,1.0,159651273.0,159676462,160142156.0,39.881,8398000000.0,652000000.0,113000000.0,396000000.0,52.594,1636000000.0
34,CE,MRT,2013-03-31,2013-03-31,2013-03-31,2021-10-22,-119000000.0,9068000000.0,8953000000.0,2986000000.0,6082000000.0,0.714,11.492,-360000000.0,978000000.0,978000000.0,5150000000.0,321000000.0,2.21,3.942,3071000000.0,112000000.0,2959000000.0,3071000000.0,0.0,323000000.0,0.0,0.006,0.285,599000000.0,922000000.0,0.144,922000000.0,599000000.0,416000000.0,2.02,2.0,2.02,1835000000.0,1814250000.0,1835000000.0,9171688264.0,15.0,9.948,294000000.0,1.841,1.0,1240000000.0,0.194,917000000.0,183000000.0,8893000000.0,8772500000.0,758000000.0,845000000.0,49000000.0,796000000.0,7233000000.0,1351000000.0,5882000000.0,7032688264.0,251000000.0,1000000.0,-25000000.0,37000000.0,-45000000.0,35000000.0,-432000000.0,0.0,654000000.0,-6000000.0,321000000.0,321000000.0,321000000.0,-1000000.0,0.0,0.05,986000000.0,254000000.0,659000000.0,0.141,3.833,21.909,21.807,3286000000.0,0.0,44.05,1.101,1.101,1113000000.0,2123000000.0,6390000000.0,6390000000.0,105000000.0,0.036,0.177,0.068,0.094,20000000.0,810000000.0,1.0,159652401.0,159682386,160201636.0,40.017,8151000000.0,653000000.0,95000000.0,345000000.0,51.045,1635000000.0
35,CE,MRT,2012-12-31,2012-12-31,2012-12-31,2021-10-22,-89000000.0,9000000000.0,8891750000.0,2839000000.0,6161000000.0,0.722,10.924,-410000000.0,959000000.0,959000000.0,5237000000.0,372000000.0,2.095,4.202,3098000000.0,168000000.0,2930000000.0,3098000000.0,0.0,320000000.0,0.0,0.006,0.27,502000000.0,822000000.0,0.128,822000000.0,502000000.0,317000000.0,2.35,2.33,2.35,1730000000.0,1740750000.0,1730000000.0,9155962276.0,18.0,11.139,312000000.0,1.97,1.0,1181000000.0,0.184,942000000.0,185000000.0,8842000000.0,8716750000.0,711000000.0,853000000.0,53000000.0,800000000.0,7270000000.0,1355000000.0,5915000000.0,7103962276.0,277000000.0,-22000000.0,-45000000.0,63000000.0,-43000000.0,49000000.0,-500000000.0,0.0,722000000.0,6000000.0,372000000.0,372000000.0,372000000.0,0.0,0.0,0.058,1002000000.0,179000000.0,649000000.0,0.115,4.106,19.097,18.949,3350000000.0,0.0,44.53,1.107,1.099,1036000000.0,1993000000.0,6418000000.0,6418000000.0,104000000.0,0.042,0.214,0.058,0.078,20000000.0,830000000.0,1.0,159532052.0,158359914,159830786.0,40.528,8058000000.0,655000000.0,-55000000.0,294000000.0,50.884,1484000000.0
36,CE,MRT,2012-09-30,2012-09-30,2012-09-30,2021-10-22,-822000000.0,8965000000.0,8771250000.0,2968000000.0,5997000000.0,0.745,12.032,-451000000.0,928000000.0,928000000.0,5339000000.0,456000000.0,2.128,3.681,2980000000.0,141000000.0,2839000000.0,2980000000.0,0.0,316000000.0,0.0,0.007,0.255,576000000.0,892000000.0,0.137,892000000.0,576000000.0,387000000.0,2.88,2.85,2.88,1915000000.0,1643500000.0,1915000000.0,8212213381.0,14.0,9.207,367000000.0,2.306,1.0,1192000000.0,0.183,942000000.0,189000000.0,8680000000.0,8634000000.0,711000000.0,831000000.0,56000000.0,775000000.0,7050000000.0,1395000000.0,5655000000.0,6036213381.0,224000000.0,-21000000.0,-40000000.0,-64000000.0,-40000000.0,-50000000.0,-542000000.0,0.0,818000000.0,-2000000.0,456000000.0,456000000.0,456000000.0,1000000.0,0.0,0.07,913000000.0,279000000.0,685000000.0,0.089,3.152,13.237,13.163,3295000000.0,0.0,37.91,0.924,0.924,1120000000.0,2903000000.0,6531000000.0,6531000000.0,99000000.0,0.052,0.277,0.067,0.088,0.0,751000000.0,1.0,159224832.0,159158280,160129376.0,41.035,8023000000.0,645000000.0,-69000000.0,382000000.0,50.409,1573000000.0
37,CE,MRT,2012-06-30,2012-06-30,2012-06-30,2021-10-22,-858000000.0,8779000000.0,8707750000.0,2866000000.0,5913000000.0,0.773,11.235,-506000000.0,800000000.0,800000000.0,5464000000.0,496000000.0,2.139,3.94,2976000000.0,131000000.0,2845000000.0,2976000000.0,0.0,315000000.0,0.0,0.007,0.24,603000000.0,918000000.0,0.136,918000000.0,603000000.0,404000000.0,3.15,3.11,3.15,1777000000.0,1528750000.0,1777000000.0,7717598569.0,13.0,8.407,218000000.0,1.378,1.0,1265000000.0,0.188,940000000.0,199000000.0,8675000000.0,8577750000.0,726000000.0,816000000.0,60000000.0,756000000.0,7002000000.0,1340000000.0,5662000000.0,5414598569.0,59000000.0,138000000.0,-46000000.0,-53000000.0,-37000000.0,-51000000.0,-591000000.0,0.0,724000000.0,-23000000.0,496000000.0,496000000.0,496000000.0,-1000000.0,0.0,0.074,971000000.0,294000000.0,688000000.0,0.076,3.047,10.917,10.99,3265000000.0,0.0,34.62,0.805,0.814,1134000000.0,2798000000.0,6729000000.0,6729000000.0,100000000.0,0.057,0.324,0.07,0.09,0.0,778000000.0,1.0,156400883.0,158163378,159778255.0,42.545,7839000000.0,668000000.0,-92000000.0,357000000.0,49.563,1526000000.0
38,CE,MRT,2012-03-31,2012-03-31,2012-03-31,2021-10-22,-817000000.0,8823000000.0,8742750000.0,2817000000.0,6006000000.0,0.779,9.842,-549000000.0,727000000.0,727000000.0,5467000000.0,478000000.0,1.915,4.726,3030000000.0,155000000.0,2875000000.0,3030000000.0,0.0,313000000.0,0.0,0.005,0.23,615000000.0,928000000.0,0.136,928000000.0,615000000.0,404000000.0,3.05,3.01,3.05,1541000000.0,1427750000.0,1541000000.0,9569626916.0,16.0,10.312,172000000.0,1.099,1.0,1340000000.0,0.197,985000000.0,211000000.0,8670000000.0,8542500000.0,753000000.0,825000000.0,63000000.0,762000000.0,7282000000.0,1471000000.0,5811000000.0,7234626916.0,5000000.0,138000000.0,-48000000.0,-191000000.0,-36000000.0,-263000000.0,-445000000.0,0.0,721000000.0,-8000000.0,478000000.0,478000000.0,478000000.0,1000000.0,0.0,0.07,1015000000.0,325000000.0,758000000.0,0.075,4.695,15.135,15.141,3329000000.0,0.0,46.18,1.063,1.062,1135000000.0,2597000000.0,6807000000.0,6807000000.0,100000000.0,0.055,0.335,0.072,0.09,0.0,803000000.0,1.0,156661475.0,156576896,159115232.0,43.474,7838000000.0,666000000.0,-74000000.0,355000000.0,50.058,1346000000.0
39,CE,MRT,2011-12-31,2011-12-31,2011-12-31,2021-10-22,-850000000.0,8518000000.0,8692500000.0,2703000000.0,5815000000.0,0.778,8.584,-553000000.0,682000000.0,682000000.0,5346000000.0,427000000.0,1.952,5.352,3017000000.0,144000000.0,2873000000.0,3017000000.0,0.0,311000000.0,0.0,0.005,0.22,689000000.0,1000000000.0,0.148,1000000000.0,689000000.0,468000000.0,2.73,2.69,2.73,1341000000.0,1326500000.0,1341000000.0,9260622657.0,13.0,9.261,85000000.0,0.544,1.0,1417000000.0,0.21,957000000.0,221000000.0,8511000000.0,8489000000.0,712000000.0,888000000.0,64000000.0,824000000.0,7177000000.0,1385000000.0,5792000000.0,6910622657.0,-58000000.0,157000000.0,-31000000.0,-196000000.0,-34000000.0,-253000000.0,-441000000.0,0.0,638000000.0,-2000000.0,427000000.0,427000000.0,427000000.0,-1000000.0,0.0,0.063,1015000000.0,402000000.0,673000000.0,0.081,5.153,16.184,16.216,3269000000.0,0.0,44.27,1.022,1.023,1106000000.0,2424000000.0,6763000000.0,6763000000.0,98000000.0,0.049,0.322,0.081,0.102,0.0,805000000.0,1.0,156101709.0,156226526,158970283.0,43.29,7561000000.0,525000000.0,41000000.0,303000000.0,48.398,1318000000.0
40,CE,MRT,2011-09-30,2011-09-30,2011-09-30,2021-10-22,-626000000.0,8711000000.0,8633250000.0,2898000000.0,5813000000.0,0.771,9.322,-587000000.0,704000000.0,704000000.0,5181000000.0,570000000.0,1.797,4.983,3054000000.0,161000000.0,2893000000.0,3054000000.0,0.0,305000000.0,0.0,0.006,0.21,972000000.0,1277000000.0,0.192,1277000000.0,972000000.0,748000000.0,3.65,3.6,3.65,1456000000.0,1222750000.0,1456000000.0,7392868596.0,8.0,5.789,-17000000.0,-0.109,1.0,1475000000.0,0.222,993000000.0,224000000.0,8455000000.0,8409000000.0,777000000.0,905000000.0,64000000.0,841000000.0,7255000000.0,1613000000.0,5642000000.0,5085868596.0,-180000000.0,160000000.0,-35000000.0,-232000000.0,-33000000.0,-280000000.0,-475000000.0,0.0,570000000.0,5000000.0,570000000.0,570000000.0,570000000.0,47000000.0,0.0,0.086,739000000.0,736000000.0,713000000.0,0.058,3.493,8.923,8.912,3233000000.0,0.0,32.53,0.764,0.763,1181000000.0,2338000000.0,6656000000.0,6656000000.0,90000000.0,0.066,0.466,0.116,0.146,0.0,540000000.0,1.0,156343947.0,156194459,159018839.0,42.614,7718000000.0,513000000.0,178000000.0,477000000.0,49.413,1285000000.0
41,CE,MRT,2011-06-30,2011-06-30,2011-06-30,2021-10-22,-566000000.0,8919000000.0,8554000000.0,3014000000.0,5905000000.0,0.743,8.785,-549000000.0,741000000.0,741000000.0,4935000000.0,548000000.0,1.837,5.496,3048000000.0,155000000.0,2893000000.0,3048000000.0,0.0,292000000.0,0.0,0.004,0.2,954000000.0,1246000000.0,0.196,1246000000.0,954000000.0,736000000.0,3.51,3.47,3.51,1373000000.0,1088000000.0,1373000000.0,10828075992.0,11.0,8.69,0.0,0.0,1.0,1420000000.0,0.223,1051000000.0,218000000.0,8534000000.0,8317250000.0,779000000.0,908000000.0,70000000.0,838000000.0,7546000000.0,1641000000.0,5905000000.0,8328075992.0,-340000000.0,3000000.0,-41000000.0,-442000000.0,-32000000.0,-508000000.0,-418000000.0,0.0,549000000.0,37000000.0,548000000.0,548000000.0,548000000.0,49000000.0,0.0,0.086,657000000.0,763000000.0,786000000.0,0.057,6.066,15.197,15.188,3273000000.0,0.0,53.31,1.31,1.311,1266000000.0,2180000000.0,6355000000.0,6355000000.0,83000000.0,0.064,0.504,0.115,0.15,0.0,525000000.0,1.0,156219771.0,156280721,159209400.0,40.664,7868000000.0,529000000.0,188000000.0,539000000.0,50.345,1373000000.0
42,CE,MRT,2011-03-31,2011-03-31,2011-03-31,2021-10-22,-600000000.0,8622000000.0,8350500000.0,2851000000.0,5771000000.0,0.733,7.284,-515000000.0,722000000.0,722000000.0,4806000000.0,505000000.0,1.771,6.59,3222000000.0,219000000.0,3003000000.0,3222000000.0,0.0,282000000.0,0.0,0.004,0.19,889000000.0,1171000000.0,0.191,1171000000.0,889000000.0,679000000.0,3.23,3.2,3.23,1136000000.0,917000000.0,1136000000.0,9398684271.0,11.0,8.026,14000000.0,0.09,1.0,1313000000.0,0.215,1056000000.0,210000000.0,8456000000.0,8167750000.0,688000000.0,896000000.0,74000000.0,822000000.0,7486000000.0,1610000000.0,5876000000.0,6920684271.0,-417000000.0,-29000000.0,-51000000.0,-307000000.0,-30000000.0,-384000000.0,-579000000.0,0.0,529000000.0,17000000.0,505000000.0,505000000.0,505000000.0,50000000.0,0.0,0.083,604000000.0,709000000.0,740000000.0,0.059,6.092,13.704,13.737,3153000000.0,0.0,44.37,1.131,1.131,1219000000.0,1985000000.0,6119000000.0,6119000000.0,75000000.0,0.06,0.551,0.109,0.145,0.0,509000000.0,1.0,155976657.0,155966259,158666687.0,39.233,7566000000.0,532000000.0,174000000.0,504000000.0,48.51,1241000000.0
43,CE,MRT,2010-12-31,2010-12-31,2010-12-31,2021-10-22,-670000000.0,8281000000.0,8245500000.0,2668000000.0,5613000000.0,0.718,5.991,-513000000.0,740000000.0,740000000.0,4738000000.0,377000000.0,1.73,7.943,3218000000.0,228000000.0,2990000000.0,3218000000.0,0.0,300000000.0,0.0,0.004,0.18,693000000.0,993000000.0,0.168,993000000.0,693000000.0,489000000.0,2.42,2.38,2.42,926000000.0,776500000.0,926000000.0,8795675105.0,13.0,8.858,-61000000.0,-0.395,1.0,1180000000.0,0.199,1026000000.0,204000000.0,8191000000.0,8049500000.0,610000000.0,916000000.0,78000000.0,838000000.0,7355000000.0,1542000000.0,5813000000.0,6408675105.0,-514000000.0,-20000000.0,-48000000.0,-313000000.0,-28000000.0,-388000000.0,-560000000.0,0.0,452000000.0,-18000000.0,377000000.0,374000000.0,374000000.0,49000000.0,0.0,0.063,674000000.0,506000000.0,673000000.0,0.074,6.921,17.135,17.012,3017000000.0,3000000.0,41.17,1.083,1.075,1080000000.0,1851000000.0,5918000000.0,5918000000.0,70000000.0,0.045,0.482,0.086,0.117,0.0,505000000.0,1.0,155663714.0,154564136,158372192.0,38.288,7255000000.0,535000000.0,112000000.0,434000000.0,46.938,1126000000.0
44,CE,MRT,2010-09-30,2010-09-30,2010-09-30,2021-10-22,-606000000.0,8394000000.0,8278250000.0,2767000000.0,5627000000.0,0.701,5.884,-490000000.0,884000000.0,884000000.0,4643000000.0,325000000.0,1.69,8.154,3271000000.0,261000000.0,3010000000.0,3271000000.0,0.0,303000000.0,0.0,0.005,0.17,692000000.0,995000000.0,0.172,995000000.0,692000000.0,495000000.0,2.05,2.03,2.05,917000000.0,691500000.0,917000000.0,7356264749.0,11.0,7.393,61000000.0,0.391,1.0,1156000000.0,0.199,1056000000.0,197000000.0,8088000000.0,7991750000.0,578000000.0,898000000.0,2000000.0,896000000.0,7477000000.0,1637000000.0,5840000000.0,5010264749.0,-409000000.0,-29000000.0,-41000000.0,-316000000.0,-26000000.0,-392000000.0,-541000000.0,0.0,551000000.0,-27000000.0,325000000.0,320000000.0,320000000.0,0.0,0.0,0.055,686000000.0,470000000.0,640000000.0,0.083,5.464,15.657,15.659,2884000000.0,5000000.0,32.1,0.864,0.863,1161000000.0,1801000000.0,5799000000.0,5799000000.0,66000000.0,0.039,0.463,0.087,0.119,0.0,509000000.0,1.0,156083014.0,155859508,157883548.0,37.207,7338000000.0,541000000.0,170000000.0,545000000.0,47.081,1130000000.0
45,CE,MRT,2010-06-30,2010-06-30,2010-06-30,2021-10-22,-709000000.0,8105000000.0,8242250000.0,2822000000.0,5283000000.0,0.679,4.407,-513000000.0,1081000000.0,1081000000.0,4521000000.0,578000000.0,1.869,10.763,3427000000.0,265000000.0,3162000000.0,3427000000.0,0.0,322000000.0,0.0,0.006,0.16,554000000.0,876000000.0,0.157,876000000.0,554000000.0,354000000.0,3.87,3.64,3.87,689000000.0,633250000.0,689000000.0,6254744408.0,11.0,7.14,3000000.0,0.019,1.0,1076000000.0,0.192,1005000000.0,200000000.0,7936000000.0,7954750000.0,522000000.0,846000000.0,2000000.0,844000000.0,7416000000.0,1510000000.0,5906000000.0,3902744408.0,-64000000.0,137000000.0,-20000000.0,-96000000.0,-23000000.0,-131000000.0,-427000000.0,0.0,516000000.0,-22000000.0,578000000.0,570000000.0,570000000.0,-2000000.0,0.0,0.102,761000000.0,315000000.0,607000000.0,0.041,5.664,6.847,6.437,2676000000.0,8000000.0,24.91,0.697,0.696,1106000000.0,1664000000.0,5597000000.0,5597000000.0,67000000.0,0.069,0.9,0.07,0.099,0.0,494000000.0,1.0,156673802.0,156326226,158405119.0,35.803,7100000000.0,526000000.0,-224000000.0,451000000.0,45.418,1312000000.0
46,CE,MRT,2010-03-31,2010-03-31,2010-03-31,2021-10-22,-686000000.0,8202000000.0,8121750000.0,2851000000.0,5351000000.0,0.656,3.82,-542000000.0,1139000000.0,1139000000.0,4303000000.0,527000000.0,1.851,13.289,3491000000.0,258000000.0,3233000000.0,3491000000.0,0.0,338000000.0,0.0,0.005,0.16,464000000.0,802000000.0,0.151,802000000.0,464000000.0,259000000.0,3.59,3.32,3.59,574000000.0,522500000.0,574000000.0,6892695241.0,15.0,8.594,-90000000.0,-0.599,1.0,1021000000.0,0.192,1031000000.0,205000000.0,7983000000.0,7848750000.0,545000000.0,847000000.0,4000000.0,843000000.0,7628000000.0,1540000000.0,6088000000.0,4645695241.0,-11000000.0,168000000.0,0.0,-59000000.0,-23000000.0,-79000000.0,-412000000.0,0.0,452000000.0,28000000.0,527000000.0,517000000.0,517000000.0,-4000000.0,0.0,0.097,774000000.0,247000000.0,626000000.0,0.045,8.094,8.986,8.872,2723000000.0,10000000.0,31.85,0.873,0.899,1077000000.0,1511000000.0,5324000000.0,5324000000.0,68000000.0,0.064,0.989,0.059,0.087,0.0,484000000.0,1.0,145861703.0,150272227,152642371.0,35.429,7171000000.0,529000000.0,-268000000.0,460000000.0,47.72,1311000000.0
47,CE,MRT,2009-12-31,2009-12-31,2009-12-31,2021-10-22,-660000000.0,8412000000.0,7905500000.0,2856000000.0,5556000000.0,0.643,4.078,-527000000.0,1254000000.0,1254000000.0,4079000000.0,498000000.0,1.777,13.355,3501000000.0,242000000.0,3259000000.0,3501000000.0,0.0,319000000.0,0.0,0.005,0.16,462000000.0,781000000.0,0.154,781000000.0,462000000.0,255000000.0,3.4,3.17,3.4,586000000.0,390250000.0,586000000.0,6893595310.0,15.0,8.827,69000000.0,0.48,1.0,1003000000.0,0.197,1092000000.0,207000000.0,7960000000.0,7669000000.0,522000000.0,875000000.0,3000000.0,872000000.0,7826000000.0,1607000000.0,6219000000.0,4609595310.0,578000000.0,162000000.0,0.0,-89000000.0,-23000000.0,-112000000.0,31000000.0,15000000.0,596000000.0,63000000.0,498000000.0,488000000.0,488000000.0,-4000000.0,0.0,0.096,715000000.0,288000000.0,649000000.0,0.047,7.866,9.446,9.441,2797000000.0,10000000.0,32.1,0.907,0.908,983000000.0,1505000000.0,5082000000.0,5082000000.0,70000000.0,0.062,1.25,0.06,0.091,0.0,474000000.0,1.0,143601100.0,143688749,157115521.0,35.368,7320000000.0,526000000.0,-243000000.0,471000000.0,50.943,1249000000.0
48,CE,MRT,2009-09-30,2009-09-30,2009-09-30,2021-10-22,-543000000.0,8250000000.0,7594000000.0,2862000000.0,5388000000.0,0.656,4.764,-503000000.0,1293000000.0,1293000000.0,4157000000.0,331000000.0,1.943,11.058,3577000000.0,265000000.0,3312000000.0,3577000000.0,0.0,330000000.0,0.0,0.006,0.16,182000000.0,512000000.0,0.103,512000000.0,182000000.0,-40000000.0,2.3,2.15,2.3,684000000.0,289250000.0,684000000.0,5936489550.0,33.0,11.595,146000000.0,1.017,1.0,823000000.0,0.165,1121000000.0,222000000.0,7940000000.0,7556750000.0,467000000.0,898000000.0,4000000.0,894000000.0,7564000000.0,1473000000.0,6091000000.0,3589489550.0,709000000.0,170000000.0,0.0,-113000000.0,-23000000.0,-149000000.0,159000000.0,107000000.0,649000000.0,50000000.0,331000000.0,321000000.0,321000000.0,15000000.0,0.0,0.064,788000000.0,35000000.0,558000000.0,0.07,5.248,11.182,10.87,2687000000.0,10000000.0,25.0,0.721,0.721,951000000.0,1505000000.0,4980000000.0,4980000000.0,72000000.0,0.042,1.11,0.024,0.037,0.0,467000000.0,1.0,143579582.0,143591231,157562916.0,34.682,7129000000.0,418000000.0,-371000000.0,396000000.0,49.648,1389000000.0
49,CE,MRT,2009-06-30,2009-06-30,2009-06-30,2021-10-22,-588000000.0,7623000000.0,7524500000.0,2778000000.0,4845000000.0,0.731,1.714,-504000000.0,1145000000.0,1145000000.0,4609000000.0,91000000.0,2.07,29.98,3492000000.0,224000000.0,3268000000.0,3492000000.0,0.0,338000000.0,0.0,0.007,0.16,294000000.0,632000000.0,0.115,632000000.0,294000000.0,58000000.0,0.6,0.59,0.6,246000000.0,375500000.0,246000000.0,5727311912.0,19.0,9.062,35000000.0,0.244,1.0,890000000.0,0.162,1116000000.0,236000000.0,7512000000.0,7598000000.0,473000000.0,849000000.0,6000000.0,843000000.0,7375000000.0,1342000000.0,6033000000.0,3408311912.0,162000000.0,6000000.0,-252000000.0,-81000000.0,-24000000.0,-375000000.0,15000000.0,113000000.0,539000000.0,-17000000.0,91000000.0,81000000.0,81000000.0,21000000.0,0.0,0.015,770000000.0,120000000.0,557000000.0,0.267,13.855,42.078,39.583,2533000000.0,10000000.0,23.75,0.62,0.62,933000000.0,1114000000.0,5499000000.0,5499000000.0,72000000.0,0.011,0.216,0.039,0.053,0.0,499000000.0,1.0,143507870.0,143528126,157077970.0,38.313,6507000000.0,49000000.0,-33000000.0,384000000.0,45.336,1436000000.0
50,CE,MRT,2009-03-31,2009-03-31,2009-03-31,2021-10-22,-690000000.0,7337000000.0,7772250000.0,2589000000.0,4748000000.0,0.788,0.314,-464000000.0,1150000000.0,1150000000.0,5085000000.0,115000000.0,1.993,162.0,3469000000.0,195000000.0,3274000000.0,3469000000.0,0.0,348000000.0,0.0,0.012,0.16,313000000.0,661000000.0,0.108,661000000.0,313000000.0,68000000.0,0.73,0.7,0.73,45000000.0,622000000.0,45000000.0,4775671316.0,15.0,7.225,155000000.0,1.08,1.0,1038000000.0,0.17,1093000000.0,245000000.0,7264000000.0,7706750000.0,522000000.0,805000000.0,5000000.0,800000000.0,7290000000.0,1299000000.0,5991000000.0,1918671316.0,387000000.0,6000000.0,-318000000.0,-85000000.0,-24000000.0,-435000000.0,248000000.0,30000000.0,619000000.0,-45000000.0,116000000.0,106000000.0,106000000.0,89000000.0,-1000000.0,0.017,796000000.0,242000000.0,504000000.0,0.219,42.637,18.101,18.315,2482000000.0,10000000.0,13.37,0.313,0.313,846000000.0,1018000000.0,6123000000.0,6123000000.0,72000000.0,0.014,0.17,0.041,0.051,0.0,523000000.0,1.0,143505708.0,143506981,143506981.0,42.667,6244000000.0,53000000.0,-48000000.0,360000000.0,43.51,1290000000.0
51,CE,MRT,2008-12-31,2008-12-31,2008-12-31,2021-10-22,-579000000.0,7166000000.0,8016750000.0,2286000000.0,4880000000.0,0.851,1.227,-459000000.0,676000000.0,676000000.0,5567000000.0,280000000.0,1.67,38.363,3533000000.0,233000000.0,3300000000.0,3533000000.0,0.0,360000000.0,0.0,0.013,0.16,605000000.0,965000000.0,0.141,965000000.0,605000000.0,344000000.0,1.83,1.72,1.83,182000000.0,890500000.0,182000000.0,4818541962.0,8.0,4.993,127000000.0,0.856,1.0,1256000000.0,0.184,1143000000.0,261000000.0,7511000000.0,7822000000.0,577000000.0,889000000.0,6000000.0,883000000.0,6982000000.0,1369000000.0,5613000000.0,1782541962.0,-149000000.0,9000000.0,-378000000.0,-98000000.0,-24000000.0,-499000000.0,-201000000.0,18000000.0,586000000.0,-35000000.0,281000000.0,271000000.0,271000000.0,90000000.0,-1000000.0,0.04,812000000.0,444000000.0,523000000.0,0.087,9.794,6.578,6.792,2470000000.0,10000000.0,12.43,0.261,0.27,905000000.0,1047000000.0,6823000000.0,6823000000.0,75000000.0,0.034,0.304,0.077,0.089,0.0,545000000.0,1.0,143406433.0,148350273,163471873.0,45.993,6023000000.0,51000000.0,63000000.0,379000000.0,40.6,917000000.0
52,CE,MRT,2008-09-30,2008-09-30,2008-09-30,2021-10-22,108000000.0,7972000000.0,8239750000.0,2820000000.0,5152000000.0,0.886,6.997,-413000000.0,584000000.0,584000000.0,5738000000.0,651000000.0,1.661,6.747,3620000000.0,302000000.0,3318000000.0,3620000000.0,0.0,345000000.0,0.0,0.006,0.16,1078000000.0,1423000000.0,0.195,1423000000.0,1078000000.0,817000000.0,4.22,3.9,4.22,1029000000.0,1110500000.0,1029000000.0,6830656190.0,6.0,4.8,219000000.0,1.489,1.0,1559000000.0,0.214,1205000000.0,261000000.0,8105000000.0,7811000000.0,743000000.0,998000000.0,17000000.0,981000000.0,6943000000.0,1698000000.0,5245000000.0,4190656190.0,53000000.0,39000000.0,-378000000.0,13000000.0,-17000000.0,-356000000.0,-222000000.0,-64000000.0,632000000.0,-1000000.0,651000000.0,640000000.0,640000000.0,69000000.0,0.0,0.088,648000000.0,911000000.0,754000000.0,0.038,4.073,6.548,6.614,2527000000.0,11000000.0,27.91,0.574,0.562,1359000000.0,1210000000.0,7297000000.0,7297000000.0,78000000.0,0.078,0.576,0.138,0.148,0.0,561000000.0,1.0,150148914.0,147063241,162911689.0,49.618,6767000000.0,137000000.0,166000000.0,562000000.0,46.014,1122000000.0
53,CE,MRT,2008-06-30,2008-06-30,2008-06-30,2021-10-22,206000000.0,8614000000.0,8132000000.0,3301000000.0,5313000000.0,0.867,8.164,-387000000.0,983000000.0,983000000.0,5484000000.0,621000000.0,1.673,5.992,3623000000.0,252000000.0,3371000000.0,3623000000.0,0.0,331000000.0,0.0,0.004,0.16,1061000000.0,1392000000.0,0.198,1392000000.0,1061000000.0,802000000.0,4.01,3.69,4.01,1232000000.0,1021750000.0,1232000000.0,9734684291.0,9.0,6.993,446000000.0,2.955,1.0,1563000000.0,0.222,1334000000.0,259000000.0,7947000000.0,7636500000.0,754000000.0,1035000000.0,24000000.0,1011000000.0,7382000000.0,1973000000.0,5409000000.0,6893684291.0,513000000.0,59000000.0,-271000000.0,35000000.0,-19000000.0,-191000000.0,-185000000.0,-72000000.0,833000000.0,56000000.0,621000000.0,611000000.0,611000000.0,65000000.0,0.0,0.087,657000000.0,906000000.0,829000000.0,0.04,5.596,11.283,11.387,2542000000.0,10000000.0,45.66,0.978,0.978,1442000000.0,1061000000.0,7047000000.0,7047000000.0,78000000.0,0.075,0.598,0.139,0.151,0.0,552000000.0,1.0,150978631.0,150905770,167814803.0,46.698,7280000000.0,118000000.0,181000000.0,604000000.0,48.242,1328000000.0
54,CE,MRT,2008-03-31,2008-03-31,2008-03-31,2021-10-22,164000000.0,8315000000.0,7817250000.0,3130000000.0,5185000000.0,0.862,7.362,-369000000.0,763000000.0,763000000.0,5231000000.0,371000000.0,1.502,6.431,3604000000.0,253000000.0,3351000000.0,3604000000.0,0.0,312000000.0,0.0,0.004,0.16,766000000.0,1078000000.0,0.16,1078000000.0,766000000.0,509000000.0,2.38,2.13,2.38,1119000000.0,877750000.0,1119000000.0,8679666677.0,11.0,8.052,351000000.0,2.309,1.0,1504000000.0,0.223,1347000000.0,257000000.0,7725000000.0,7489750000.0,709000000.0,1064000000.0,24000000.0,1040000000.0,7196000000.0,2084000000.0,5112000000.0,5948666677.0,-352000000.0,139000000.0,-463000000.0,-141000000.0,-23000000.0,-809000000.0,-320000000.0,-18000000.0,720000000.0,57000000.0,370000000.0,359000000.0,359000000.0,-11000000.0,1000000.0,0.053,737000000.0,767000000.0,822000000.0,0.067,5.316,16.57,16.408,2477000000.0,11000000.0,39.05,0.883,0.881,1523000000.0,935000000.0,6735000000.0,6735000000.0,79000000.0,0.046,0.409,0.102,0.114,0.0,536000000.0,1.0,152334614.0,151993753,167306016.0,44.311,6968000000.0,81000000.0,139000000.0,603000000.0,45.844,1046000000.0
55,CE,MRT,2007-12-31,2007-12-31,2007-12-31,2021-10-22,197000000.0,8058000000.0,7710250000.0,3063000000.0,4995000000.0,0.836,6.875,-309000000.0,825000000.0,825000000.0,4999000000.0,427000000.0,1.508,6.588,3556000000.0,272000000.0,3284000000.0,3556000000.0,0.0,311000000.0,0.0,0.004,0.16,798000000.0,1109000000.0,0.172,1109000000.0,798000000.0,536000000.0,2.69,2.49,2.69,1062000000.0,842750000.0,1062000000.0,9363657993.0,12.0,8.443,257000000.0,1.664,1.0,1445000000.0,0.224,1291000000.0,262000000.0,7467000000.0,7358500000.0,636000000.0,1069000000.0,46000000.0,1023000000.0,6996000000.0,2031000000.0,4965000000.0,6399657993.0,34000000.0,446000000.0,-403000000.0,-119000000.0,-25000000.0,-714000000.0,143000000.0,10000000.0,566000000.0,39000000.0,426000000.0,416000000.0,416000000.0,-90000000.0,1000000.0,0.065,699000000.0,746000000.0,818000000.0,0.059,6.026,15.384,15.732,2362000000.0,10000000.0,42.32,0.993,1.014,1446000000.0,799000000.0,6444000000.0,6444000000.0,73000000.0,0.054,0.494,0.108,0.124,0.0,516000000.0,1.0,151220652.0,154475020,171227997.0,41.715,6767000000.0,80000000.0,110000000.0,538000000.0,43.806,1032000000.0
56,CE,MRT,2007-09-30,2007-09-30,2007-09-30,2021-10-22,55000000.0,7541000000.0,7669500000.0,2590000000.0,4951000000.0,0.797,4.489,-303000000.0,531000000.0,531000000.0,4770000000.0,289000000.0,1.446,10.188,3495000000.0,243000000.0,3252000000.0,3495000000.0,0.0,317000000.0,0.0,0.004,0.16,613000000.0,930000000.0,0.152,930000000.0,613000000.0,341000000.0,1.81,1.59,1.81,674000000.0,774000000.0,674000000.0,8732560394.0,14.0,9.39,283000000.0,1.885,1.0,1344000000.0,0.22,1307000000.0,272000000.0,7407000000.0,7242250000.0,575000000.0,778000000.0,0.0,778000000.0,6867000000.0,1791000000.0,5076000000.0,5817560394.0,18000000.0,451000000.0,-403000000.0,-133000000.0,-25000000.0,-759000000.0,150000000.0,8000000.0,586000000.0,41000000.0,289000000.0,280000000.0,280000000.0,-112000000.0,0.0,0.046,780000000.0,564000000.0,675000000.0,0.088,8.631,20.777,21.536,2270000000.0,9000000.0,38.98,0.952,0.957,1348000000.0,594000000.0,6114000000.0,6114000000.0,71000000.0,0.037,0.362,0.085,0.1,0.0,505000000.0,1.0,149244751.0,150154309,167410047.0,40.718,6234000000.0,126000000.0,52000000.0,269000000.0,41.517,799000000.0
57,CE,MRT,2007-06-30,2007-06-30,2007-06-30,2021-10-22,48000000.0,7355000000.0,7690750000.0,2496000000.0,4859000000.0,0.782,4.18,-251000000.0,470000000.0,470000000.0,4667000000.0,270000000.0,1.556,10.212,3385000000.0,187000000.0,3198000000.0,3385000000.0,0.0,319000000.0,0.0,0.004,0.16,672000000.0,991000000.0,0.165,991000000.0,672000000.0,390000000.0,1.64,1.47,1.64,656000000.0,742000000.0,656000000.0,8483340238.0,13.0,8.56,412000000.0,2.625,1.0,1345000000.0,0.224,1306000000.0,282000000.0,7360000000.0,7197000000.0,575000000.0,745000000.0,0.0,745000000.0,6699000000.0,1604000000.0,5095000000.0,6109340238.0,116000000.0,438000000.0,-258000000.0,-252000000.0,-26000000.0,-763000000.0,191000000.0,26000000.0,663000000.0,25000000.0,270000000.0,260000000.0,260000000.0,-135000000.0,0.0,0.043,754000000.0,591000000.0,667000000.0,0.098,9.313,23.497,23.646,2176000000.0,10000000.0,38.78,1.016,1.012,1324000000.0,474000000.0,6012000000.0,6012000000.0,68000000.0,0.034,0.35,0.093,0.112,0.0,501000000.0,1.0,157538428.0,156932929,156932929.0,38.309,6049000000.0,143000000.0,120000000.0,320000000.0,38.545,892000000.0
58,CE,MRT,2007-03-31,2007-03-31,2007-03-31,2021-10-22,-9000000.0,7887000000.0,7744000000.0,3237000000.0,4650000000.0,0.764,6.146,-250000000.0,1115000000.0,1115000000.0,4569000000.0,490000000.0,1.859,7.056,3489000000.0,184000000.0,3305000000.0,3489000000.0,0.0,330000000.0,0.0,0.005,0.16,986000000.0,1316000000.0,0.223,1316000000.0,986000000.0,692000000.0,3.04,2.83,3.04,979000000.0,682500000.0,979000000.0,7554341659.0,8.0,5.74,514000000.0,3.227,1.0,1344000000.0,0.227,1320000000.0,294000000.0,7200000000.0,7200000000.0,584000000.0,733000000.0,0.0,733000000.0,6908000000.0,1741000000.0,5167000000.0,4893341659.0,803000000.0,358000000.0,0.0,-138000000.0,-25000000.0,-150000000.0,163000000.0,63000000.0,764000000.0,26000000.0,490000000.0,481000000.0,481000000.0,-136000000.0,0.0,0.081,671000000.0,673000000.0,731000000.0,0.053,4.998,10.173,10.145,2047000000.0,9000000.0,30.84,0.828,0.831,1420000000.0,600000000.0,5913000000.0,5913000000.0,65000000.0,0.062,0.705,0.137,0.167,0.0,515000000.0,1.0,158668666.0,159284888,174442332.0,37.122,6567000000.0,138000000.0,202000000.0,375000000.0,41.228,1496000000.0
59,CE,MRT,2006-12-31,2006-12-31,2006-12-31,2021-10-22,31000000.0,7895000000.0,7652500000.0,3111000000.0,4784000000.0,0.755,4.962,-244000000.0,837000000.0,837000000.0,4469000000.0,406000000.0,1.404,9.032,3498000000.0,309000000.0,3189000000.0,3498000000.0,0.0,323000000.0,0.0,0.006,0.16,902000000.0,1225000000.0,0.212,1225000000.0,902000000.0,609000000.0,2.5,2.36,2.5,787000000.0,523250000.0,787000000.0,6997314534.0,8.0,5.712,507000000.0,3.197,1.0,1309000000.0,0.227,1338000000.0,293000000.0,7002000000.0,7221250000.0,653000000.0,763000000.0,0.0,763000000.0,7108000000.0,2216000000.0,4892000000.0,4105314534.0,401000000.0,49000000.0,0.0,-74000000.0,-26000000.0,-108000000.0,-268000000.0,30000000.0,751000000.0,26000000.0,406000000.0,396000000.0,396000000.0,-87000000.0,0.0,0.069,686000000.0,623000000.0,830000000.0,0.064,5.216,10.367,10.352,2155000000.0,10000000.0,25.88,0.711,0.71,1476000000.0,394000000.0,5778000000.0,5778000000.0,65000000.0,0.052,0.757,0.125,0.156,0.0,536000000.0,1.0,158628846.0,158597424,171807599.0,36.432,6557000000.0,98000000.0,203000000.0,594000000.0,41.344,895000000.0
60,CE,MRT,2006-09-30,2006-09-30,2006-09-30,2021-10-22,-136000000.0,7626000000.0,7540000000.0,2840000000.0,4786000000.0,0.69,3.442,-282000000.0,557000000.0,557000000.0,3987000000.0,504000000.0,1.459,12.967,3449000000.0,205000000.0,3244000000.0,3449000000.0,0.0,369000000.0,0.0,0.009,0.16,826000000.0,1195000000.0,0.23,1195000000.0,826000000.0,640000000.0,3.14,2.97,3.14,546000000.0,385250000.0,546000000.0,5935137455.0,7.0,4.967,350000000.0,2.207,1.0,1216000000.0,0.234,1345000000.0,186000000.0,7226000000.0,7233000000.0,639000000.0,787000000.0,0.0,787000000.0,7080000000.0,1947000000.0,5133000000.0,2839137455.0,112000000.0,-94000000.0,0.0,-64000000.0,-42000000.0,-175000000.0,-351000000.0,20000000.0,632000000.0,6000000.0,504000000.0,493000000.0,493000000.0,-107000000.0,0.0,0.095,640000000.0,576000000.0,741000000.0,0.051,5.2,5.759,5.701,2085000000.0,11000000.0,17.9,0.546,0.546,1539000000.0,326000000.0,5203000000.0,5203000000.0,66000000.0,0.065,1.28,0.114,0.159,0.0,477000000.0,1.0,158611031.0,158609246,171176126.0,32.804,6281000000.0,122000000.0,136000000.0,575000000.0,39.6,893000000.0
61,CE,MRT,2006-06-30,2006-06-30,2006-06-30,2021-10-22,-156000000.0,7568000000.0,7468500000.0,2710000000.0,4858000000.0,0.704,2.636,-244000000.0,398000000.0,398000000.0,4094000000.0,440000000.0,1.428,17.105,3494000000.0,174000000.0,3320000000.0,3494000000.0,0.0,357000000.0,0.0,0.008,0.16,717000000.0,1074000000.0,0.204,1074000000.0,717000000.0,532000000.0,2.73,2.59,2.73,418000000.0,263500000.0,418000000.0,6401839328.0,9.0,5.961,434000000.0,2.737,1.0,1164000000.0,0.221,1394000000.0,185000000.0,7372000000.0,7193500000.0,655000000.0,815000000.0,0.0,815000000.0,7150000000.0,1898000000.0,5252000000.0,3237839328.0,-605000000.0,-721000000.0,0.0,-251000000.0,-39000000.0,-363000000.0,-933000000.0,-4000000.0,678000000.0,13000000.0,440000000.0,429000000.0,429000000.0,-84000000.0,0.0,0.082,665000000.0,499000000.0,744000000.0,0.059,7.746,7.547,7.48,2082000000.0,11000000.0,20.42,0.616,0.616,1553000000.0,226000000.0,5258000000.0,5258000000.0,73000000.0,0.057,1.628,0.1,0.136,0.0,492000000.0,1.0,158562161.0,158562161,172066546.0,33.16,6174000000.0,156000000.0,92000000.0,579000000.0,38.937,812000000.0
62,CE,MRT,2006-03-31,2006-03-31,2006-03-31,2021-10-22,-133000000.0,7521000000.0,7425500000.0,2684000000.0,4837000000.0,0.715,2.157,-206000000.0,354000000.0,354000000.0,4138000000.0,404000000.0,1.352,20.991,3518000000.0,212000000.0,3306000000.0,3518000000.0,0.0,340000000.0,0.0,0.006,0.12,677000000.0,1017000000.0,0.192,1017000000.0,677000000.0,497000000.0,2.5,2.38,2.5,342000000.0,190500000.0,342000000.0,6372048516.0,9.0,6.266,452000000.0,2.851,1.0,1169000000.0,0.22,1415000000.0,180000000.0,7285000000.0,7054500000.0,678000000.0,793000000.0,0.0,793000000.0,7179000000.0,1985000000.0,5194000000.0,3325048516.0,-1426000000.0,-728000000.0,0.0,-194000000.0,-30000000.0,-1104000000.0,-908000000.0,-7000000.0,658000000.0,-72000000.0,404000000.0,393000000.0,393000000.0,-76000000.0,0.0,0.074,670000000.0,499000000.0,750000000.0,0.048,9.722,8.461,8.388,2035000000.0,11000000.0,20.97,0.627,0.627,1543000000.0,132000000.0,5307000000.0,5307000000.0,80000000.0,0.053,2.063,0.096,0.128,0.0,491000000.0,1.0,158562161.0,158562161,171487669.0,33.47,6106000000.0,156000000.0,93000000.0,548000000.0,38.509,699000000.0
63,CE,MRT,2005-12-31,2005-12-31,2005-12-31,2021-10-22,-126000000.0,7445000000.0,7646000000.0,2568000000.0,4877000000.0,0.689,1.522,-203000000.0,390000000.0,390000000.0,4064000000.0,277000000.0,1.276,30.681,3437000000.0,155000000.0,3282000000.0,3437000000.0,0.0,325000000.0,0.0,0.004,0.08,619000000.0,944000000.0,0.179,944000000.0,619000000.0,334000000.0,1.73,1.67,1.73,235000000.0,120250000.0,235000000.0,6126708518.0,10.0,6.49,498000000.0,3.225,1.0,1206000000.0,0.229,1430000000.0,285000000.0,7049000000.0,6765750000.0,650000000.0,775000000.0,0.0,775000000.0,7210000000.0,2013000000.0,5197000000.0,3031708518.0,-448000000.0,-870000000.0,764000000.0,-233000000.0,-21000000.0,-144000000.0,-907000000.0,72000000.0,701000000.0,-98000000.0,277000000.0,267000000.0,267000000.0,-63000000.0,0.0,0.051,720000000.0,486000000.0,811000000.0,0.046,12.901,11.355,11.052,2031000000.0,10000000.0,19.12,0.575,0.56,1400000000.0,24000000.0,5270000000.0,5270000000.0,86000000.0,0.035,2.22,0.091,0.117,0.0,512000000.0,1.0,158562161.0,154402575,166200048.0,34.132,6015000000.0,176000000.0,57000000.0,545000000.0,38.957,555000000.0
64,CE,MRT,2005-09-30,2005-09-30,2005-09-30,2021-10-22,-134000000.0,7340000000.0,7637250000.0,2610000000.0,4730000000.0,0.751,0.372,-146000000.0,401000000.0,401000000.0,4448000000.0,45000000.0,1.351,123.407,3496000000.0,181000000.0,3315000000.0,3496000000.0,0.0,231000000.0,0.0,0.002,0.04,523000000.0,754000000.0,0.131,754000000.0,523000000.0,135000000.0,0.01,-0.01,0.01,59000000.0,33500000.0,59000000.0,5168897817.0,10.0,6.855,196000000.0,1.236,1.0,1286000000.0,0.224,1435000000.0,388000000.0,7068000000.0,6707750000.0,625000000.0,551000000.0,0.0,551000000.0,7281000000.0,1932000000.0,5349000000.0,2734897817.0,-418000000.0,-773000000.0,764000000.0,-33000000.0,495000000.0,160000000.0,-865000000.0,55000000.0,342000000.0,-55000000.0,45000000.0,38000000.0,38000000.0,-14000000.0,0.0,0.007,860000000.0,426000000.0,698000000.0,4.0,46.354,71.971,1725.0,1982000000.0,7000000.0,17.25,0.477,0.477,1466000000.0,-151000000.0,5734000000.0,5734000000.0,90000000.0,0.005,1.134,0.078,0.091,-1000000.0,614000000.0,1.0,158544801.0,158546594,171930270.0,36.166,5905000000.0,104000000.0,90000000.0,462000000.0,37.245,678000000.0
65,CE,MRT,2005-06-30,2005-06-30,2005-06-30,2021-10-22,-28000000.0,7396000000.0,,3207000000.0,4189000000.0,,0.795,-183000000.0,959000000.0,959000000.0,4213000000.0,-71000000.0,1.77,57.698,3393000000.0,140000000.0,3253000000.0,3393000000.0,0.0,240000000.0,0.0,0.0,0.0,454000000.0,694000000.0,0.127,694000000.0,454000000.0,40000000.0,-0.96,-0.98,-0.96,126000000.0,,126000000.0,4220276888.0,9.0,6.081,52000000.0,0.328,1.0,1260000000.0,0.23,1202000000.0,414000000.0,6816000000.0,,586000000.0,543000000.0,0.0,543000000.0,7270000000.0,1812000000.0,5458000000.0,2519276888.0,243000000.0,-154000000.0,764000000.0,900000000.0,1000000.0,356000000.0,-300000000.0,42000000.0,235000000.0,-48000000.0,-71000000.0,-75000000.0,-75000000.0,-16000000.0,0.0,-0.014,904000000.0,356000000.0,682000000.0,0.0,19.994,-33.59,-16.552,1756000000.0,4000000.0,15.89,0.46,0.46,1478000000.0,-196000000.0,5473000000.0,5473000000.0,91000000.0,,,,0.083,-1000000.0,623000000.0,1.0,158544801.0,158530397,170530397.0,34.523,6194000000.0,111000000.0,111000000.0,471000000.0,39.071,1395000000.0
66,CE,MRT,2005-03-31,2005-03-31,2005-03-31,2021-10-22,-28000000.0,8403000000.0,,4112000000.0,4291000000.0,,0.43,-200000000.0,1738000000.0,1738000000.0,4106000000.0,-263000000.0,1.469,136.754,3439000000.0,139000000.0,3300000000.0,3439000000.0,0.0,244000000.0,0.0,0.0,0.0,291000000.0,535000000.0,0.103,535000000.0,291000000.0,-185000000.0,-2.63,-2.63,-2.63,61000000.0,,61000000.0,5400256706.0,19.0,10.094,-220000000.0,-1.552,1.0,1090000000.0,0.21,1175000000.0,476000000.0,6130000000.0,,641000000.0,567000000.0,0.0,567000000.0,8342000000.0,2799000000.0,5543000000.0,2851256706.0,1738000000.0,-1745000000.0,764000000.0,2723000000.0,0.0,3671000000.0,-1916000000.0,36000000.0,-20000000.0,3000000.0,-263000000.0,-265000000.0,-265000000.0,-15000000.0,0.0,-0.051,862000000.0,228000000.0,778000000.0,0.0,46.742,-10.759,-6.84,1839000000.0,2000000.0,17.99,0.549,0.491,1542000000.0,-263000000.0,5196000000.0,5196000000.0,90000000.0,,,,0.056,0.0,613000000.0,1.0,158491201.0,141742428,141742428.0,36.658,7228000000.0,131000000.0,78000000.0,493000000.0,50.994,1313000000.0
67,CE,MRT,2004-12-31,2004-12-31,2004-12-31,2021-10-22,-17000000.0,7410000000.0,7112000000.0,3151000000.0,4259000000.0,,-1.127,,838000000.0,838000000.0,,,1.579,-67.161,3387000000.0,144000000.0,3243000000.0,3387000000.0,0.0,,0.0,,0.0,,,,,,,,,,-112000000.0,1235000000.0,-112000000.0,,,,,,1.0,,,1147000000.0,,6817000000.0,5520000000.0,604000000.0,833000000.0,0.0,833000000.0,7522000000.0,1995000000.0,5527000000.0,,,,,,,,,,,,,,,,,,,,716000000.0,,,,,1702000000.0,,,,,1513000000.0,-253000000.0,,,,,,,,,,1.0,158675271.0,99377884,,,6263000000.0,125000000.0,,490000000.0,63.022,1156000000.0
68,CE,MRT,2004-09-30,2004-09-30,2004-09-30,2021-10-22,,,,,,,,,,,,,,,,,,,,,,,0.0,,,,,,,,,,,,,,,,,,1.0,,,,,,,,,,,,,,,,,,,,,,,,,,,,,,,,,,,,,,,,,,,,,,,,,,,,,,1.0,158675271.0,99377884,,,,,,,,
69,CE,MRT,2004-06-30,2004-06-30,2004-06-30,2021-10-22,,,,,,,,,,,,,,,,,,,,,,,0.0,,,,,,,,,,,,,,,,,,1.0,,,,,,,,,,,,,,,,,,,,,,,,,,,,,,,,,,,,,,,,,,,,,,,,,,,,,,1.0,158675271.0,99377884,,,,,,,,
70,CE,MRT,2003-12-31,2003-12-31,2003-12-31,2021-10-22,-198000000.0,6814000000.0,6615500000.0,2251000000.0,4563000000.0,0.696,52.219,-211000000.0,148000000.0,148000000.0,3883000000.0,148000000.0,1.141,1.639,637000000.0,148000000.0,489000000.0,637000000.0,0.0,294000000.0,0.0,,0.0,257000000.0,551000000.0,0.12,551000000.0,257000000.0,208000000.0,2.99,2.99,2.99,2582000000.0,2339000000.0,2582000000.0,,,,190000000.0,3.843,1.0,720000000.0,0.156,1108000000.0,49000000.0,4223000000.0,4072000000.0,509000000.0,561000000.0,0.0,561000000.0,4232000000.0,1972000000.0,2260000000.0,,24000000.0,2000000.0,-15000000.0,-68000000.0,-25000000.0,-108000000.0,-275000000.0,-63000000.0,401000000.0,6000000.0,148000000.0,148000000.0,148000000.0,-6000000.0,0.0,0.032,598000000.0,122000000.0,590000000.0,0.0,,,,1710000000.0,0.0,,,,1311000000.0,25000000.0,4603000000.0,4603000000.0,89000000.0,0.022,0.063,0.063,0.056,65000000.0,510000000.0,1.0,158675271.0,49445958,49457145.0,93.092,5706000000.0,673000000.0,60000000.0,384000000.0,115.399,279000000.0
71,CE,MRT,2002-12-31,2002-12-31,2002-12-31,2021-10-22,-527000000.0,6417000000.0,,2067000000.0,4350000000.0,,41.646,-203000000.0,124000000.0,124000000.0,3171000000.0,168000000.0,1.07,2.062,644000000.0,204000000.0,440000000.0,644000000.0,0.0,247000000.0,0.0,,0.0,228000000.0,475000000.0,0.124,475000000.0,228000000.0,173000000.0,3.34,3.34,3.34,2096000000.0,,2096000000.0,,,,160000000.0,3.179,1.0,665000000.0,0.173,1085000000.0,55000000.0,3921000000.0,,505000000.0,476000000.0,0.0,476000000.0,4321000000.0,1931000000.0,2390000000.0,,81000000.0,102000000.0,-6000000.0,-144000000.0,0.0,-150000000.0,-139000000.0,-22000000.0,363000000.0,7000000.0,168000000.0,168000000.0,168000000.0,-27000000.0,0.0,0.044,495000000.0,170000000.0,572000000.0,0.0,,,,1593000000.0,0.0,,,,1129000000.0,-98000000.0,3836000000.0,3836000000.0,65000000.0,,,,0.059,5000000.0,446000000.0,1.0,,50329346,50329346.0,76.218,5332000000.0,714000000.0,5000000.0,486000000.0,105.942,136000000.0
72,CE,MRT,2001-12-31,2001-12-31,2001-12-31,2021-10-22,,,,,,,,-191000000.0,,,3409000000.0,-365000000.0,,,,,,,,326000000.0,,,0.0,-423000000.0,-97000000.0,-0.024,-97000000.0,-423000000.0,-495000000.0,-7.25,-7.25,-7.25,,,,,,,271000000.0,5.384,1.0,561000000.0,0.141,,72000000.0,,,,,,,,,,,21000000.0,41000000.0,0.0,-319000000.0,-18000000.0,-337000000.0,-105000000.0,45000000.0,462000000.0,1000000.0,-365000000.0,-365000000.0,-365000000.0,52000000.0,0.0,-0.092,979000000.0,-418000000.0,,0.0,,,,,0.0,,,,,,3970000000.0,3970000000.0,74000000.0,,,,-0.107,10000000.0,489000000.0,1.0,,50331847,50331847.0,78.877,,,-130000000.0,,,
