None,ticker,dimension,calendardate,datekey,reportperiod,lastupdated,accoci,assets,assetsavg,assetsc,assetsnc,assetturnover,bvps,capex,cashneq,cashnequsd,cor,consolinc,currentratio,de,debt,debtc,debtnc,debtusd,deferredrev,depamor,deposits,divyield,dps,ebit,ebitda,ebitdamargin,ebitdausd,ebitusd,ebt,eps,epsdil,epsusd,equity,equityavg,equityusd,ev,evebit,evebitda,fcf,fcfps,fxusd,gp,grossmargin,intangibles,intexp,invcap,invcapavg,inventory,investments,investmentsc,investmentsnc,liabilities,liabilitiesc,liabilitiesnc,marketcap,ncf,ncfbus,ncfcommon,ncfdebt,ncfdiv,ncff,ncfi,ncfinv,ncfo,ncfx,netinc,netinccmn,netinccmnusd,netincdis,netincnci,netmargin,opex,opinc,payables,payoutratio,pb,pe,pe1,ppnenet,prefdivis,price,ps,ps1,receivables,retearn,revenue,revenueusd,rnd,roa,roe,roic,ros,sbcomp,sgna,sharefactor,sharesbas,shareswa,shareswadil,sps,tangibles,taxassets,taxexp,taxliabilities,tbvps,workingcapital
0,TYL,MRY,2020-12-31,2020-12-31,2020-12-31,2021-08-03,-46000.0,2607274000.0,2425352250.0,1113070000.0,1494204000.0,0.46,49.25,-28466000.0,603623000.0,603623000.0,574151000.0,194820000.0,1.973,0.313,22183000.0,5904000.0,16279000.0,22183000.0,461378000.0,81657000.0,0.0,0.0,0.0,175042000.0,256699000.0,0.23,256699000.0,175042000.0,175042000.0,4.87,4.69,4.87,1986111000.0,1856604000.0,1986111000.0,17103475611.0,98.0,66.629,326623000.0,8.099,1.0,542512000.0,0.486,1169617000.0,0.0,291940000.0,304479250.0,0.0,154827000.0,72187000.0,82640000.0,621163000.0,564277000.0,56886000.0,17603510611.0,370941000.0,-1292000.0,119791000.0,0.0,0.0,114172000.0,-98320000.0,-68876000.0,355089000.0,0.0,194820000.0,194820000.0,194820000.0,0.0,0.0,0.174,369586000.0,172926000.0,14011000.0,0.0,8.863,90.358,89.634,186738000.0,0.0,436.52,15.764,15.764,403736000.0,1112156000.0,1116663000.0,1116663000.0,88363000.0,0.08,0.105,0.575,0.157,67365000.0,259561000.0,1.0,40326928.0,40326928,,27.69,1437657000.0,21598000.0,-19778000.0,40507000.0,35.65,548793000.0
1,TYL,MRY,2019-12-31,2019-12-31,2019-12-31,2021-08-03,-46000.0,2191614000.0,2026359000.0,679697000.0,1511917000.0,0.536,41.477,-42040000.0,232682000.0,232682000.0,569527000.0,146527000.0,1.335,0.355,23209000.0,6387000.0,16822000.0,23209000.0,412694000.0,76672000.0,0.0,0.0,0.0,159838000.0,236510000.0,0.218,236510000.0,159838000.0,159838000.0,3.79,3.65,3.79,1617058000.0,1479257500.0,1617058000.0,11559809028.0,72.0,48.877,212680000.0,5.455,1.0,516900000.0,0.476,1219031000.0,0.0,254017000.0,288681250.0,0.0,81634000.0,39399000.0,42235000.0,574556000.0,509093000.0,65463000.0,11696700028.0,98403000.0,-218734000.0,88698000.0,0.0,0.0,88698000.0,-245015000.0,16054000.0,254720000.0,0.0,146527000.0,146527000.0,146527000.0,0.0,0.0,0.135,360533000.0,156367000.0,14977000.0,0.0,7.233,79.826,79.161,190853000.0,0.0,300.02,10.766,10.766,396521000.0,917336000.0,1086427000.0,1086427000.0,81342000.0,0.072,0.099,0.554,0.147,59967000.0,257746000.0,1.0,38986401.0,38986401,,27.867,972583000.0,6482000.0,13311000.0,48442000.0,24.947,170604000.0
2,TYL,MRY,2018-12-31,2018-12-31,2018-12-31,2021-08-03,-46000.0,1790963000.0,1760242000.0,518858000.0,1272105000.0,0.531,34.125,-27424000.0,134279000.0,134279000.0,495704000.0,147462000.0,1.224,0.352,0.0,0.0,0.0,0.0,350936000.0,61759000.0,0.0,0.0,0.0,155870000.0,217629000.0,0.233,217629000.0,155870000.0,155870000.0,3.84,3.68,3.84,1324846000.0,1337118750.0,1324846000.0,6994685616.0,45.0,32.14,222779000.0,5.738,1.0,439578000.0,0.47,1030570000.0,0.0,202212000.0,223497250.0,0.0,44306000.0,44306000.0,0.0,466117000.0,423902000.0,42215000.0,7214137616.0,-51647000.0,-178093000.0,-63595000.0,0.0,0.0,-63595000.0,-238255000.0,-34420000.0,250203000.0,0.0,147462000.0,147462000.0,147462000.0,0.0,0.0,0.158,287086000.0,152492000.0,6910000.0,0.0,5.445,48.922,48.391,155177000.0,0.0,185.82,7.713,7.713,314932000.0,771925000.0,935282000.0,935282000.0,63264000.0,0.084,0.11,0.697,0.167,52740000.0,207605000.0,1.0,38823257.0,38823257,,24.091,760393000.0,4697000.0,8408000.0,41791000.0,19.586,94956000.0
3,TYL,MRY,2017-12-31,2017-12-31,2017-12-31,2021-08-03,-46000.0,1611351000.0,1474664750.0,520815000.0,1090536000.0,0.57,31.722,-43057000.0,185926000.0,185926000.0,441522000.0,169571000.0,1.402,0.352,0.0,0.0,0.0,0.0,299887000.0,53395000.0,0.0,0.0,0.0,163456000.0,216851000.0,0.258,216851000.0,163456000.0,163456000.0,4.55,4.32,4.55,1191736000.0,1063488250.0,1191736000.0,6526836010.0,40.0,30.098,152698000.0,4.065,1.0,399377000.0,0.475,887604000.0,0.0,166359000.0,113856250.0,0.0,43159000.0,43159000.0,0.0,419615000.0,371462000.0,48153000.0,6651439010.0,149775000.0,-11344000.0,49415000.0,-10000000.0,0.0,39415000.0,-85395000.0,-30993000.0,195755000.0,0.0,169571000.0,169571000.0,169571000.0,0.0,0.0,0.202,236619000.0,162758000.0,8174000.0,0.0,5.581,39.225,38.912,152315000.0,0.0,177.05,7.91,7.91,258295000.0,624463000.0,840899000.0,840899000.0,47324000.0,0.115,0.159,1.436,0.194,37348000.0,175914000.0,1.0,37568139.0,37568139,,22.383,723747000.0,11339000.0,-6115000.0,46879000.0,19.265,149353000.0
4,TYL,MRY,2016-12-31,2016-12-31,2016-12-31,2021-08-03,-46000.0,1357945000.0,1360443000.0,282960000.0,1074985000.0,0.559,24.996,-37726000.0,36151000.0,36151000.0,400692000.0,113701000.0,0.783,0.483,10000000.0,0.0,10000000.0,10000000.0,300357000.0,49773000.0,0.0,0.0,0.0,135658000.0,185431000.0,0.244,185431000.0,135658000.0,135658000.0,3.12,2.92,3.12,915525000.0,854769250.0,915525000.0,5239979898.0,39.0,28.258,154133000.0,4.208,1.0,359188000.0,0.473,917496000.0,0.0,52797000.0,137039750.0,0.0,20273000.0,20273000.0,0.0,442420000.0,361501000.0,80919000.0,5229293898.0,3064000.0,-9394000.0,-82075000.0,-56000000.0,0.0,-138075000.0,-50720000.0,-3479000.0,191859000.0,0.0,113701000.0,113701000.0,113701000.0,0.0,0.0,0.15,221532000.0,137656000.0,7295000.0,0.0,5.712,45.992,45.76,124268000.0,0.0,142.77,6.882,6.882,202814000.0,435876000.0,759880000.0,759880000.0,43154000.0,0.084,0.133,0.99,0.179,29747000.0,165176000.0,1.0,36627400.0,36627400,,20.746,440449000.0,2895000.0,21957000.0,68779000.0,12.025,-78541000.0
5,TYL,MRY,2015-12-31,2015-12-31,2015-12-31,2021-08-03,-46000.0,1356570000.0,812342000.0,268215000.0,1088355000.0,0.728,25.306,-12501000.0,33087000.0,33087000.0,313835000.0,64869000.0,0.795,0.58,66000000.0,0.0,66000000.0,66000000.0,284742000.0,19574000.0,0.0,0.0,0.0,108424000.0,127998000.0,0.217,127998000.0,108424000.0,108424000.0,1.9,1.77,1.9,858857000.0,514239250.0,858857000.0,5677632480.0,52.0,44.357,121826000.0,3.59,1.0,277187000.0,0.469,949044000.0,0.0,102867000.0,48749500.0,0.0,28423000.0,13423000.0,15000000.0,497713000.0,337572000.0,160141000.0,5916246480.0,-173080000.0,-339961000.0,27186000.0,63866000.0,0.0,91052000.0,-398459000.0,-46007000.0,134327000.0,0.0,64869000.0,64869000.0,64869000.0,0.0,0.0,0.11,169144000.0,108043000.0,6789000.0,0.0,6.889,91.203,91.747,101112000.0,0.0,174.32,10.01,10.01,179137000.0,326019000.0,591022000.0,591022000.0,29922000.0,0.08,0.126,2.224,0.183,20182000.0,133317000.0,1.0,33939000.0,33939000,,17.414,407526000.0,21080000.0,43555000.0,91026000.0,12.008,-69357000.0
6,TYL,MRY,2014-12-31,2014-12-31,2014-12-31,2021-08-03,-46000.0,569812000.0,503283250.0,337036000.0,232776000.0,0.98,10.201,-9343000.0,206167000.0,206167000.0,259730000.0,58940000.0,1.448,0.691,0.0,0.0,0.0,0.0,189212000.0,14605000.0,0.0,0.0,0.0,94467000.0,109072000.0,0.221,109072000.0,94467000.0,94467000.0,1.79,1.66,1.79,336973000.0,291536750.0,336973000.0,3457809960.0,37.0,31.702,133496000.0,4.041,1.0,233371000.0,0.473,158864000.0,0.0,-28058000.0,-372500.0,0.0,0.0,0.0,0.0,232839000.0,232839000.0,0.0,3615240960.0,127291000.0,-3242000.0,-3993000.0,0.0,0.0,-3993000.0,-11555000.0,808000.0,142839000.0,0.0,58940000.0,58940000.0,58940000.0,0.0,0.0,0.12,138549000.0,94822000.0,4119000.0,0.0,10.729,61.338,61.14,65910000.0,0.0,109.44,7.332,7.332,114421000.0,261150000.0,493101000.0,493101000.0,25743000.0,0.117,0.202,-253.603,0.192,14819000.0,108260000.0,1.0,33034000.0,33034000,,14.927,410948000.0,5523000.0,35527000.0,0.0,12.44,104197000.0
7,TYL,MRY,2013-12-31,2013-12-31,2013-12-31,2021-08-03,-46000.0,444488000.0,380551250.0,217235000.0,227253000.0,1.095,7.639,-26858000.0,78876000.0,78876000.0,223440000.0,39101000.0,1.131,0.805,0.0,0.0,0.0,0.0,156738000.0,13786000.0,0.0,0.0,0.0,65819000.0,79605000.0,0.191,79605000.0,65819000.0,65819000.0,1.23,1.13,1.23,246319000.0,198575000.0,246319000.0,3241060850.0,49.0,40.714,39232000.0,1.217,1.0,193203000.0,0.464,159997000.0,0.0,13505000.0,6709000.0,0.0,0.0,0.0,0.0,198169000.0,192110000.0,6059000.0,3293181850.0,72470000.0,-181000.0,21831000.0,-18000000.0,0.0,32038000.0,-25658000.0,1090000.0,66090000.0,0.0,39101000.0,39101000.0,39101000.0,0.0,0.0,0.094,126075000.0,67128000.0,2533000.0,0.0,13.37,84.222,83.033,64844000.0,0.0,102.13,7.904,7.904,107158000.0,202210000.0,416643000.0,416643000.0,23269000.0,0.103,0.197,9.811,0.158,-16554000.0,98289000.0,1.0,32245000.0,32245000,,12.921,284491000.0,17480000.0,26718000.0,6059000.0,8.823,25125000.0
8,TYL,MRY,2012-12-31,2012-12-31,2012-12-31,2021-08-03,-268000.0,338666000.0,308242250.0,122053000.0,216613000.0,1.179,4.755,-9102000.0,6406000.0,6406000.0,195602000.0,32994000.0,0.719,1.331,18000000.0,0.0,18000000.0,18000000.0,140550000.0,12711000.0,0.0,0.0,0.0,53868000.0,66579000.0,0.183,66579000.0,53868000.0,53868000.0,1.09,1.0,1.09,145299000.0,112665500.0,145299000.0,1508174960.0,28.0,22.652,49566000.0,1.622,1.0,167702000.0,0.462,166811000.0,0.0,13714000.0,40837000.0,0.0,2037000.0,0.0,2037000.0,193367000.0,169735000.0,23632000.0,1480277960.0,5080000.0,-25680000.0,15084000.0,-42700000.0,0.0,-18852000.0,-34736000.0,75000.0,58668000.0,0.0,32994000.0,32994000.0,32994000.0,0.0,0.0,0.091,111125000.0,56577000.0,3167000.0,0.0,10.188,44.865,44.44,45381000.0,0.0,48.44,4.074,4.074,100399000.0,163109000.0,363304000.0,363304000.0,20140000.0,0.107,0.293,1.319,0.148,-1353000.0,86706000.0,1.0,30559000.0,30559000,,11.889,171855000.0,6361000.0,20874000.0,5632000.0,5.624,-47682000.0
9,TYL,MRY,2011-12-31,2011-12-31,2011-12-31,2021-08-03,-355000.0,295391000.0,271171000.0,107092000.0,188299000.0,1.141,2.498,-12278000.0,1326000.0,1326000.0,167479000.0,27557000.0,0.706,2.782,60700000.0,0.0,60700000.0,60700000.0,123678000.0,10676000.0,0.0,0.0,0.0,44113000.0,54789000.0,0.177,54789000.0,44113000.0,44113000.0,0.88,0.83,0.88,78110000.0,88917500.0,78110000.0,947408540.0,21.0,17.292,44157000.0,1.412,1.0,141912000.0,0.459,141722000.0,0.0,61403000.0,50872250.0,0.0,1978000.0,25000.0,1953000.0,217281000.0,151640000.0,65641000.0,894688540.0,-788000.0,-17298000.0,-66204000.0,34200000.0,0.0,-28414000.0,-28809000.0,50000.0,56435000.0,0.0,27557000.0,27557000.0,27557000.0,0.0,0.0,0.089,95395000.0,46517000.0,3211000.0,0.0,11.454,32.467,34.216,40915000.0,0.0,30.11,2.892,3.043,92107000.0,130115000.0,309391000.0,309391000.0,16414000.0,0.102,0.31,0.867,0.143,2663000.0,75650000.0,1.0,29714000.0,31267000,33154000.0,9.895,153669000.0,5095000.0,16556000.0,4941000.0,4.915,-44548000.0
10,TYL,MRY,2010-12-31,2010-12-31,2010-12-31,2021-08-03,-275000.0,264032000.0,264861500.0,98449000.0,165583000.0,1.09,3.139,-4930000.0,2114000.0,2114000.0,160311000.0,25054000.0,0.79,1.468,26500000.0,0.0,26500000.0,26500000.0,102590000.0,10788000.0,0.0,0.0,0.0,39899000.0,50687000.0,0.176,50687000.0,39899000.0,39899000.0,0.74,0.71,0.74,106972000.0,120828750.0,106972000.0,679664800.0,17.0,13.409,30420000.0,0.893,1.0,128317000.0,0.445,125138000.0,0.0,38631000.0,19694000.0,0.0,2151000.0,25000.0,2126000.0,157060000.0,124649000.0,32411000.0,669613800.0,-7582000.0,-9661000.0,-60711000.0,24473000.0,0.0,-34238000.0,-8694000.0,6075000.0,35350000.0,0.0,25054000.0,25054000.0,25054000.0,0.0,0.0,0.087,86676000.0,41641000.0,2626000.0,0.0,6.26,26.727,28.054,34851000.0,0.0,20.76,2.32,2.451,83091000.0,102558000.0,288628000.0,288628000.0,13971000.0,0.095,0.207,2.026,0.138,4132000.0,69480000.0,1.0,32255000.0,34075000,35528000.0,8.47,138894000.0,3106000.0,14845000.0,5911000.0,4.076,-26200000.0
11,TYL,MRY,2009-12-31,2009-12-31,2009-12-31,2021-08-03,-405000.0,270670000.0,259266500.0,109687000.0,160983000.0,1.12,3.813,-12352000.0,15696000.0,15696000.0,161523000.0,27010000.0,0.849,1.015,0.0,0.0,0.0,0.0,99116000.0,9497000.0,0.0,0.0,0.0,44638000.0,54135000.0,0.186,54135000.0,44638000.0,44638000.0,0.77,0.74,0.77,134358000.0,123810000.0,134358000.0,690654435.0,15.0,12.758,30589000.0,0.868,1.0,128763000.0,0.444,122029000.0,0.0,3692000.0,4713750.0,0.0,2026000.0,50000.0,1976000.0,136312000.0,129253000.0,7059000.0,696448435.0,7934000.0,-2934000.0,-14474000.0,-8000000.0,0.0,-21349000.0,-13658000.0,1582000.0,42941000.0,0.0,27010000.0,27010000.0,27010000.0,0.0,0.0,0.093,83979000.0,44784000.0,3807000.0,0.0,5.184,25.785,25.857,35750000.0,0.0,19.91,2.399,2.417,82263000.0,77504000.0,290286000.0,290286000.0,11159000.0,0.104,0.218,9.47,0.154,3920000.0,70115000.0,1.0,34979831.0,35240000,36624000.0,8.237,148641000.0,3338000.0,17628000.0,7279000.0,4.218,-19566000.0
12,TYL,MRY,2008-12-31,2008-12-31,2008-12-31,2021-08-03,-387000.0,251761000.0,257893250.0,97224000.0,154537000.0,1.028,3.03,-20143000.0,6844000.0,6844000.0,155314000.0,14862000.0,0.751,1.203,8000000.0,8000000.0,0.0,8000000.0,95773000.0,12611000.0,0.0,0.0,0.0,29276000.0,41887000.0,0.158,41887000.0,29276000.0,29276000.0,0.39,0.38,0.39,114262000.0,131163500.0,114262000.0,406376437.0,14.0,9.702,27659000.0,0.733,1.0,109787000.0,0.414,123812000.0,0.0,-364000.0,-7407500.0,0.0,4554000.0,775000.0,3779000.0,137499000.0,129469000.0,8030000.0,435237437.0,-7880000.0,-23868000.0,-56799000.0,8000000.0,0.0,-46128000.0,-9554000.0,35820000.0,47802000.0,0.0,14862000.0,14862000.0,14862000.0,0.0,0.0,0.056,81692000.0,28095000.0,2617000.0,0.0,3.809,29.285,30.718,26522000.0,0.0,11.98,1.642,1.704,77186000.0,50494000.0,265101000.0,265101000.0,7286000.0,0.058,0.113,-3.952,0.11,3154000.0,62923000.0,1.0,36330337.0,37714000,39184000.0,7.029,127949000.0,2570000.0,14414000.0,8196000.0,3.393,-32245000.0
13,TYL,MRY,2007-12-31,2007-12-31,2007-12-31,2021-08-03,0.0,241508000.0,224997250.0,131064000.0,110444000.0,0.977,3.542,-3845000.0,14104000.0,14104000.0,135371000.0,17501000.0,1.357,0.76,0.0,0.0,0.0,0.0,73714000.0,11211000.0,0.0,0.0,0.0,28580000.0,39791000.0,0.181,39791000.0,28580000.0,28580000.0,0.45,0.42,0.45,137211000.0,130323250.0,137211000.0,480753618.0,17.0,12.082,30266000.0,0.781,1.0,84425000.0,0.384,100045000.0,0.0,30785000.0,20561000.0,0.0,41590000.0,41590000.0,0.0,104297000.0,96574000.0,7723000.0,501038618.0,-7570000.0,-9005000.0,-9297000.0,0.0,0.0,-7406000.0,-34275000.0,-21565000.0,34111000.0,0.0,17501000.0,17501000.0,17501000.0,0.0,0.0,0.08,57645000.0,26780000.0,3323000.0,0.0,3.652,28.629,28.644,9826000.0,0.0,12.89,2.28,2.272,64363000.0,35632000.0,219796000.0,219796000.0,4443000.0,0.078,0.134,1.39,0.13,474000.0,51724000.0,1.0,38870335.0,38735000,41352000.0,5.674,141463000.0,2355000.0,11079000.0,8355000.0,3.652,34490000.0
14,TYL,MRY,2006-12-31,2006-12-31,2006-12-31,2021-08-03,-10000.0,220276000.0,204039500.0,111674000.0,108602000.0,0.957,3.243,-4324000.0,22174000.0,22174000.0,120499000.0,14362000.0,1.311,0.75,0.0,0.0,0.0,0.0,62387000.0,10102000.0,0.0,0.0,0.0,22855000.0,32957000.0,0.169,32957000.0,22855000.0,22855000.0,0.37,0.34,0.37,125875000.0,119650250.0,125875000.0,524725129.0,23.0,15.922,22480000.0,0.579,1.0,74804000.0,0.383,99371000.0,0.0,13546000.0,9728250.0,0.0,19543000.0,19543000.0,0.0,94401000.0,85185000.0,9216000.0,545777129.0,-3521000.0,-12237000.0,-6613000.0,0.0,0.0,-5999000.0,-24326000.0,-7771000.0,26804000.0,0.0,14362000.0,14362000.0,14362000.0,0.0,0.0,0.074,53029000.0,21775000.0,5063000.0,0.0,4.336,38.001,38.0,7390000.0,0.0,14.06,2.795,2.794,59863000.0,18131000.0,195303000.0,195303000.0,3322000.0,0.07,0.12,2.349,0.117,1346000.0,48389000.0,1.0,38817719.0,38817000,41868000.0,5.031,120905000.0,2579000.0,8493000.0,9216000.0,3.115,26489000.0
15,TYL,MRY,2005-12-31,2005-12-31,2005-12-31,2021-08-03,0.0,194437000.0,184730250.0,96364000.0,98073000.0,0.923,2.845,-2736000.0,20733000.0,20733000.0,108970000.0,8193000.0,1.358,0.733,0.0,0.0,0.0,0.0,51304000.0,10443000.0,0.0,0.0,0.0,13625000.0,24068000.0,0.141,24068000.0,13625000.0,13625000.0,0.21,0.19,0.21,112197000.0,111001750.0,112197000.0,324073320.0,24.0,13.465,18451000.0,0.468,1.0,61487000.0,0.361,90312000.0,0.0,12442000.0,14682500.0,0.0,16750000.0,16500000.0,250000.0,82240000.0,70950000.0,11290000.0,340143320.0,8160000.0,0.0,-14847000.0,0.0,0.0,-14847000.0,1820000.0,4582000.0,21187000.0,0.0,8193000.0,8193000.0,8193000.0,0.0,0.0,0.048,48768000.0,12719000.0,3330000.0,0.0,3.032,41.516,41.81,5759000.0,0.0,8.78,1.995,2.031,51191000.0,3769000.0,170457000.0,170457000.0,2421000.0,0.044,0.074,0.928,0.08,0.0,43821000.0,1.0,38740697.0,39439000,42075000.0,4.322,104125000.0,2128000.0,5432000.0,11579000.0,2.64,25414000.0
16,TYL,MRY,2004-12-31,2004-12-31,2004-12-31,2021-08-03,0.0,190487000.0,187173000.0,77238000.0,113249000.0,0.92,2.868,-6842000.0,12573000.0,12573000.0,108432000.0,10128000.0,1.307,0.609,0.0,0.0,0.0,0.0,41541000.0,11386000.0,0.0,0.0,0.0,17437000.0,28823000.0,0.167,28823000.0,17437000.0,17437000.0,0.25,0.23,0.25,118400000.0,119352000.0,118400000.0,332256091.0,19.0,11.527,15317000.0,0.371,1.0,63838000.0,0.371,97318000.0,0.0,21482000.0,19793750.0,0.0,21332000.0,13832000.0,7500000.0,72087000.0,59114000.0,12973000.0,344962091.0,2305000.0,-946000.0,-9905000.0,-35000.0,0.0,-9940000.0,-9914000.0,-2222000.0,22159000.0,0.0,10128000.0,10128000.0,10128000.0,0.0,0.0,0.059,46718000.0,17120000.0,2890000.0,0.0,2.914,34.06,33.44,6624000.0,0.0,8.36,2.002,2.004,45801000.0,-4424000.0,172270000.0,172270000.0,0.0,0.054,0.085,0.881,0.101,0.0,45451000.0,1.0,41263408.0,41288000,44566000.0,4.172,93169000.0,1611000.0,7309000.0,13996000.0,2.257,18124000.0
17,TYL,MRY,2003-12-31,2003-12-31,2003-12-31,2021-08-03,-32000.0,186396000.0,170798000.0,69843000.0,116553000.0,0.852,2.771,-8557000.0,10268000.0,10268000.0,90627000.0,26402000.0,1.263,0.581,0.0,0.0,0.0,0.0,37843000.0,9396000.0,0.0,0.0,0.0,39508000.0,48904000.0,0.336,48904000.0,39508000.0,39508000.0,0.62,0.59,0.62,117907000.0,115147250.0,117907000.0,377655996.0,10.0,7.722,13978000.0,0.329,1.0,54827000.0,0.377,101812000.0,0.0,19024000.0,16422250.0,0.0,19169000.0,11669000.0,7500000.0,68489000.0,55292000.0,13197000.0,392216996.0,-3476000.0,27224000.0,-22431000.0,-2990000.0,0.0,-25421000.0,-590000.0,-11758000.0,22535000.0,0.0,26402000.0,26402000.0,26402000.0,-424000.0,0.0,0.182,39315000.0,15512000.0,2378000.0,0.0,3.326,14.856,15.532,6927000.0,0.0,9.63,2.697,2.817,42517000.0,-14552000.0,145454000.0,145454000.0,0.0,0.155,0.229,2.406,0.272,0.0,38390000.0,1.0,40728660.0,42547000,45035000.0,3.419,84584000.0,1536000.0,13106000.0,13712000.0,1.988,14551000.0
18,TYL,MRY,2002-12-31,2002-12-31,2002-12-31,2021-08-03,7418000.0,169845000.0,163981500.0,52460000.0,117385000.0,0.817,2.517,-9718000.0,13744000.0,13744000.0,85915000.0,7989000.0,1.304,0.431,2550000.0,0.0,2550000.0,2550000.0,26208000.0,8522000.0,0.0,0.0,0.0,11858000.0,20380000.0,0.152,20380000.0,11858000.0,11858000.0,0.17,0.16,0.17,118656000.0,114743500.0,118656000.0,184755777.0,16.0,9.066,10127000.0,0.215,1.0,47982000.0,0.358,82886000.0,0.0,35539000.0,34174000.0,0.0,27196000.0,0.0,27196000.0,51189000.0,40226000.0,10963000.0,192723777.0,8473000.0,1807000.0,-2378000.0,-1020000.0,0.0,-3398000.0,-7974000.0,0.0,19845000.0,0.0,7989000.0,7989000.0,7989000.0,-1817000.0,0.0,0.06,37243000.0,10739000.0,2390000.0,0.0,1.624,24.124,24.529,6819000.0,0.0,4.17,1.439,1.468,33510000.0,-40954000.0,133897000.0,133897000.0,0.0,0.049,0.07,0.347,0.089,0.0,33914000.0,1.0,46216733.0,47136000,49493000.0,2.841,86959000.0,1197000.0,3869000.0,8413000.0,1.845,12234000.0
19,TYL,MRY,2001-12-31,2001-12-31,2001-12-31,2021-08-03,-4545000.0,146975000.0,146638500.0,45325000.0,101650000.0,0.81,2.138,-10679000.0,5271000.0,5271000.0,78797000.0,269000.0,1.144,0.457,2910000.0,0.0,2910000.0,2910000.0,27215000.0,10910000.0,0.0,0.0,0.0,1809000.0,12719000.0,0.107,12719000.0,1809000.0,1809000.0,0.01,0.01,0.01,100884000.0,101221000.0,100884000.0,213920126.0,118.0,16.819,2065000.0,0.044,1.0,40019000.0,0.337,82211000.0,0.0,22797000.0,28338000.0,0.0,11238000.0,0.0,11238000.0,46091000.0,39606000.0,6485000.0,214868126.0,-2946000.0,925000.0,230000.0,-6214000.0,0.0,-5984000.0,-9706000.0,0.0,12744000.0,0.0,269000.0,269000.0,269000.0,3000.0,0.0,0.002,37728000.0,2291000.0,2036000.0,0.0,2.13,798.766,455.0,6967000.0,0.0,4.55,1.808,1.807,35256000.0,-48943000.0,118816000.0,118816000.0,0.0,0.002,0.003,0.064,0.015,0.0,30830000.0,1.0,47223764.0,47181000,47984000.0,2.518,64764000.0,1480000.0,1540000.0,3575000.0,1.373,5719000.0
20,TYL,MRY,2000-12-31,2000-12-31,2000-12-31,2021-08-03,-10691000.0,150712000.0,225070000.0,49073000.0,101639000.0,0.417,2.118,-11560000.0,8217000.0,8217000.0,59658000.0,-24597000.0,1.151,0.568,8100000.0,353000.0,7747000.0,8100000.0,21066000.0,9686000.0,0.0,0.0,0.0,-22493000.0,-12807000.0,-0.136,-12807000.0,-22493000.0,-27407000.0,-0.54,-0.54,-0.54,96122000.0,110510500.0,96122000.0,148261265.0,-7.0,-11.577,-18686000.0,-0.412,1.0,34275000.0,0.365,84700000.0,4914000.0,23245000.0,83127250.0,0.0,5092000.0,0.0,5092000.0,54590000.0,42650000.0,11940000.0,78888265.0,6253000.0,76748000.0,9289000.0,-61311000.0,0.0,-52022000.0,65401000.0,0.0,-7126000.0,0.0,-24597000.0,-24597000.0,-24597000.0,17090000.0,0.0,-0.262,39708000.0,-5433000.0,4299000.0,0.0,0.821,-3.207,-3.13,6175000.0,0.0,1.69,0.84,0.816,36599000.0,-49212000.0,93933000.0,93933000.0,0.0,-0.109,-0.223,-0.271,-0.239,0.0,32805000.0,1.0,46679447.0,45380000,45380000.0,2.07,66012000.0,1792000.0,-2810000.0,4193000.0,1.455,6423000.0
21,TYL,MRY,1999-12-31,1999-12-31,1999-12-31,2021-08-03,17931000.0,250838000.0,212116500.0,41217000.0,209621000.0,0.337,3.552,-13225000.0,1987000.0,1987000.0,37027000.0,-2824000.0,1.108,0.806,62337000.0,807000.0,61530000.0,62337000.0,19707000.0,6111000.0,0.0,0.0,0.0,-540000.0,5571000.0,0.078,5571000.0,-540000.0,-2636000.0,-0.07,-0.07,-0.07,138904000.0,112073250.0,138904000.0,291688160.0,-540.0,52.358,-12510000.0,-0.32,1.0,34389000.0,0.482,85692000.0,2096000.0,188299000.0,110845500.0,0.0,33713000.0,0.0,33713000.0,111934000.0,37197000.0,74737000.0,235434160.0,927000.0,-10835000.0,0.0,24936000.0,0.0,24955000.0,-24743000.0,-1335000.0,715000.0,0.0,-2824000.0,-2824000.0,-2824000.0,858000.0,0.0,-0.04,34370000.0,19000.0,3860000.0,0.0,1.695,-83.369,-78.571,4867000.0,0.0,5.5,3.297,3.012,34244000.0,-24615000.0,71416000.0,71416000.0,0.0,-0.013,-0.025,-0.005,-0.008,0.0,27553000.0,1.0,42806211.0,39105000,39105000.0,1.826,165146000.0,5400000.0,188000.0,7890000.0,4.223,4020000.0
22,TYL,MRY,1998-12-31,1998-12-31,1998-12-31,2021-08-03,0.0,150094000.0,151454000.0,32553000.0,117541000.0,0.155,2.341,-4707000.0,1558000.0,1558000.0,13143000.0,-8360000.0,1.772,0.966,39065000.0,1876000.0,37189000.0,39065000.0,10148000.0,1992000.0,0.0,0.0,0.0,-8628000.0,-6636000.0,-0.283,-6636000.0,-8628000.0,-9012000.0,-0.26,-0.26,-0.26,76346000.0,81704250.0,76346000.0,244280766.0,-28.0,-36.811,-3051000.0,-0.094,1.0,10297000.0,0.439,95996000.0,384000.0,73239000.0,72014250.0,0.0,0.0,0.0,0.0,73748000.0,18366000.0,55382000.0,211077766.0,-7238000.0,-32113000.0,0.0,27904000.0,0.0,27893000.0,-36787000.0,0.0,1656000.0,0.0,-8360000.0,-8360000.0,-8360000.0,5896000.0,0.0,-0.357,13179000.0,-2882000.0,1190000.0,0.0,2.765,-25.249,-23.538,14147000.0,0.0,6.12,9.005,8.515,18041000.0,-21791000.0,23440000.0,23440000.0,0.0,-0.055,-0.102,-0.12,-0.368,0.0,8534000.0,1.0,34489831.0,32612000,32612000.0,0.719,54098000.0,2369000.0,-652000.0,10920000.0,1.659,14187000.0
23,TYL,MRY,1997-12-31,1997-12-31,1997-12-31,2021-08-03,0.0,47150000.0,53270000.0,28957000.0,18193000.0,0.0,1.532,-1429000.0,8364000.0,8364000.0,0.0,-3348000.0,6.485,0.501,0.0,0.0,0.0,0.0,0.0,116000.0,0.0,0.0,0.0,-4181000.0,-4065000.0,,-4065000.0,-4181000.0,-4266000.0,-0.16,-0.16,-0.16,31403000.0,31722000.0,31403000.0,,,,-7258000.0,-0.354,1.0,0.0,,0.0,85000.0,34321000.0,32893000.0,0.0,8328000.0,2628000.0,5700000.0,15747000.0,4465000.0,11282000.0,186899400.0,-5334000.0,5847000.0,1870000.0,0.0,0.0,2515000.0,-2020000.0,-5700000.0,-5829000.0,0.0,-3348000.0,-3348000.0,-3348000.0,2129000.0,0.0,,2959000.0,-2959000.0,11000.0,0.0,5.952,-55.824,-34.375,110000.0,0.0,5.5,,,4472000.0,-13431000.0,0.0,0.0,0.0,-0.063,-0.106,-0.127,,0.0,2959000.0,1.0,33981709.0,20498000,20498000.0,0.0,47150000.0,1330000.0,-918000.0,2745000.0,2.3,24492000.0
24,TYL,MRY,1996-12-31,1996-12-31,1996-12-31,2021-08-03,0.0,59390000.0,,35891000.0,23499000.0,,1.612,-3567000.0,15419000.0,15419000.0,0.0,-61330000.0,2.87,0.854,0.0,0.0,0.0,0.0,0.0,101000.0,0.0,0.0,0.0,-62720000.0,-62619000.0,,-62619000.0,-62720000.0,-62903000.0,-3.09,-3.09,-3.09,32041000.0,,32041000.0,,,,2917000.0,0.147,1.0,0.0,,0.0,183000.0,31465000.0,,17323000.0,0.0,0.0,0.0,27349000.0,12506000.0,14843000.0,,12632000.0,7599000.0,0.0,0.0,0.0,9000.0,6139000.0,0.0,6484000.0,0.0,-61330000.0,-61330000.0,-61330000.0,56349000.0,0.0,,6858000.0,-6858000.0,3313000.0,0.0,,,-0.608,5672000.0,0.0,1.88,,,5137000.0,-10083000.0,0.0,0.0,0.0,,,,,0.0,6858000.0,1.0,,19876000,19876000.0,0.0,59390000.0,2711000.0,-1573000.0,7068000.0,2.988,23385000.0
25,TYL,MRY,1995-12-31,1995-12-31,1995-12-31,2021-08-03,,,,,,,,58334000.0,,,51126000.0,-16973000.0,,,,,,,,2172000.0,,0.0,0.0,-16467000.0,-14295000.0,-0.165,-14295000.0,-16467000.0,-17470000.0,-0.85,-0.85,-0.85,,,,,,,74560000.0,3.753,1.0,35767000.0,0.412,,1003000.0,,,,,,,,,,,1646000.0,0.0,26000.0,-62700000.0,0.0,-62663000.0,48083000.0,0.0,16226000.0,0.0,-16973000.0,-16973000.0,-16973000.0,15531000.0,0.0,-0.195,36703000.0,-936000.0,,0.0,,,-3.235,,0.0,2.75,,0.629,,,86893000.0,86893000.0,0.0,,,,-0.19,0.0,36703000.0,1.0,,19869000,19869000.0,4.373,,,-497000.0,,,
0,TYL,MRQ,2021-06-30,2021-06-30,2021-06-30,2021-08-03,-46000.0,4641003000.0,,928928000.0,3712075000.0,,51.744,-13130000.0,216773000.0,216773000.0,222014000.0,25530000.0,1.213,1.202,1581249000.0,39666000.0,1541583000.0,1581249000.0,484550000.0,42364000.0,0.0,0.0,0.0,26092000.0,68456000.0,0.169,68456000.0,26092000.0,26092000.0,0.63,0.61,0.63,2107991000.0,,2107991000.0,17792246624.0,109.0,66.815,-33477000.0,-0.822,1.0,182061000.0,0.451,3372193000.0,0.0,1867507000.0,,0.0,130280000.0,51223000.0,79057000.0,2533012000.0,765779000.0,1767233000.0,18428966624.0,-1033979000.0,-1986853000.0,1473000.0,943893000.0,0.0,945366000.0,-1958998000.0,41065000.0,-20347000.0,0.0,25530000.0,25530000.0,25530000.0,0.0,0.0,0.063,143770000.0,38291000.0,106727000.0,0.0,8.742,118.222,116.891,205942000.0,0.0,452.37,14.535,14.535,599900000.0,1174662000.0,404075000.0,404075000.0,23428000.0,,,,,25175000.0,108922000.0,1.0,40738702.0,40738702,,9.919,1268810000.0,20404000.0,562000.0,220680000.0,31.145,163149000.0
1,TYL,MRQ,2021-03-31,2021-03-31,2021-03-31,2021-08-03,-46000.0,3231790000.0,,1700352000.0,1531438000.0,,50.792,-10040000.0,1250752000.0,1250752000.0,150595000.0,36976000.0,3.237,0.568,614032000.0,5913000.0,608119000.0,614032000.0,420618000.0,22646000.0,0.0,0.0,0.0,38296000.0,60942000.0,0.207,60942000.0,38296000.0,38296000.0,0.91,0.88,0.91,2060993000.0,,2060993000.0,16644599187.0,93.0,63.695,61663000.0,1.52,1.0,144207000.0,0.489,1172433000.0,0.0,897281000.0,,0.0,171940000.0,59030000.0,112910000.0,1170797000.0,525356000.0,645441000.0,17226039187.0,647129000.0,-12049000.0,21140000.0,593980000.0,0.0,615120000.0,-39694000.0,-17724000.0,71703000.0,0.0,36976000.0,36976000.0,36976000.0,0.0,0.0,0.125,105999000.0,38208000.0,12386000.0,0.0,8.358,93.495,92.49,188487000.0,0.0,424.53,15.178,15.178,354626000.0,1149132000.0,294802000.0,294802000.0,21813000.0,,,,,25724000.0,78774000.0,1.0,40576730.0,40576730,,7.265,2059357000.0,17066000.0,1320000.0,37239000.0,50.752,1174996000.0
2,TYL,MRQ,2020-12-31,2020-12-31,2020-12-31,2021-08-03,-46000.0,2607274000.0,,1113070000.0,1494204000.0,,49.25,-5086000.0,603623000.0,603623000.0,144616000.0,54094000.0,1.973,0.313,22183000.0,5904000.0,16279000.0,22183000.0,461378000.0,16678000.0,0.0,0.0,0.0,48412000.0,65090000.0,0.23,65090000.0,48412000.0,48412000.0,1.35,1.3,1.35,1986111000.0,,1986111000.0,17103475611.0,98.0,66.629,83675000.0,2.075,1.0,138669000.0,0.49,1169617000.0,0.0,291940000.0,,0.0,154827000.0,72187000.0,82640000.0,621163000.0,564277000.0,56886000.0,17603510611.0,84938000.0,-1031000.0,26334000.0,0.0,0.0,26334000.0,-30157000.0,-24341000.0,88761000.0,0.0,54094000.0,54094000.0,54094000.0,0.0,0.0,0.191,90633000.0,48036000.0,14011000.0,0.0,8.863,90.358,89.634,186738000.0,0.0,436.52,15.764,15.764,403736000.0,1112156000.0,283285000.0,283285000.0,22411000.0,,,,,13253000.0,62736000.0,1.0,40326928.0,40326928,,7.025,1437657000.0,21598000.0,-5682000.0,40507000.0,35.65,548793000.0
3,TYL,MRQ,2020-09-30,2020-09-30,2020-09-30,2021-08-03,-46000.0,2492163000.0,,990599000.0,1501564000.0,,47.17,-4417000.0,518685000.0,518685000.0,142237000.0,39284000.0,1.851,0.313,18650000.0,5780000.0,12870000.0,18650000.0,436622000.0,21866000.0,0.0,0.0,0.0,49936000.0,71802000.0,0.251,71802000.0,49936000.0,49936000.0,0.98,0.94,0.98,1898145000.0,,1898145000.0,13695337808.0,79.0,53.593,165391000.0,4.11,1.0,143509000.0,0.502,1182027000.0,0.0,275056000.0,,0.0,130873000.0,55595000.0,75278000.0,594018000.0,535045000.0,58973000.0,14026330808.0,167349000.0,0.0,11425000.0,0.0,0.0,11425000.0,-13884000.0,-9808000.0,169808000.0,0.0,39284000.0,39284000.0,39284000.0,0.0,0.0,0.137,93853000.0,49656000.0,11073000.0,0.0,7.389,74.801,73.536,186154000.0,0.0,348.56,12.499,12.499,387126000.0,1058062000.0,285746000.0,285746000.0,21642000.0,,,,,18424000.0,66819000.0,1.0,40240793.0,40240793,,7.101,1310136000.0,20752000.0,10652000.0,45985000.0,32.557,455554000.0
4,TYL,MRQ,2020-06-30,2020-06-30,2020-06-30,2021-08-03,-46000.0,2382596000.0,,873942000.0,1508654000.0,,46.007,-8299000.0,351336000.0,351336000.0,139888000.0,53892000.0,1.768,0.302,20343000.0,6217000.0,14126000.0,20343000.0,423204000.0,21671000.0,0.0,0.0,0.0,41811000.0,63482000.0,0.234,63482000.0,41811000.0,41811000.0,1.35,1.3,1.35,1829328000.0,,1829328000.0,13512449868.0,82.0,55.035,31515000.0,0.793,1.0,131203000.0,0.484,1194143000.0,0.0,363198000.0,,0.0,52352000.0,52352000.0,0.0,553268000.0,494262000.0,59006000.0,13792513868.0,49351000.0,0.0,48809000.0,0.0,0.0,48809000.0,-39272000.0,-30693000.0,39814000.0,0.0,53892000.0,53892000.0,53892000.0,0.0,0.0,0.199,89862000.0,41341000.0,8640000.0,0.0,7.54,73.123,72.267,191626000.0,0.0,346.88,12.405,12.405,426852000.0,1018778000.0,271091000.0,271091000.0,21949000.0,,,,,18386000.0,62521000.0,1.0,39761629.0,39761629,,6.818,1188453000.0,27935000.0,-12081000.0,44713000.0,29.889,379680000.0
5,TYL,MRQ,2020-03-31,2020-03-31,2020-03-31,2021-08-03,-46000.0,2219376000.0,,712220000.0,1507156000.0,,43.477,-10664000.0,301985000.0,301985000.0,147410000.0,47550000.0,1.6,0.296,21921000.0,6373000.0,15548000.0,21921000.0,366126000.0,21442000.0,0.0,0.0,0.0,34883000.0,56325000.0,0.204,56325000.0,34883000.0,34883000.0,1.2,1.16,1.2,1712832000.0,,1712832000.0,11473804760.0,72.0,47.95,46042000.0,1.169,1.0,129131000.0,0.467,1206534000.0,0.0,287723000.0,,0.0,38250000.0,38250000.0,0.0,506544000.0,445055000.0,61489000.0,11683277760.0,69303000.0,-261000.0,33223000.0,0.0,0.0,27604000.0,-15007000.0,-4034000.0,56706000.0,0.0,47550000.0,47550000.0,47550000.0,0.0,0.0,0.172,95238000.0,33893000.0,12958000.0,0.0,6.821,70.073,69.29,193452000.0,0.0,296.56,10.47,10.47,339538000.0,964886000.0,276541000.0,276541000.0,22361000.0,,,,,17302000.0,67485000.0,1.0,39396000.0,39396000,,7.02,1012842000.0,16657000.0,-12667000.0,45774000.0,25.709,267165000.0
6,TYL,MRQ,2019-12-31,2019-12-31,2019-12-31,2021-08-03,-46000.0,2191614000.0,,679697000.0,1511917000.0,,41.477,-9667000.0,232682000.0,232682000.0,146562000.0,46790000.0,1.335,0.355,23209000.0,6387000.0,16822000.0,23209000.0,412694000.0,16146000.0,0.0,0.0,0.0,47790000.0,63936000.0,0.221,63936000.0,47790000.0,47790000.0,1.21,1.16,1.21,1617058000.0,,1617058000.0,11559809028.0,72.0,48.877,66526000.0,1.706,1.0,142275000.0,0.493,1219031000.0,0.0,254017000.0,,0.0,81634000.0,39399000.0,42235000.0,574556000.0,509093000.0,65463000.0,11696700028.0,71244000.0,-18864000.0,36862000.0,0.0,0.0,36862000.0,-41811000.0,-13478000.0,76193000.0,0.0,46790000.0,46790000.0,46790000.0,0.0,0.0,0.162,97118000.0,45157000.0,14977000.0,0.0,7.233,79.826,79.161,190853000.0,0.0,300.02,10.766,10.766,396521000.0,917336000.0,288837000.0,288837000.0,21170000.0,,,,,15598000.0,70265000.0,1.0,38986401.0,38986401,,7.409,972583000.0,6482000.0,1000000.0,48442000.0,24.947,170604000.0
7,TYL,MRQ,2019-09-30,2019-09-30,2019-09-30,2021-08-03,-46000.0,2055089000.0,,569806000.0,1485283000.0,,39.385,-6089000.0,161438000.0,161438000.0,144683000.0,40390000.0,1.195,0.352,24547000.0,6413000.0,18134000.0,24547000.0,391801000.0,21231000.0,0.0,0.0,0.0,40552000.0,61783000.0,0.224,61783000.0,40552000.0,40552000.0,1.04,1.0,1.04,1519597000.0,,1519597000.0,10156602850.0,67.0,44.388,123984000.0,3.213,1.0,130717000.0,0.475,1203620000.0,0.0,237764000.0,,0.0,32931000.0,32931000.0,0.0,535492000.0,476814000.0,58678000.0,10127981850.0,150251000.0,-650000.0,42881000.0,-15000000.0,0.0,27881000.0,-7703000.0,-39000.0,130073000.0,0.0,40390000.0,40390000.0,40390000.0,0.0,0.0,0.147,90664000.0,40053000.0,9060000.0,0.0,6.665,77.143,76.979,190122000.0,0.0,262.5,9.742,9.742,368419000.0,870546000.0,275400000.0,275400000.0,21130000.0,,,,,14887000.0,63888000.0,1.0,38582788.0,38582788,,7.138,851469000.0,4000.0,162000.0,40303000.0,22.069,92992000.0
8,TYL,MRQ,2019-06-30,2019-06-30,2019-06-30,2021-08-03,-46000.0,1949431000.0,,453570000.0,1495861000.0,,37.078,-13274000.0,11187000.0,11187000.0,147264000.0,31999000.0,1.0,0.371,39808000.0,6039000.0,33769000.0,39808000.0,369039000.0,20822000.0,0.0,0.0,0.0,36419000.0,57241000.0,0.208,57241000.0,36419000.0,36419000.0,0.83,0.8,0.83,1421630000.0,,1421630000.0,8352838711.0,56.0,37.688,11223000.0,0.293,1.0,127860000.0,0.465,1213389000.0,0.0,310931000.0,,0.0,31184000.0,31184000.0,0.0,527801000.0,453732000.0,74069000.0,8282542711.0,-28250000.0,-90000.0,17864000.0,-70000000.0,0.0,-52136000.0,-611000.0,12885000.0,24497000.0,0.0,31999000.0,31999000.0,31999000.0,0.0,0.0,0.116,91194000.0,36666000.0,8062000.0,0.0,5.826,63.799,64.101,190499000.0,0.0,216.02,8.281,8.281,401890000.0,830156000.0,275124000.0,275124000.0,20101000.0,,,,,15066000.0,65827000.0,1.0,38341555.0,38341555,,7.176,736042000.0,0.0,4420000.0,39998000.0,19.197,-162000.0
9,TYL,MRQ,2019-03-31,2019-03-31,2019-03-31,2021-08-03,-46000.0,1909302000.0,,402274000.0,1507028000.0,,35.483,-13010000.0,39437000.0,39437000.0,131018000.0,27348000.0,0.997,0.405,109733000.0,5777000.0,103956000.0,109733000.0,320342000.0,18473000.0,0.0,0.0,0.0,35077000.0,53550000.0,0.217,53550000.0,35077000.0,35077000.0,0.71,0.69,0.71,1358745000.0,,1358745000.0,7692810200.0,51.0,35.348,10947000.0,0.286,1.0,116048000.0,0.47,1224205000.0,0.0,352013000.0,,0.0,36958000.0,36958000.0,0.0,550557000.0,403380000.0,147177000.0,7827089200.0,-94842000.0,-199130000.0,-8909000.0,85000000.0,0.0,76091000.0,-194890000.0,16686000.0,23957000.0,0.0,27348000.0,27348000.0,27348000.0,0.0,0.0,0.111,81557000.0,34491000.0,6011000.0,0.0,5.761,57.138,57.416,184684000.0,0.0,204.4,8.143,8.143,321801000.0,798157000.0,247066000.0,247066000.0,18941000.0,,,,,14416000.0,57766000.0,1.0,38293000.0,38293000,,6.452,685097000.0,0.0,7729000.0,50647000.0,17.891,-1106000.0
10,TYL,MRQ,2018-12-31,2018-12-31,2018-12-31,2021-08-03,-46000.0,1790963000.0,,518858000.0,1272105000.0,,34.125,-3964000.0,134279000.0,134279000.0,126110000.0,31552000.0,1.224,0.352,0.0,0.0,0.0,0.0,350936000.0,16132000.0,0.0,0.0,0.0,40107000.0,56239000.0,0.232,56239000.0,40107000.0,40107000.0,0.83,0.81,0.83,1324846000.0,,1324846000.0,6994685616.0,45.0,32.14,66886000.0,1.723,1.0,115871000.0,0.479,1030570000.0,0.0,202212000.0,,0.0,44306000.0,44306000.0,0.0,466117000.0,423902000.0,42215000.0,7214137616.0,-85173000.0,-10785000.0,-140109000.0,0.0,0.0,-140109000.0,-15914000.0,-1990000.0,70850000.0,0.0,31552000.0,31552000.0,31552000.0,0.0,0.0,0.13,76944000.0,38927000.0,6910000.0,0.0,5.445,48.922,48.391,155177000.0,0.0,185.82,7.713,7.713,314932000.0,771925000.0,241981000.0,241981000.0,17335000.0,,,,,14774000.0,55134000.0,1.0,38823257.0,38823257,,6.233,760393000.0,4697000.0,8555000.0,41791000.0,19.586,94956000.0
11,TYL,MRQ,2018-09-30,2018-09-30,2018-09-30,2021-08-03,-46000.0,1864622000.0,,601694000.0,1262928000.0,,36.794,-8508000.0,219452000.0,219452000.0,124441000.0,38924000.0,1.515,0.311,0.0,0.0,0.0,0.0,326914000.0,15978000.0,0.0,0.0,0.0,38626000.0,54604000.0,0.231,54604000.0,38626000.0,38626000.0,1.0,0.96,1.0,1422126000.0,,1422126000.0,9378661653.0,58.0,42.563,103615000.0,2.681,1.0,111626000.0,0.473,1032308000.0,0.0,215824000.0,,0.0,52349000.0,52349000.0,0.0,442496000.0,397038000.0,45458000.0,9471908653.0,126205000.0,-10156000.0,28437000.0,0.0,0.0,28437000.0,-14355000.0,3266000.0,112123000.0,0.0,38924000.0,38924000.0,38924000.0,0.0,0.0,0.165,74041000.0,37585000.0,4597000.0,0.0,6.66,52.013,51.161,156498000.0,0.0,245.06,10.397,10.397,294489000.0,740373000.0,236067000.0,236067000.0,17050000.0,,,,,14476000.0,52605000.0,1.0,38651386.0,38651386,,6.108,832314000.0,13281000.0,-298000.0,44965000.0,21.534,204656000.0
12,TYL,MRQ,2018-06-30,2018-06-30,2018-06-30,2021-08-03,-46000.0,1759759000.0,,501988000.0,1257771000.0,,35.006,-6057000.0,93247000.0,93247000.0,126784000.0,39161000.0,1.343,0.313,0.0,0.0,0.0,0.0,316869000.0,15537000.0,0.0,0.0,0.0,37700000.0,53237000.0,0.226,53237000.0,37700000.0,37700000.0,1.02,0.97,1.02,1340289000.0,,1340289000.0,8292985112.0,50.0,37.072,16542000.0,0.432,1.0,109276000.0,0.463,1033340000.0,0.0,259290000.0,,0.0,59459000.0,59459000.0,0.0,419470000.0,373882000.0,45588000.0,8503601112.0,-117369000.0,-157152000.0,26981000.0,0.0,0.0,26981000.0,-166949000.0,-2811000.0,22599000.0,0.0,39161000.0,39161000.0,39161000.0,0.0,0.0,0.166,72134000.0,37142000.0,4839000.0,0.0,6.345,46.718,45.983,154464000.0,0.0,222.1,9.558,9.558,311640000.0,701449000.0,236060000.0,236060000.0,15831000.0,,,,,12933000.0,52262000.0,1.0,38287263.0,38287263,,6.165,726419000.0,13100000.0,-1461000.0,44803000.0,18.973,128106000.0
13,TYL,MRQ,2018-03-31,2018-03-31,2018-03-31,2021-08-03,-46000.0,1625624000.0,,532636000.0,1092988000.0,,33.277,-8895000.0,210616000.0,210616000.0,118369000.0,37825000.0,1.667,0.289,0.0,0.0,0.0,0.0,268773000.0,14112000.0,0.0,0.0,0.0,39437000.0,53549000.0,0.242,53549000.0,39437000.0,39437000.0,1.0,0.95,1.0,1261214000.0,,1261214000.0,7809668960.0,47.0,35.371,35736000.0,0.943,1.0,102805000.0,0.465,878796000.0,0.0,216663000.0,,0.0,65858000.0,65858000.0,0.0,364410000.0,319549000.0,44861000.0,7995594960.0,24690000.0,0.0,21096000.0,0.0,0.0,21096000.0,-41037000.0,-32885000.0,44631000.0,0.0,37825000.0,37825000.0,37825000.0,0.0,0.0,0.171,63967000.0,38838000.0,6421000.0,0.0,6.34,45.787,45.173,154254000.0,0.0,210.96,9.272,9.272,228066000.0,662288000.0,221174000.0,221174000.0,13048000.0,,,,,10557000.0,47604000.0,1.0,37901000.0,37901000,,5.836,746828000.0,7286000.0,1612000.0,44220000.0,19.705,213087000.0
14,TYL,MRQ,2017-12-31,2017-12-31,2017-12-31,2021-08-03,-46000.0,1611351000.0,,520815000.0,1090536000.0,,31.722,-5323000.0,185926000.0,185926000.0,112351000.0,66196000.0,1.402,0.352,0.0,0.0,0.0,0.0,299887000.0,13695000.0,0.0,0.0,0.0,45261000.0,58956000.0,0.271,58956000.0,45261000.0,45261000.0,1.77,1.69,1.77,1191736000.0,,1191736000.0,6526836010.0,40.0,30.098,48051000.0,1.279,1.0,105350000.0,0.484,887604000.0,0.0,166359000.0,,0.0,43159000.0,43159000.0,0.0,419615000.0,371462000.0,48153000.0,6651439010.0,61323000.0,-1583000.0,17537000.0,0.0,0.0,17537000.0,-9588000.0,-2263000.0,53374000.0,0.0,66196000.0,66196000.0,66196000.0,0.0,0.0,0.304,61003000.0,44347000.0,8174000.0,0.0,5.581,39.225,38.912,152315000.0,0.0,177.05,7.91,7.91,258295000.0,624463000.0,217701000.0,217701000.0,12017000.0,,,,,9980000.0,45621000.0,1.0,37568139.0,37568139,,5.795,723747000.0,11339000.0,-20935000.0,46879000.0,19.265,149353000.0
15,TYL,MRQ,2017-09-30,2017-09-30,2017-09-30,2021-08-03,-46000.0,1493118000.0,,399721000.0,1093397000.0,,28.892,-7611000.0,124603000.0,124603000.0,110717000.0,38836000.0,1.112,0.385,0.0,0.0,0.0,0.0,298631000.0,13598000.0,0.0,0.0,0.0,44357000.0,57955000.0,0.27,57955000.0,44357000.0,44357000.0,1.04,0.99,1.04,1077778000.0,,1077778000.0,6447610319.0,40.0,30.468,85195000.0,2.284,1.0,103989000.0,0.484,900588000.0,0.0,108618000.0,,0.0,39911000.0,39911000.0,0.0,415340000.0,359309000.0,56031000.0,6502682319.0,69531000.0,-3906000.0,12123000.0,0.0,0.0,12123000.0,-35398000.0,-24367000.0,92806000.0,0.0,38836000.0,38836000.0,38836000.0,0.0,0.0,0.181,59707000.0,44282000.0,4563000.0,0.0,6.033,46.98,46.485,149142000.0,0.0,174.32,7.927,7.927,210311000.0,538023000.0,214706000.0,214706000.0,11834000.0,,,,,9791000.0,44513000.0,1.0,37303134.0,37303134,,5.756,592530000.0,3362000.0,5521000.0,54563000.0,15.884,40412000.0
16,TYL,MRQ,2017-06-30,2017-06-30,2017-06-30,2021-08-03,-46000.0,1438509000.0,,352278000.0,1086231000.0,,27.441,-10303000.0,55072000.0,55072000.0,113260000.0,31770000.0,0.98,0.414,0.0,0.0,0.0,0.0,305771000.0,13135000.0,0.0,0.0,0.0,37197000.0,50332000.0,0.241,50332000.0,37197000.0,37197000.0,0.86,0.81,0.86,1017602000.0,,1017602000.0,6450629245.0,43.0,31.815,-8907000.0,-0.24,1.0,95503000.0,0.457,904595000.0,0.0,119260000.0,,0.0,24709000.0,24709000.0,0.0,420907000.0,359582000.0,61325000.0,6514360245.0,-8659000.0,-5855000.0,10286000.0,0.0,0.0,10286000.0,-20341000.0,-4131000.0,1396000.0,0.0,31770000.0,31770000.0,31770000.0,0.0,0.0,0.152,58205000.0,37298000.0,9448000.0,0.0,6.402,48.251,47.736,147956000.0,0.0,175.67,8.142,8.142,236164000.0,499760000.0,208763000.0,208763000.0,11874000.0,,,,,8901000.0,43000000.0,1.0,37082941.0,37082941,,5.63,533914000.0,12206000.0,5427000.0,59682000.0,14.398,-7304000.0
17,TYL,MRQ,2017-03-31,2017-03-31,2017-03-31,2021-08-03,-46000.0,1355681000.0,,271575000.0,1084106000.0,,26.253,-19820000.0,63731000.0,63731000.0,105194000.0,32769000.0,0.843,0.402,0.0,0.0,0.0,0.0,272116000.0,12967000.0,0.0,0.0,0.0,36641000.0,49608000.0,0.248,49608000.0,36641000.0,36641000.0,0.89,0.84,0.89,966837000.0,,966837000.0,5665984680.0,39.0,29.013,28359000.0,0.77,1.0,94535000.0,0.473,908517000.0,0.0,61188000.0,,0.0,20056000.0,20056000.0,0.0,388844000.0,322245000.0,66599000.0,5692135680.0,27580000.0,0.0,9469000.0,-10000000.0,0.0,-531000.0,-20068000.0,-232000.0,48179000.0,0.0,32769000.0,32769000.0,32769000.0,0.0,0.0,0.164,57704000.0,36831000.0,6130000.0,0.0,5.887,44.385,44.034,142109000.0,0.0,154.56,7.295,7.295,166300000.0,468182000.0,199729000.0,199729000.0,11599000.0,,,,,8676000.0,42780000.0,1.0,36828000.0,36828000,,5.423,447164000.0,0.0,3872000.0,69372000.0,12.142,-50670000.0
18,TYL,MRQ,2016-12-31,2016-12-31,2016-12-31,2021-08-03,-46000.0,1357945000.0,,282960000.0,1074985000.0,,24.996,-8197000.0,36151000.0,36151000.0,100464000.0,35040000.0,0.783,0.483,10000000.0,0.0,10000000.0,10000000.0,300357000.0,12252000.0,0.0,0.0,0.0,41470000.0,53722000.0,0.273,53722000.0,41470000.0,41470000.0,0.96,0.9,0.96,915525000.0,,915525000.0,5239979898.0,39.0,28.258,43608000.0,1.191,1.0,96654000.0,0.49,917496000.0,0.0,52797000.0,,0.0,20273000.0,20273000.0,0.0,442420000.0,361501000.0,80919000.0,5229293898.0,12837000.0,0.0,-7094000.0,-24000000.0,0.0,-31094000.0,-7874000.0,392000.0,51805000.0,0.0,35040000.0,35040000.0,35040000.0,0.0,0.0,0.178,54899000.0,41755000.0,7295000.0,0.0,5.712,45.992,45.76,124268000.0,0.0,142.77,6.882,6.882,202814000.0,435876000.0,197118000.0,197118000.0,11792000.0,,,,,8399000.0,40178000.0,1.0,36627400.0,36627400,,5.382,440449000.0,2895000.0,6430000.0,68779000.0,12.025,-78541000.0
19,TYL,MRQ,2016-09-30,2016-09-30,2016-09-30,2021-08-03,-46000.0,1352766000.0,,277327000.0,1075439000.0,,24.278,-7570000.0,23314000.0,23314000.0,101017000.0,35430000.0,0.796,0.533,34000000.0,0.0,34000000.0,34000000.0,291240000.0,12671000.0,0.0,0.0,0.0,36419000.0,49090000.0,0.252,49090000.0,36419000.0,36419000.0,0.97,0.91,0.97,882255000.0,,882255000.0,6316239692.0,56.0,39.666,71643000.0,1.971,1.0,93480000.0,0.481,923851000.0,0.0,91109000.0,,0.0,23764000.0,23764000.0,0.0,470511000.0,348492000.0,122019000.0,6222566692.0,-18013000.0,0.0,10905000.0,-101000000.0,0.0,-90095000.0,-7131000.0,210000.0,79213000.0,0.0,35430000.0,35430000.0,35430000.0,0.0,0.0,0.182,56535000.0,36945000.0,5992000.0,0.0,7.053,71.295,71.346,120963000.0,0.0,171.23,8.622,8.622,191173000.0,384234000.0,194497000.0,194497000.0,11070000.0,,,,,7656000.0,42007000.0,1.0,36340400.0,36340400,,5.352,428915000.0,17680000.0,989000.0,85095000.0,11.803,-71165000.0
20,TYL,MRQ,2016-06-30,2016-06-30,2016-06-30,2021-08-03,-46000.0,1413052000.0,,323951000.0,1089101000.0,,22.961,-5237000.0,41327000.0,41327000.0,102036000.0,25007000.0,0.918,0.704,135000000.0,0.0,135000000.0,135000000.0,300185000.0,12674000.0,0.0,0.0,0.0,30195000.0,42869000.0,0.227,42869000.0,30195000.0,30195000.0,0.69,0.65,0.69,829308000.0,,829308000.0,6126007477.0,56.0,41.961,14283000.0,0.395,1.0,86936000.0,0.46,940884000.0,0.0,212911000.0,,0.0,22642000.0,22642000.0,0.0,583744000.0,352930000.0,230814000.0,6021348477.0,5986000.0,-7394000.0,5025000.0,-5000000.0,0.0,25000.0,-13559000.0,-696000.0,19520000.0,0.0,25007000.0,25007000.0,25007000.0,0.0,0.0,0.132,56021000.0,30915000.0,6574000.0,0.0,7.261,83.64,82.53,115886000.0,0.0,166.71,8.881,8.881,212062000.0,361970000.0,188972000.0,188972000.0,10336000.0,,,,,7212000.0,42232000.0,1.0,36118700.0,36118700,,5.232,472168000.0,23994000.0,5188000.0,92110000.0,13.073,-28979000.0
21,TYL,MRQ,2016-03-31,2016-03-31,2016-03-31,2021-08-03,-46000.0,1318009000.0,,225536000.0,1092473000.0,,21.656,-16722000.0,35341000.0,35341000.0,97175000.0,18224000.0,0.779,0.664,140000000.0,0.0,140000000.0,140000000.0,254669000.0,12176000.0,0.0,0.0,0.0,27574000.0,39750000.0,0.222,39750000.0,27574000.0,27574000.0,0.5,0.47,0.5,791989000.0,,791989000.0,4736437920.0,44.0,34.654,24599000.0,0.673,1.0,82118000.0,0.458,941642000.0,0.0,191342000.0,,0.0,18332000.0,18332000.0,0.0,526020000.0,289684000.0,236336000.0,4703524920.0,2254000.0,-2000000.0,-90911000.0,74000000.0,0.0,-16911000.0,-22156000.0,-3385000.0,41321000.0,0.0,18224000.0,18224000.0,18224000.0,0.0,0.0,0.102,54077000.0,28041000.0,6316000.0,0.0,5.939,71.46,68.048,114291000.0,0.0,128.61,7.403,7.403,140430000.0,343098000.0,179293000.0,179293000.0,9956000.0,,,,,6480000.0,40759000.0,1.0,36572000.0,36572000,,4.902,376367000.0,11798000.0,9350000.0,91775000.0,10.291,-64148000.0
22,TYL,MRQ,2015-12-31,2015-12-31,2015-12-31,2021-08-03,-46000.0,1356570000.0,,268215000.0,1088355000.0,,25.306,-3976000.0,33087000.0,33087000.0,85694000.0,8618000.0,0.795,0.58,66000000.0,0.0,66000000.0,66000000.0,284742000.0,7988000.0,0.0,0.0,0.0,19540000.0,27528000.0,0.173,27528000.0,19540000.0,19540000.0,0.24,0.21,0.24,858857000.0,,858857000.0,5677632480.0,52.0,44.357,60438000.0,1.781,1.0,73222000.0,0.461,949044000.0,0.0,102867000.0,,0.0,28423000.0,13423000.0,15000000.0,497713000.0,337572000.0,160141000.0,5916246480.0,-205527000.0,-318514000.0,16095000.0,63866000.0,0.0,69160000.0,-339101000.0,-16616000.0,64414000.0,0.0,8618000.0,8618000.0,8618000.0,0.0,0.0,0.054,53442000.0,19780000.0,6789000.0,0.0,6.889,91.203,91.747,101112000.0,0.0,174.32,10.01,10.01,179137000.0,326019000.0,158916000.0,158916000.0,8615000.0,,,,,16524000.0,42507000.0,1.0,33939000.0,33939000,,4.682,407526000.0,21080000.0,10922000.0,91026000.0,12.008,-69357000.0
23,TYL,MRQ,2015-09-30,2015-09-30,2015-09-30,2021-08-03,-46000.0,678382000.0,,411505000.0,266877000.0,,12.73,-2399000.0,238614000.0,238614000.0,79012000.0,20142000.0,1.697,0.574,0.0,0.0,0.0,0.0,200890000.0,4102000.0,0.0,0.0,0.0,31744000.0,35846000.0,0.238,35846000.0,31744000.0,31744000.0,0.59,0.55,0.59,431095000.0,,431095000.0,4852130840.0,43.0,37.643,52701000.0,1.556,1.0,71833000.0,0.476,161633000.0,0.0,35661000.0,,0.0,24124000.0,9124000.0,15000000.0,247287000.0,242474000.0,4813000.0,5056233840.0,34511000.0,0.0,2764000.0,0.0,0.0,4738000.0,-25327000.0,-22942000.0,55100000.0,0.0,20142000.0,20142000.0,20142000.0,0.0,0.0,0.134,40344000.0,31489000.0,4385000.0,0.0,11.729,70.649,70.099,68092000.0,0.0,149.31,9.036,9.036,130300000.0,317401000.0,150845000.0,150845000.0,7193000.0,,,,,3624000.0,31869000.0,1.0,33864000.0,33864000,,4.454,516749000.0,9674000.0,11602000.0,4813000.0,15.26,169031000.0
24,TYL,MRQ,2015-06-30,2015-06-30,2015-06-30,2021-08-03,-46000.0,646034000.0,,395524000.0,250510000.0,,11.897,-4217000.0,204103000.0,204103000.0,78042000.0,18836000.0,1.643,0.613,0.0,0.0,0.0,0.0,201549000.0,3771000.0,0.0,0.0,0.0,29781000.0,33552000.0,0.229,33552000.0,29781000.0,29781000.0,0.56,0.52,0.56,400617000.0,,400617000.0,4161891740.0,38.0,33.725,12691000.0,0.377,1.0,68253000.0,0.467,163467000.0,0.0,37720000.0,,0.0,15000000.0,0.0,15000000.0,245417000.0,240744000.0,4673000.0,4356612740.0,9382000.0,-6122000.0,4002000.0,0.0,0.0,9271000.0,-16797000.0,-6449000.0,16908000.0,0.0,18836000.0,18836000.0,18836000.0,0.0,0.0,0.129,38657000.0,29596000.0,4385000.0,0.0,10.875,63.669,62.806,67908000.0,0.0,129.38,8.107,8.107,152569000.0,297259000.0,146295000.0,146295000.0,7110000.0,,,,,-666000.0,30396000.0,1.0,33673000.0,33673000,,4.345,482567000.0,9674000.0,10945000.0,4673000.0,14.331,154780000.0
25,TYL,MRQ,2015-03-31,2015-03-31,2015-03-31,2021-08-03,-46000.0,568382000.0,,327775000.0,240607000.0,,10.911,-1909000.0,194721000.0,194721000.0,71087000.0,17273000.0,1.658,0.551,0.0,0.0,0.0,0.0,164706000.0,3713000.0,0.0,0.0,0.0,27359000.0,31072000.0,0.23,31072000.0,27359000.0,27359000.0,0.51,0.48,0.51,366388000.0,,366388000.0,3841350930.0,38.0,32.864,-4004000.0,-0.119,1.0,63879000.0,0.473,157257000.0,0.0,18750000.0,,0.0,0.0,0.0,0.0,201994000.0,197654000.0,4340000.0,4047517930.0,-11446000.0,-15325000.0,4325000.0,0.0,0.0,7883000.0,-17234000.0,0.0,-2095000.0,0.0,17273000.0,17273000.0,17273000.0,0.0,0.0,0.128,36701000.0,27178000.0,5373000.0,0.0,11.047,62.918,61.81,67301000.0,0.0,120.53,7.853,7.853,106101000.0,278423000.0,134966000.0,134966000.0,7004000.0,,,,,700000.0,28545000.0,1.0,33581000.0,33581000,,4.019,411125000.0,9674000.0,10086000.0,9156000.0,12.243,130121000.0
26,TYL,MRQ,2014-12-31,2014-12-31,2014-12-31,2021-08-03,-46000.0,569812000.0,,337036000.0,232776000.0,,10.201,-1306000.0,206167000.0,206167000.0,66949000.0,15317000.0,1.448,0.691,0.0,0.0,0.0,0.0,189212000.0,3669000.0,0.0,0.0,0.0,24760000.0,28429000.0,0.223,28429000.0,24760000.0,24760000.0,0.47,0.43,0.47,336973000.0,,336973000.0,3457809960.0,37.0,31.702,46402000.0,1.405,1.0,60491000.0,0.475,158864000.0,0.0,-28058000.0,,0.0,0.0,0.0,0.0,232839000.0,232839000.0,0.0,3615240960.0,48736000.0,0.0,9048000.0,0.0,0.0,2331000.0,-1303000.0,0.0,47708000.0,0.0,15317000.0,15317000.0,15317000.0,0.0,0.0,0.12,35898000.0,24593000.0,4119000.0,0.0,10.729,61.338,61.14,65910000.0,0.0,109.44,7.332,7.332,114421000.0,261150000.0,127440000.0,127440000.0,6615000.0,,,,,10649000.0,28130000.0,1.0,33034000.0,33034000,,3.858,410948000.0,5523000.0,9443000.0,0.0,12.44,104197000.0
27,TYL,MRQ,2014-09-30,2014-09-30,2014-09-30,2021-08-03,-46000.0,522263000.0,,293000000.0,229263000.0,,9.011,-1560000.0,157431000.0,157431000.0,66872000.0,17000000.0,1.324,0.764,0.0,0.0,0.0,0.0,185844000.0,3655000.0,0.0,0.0,0.0,26698000.0,30353000.0,0.236,30353000.0,26698000.0,26698000.0,0.52,0.48,0.52,295991000.0,,295991000.0,2815759600.0,32.0,27.232,64743000.0,1.971,1.0,61792000.0,0.48,160376000.0,0.0,-16905000.0,,0.0,0.0,0.0,0.0,226272000.0,221361000.0,4911000.0,2903851600.0,69339000.0,-3242000.0,3643000.0,0.0,0.0,7154000.0,-4118000.0,808000.0,66303000.0,0.0,17000000.0,17000000.0,17000000.0,0.0,0.0,0.132,35047000.0,26745000.0,3397000.0,0.0,9.811,53.641,53.253,66694000.0,0.0,88.4,6.095,6.095,113257000.0,245833000.0,128664000.0,128664000.0,6567000.0,,,,,374000.0,27344000.0,1.0,32849000.0,32849000,,3.917,361887000.0,7759000.0,9698000.0,4911000.0,11.017,71639000.0
28,TYL,MRQ,2014-06-30,2014-06-30,2014-06-30,2021-08-03,-46000.0,486817000.0,,261032000.0,225785000.0,,8.073,-2847000.0,88092000.0,88092000.0,65813000.0,14740000.0,1.21,0.827,0.0,0.0,0.0,0.0,184578000.0,3625000.0,0.0,0.0,0.0,23406000.0,27031000.0,0.217,27031000.0,23406000.0,23406000.0,0.45,0.42,0.45,266479000.0,,266479000.0,2913605890.0,37.0,30.986,9421000.0,0.285,1.0,58558000.0,0.471,156815000.0,0.0,26146000.0,,0.0,800000.0,800000.0,0.0,220338000.0,215764000.0,4574000.0,3010750890.0,-9053000.0,0.0,-19557000.0,0.0,0.0,-18509000.0,-2812000.0,0.0,12268000.0,0.0,14740000.0,14740000.0,14740000.0,0.0,0.0,0.119,34936000.0,23622000.0,2584000.0,0.0,11.298,62.484,61.628,67160000.0,0.0,91.21,6.621,6.621,145361000.0,228833000.0,124371000.0,124371000.0,6389000.0,,,,,2492000.0,27419000.0,1.0,33009000.0,33009000,,3.768,330002000.0,11470000.0,8666000.0,4574000.0,9.997,45268000.0
29,TYL,MRQ,2014-03-31,2014-03-31,2014-03-31,2021-08-03,-46000.0,434241000.0,,207619000.0,226622000.0,,8.1,-3630000.0,97145000.0,97145000.0,60096000.0,11883000.0,1.287,0.628,0.0,0.0,0.0,0.0,139298000.0,3656000.0,0.0,0.0,0.0,19603000.0,23259000.0,0.207,23259000.0,19603000.0,19603000.0,0.36,0.33,0.36,266704000.0,,266704000.0,2676288000.0,38.0,31.335,12930000.0,0.393,1.0,52530000.0,0.466,158387000.0,0.0,17327000.0,,0.0,1280000.0,0.0,1280000.0,167537000.0,161382000.0,6155000.0,2755164000.0,18269000.0,0.0,2873000.0,0.0,0.0,5031000.0,-3322000.0,0.0,16560000.0,0.0,11883000.0,11883000.0,11883000.0,0.0,0.0,0.106,32668000.0,19862000.0,2572000.0,0.0,10.33,64.841,63.394,66222000.0,0.0,83.68,6.356,6.356,82860000.0,214093000.0,112626000.0,112626000.0,6172000.0,,,,,1304000.0,25367000.0,1.0,32925000.0,32925000,,3.421,275854000.0,12049000.0,7720000.0,6155000.0,8.378,46237000.0
30,TYL,MRQ,2013-12-31,2013-12-31,2013-12-31,2021-08-03,-46000.0,444488000.0,,217235000.0,227253000.0,,7.639,-6596000.0,78876000.0,78876000.0,57968000.0,10512000.0,1.131,0.805,0.0,0.0,0.0,0.0,156738000.0,3693000.0,0.0,0.0,0.0,19062000.0,22755000.0,0.205,22755000.0,19062000.0,19062000.0,0.33,0.3,0.33,246319000.0,,246319000.0,3241060850.0,49.0,40.714,793000.0,0.025,1.0,52767000.0,0.477,159997000.0,0.0,13505000.0,,0.0,0.0,0.0,0.0,198169000.0,192110000.0,6059000.0,3293181850.0,26755000.0,0.0,9895000.0,0.0,0.0,24902000.0,-5536000.0,1040000.0,7389000.0,0.0,10512000.0,10512000.0,10512000.0,0.0,0.0,0.095,33315000.0,19452000.0,2533000.0,0.0,13.37,84.222,83.033,64844000.0,0.0,102.13,7.904,7.904,107158000.0,202210000.0,110735000.0,110735000.0,6095000.0,,,,,-11893000.0,26091000.0,1.0,32245000.0,32245000,,3.434,284491000.0,17480000.0,8550000.0,6059000.0,8.823,25125000.0
31,TYL,MRQ,2013-09-30,2013-09-30,2013-09-30,2021-08-03,-209000.0,393415000.0,,164765000.0,228650000.0,,6.521,-6423000.0,52121000.0,52121000.0,57472000.0,11049000.0,0.907,0.895,0.0,0.0,0.0,0.0,151510000.0,3412000.0,0.0,0.0,0.0,17572000.0,20984000.0,0.196,20984000.0,17572000.0,17572000.0,0.34,0.32,0.34,207628000.0,,207628000.0,2782151740.0,45.0,37.105,35692000.0,1.121,1.0,49549000.0,0.463,161639000.0,0.0,-1991000.0,,0.0,2078000.0,0.0,2078000.0,185787000.0,181646000.0,4141000.0,2785219740.0,49053000.0,0.0,5821000.0,0.0,0.0,13360000.0,-6422000.0,25000.0,42115000.0,0.0,11049000.0,11049000.0,11049000.0,0.0,0.0,0.103,31692000.0,17857000.0,6974000.0,0.0,13.414,73.363,72.289,63145000.0,0.0,87.47,6.941,6.941,91601000.0,191698000.0,107021000.0,107021000.0,5982000.0,,,,,-4478000.0,24581000.0,1.0,31842000.0,31842000,,3.361,231776000.0,5512000.0,6523000.0,4141000.0,7.279,-16881000.0
32,TYL,MRQ,2013-06-30,2013-06-30,2013-06-30,2021-08-03,-209000.0,368928000.0,,146552000.0,222376000.0,,5.718,-8750000.0,3068000.0,3068000.0,56046000.0,9047000.0,0.8,1.048,0.0,0.0,0.0,0.0,155903000.0,3359000.0,0.0,0.0,0.0,15053000.0,18412000.0,0.179,18412000.0,15053000.0,15053000.0,0.29,0.26,0.29,180155000.0,,180155000.0,2155104200.0,35.0,28.702,-9248000.0,-0.294,1.0,47042000.0,0.456,163300000.0,0.0,19298000.0,,0.0,2103000.0,0.0,2103000.0,188773000.0,183262000.0,5511000.0,2159599200.0,-1427000.0,-181000.0,3808000.0,0.0,0.0,7946000.0,-8875000.0,0.0,-498000.0,0.0,9047000.0,9047000.0,9047000.0,0.0,0.0,0.088,31693000.0,15349000.0,3776000.0,0.0,11.987,57.211,55.732,55378000.0,0.0,68.55,5.565,5.565,122056000.0,180649000.0,103088000.0,103088000.0,5594000.0,,,,,-1235000.0,24971000.0,1.0,31504000.0,31504000,,3.272,205628000.0,5512000.0,6006000.0,5511000.0,6.527,-36710000.0
33,TYL,MRQ,2013-03-31,2013-03-31,2013-03-31,2021-08-03,-268000.0,315374000.0,,97549000.0,217825000.0,,5.098,-5089000.0,4495000.0,4495000.0,51954000.0,8493000.0,0.651,0.969,0.0,0.0,0.0,0.0,125385000.0,3322000.0,0.0,0.0,0.0,14132000.0,17454000.0,0.182,17454000.0,14132000.0,14132000.0,0.27,0.25,0.27,160198000.0,,160198000.0,1936566980.0,33.0,27.022,11995000.0,0.382,1.0,43845000.0,0.458,165042000.0,0.0,-3976000.0,,0.0,2012000.0,0.0,2012000.0,155176000.0,149813000.0,5363000.0,1924972980.0,-1911000.0,0.0,2307000.0,-18000000.0,0.0,-14170000.0,-4825000.0,25000.0,17084000.0,0.0,8493000.0,8493000.0,8493000.0,0.0,0.0,0.089,29375000.0,14470000.0,2528000.0,0.0,12.016,53.761,51.915,48170000.0,0.0,61.26,5.114,5.114,77841000.0,171602000.0,95799000.0,95799000.0,5598000.0,,,,,1052000.0,22646000.0,1.0,31423000.0,31423000,,3.049,150332000.0,5544000.0,5639000.0,5363000.0,4.784,-52264000.0
34,TYL,MRQ,2012-12-31,2012-12-31,2012-12-31,2021-08-03,-268000.0,338666000.0,,122053000.0,216613000.0,,4.755,-2751000.0,6406000.0,6406000.0,50728000.0,9376000.0,0.719,1.331,18000000.0,0.0,18000000.0,18000000.0,140550000.0,3095000.0,0.0,0.0,0.0,15035000.0,18130000.0,0.19,18130000.0,15035000.0,15035000.0,0.31,0.28,0.31,145299000.0,,145299000.0,1508174960.0,28.0,22.652,13663000.0,0.447,1.0,44640000.0,0.468,166811000.0,0.0,13714000.0,,0.0,2037000.0,0.0,2037000.0,193367000.0,169735000.0,23632000.0,1480277960.0,6303000.0,-10451000.0,7680000.0,-10000000.0,0.0,3161000.0,-13272000.0,0.0,16414000.0,0.0,9376000.0,9376000.0,9376000.0,0.0,0.0,0.098,29221000.0,15419000.0,3167000.0,0.0,10.188,44.865,44.44,45381000.0,0.0,48.44,4.074,4.074,100399000.0,163109000.0,95368000.0,95368000.0,5365000.0,,,,,-3576000.0,22763000.0,1.0,30559000.0,30559000,,3.121,171855000.0,6361000.0,5659000.0,5632000.0,5.624,-47682000.0
35,TYL,MRQ,2012-09-30,2012-09-30,2012-09-30,2021-08-03,-273000.0,296094000.0,,94064000.0,202030000.0,,3.895,-2017000.0,103000.0,103000.0,48901000.0,10832000.0,0.65,1.509,28000000.0,0.0,28000000.0,28000000.0,120127000.0,3280000.0,0.0,0.0,0.0,17810000.0,21090000.0,0.225,21090000.0,17810000.0,17810000.0,0.36,0.33,0.36,118009000.0,,118009000.0,1399105960.0,27.0,21.574,31812000.0,1.05,1.0,44944000.0,0.479,155069000.0,0.0,24268000.0,,0.0,2029000.0,0.0,2029000.0,178085000.0,144654000.0,33431000.0,1333717960.0,-209000.0,-54000.0,3879000.0,-37700000.0,0.0,-32119000.0,-1919000.0,50000.0,33829000.0,0.0,10832000.0,10832000.0,10832000.0,0.0,0.0,0.115,26285000.0,18659000.0,2169000.0,0.0,11.302,41.27,41.14,43017000.0,0.0,44.02,3.81,3.81,78899000.0,153733000.0,93845000.0,93845000.0,4273000.0,,,,,201000.0,20909000.0,1.0,30298000.0,30298000,,3.097,141025000.0,5051000.0,6978000.0,5431000.0,4.655,-50590000.0
36,TYL,MRQ,2012-06-30,2012-06-30,2012-06-30,2021-08-03,-355000.0,320446000.0,,117260000.0,203186000.0,,3.309,-3286000.0,312000.0,312000.0,50669000.0,7105000.0,0.782,2.217,65700000.0,0.0,65700000.0,65700000.0,125721000.0,3310000.0,0.0,0.0,0.0,11682000.0,14992000.0,0.164,14992000.0,11682000.0,11682000.0,0.24,0.22,0.24,99607000.0,,99607000.0,1260804750.0,27.0,21.686,-12945000.0,-0.43,1.0,40699000.0,0.445,156740000.0,0.0,79082000.0,,0.0,1953000.0,50000.0,1903000.0,220839000.0,150012000.0,70827000.0,1214736750.0,-9620000.0,-9301000.0,2092000.0,9700000.0,0.0,12687000.0,-12648000.0,0.0,-9659000.0,0.0,7105000.0,7105000.0,7105000.0,0.0,0.0,0.078,28244000.0,12455000.0,1768000.0,0.0,12.195,41.9,42.474,42500000.0,0.0,40.35,3.644,3.644,101036000.0,142901000.0,91368000.0,91368000.0,5408000.0,,,,,873000.0,21699000.0,1.0,30105000.0,30105000,,3.035,163706000.0,5095000.0,4577000.0,5127000.0,5.438,-32752000.0
37,TYL,MRQ,2012-03-31,2012-03-31,2012-03-31,2021-08-03,-355000.0,277763000.0,,83679000.0,194084000.0,,2.924,-1048000.0,9932000.0,9932000.0,45304000.0,5681000.0,0.649,2.165,56000000.0,0.0,56000000.0,56000000.0,109381000.0,3026000.0,0.0,0.0,0.0,9341000.0,12367000.0,0.149,12367000.0,9341000.0,9341000.0,0.19,0.17,0.19,87747000.0,,87747000.0,1211981280.0,28.0,22.0,17036000.0,0.568,1.0,37419000.0,0.452,148525000.0,0.0,46284000.0,,0.0,1953000.0,0.0,1953000.0,190016000.0,129022000.0,60994000.0,1152607280.0,8606000.0,-5874000.0,1433000.0,-4700000.0,0.0,-2581000.0,-6897000.0,25000.0,18084000.0,0.0,5681000.0,5681000.0,5681000.0,0.0,0.0,0.069,27375000.0,10044000.0,2582000.0,0.0,13.136,41.898,43.157,40721000.0,0.0,38.41,3.616,3.616,60288000.0,135796000.0,82723000.0,82723000.0,5094000.0,,,,,1149000.0,21335000.0,1.0,30008000.0,30008000,,2.757,129238000.0,5095000.0,3660000.0,7120000.0,4.307,-45343000.0
38,TYL,MRQ,2011-12-31,2011-12-31,2011-12-31,2021-08-03,-355000.0,295391000.0,,107092000.0,188299000.0,,2.493,-2352000.0,1326000.0,1326000.0,43059000.0,8699000.0,0.706,2.782,60700000.0,0.0,60700000.0,60700000.0,123678000.0,2898000.0,0.0,0.0,0.0,13504000.0,16402000.0,0.2,16402000.0,13504000.0,13504000.0,0.28,0.26,0.28,78110000.0,,78110000.0,947408540.0,21.0,17.292,8978000.0,0.287,1.0,39020000.0,0.475,141722000.0,0.0,61403000.0,,0.0,1978000.0,25000.0,1953000.0,217281000.0,151640000.0,65641000.0,894688540.0,-3954000.0,-17298000.0,-721000.0,2700000.0,0.0,3848000.0,-19132000.0,0.0,11330000.0,0.0,8699000.0,8699000.0,8699000.0,0.0,0.0,0.106,24698000.0,14322000.0,3211000.0,0.0,11.454,32.467,34.216,40915000.0,0.0,30.11,2.892,3.043,92107000.0,130115000.0,82079000.0,82079000.0,2634000.0,,,,,-201000.0,21141000.0,1.0,29714000.0,31327000,33535000.0,2.62,153669000.0,5095000.0,4805000.0,4941000.0,4.905,-44548000.0
39,TYL,MRQ,2011-09-30,2011-09-30,2011-09-30,2021-08-03,-275000.0,261736000.0,,94333000.0,167403000.0,,2.081,-1510000.0,5280000.0,5280000.0,41052000.0,7506000.0,0.709,3.045,58000000.0,0.0,58000000.0,58000000.0,108114000.0,2559000.0,0.0,0.0,0.0,11818000.0,14377000.0,0.186,14377000.0,11818000.0,11818000.0,0.24,0.23,0.24,64712000.0,,64712000.0,833132480.0,20.0,16.254,24268000.0,0.78,1.0,36132000.0,0.468,121643000.0,0.0,59761000.0,,0.0,2101000.0,0.0,2101000.0,197024000.0,133052000.0,63972000.0,803044480.0,3868000.0,0.0,-46939000.0,26500000.0,0.0,-20410000.0,-1500000.0,25000.0,25778000.0,0.0,7506000.0,7506000.0,7506000.0,0.0,0.0,0.097,23752000.0,12380000.0,3736000.0,0.0,12.41,30.806,30.829,40780000.0,0.0,25.28,2.679,2.623,76668000.0,121416000.0,77184000.0,77184000.0,4196000.0,,,,,1587000.0,18755000.0,1.0,31766000.0,31097000,32960000.0,2.482,140093000.0,3106000.0,4312000.0,5972000.0,4.505,-38719000.0
40,TYL,MRQ,2011-06-30,2011-06-30,2011-06-30,2021-08-03,-275000.0,275154000.0,,107334000.0,167820000.0,,3.264,-612000.0,1412000.0,1412000.0,42598000.0,5624000.0,0.805,1.634,31500000.0,0.0,31500000.0,31500000.0,110455000.0,2634000.0,0.0,0.0,0.0,9309000.0,11943000.0,0.156,11943000.0,9309000.0,9309000.0,0.18,0.17,0.18,104450000.0,,104450000.0,878309980.0,22.0,17.255,1248000.0,0.039,1.0,34137000.0,0.445,122789000.0,0.0,49201000.0,,0.0,2126000.0,25000.0,2101000.0,170704000.0,133252000.0,37452000.0,858057980.0,-836000.0,0.0,-12504000.0,9000000.0,0.0,-2084000.0,-612000.0,0.0,1860000.0,0.0,5624000.0,5624000.0,5624000.0,0.0,0.0,0.073,24304000.0,9833000.0,2331000.0,0.0,8.215,33.935,34.333,40511000.0,0.0,26.78,2.896,2.892,91117000.0,113910000.0,76735000.0,76735000.0,5035000.0,,,,,100000.0,18466000.0,1.0,32041000.0,32005000,33848000.0,2.398,152365000.0,3106000.0,3685000.0,5952000.0,4.761,-25918000.0
41,TYL,MRQ,2011-03-31,2011-03-31,2011-03-31,2021-08-03,-275000.0,252403000.0,,81639000.0,170764000.0,,3.378,-7804000.0,2248000.0,2248000.0,40770000.0,5728000.0,0.706,1.328,22500000.0,0.0,22500000.0,22500000.0,91792000.0,2585000.0,0.0,0.0,0.0,9482000.0,12067000.0,0.164,12067000.0,9482000.0,9482000.0,0.18,0.17,0.18,108398000.0,,108398000.0,782797770.0,19.0,15.051,9663000.0,0.301,1.0,32623000.0,0.444,123937000.0,0.0,33124000.0,,0.0,2126000.0,0.0,2126000.0,144005000.0,115594000.0,28411000.0,758411770.0,134000.0,0.0,-6040000.0,-4000000.0,0.0,-9768000.0,-7565000.0,25000.0,17467000.0,0.0,5728000.0,5728000.0,5728000.0,0.0,0.0,0.078,22641000.0,9982000.0,2446000.0,0.0,6.997,29.271,30.397,41386000.0,0.0,23.71,2.596,2.604,67877000.0,108286000.0,73393000.0,73393000.0,4549000.0,,,,,1177000.0,17288000.0,1.0,31987000.0,32086000,33720000.0,2.287,128466000.0,3106000.0,3754000.0,7359000.0,4.004,-33955000.0
42,TYL,MRQ,2010-12-31,2010-12-31,2010-12-31,2021-08-03,-275000.0,264032000.0,,98449000.0,165583000.0,,3.139,-733000.0,2114000.0,2114000.0,39823000.0,7210000.0,0.79,1.468,26500000.0,0.0,26500000.0,26500000.0,102590000.0,2711000.0,0.0,0.0,0.0,10159000.0,12870000.0,0.178,12870000.0,10159000.0,10159000.0,0.22,0.21,0.22,106972000.0,,106972000.0,679664800.0,17.0,13.409,7353000.0,0.216,1.0,32616000.0,0.45,125138000.0,0.0,38631000.0,,0.0,2151000.0,25000.0,2126000.0,157060000.0,124649000.0,32411000.0,669613800.0,-4335000.0,0.0,-22304000.0,10000000.0,0.0,-11513000.0,-908000.0,0.0,8086000.0,0.0,7210000.0,7210000.0,7210000.0,0.0,0.0,0.1,21427000.0,11189000.0,2626000.0,0.0,6.26,26.727,28.054,34851000.0,0.0,20.76,2.32,2.451,83091000.0,102558000.0,72439000.0,72439000.0,3478000.0,,,,,724000.0,17143000.0,1.0,32255000.0,34075000,35687000.0,2.126,138894000.0,3106000.0,2949000.0,5911000.0,4.076,-26200000.0
43,TYL,MRQ,2010-09-30,2010-09-30,2010-09-30,2021-08-03,-277000.0,264760000.0,,97361000.0,167399000.0,,2.93,-704000.0,6449000.0,6449000.0,40562000.0,6723000.0,0.69,1.65,16500000.0,0.0,16500000.0,16500000.0,98357000.0,2759000.0,0.0,0.0,0.0,11263000.0,14022000.0,0.19,14022000.0,11263000.0,11263000.0,0.2,0.19,0.2,99916000.0,,99916000.0,707324560.0,17.0,13.823,26934000.0,0.79,1.0,33207000.0,0.45,126463000.0,0.0,7241000.0,,0.0,2149000.0,0.0,2149000.0,164844000.0,141107000.0,23737000.0,698866560.0,5257000.0,0.0,-26567000.0,-177000.0,0.0,-26696000.0,4315000.0,5025000.0,27638000.0,0.0,6723000.0,6723000.0,6723000.0,0.0,0.0,0.091,21376000.0,11831000.0,1868000.0,0.0,6.995,28.525,28.394,35321000.0,0.0,20.16,2.407,2.367,78426000.0,95348000.0,73769000.0,73769000.0,3233000.0,,,,,1496000.0,17337000.0,1.0,34666000.0,34103000,35410000.0,2.163,138297000.0,4112000.0,4540000.0,7237000.0,4.055,-43746000.0
44,TYL,MRQ,2010-06-30,2010-06-30,2010-06-30,2021-08-03,-312000.0,276999000.0,,110364000.0,166635000.0,,3.944,-1255000.0,6192000.0,6192000.0,40125000.0,6249000.0,0.834,1.015,14650000.0,14650000.0,0.0,14650000.0,97838000.0,2669000.0,0.0,0.0,0.0,10383000.0,13052000.0,0.18,13052000.0,10383000.0,10383000.0,0.18,0.17,0.18,137479000.0,,137479000.0,534285716.0,13.0,10.294,-8563000.0,-0.246,1.0,32475000.0,0.447,127863000.0,0.0,25211000.0,,0.0,2119000.0,25000.0,2094000.0,139520000.0,132383000.0,7137000.0,543336716.0,-2859000.0,-38000.0,-10049000.0,14650000.0,0.0,5714000.0,-1265000.0,0.0,-7308000.0,0.0,6249000.0,6249000.0,6249000.0,0.0,0.0,0.086,21990000.0,10485000.0,2929000.0,0.0,3.952,21.517,21.556,35695000.0,0.0,15.52,1.867,1.86,90277000.0,88625000.0,72600000.0,72600000.0,3744000.0,,,,,495000.0,17439000.0,1.0,35008809.0,34862000,36203000.0,2.082,149136000.0,3288000.0,4134000.0,7137000.0,4.278,-22019000.0
45,TYL,MRQ,2010-03-31,2010-03-31,2010-03-31,2021-08-03,-296000.0,253655000.0,,84713000.0,168942000.0,,3.959,-2238000.0,9051000.0,9051000.0,39801000.0,4872000.0,0.787,0.826,0.0,0.0,0.0,0.0,85828000.0,2649000.0,0.0,0.0,0.0,8094000.0,10743000.0,0.154,10743000.0,8094000.0,8094000.0,0.14,0.13,0.14,138948000.0,,138948000.0,641815078.0,15.0,12.205,4696000.0,0.134,1.0,30019000.0,0.43,129263000.0,0.0,7693000.0,,0.0,2145000.0,0.0,2145000.0,114707000.0,107648000.0,7059000.0,657511078.0,-5645000.0,-9623000.0,-1791000.0,0.0,0.0,-1743000.0,-10836000.0,1050000.0,6934000.0,0.0,4872000.0,4872000.0,4872000.0,0.0,0.0,0.07,21883000.0,8136000.0,3067000.0,0.0,4.732,25.41,25.671,36190000.0,0.0,18.74,2.263,2.264,64185000.0,82376000.0,69820000.0,69820000.0,3516000.0,,,,,1417000.0,17561000.0,1.0,35085970.0,35101000,36655000.0,1.989,124392000.0,3279000.0,3222000.0,8443000.0,3.544,-22935000.0
46,TYL,MRQ,2009-12-31,2009-12-31,2009-12-31,2021-08-03,-405000.0,270670000.0,,109687000.0,160983000.0,,3.808,-3720000.0,15696000.0,15696000.0,40978000.0,6656000.0,0.849,1.015,0.0,0.0,0.0,0.0,99116000.0,2432000.0,0.0,0.0,0.0,10922000.0,13354000.0,0.18,13354000.0,10922000.0,10922000.0,0.19,0.18,0.19,134358000.0,,134358000.0,690654435.0,15.0,12.758,7972000.0,0.226,1.0,33239000.0,0.448,122029000.0,0.0,3692000.0,,0.0,2026000.0,50000.0,1976000.0,136312000.0,129253000.0,7059000.0,696448435.0,7801000.0,0.0,1295000.0,-2101000.0,0.0,-206000.0,-3685000.0,0.0,11692000.0,0.0,6656000.0,6656000.0,6656000.0,0.0,0.0,0.09,22290000.0,10949000.0,3807000.0,0.0,5.184,25.785,25.857,35750000.0,0.0,19.91,2.399,2.417,82263000.0,77504000.0,74217000.0,74217000.0,3112000.0,,,,,792000.0,18507000.0,1.0,34979831.0,35282000,36819000.0,2.104,148641000.0,3338000.0,4266000.0,7279000.0,4.213,-19566000.0
47,TYL,MRQ,2009-09-30,2009-09-30,2009-09-30,2021-08-03,-359000.0,263629000.0,,105596000.0,158033000.0,,3.544,-4094000.0,7895000.0,7895000.0,41097000.0,7475000.0,0.806,1.118,2101000.0,2101000.0,0.0,2101000.0,99670000.0,2331000.0,0.0,0.0,0.0,12421000.0,14752000.0,0.198,14752000.0,12421000.0,12421000.0,0.21,0.2,0.21,124457000.0,,124457000.0,610359541.0,14.0,11.251,18822000.0,0.536,1.0,33235000.0,0.447,123268000.0,0.0,3487000.0,,0.0,2097000.0,0.0,2097000.0,139172000.0,131080000.0,8092000.0,604358541.0,-1529000.0,-700000.0,-7323000.0,-13324000.0,0.0,-20479000.0,-3966000.0,825000.0,22916000.0,0.0,7475000.0,7475000.0,7475000.0,0.0,0.0,0.101,20772000.0,12463000.0,4186000.0,0.0,4.856,23.714,24.414,31961000.0,0.0,17.09,2.116,2.101,86096000.0,70848000.0,74332000.0,74332000.0,2973000.0,,,,,1120000.0,17114000.0,1.0,35363285.0,35118000,36487000.0,2.117,140361000.0,2555000.0,4946000.0,8092000.0,3.997,-25484000.0
48,TYL,MRQ,2009-06-30,2009-06-30,2009-06-30,2021-08-03,-422000.0,261766000.0,,106145000.0,155621000.0,,3.473,-2205000.0,9424000.0,9424000.0,40175000.0,6873000.0,0.811,1.133,15425000.0,15425000.0,0.0,15425000.0,92441000.0,2402000.0,0.0,0.0,0.0,11334000.0,13736000.0,0.19,13736000.0,11334000.0,11334000.0,0.19,0.19,0.19,122731000.0,,122731000.0,551348718.0,13.0,10.043,-6078000.0,-0.172,1.0,31997000.0,0.443,123829000.0,0.0,12983000.0,,0.0,2825000.0,25000.0,2800000.0,139035000.0,130955000.0,8080000.0,551241718.0,1113000.0,-1709000.0,770000.0,7925000.0,0.0,8904000.0,-3918000.0,-18000.0,-3873000.0,0.0,6873000.0,6873000.0,6873000.0,0.0,0.0,0.095,20600000.0,11397000.0,2620000.0,0.0,4.491,22.621,23.667,28454000.0,0.0,15.62,1.969,1.972,83494000.0,63373000.0,72172000.0,72172000.0,2839000.0,,,,,1029000.0,17084000.0,1.0,35290763.0,35343000,36723000.0,2.042,137937000.0,2589000.0,4461000.0,8080000.0,3.903,-24810000.0
49,TYL,MRQ,2009-03-31,2009-03-31,2009-03-31,2021-08-03,-417000.0,241001000.0,,85723000.0,155278000.0,,3.203,-2333000.0,7393000.0,7393000.0,39273000.0,6006000.0,0.719,1.12,7500000.0,7500000.0,0.0,7500000.0,87042000.0,2332000.0,0.0,0.0,0.0,9961000.0,12293000.0,0.177,12293000.0,9961000.0,9961000.0,0.17,0.16,0.17,113694000.0,,113694000.0,511508311.0,15.0,11.078,9873000.0,0.278,1.0,30292000.0,0.435,123138000.0,0.0,-1307000.0,,0.0,3733000.0,0.0,3733000.0,127307000.0,119277000.0,8030000.0,518352311.0,549000.0,-525000.0,-9216000.0,-500000.0,0.0,-9568000.0,-2089000.0,775000.0,12206000.0,0.0,6006000.0,6006000.0,6006000.0,0.0,0.0,0.086,20317000.0,9975000.0,3444000.0,0.0,4.559,29.216,30.479,27874000.0,0.0,14.63,1.883,1.886,65888000.0,56500000.0,69565000.0,69565000.0,2235000.0,,,,,979000.0,17410000.0,1.0,35430780.0,35497000,36747000.0,1.96,117863000.0,2586000.0,3955000.0,10785000.0,3.32,-33554000.0
50,TYL,MRQ,2008-12-31,2008-12-31,2008-12-31,2021-08-03,-387000.0,251761000.0,,97224000.0,154537000.0,,3.124,-2768000.0,6844000.0,6844000.0,40599000.0,5131000.0,0.751,1.203,8000000.0,8000000.0,0.0,8000000.0,95773000.0,3622000.0,0.0,0.0,0.0,9845000.0,13467000.0,0.194,13467000.0,9845000.0,9845000.0,0.13,0.13,0.13,114262000.0,,114262000.0,406376437.0,14.0,9.702,-365000.0,-0.01,1.0,28945000.0,0.416,123812000.0,0.0,-364000.0,,0.0,4554000.0,775000.0,3779000.0,137499000.0,129469000.0,8030000.0,435237437.0,-22017000.0,0.0,-30320000.0,8000000.0,0.0,-22214000.0,-2206000.0,500000.0,2403000.0,0.0,5131000.0,5131000.0,5131000.0,0.0,0.0,0.074,19237000.0,9708000.0,2617000.0,0.0,3.809,29.285,30.718,26522000.0,0.0,11.98,1.642,1.704,77186000.0,50494000.0,69544000.0,69544000.0,1801000.0,,,,,995000.0,16768000.0,1.0,36330337.0,36577000,37858000.0,1.901,127949000.0,2570000.0,4714000.0,8196000.0,3.498,-32245000.0
51,TYL,MRQ,2008-09-30,2008-09-30,2008-09-30,2021-08-03,-167000.0,264076000.0,,107094000.0,156982000.0,,3.517,-12463000.0,28861000.0,28861000.0,38687000.0,6359000.0,0.893,0.952,0.0,0.0,0.0,0.0,91029000.0,3068000.0,0.0,0.0,0.0,12335000.0,15403000.0,0.224,15403000.0,12335000.0,12335000.0,0.17,0.16,0.17,135303000.0,,135303000.0,546272892.0,18.0,13.018,14997000.0,0.39,1.0,29950000.0,0.436,126415000.0,0.0,-11084000.0,,0.0,5393000.0,500000.0,4893000.0,128773000.0,119884000.0,8889000.0,584366892.0,-9233000.0,-9945000.0,-15099000.0,0.0,0.0,-12901000.0,-23792000.0,50000.0,27460000.0,0.0,6359000.0,6359000.0,6359000.0,0.0,0.0,0.093,18013000.0,11937000.0,2590000.0,0.0,4.319,36.704,36.119,24773000.0,0.0,15.17,2.283,2.28,67111000.0,45363000.0,68637000.0,68637000.0,1416000.0,,,,,905000.0,15985000.0,1.0,38521219.0,38474000,40019000.0,1.784,137661000.0,1839000.0,5976000.0,8889000.0,3.578,-12790000.0
52,TYL,MRQ,2008-06-30,2008-06-30,2008-06-30,2021-08-03,0.0,268288000.0,,132085000.0,136203000.0,,3.736,-4021000.0,38094000.0,38094000.0,38480000.0,246000.0,1.13,0.885,0.0,0.0,0.0,0.0,92973000.0,2985000.0,0.0,0.0,0.0,2026000.0,5011000.0,0.074,5011000.0,2026000.0,2026000.0,0.01,0.01,0.01,142298000.0,,142298000.0,477654386.0,19.0,12.713,-3850000.0,-0.101,1.0,29089000.0,0.431,116682000.0,0.0,-3409000.0,,0.0,5700000.0,50000.0,5650000.0,125990000.0,116921000.0,9069000.0,515827386.0,-79000.0,-59000.0,846000.0,0.0,0.0,1171000.0,-1421000.0,2250000.0,171000.0,0.0,246000.0,246000.0,246000.0,0.0,0.0,0.004,27307000.0,1782000.0,2765000.0,0.0,3.625,35.038,35.711,13220000.0,0.0,13.57,2.129,2.133,78093000.0,39004000.0,67569000.0,67569000.0,2253000.0,,,,,580000.0,15418000.0,1.0,38012335.0,38087000,39633000.0,1.774,151606000.0,1922000.0,1780000.0,9069000.0,3.981,15164000.0
53,TYL,MRQ,2008-03-31,2008-03-31,2008-03-31,2021-08-03,0.0,247448000.0,,111658000.0,135790000.0,,3.493,-891000.0,38173000.0,38173000.0,37548000.0,3126000.0,1.061,0.863,0.0,0.0,0.0,0.0,83426000.0,2936000.0,0.0,0.0,0.0,5070000.0,8006000.0,0.135,8006000.0,5070000.0,5070000.0,0.08,0.08,0.08,132791000.0,,132791000.0,516580742.0,17.0,12.5,16877000.0,0.444,1.0,21803000.0,0.367,118806000.0,0.0,-14773000.0,,0.0,7950000.0,2125000.0,5825000.0,114657000.0,105242000.0,9415000.0,530684742.0,23449000.0,-13864000.0,-12226000.0,0.0,0.0,-12184000.0,17865000.0,33020000.0,17768000.0,0.0,3126000.0,3126000.0,3126000.0,0.0,0.0,0.053,17135000.0,4668000.0,4292000.0,0.0,3.996,29.117,29.745,10030000.0,0.0,13.98,2.319,2.323,59800000.0,38758000.0,59351000.0,59351000.0,1816000.0,,,,,674000.0,14752000.0,1.0,37960282.0,38020000,39527000.0,1.561,128642000.0,1922000.0,1944000.0,10648000.0,3.384,6416000.0
54,TYL,MRQ,2007-12-31,2007-12-31,2007-12-31,2021-08-03,0.0,241508000.0,,131064000.0,110444000.0,,3.537,-1112000.0,14104000.0,14104000.0,35984000.0,6190000.0,1.357,0.76,0.0,0.0,0.0,0.0,73714000.0,3416000.0,0.0,0.0,0.0,10128000.0,13544000.0,0.224,13544000.0,10128000.0,10128000.0,0.16,0.15,0.16,137211000.0,,137211000.0,480753618.0,17.0,12.082,8461000.0,0.218,1.0,24436000.0,0.404,100045000.0,0.0,30785000.0,,0.0,41590000.0,41590000.0,0.0,104297000.0,96574000.0,7723000.0,501038618.0,-6181000.0,0.0,-2287000.0,0.0,0.0,-1514000.0,-14240000.0,-13228000.0,9573000.0,0.0,6190000.0,6190000.0,6190000.0,0.0,0.0,0.102,14856000.0,9580000.0,3323000.0,0.0,3.652,28.629,28.644,9826000.0,0.0,12.89,2.28,2.272,64363000.0,35632000.0,60420000.0,60420000.0,1177000.0,,,,,-1231000.0,13276000.0,1.0,38870335.0,38789000,40389000.0,1.558,141463000.0,2355000.0,3938000.0,8355000.0,3.647,34490000.0
55,TYL,MRQ,2007-09-30,2007-09-30,2007-09-30,2021-08-03,-4000.0,229230000.0,,117061000.0,112169000.0,,3.453,-1030000.0,20285000.0,20285000.0,33302000.0,5160000.0,1.337,0.716,0.0,0.0,0.0,0.0,66655000.0,2641000.0,0.0,0.0,0.0,8369000.0,11010000.0,0.2,11010000.0,8369000.0,8369000.0,0.13,0.12,0.13,133577000.0,,133577000.0,499814715.0,20.0,14.084,14727000.0,0.381,1.0,21630000.0,0.394,102363000.0,0.0,19059000.0,,0.0,28390000.0,28390000.0,0.0,95653000.0,87523000.0,8130000.0,513201715.0,6898000.0,-3919000.0,2283000.0,0.0,0.0,3136000.0,-11995000.0,-7043000.0,15757000.0,0.0,5160000.0,5160000.0,5160000.0,0.0,0.0,0.094,13702000.0,7928000.0,3759000.0,0.0,3.842,33.135,33.375,9556000.0,0.0,13.35,2.438,2.453,56981000.0,29442000.0,54932000.0,54932000.0,639000.0,,,,,632000.0,12691000.0,1.0,38442076.0,38688000,41395000.0,1.42,126867000.0,2579000.0,3209000.0,8130000.0,3.279,29538000.0
56,TYL,MRQ,2007-06-30,2007-06-30,2007-06-30,2021-08-03,-18000.0,217760000.0,,107357000.0,110403000.0,,3.222,-937000.0,13387000.0,13387000.0,33775000.0,3750000.0,1.262,0.754,0.0,0.0,0.0,0.0,64872000.0,2605000.0,0.0,0.0,0.0,6160000.0,8765000.0,0.162,8765000.0,6160000.0,6160000.0,0.1,0.09,0.1,124180000.0,,124180000.0,463725552.0,20.0,13.685,972000.0,0.025,1.0,20337000.0,0.376,100386000.0,0.0,18899000.0,,0.0,21326000.0,21326000.0,0.0,93580000.0,85088000.0,8492000.0,483298552.0,-6186000.0,-123000.0,-6554000.0,0.0,0.0,-6486000.0,-1609000.0,-554000.0,1909000.0,0.0,3750000.0,3750000.0,3750000.0,0.0,0.0,0.069,14541000.0,5796000.0,3639000.0,0.0,3.892,32.786,32.658,8747000.0,0.0,12.41,2.349,2.325,62732000.0,24282000.0,54112000.0,54112000.0,1404000.0,,,,,575000.0,12781000.0,1.0,38944283.0,38540000,41448000.0,1.404,117374000.0,2579000.0,2410000.0,9207000.0,3.046,22269000.0
57,TYL,MRQ,2007-03-31,2007-03-31,2007-03-31,2021-08-03,-17000.0,211491000.0,,99588000.0,111903000.0,,3.255,-766000.0,19573000.0,19573000.0,32310000.0,2401000.0,1.305,0.674,0.0,0.0,0.0,0.0,57399000.0,2549000.0,0.0,0.0,0.0,3923000.0,6472000.0,0.129,6472000.0,3923000.0,3923000.0,0.06,0.06,0.06,126325000.0,,126325000.0,469674915.0,20.0,14.052,6106000.0,0.157,1.0,18022000.0,0.358,102105000.0,0.0,13501000.0,,0.0,20774000.0,20774000.0,0.0,85166000.0,76312000.0,8854000.0,491848915.0,-2101000.0,-4963000.0,-2739000.0,0.0,0.0,-2542000.0,-6431000.0,-740000.0,6872000.0,0.0,2401000.0,2401000.0,2401000.0,0.0,0.0,0.048,14546000.0,3476000.0,3121000.0,0.0,3.894,33.343,33.421,8506000.0,0.0,12.7,2.45,2.455,48356000.0,20532000.0,50332000.0,50332000.0,1223000.0,,,,,498000.0,12976000.0,1.0,38728261.0,38813000,42066000.0,1.297,109386000.0,2579000.0,1522000.0,9932000.0,2.818,23276000.0
58,TYL,MRQ,2006-12-31,2006-12-31,2006-12-31,2021-08-03,-10000.0,220276000.0,,111674000.0,108602000.0,,3.276,-833000.0,22174000.0,22174000.0,30916000.0,4177000.0,1.311,0.75,0.0,0.0,0.0,0.0,62387000.0,2510000.0,0.0,0.0,0.0,6732000.0,9242000.0,0.181,9242000.0,6732000.0,6732000.0,0.11,0.1,0.11,125875000.0,,125875000.0,524725129.0,23.0,15.922,3284000.0,0.085,1.0,20239000.0,0.396,99371000.0,0.0,13546000.0,,0.0,19543000.0,19543000.0,0.0,94401000.0,85185000.0,9216000.0,545777129.0,-3840000.0,0.0,171000.0,0.0,0.0,360000.0,-8317000.0,-7496000.0,4117000.0,0.0,4177000.0,4177000.0,4177000.0,0.0,0.0,0.082,13984000.0,6255000.0,5063000.0,0.0,4.336,38.001,38.0,7390000.0,0.0,14.06,2.795,2.794,59863000.0,18131000.0,51155000.0,51155000.0,828000.0,,,,,-183000.0,12811000.0,1.0,38817719.0,38427000,41739000.0,1.331,120905000.0,2579000.0,2555000.0,9216000.0,3.146,26489000.0
59,TYL,MRQ,2006-09-30,2006-09-30,2006-09-30,2021-08-03,0.0,203452000.0,,93557000.0,109895000.0,,3.12,-1058000.0,21052000.0,21052000.0,29982000.0,4413000.0,1.281,0.685,0.0,0.0,0.0,0.0,52845000.0,2471000.0,0.0,0.0,0.0,6936000.0,9407000.0,0.188,9407000.0,6936000.0,6936000.0,0.11,0.11,0.11,120777000.0,,120777000.0,487769608.0,23.0,15.535,11000000.0,0.284,1.0,20157000.0,0.402,100984000.0,0.0,8400000.0,,0.0,17025000.0,17025000.0,0.0,82675000.0,73016000.0,9659000.0,499743608.0,9078000.0,-584000.0,-86000.0,0.0,0.0,208000.0,-3188000.0,-1555000.0,12058000.0,0.0,4413000.0,4413000.0,4413000.0,0.0,0.0,0.088,13527000.0,6630000.0,3655000.0,0.0,4.138,37.558,38.029,7233000.0,0.0,12.93,2.652,2.656,46132000.0,13954000.0,50139000.0,50139000.0,780000.0,,,,,554000.0,12421000.0,1.0,38649931.0,38705000,41898000.0,1.295,102468000.0,2128000.0,2523000.0,9659000.0,2.647,20541000.0
60,TYL,MRQ,2006-06-30,2006-06-30,2006-06-30,2021-08-03,0.0,199253000.0,,89431000.0,109822000.0,,2.955,-1405000.0,11974000.0,11974000.0,30205000.0,3760000.0,1.212,0.728,0.0,0.0,0.0,0.0,55719000.0,2474000.0,0.0,0.0,0.0,5828000.0,8302000.0,0.169,8302000.0,5828000.0,5828000.0,0.1,0.09,0.1,115333000.0,,115333000.0,420159501.0,23.0,14.592,-780000.0,-0.02,1.0,18946000.0,0.385,101850000.0,0.0,11662000.0,,0.0,15470000.0,15470000.0,0.0,83920000.0,73767000.0,10153000.0,438754501.0,-6621000.0,-40000.0,-5588000.0,0.0,0.0,-5552000.0,-1694000.0,-200000.0,625000.0,0.0,3760000.0,3760000.0,3760000.0,0.0,0.0,0.076,13318000.0,5628000.0,3687000.0,0.0,3.804,38.239,37.333,6948000.0,0.0,11.2,2.429,2.42,53126000.0,9541000.0,49151000.0,49151000.0,812000.0,,,,,504000.0,12181000.0,1.0,39174509.0,39026000,41946000.0,1.259,97403000.0,2128000.0,2068000.0,10153000.0,2.496,15664000.0
61,TYL,MRQ,2006-03-31,2006-03-31,2006-03-31,2021-08-03,0.0,193177000.0,,82669000.0,110508000.0,,2.981,-1028000.0,18595000.0,18595000.0,29396000.0,2012000.0,1.257,0.657,0.0,0.0,0.0,0.0,48429000.0,2647000.0,0.0,0.0,0.0,3359000.0,6006000.0,0.134,6006000.0,3359000.0,3359000.0,0.05,0.05,0.05,116616000.0,,116616000.0,410207807.0,25.0,15.478,8976000.0,0.229,1.0,15462000.0,0.345,103513000.0,0.0,5305000.0,,0.0,15270000.0,15270000.0,0.0,76561000.0,65764000.0,10797000.0,430940807.0,-2138000.0,-11613000.0,-1110000.0,0.0,0.0,-1015000.0,-11127000.0,1480000.0,10004000.0,0.0,2012000.0,2012000.0,2012000.0,0.0,0.0,0.045,12200000.0,3262000.0,2724000.0,0.0,3.695,44.267,44.0,6193000.0,0.0,11.0,2.467,2.463,39376000.0,5781000.0,44858000.0,44858000.0,902000.0,,,,,471000.0,10976000.0,1.0,39176437.0,39114000,41894000.0,1.147,89664000.0,2128000.0,1347000.0,11710000.0,2.292,16905000.0
62,TYL,MRQ,2005-12-31,2005-12-31,2005-12-31,2021-08-03,0.0,194437000.0,,96364000.0,98073000.0,,2.893,-589000.0,20733000.0,20733000.0,27607000.0,3121000.0,1.358,0.733,0.0,0.0,0.0,0.0,51304000.0,2586000.0,0.0,0.0,0.0,5097000.0,7683000.0,0.173,7683000.0,5097000.0,5097000.0,0.08,0.07,0.08,112197000.0,,112197000.0,324073320.0,24.0,13.465,3898000.0,0.101,1.0,16700000.0,0.377,90312000.0,0.0,12442000.0,,0.0,16750000.0,16500000.0,250000.0,82240000.0,70950000.0,11290000.0,340143320.0,4663000.0,0.0,-663000.0,0.0,0.0,-632000.0,808000.0,1438000.0,4487000.0,0.0,3121000.0,3121000.0,3121000.0,0.0,0.0,0.07,11906000.0,4794000.0,3330000.0,0.0,3.032,41.516,41.81,5759000.0,0.0,8.78,1.995,2.031,51191000.0,3769000.0,44307000.0,44307000.0,2421000.0,,,,,0.0,9169000.0,1.0,38740697.0,38779000,41820000.0,1.143,104125000.0,2128000.0,1976000.0,11579000.0,2.685,25414000.0
63,TYL,MRQ,2005-09-30,2005-09-30,2005-09-30,2021-08-03,0.0,181688000.0,,75853000.0,105835000.0,,2.797,-485000.0,16070000.0,16070000.0,26484000.0,2581000.0,1.279,0.661,0.0,0.0,0.0,0.0,43697000.0,2518000.0,0.0,0.0,0.0,4284000.0,6802000.0,0.161,6802000.0,4284000.0,4284000.0,0.07,0.06,0.07,109393000.0,,109393000.0,312864540.0,23.0,12.747,9011000.0,0.23,1.0,15822000.0,0.374,92243000.0,0.0,14053000.0,,0.0,18175000.0,10675000.0,7500000.0,72295000.0,59322000.0,12973000.0,325546540.0,3388000.0,0.0,-4325000.0,0.0,0.0,-4325000.0,-1783000.0,-1250000.0,9496000.0,0.0,2581000.0,2581000.0,2581000.0,0.0,0.0,0.061,11762000.0,4060000.0,2529000.0,0.0,2.976,40.181,39.429,5841000.0,0.0,8.28,1.905,1.895,40291000.0,648000.0,42306000.0,42306000.0,0.0,,,,,0.0,11445000.0,1.0,39317215.0,39104000,41771000.0,1.082,89445000.0,3021000.0,1703000.0,12973000.0,2.287,16531000.0
64,TYL,MRQ,2005-06-30,2005-06-30,2005-06-30,2021-08-03,0.0,183876000.0,,76034000.0,107842000.0,,2.804,-559000.0,12682000.0,12682000.0,27135000.0,2021000.0,1.271,0.655,0.0,0.0,0.0,0.0,43562000.0,2567000.0,0.0,0.0,0.0,3444000.0,6011000.0,0.139,6011000.0,3444000.0,3444000.0,0.05,0.05,0.05,111097000.0,,111097000.0,286791864.0,22.0,11.9,-828000.0,-0.021,1.0,16050000.0,0.372,93990000.0,0.0,17398000.0,,0.0,16925000.0,9425000.0,7500000.0,72779000.0,59806000.0,12973000.0,300578864.0,-1105000.0,0.0,-2280000.0,0.0,0.0,-2311000.0,1475000.0,2025000.0,-269000.0,0.0,2021000.0,2021000.0,2021000.0,0.0,0.0,0.047,12839000.0,3211000.0,2762000.0,0.0,2.706,39.796,39.789,6147000.0,0.0,7.56,1.764,1.758,46436000.0,-1933000.0,43185000.0,43185000.0,0.0,,,,,0.0,11263000.0,1.0,39759109.0,39615000,41943000.0,1.09,89886000.0,2068000.0,1423000.0,12973000.0,2.269,16228000.0
65,TYL,MRQ,2005-03-31,2005-03-31,2005-03-31,2021-08-03,0.0,178920000.0,,69057000.0,109863000.0,,2.767,-1103000.0,13787000.0,13787000.0,27744000.0,470000.0,1.264,0.607,0.0,0.0,0.0,0.0,38647000.0,2772000.0,0.0,0.0,0.0,800000.0,3572000.0,0.088,3572000.0,800000.0,800000.0,0.01,0.01,0.01,111320000.0,,111320000.0,290907857.0,20.0,11.182,6370000.0,0.158,1.0,12915000.0,0.318,95669000.0,0.0,14837000.0,,0.0,18950000.0,11450000.0,7500000.0,67600000.0,54627000.0,12973000.0,303480857.0,1214000.0,0.0,-7579000.0,0.0,0.0,-7579000.0,1320000.0,2369000.0,7473000.0,0.0,470000.0,470000.0,470000.0,0.0,0.0,0.012,12261000.0,654000.0,2642000.0,0.0,2.726,35.674,36.238,6486000.0,0.0,7.61,1.77,1.785,37441000.0,-3954000.0,40659000.0,40659000.0,0.0,,,,,0.0,11944000.0,1.0,39879219.0,40229000,42735000.0,1.011,83251000.0,1611000.0,330000.0,13718000.0,2.069,14430000.0
66,TYL,MRQ,2004-12-31,2004-12-31,2004-12-31,2021-08-03,0.0,190487000.0,,77238000.0,113249000.0,,2.891,-1755000.0,12573000.0,12573000.0,28117000.0,3030000.0,1.307,0.609,0.0,0.0,0.0,0.0,41541000.0,2799000.0,0.0,0.0,0.0,5361000.0,8160000.0,0.182,8160000.0,5361000.0,5361000.0,0.08,0.07,0.08,118400000.0,,118400000.0,332256091.0,19.0,11.527,1814000.0,0.044,1.0,16617000.0,0.371,97318000.0,0.0,21482000.0,,0.0,21332000.0,13832000.0,7500000.0,72087000.0,59114000.0,12973000.0,344962091.0,-133000.0,0.0,-4465000.0,-35000.0,0.0,-4467000.0,765000.0,2525000.0,3569000.0,0.0,3030000.0,3030000.0,3030000.0,0.0,0.0,0.068,11292000.0,5325000.0,2890000.0,0.0,2.914,34.06,33.44,6624000.0,0.0,8.36,2.002,2.004,45801000.0,-4424000.0,44734000.0,44734000.0,0.0,,,,,0.0,12200000.0,1.0,41263408.0,40961000,44053000.0,1.092,93169000.0,1611000.0,2331000.0,13996000.0,2.275,18124000.0
67,TYL,MRQ,2004-09-30,2004-09-30,2004-09-30,2021-08-03,-64000.0,186713000.0,,73920000.0,112793000.0,,2.897,-1435000.0,12706000.0,12706000.0,26515000.0,2032000.0,1.373,0.56,0.0,0.0,0.0,0.0,38837000.0,2819000.0,0.0,0.0,0.0,3539000.0,6358000.0,0.152,6358000.0,3539000.0,3539000.0,0.05,0.05,0.05,119680000.0,,119680000.0,347156915.0,19.0,11.942,4205000.0,0.102,1.0,15296000.0,0.366,98331000.0,0.0,21825000.0,,0.0,23859000.0,16359000.0,7500000.0,67033000.0,53851000.0,13182000.0,365137915.0,-5275000.0,-580000.0,-2278000.0,0.0,0.0,-2284000.0,-8631000.0,-6648000.0,5640000.0,0.0,2032000.0,2032000.0,2032000.0,0.0,0.0,0.049,11895000.0,3401000.0,2441000.0,0.0,3.051,33.225,32.741,6697000.0,0.0,8.84,2.191,2.191,39057000.0,-7454000.0,41811000.0,41811000.0,0.0,,,,,0.0,11312000.0,1.0,41305194.0,41307000,44350000.0,1.012,88382000.0,1536000.0,1507000.0,13182000.0,2.14,20069000.0
68,TYL,MRQ,2004-06-30,2004-06-30,2004-06-30,2021-08-03,-47000.0,189942000.0,,76682000.0,113260000.0,,2.903,-1844000.0,17981000.0,17981000.0,27163000.0,2975000.0,1.358,0.579,0.0,0.0,0.0,0.0,39588000.0,2867000.0,0.0,0.0,0.0,5059000.0,7926000.0,0.179,7926000.0,5059000.0,5059000.0,0.07,0.07,0.07,120255000.0,,120255000.0,379855083.0,19.0,12.367,5452000.0,0.132,1.0,17100000.0,0.386,99093000.0,0.0,16399000.0,,0.0,17236000.0,9736000.0,7500000.0,69687000.0,56469000.0,13218000.0,392394083.0,5442000.0,-63000.0,-1989000.0,18000.0,0.0,-1998000.0,144000.0,1950000.0,7296000.0,0.0,2975000.0,2975000.0,2975000.0,0.0,0.0,0.067,12082000.0,5018000.0,4570000.0,0.0,3.263,32.187,31.533,6375000.0,0.0,9.46,2.411,2.408,42476000.0,-9486000.0,44263000.0,44263000.0,0.0,,,,,0.0,11412000.0,1.0,41479290.0,41420000,44803000.0,1.069,90849000.0,1536000.0,2084000.0,13506000.0,2.193,20213000.0
69,TYL,MRQ,2004-03-31,2004-03-31,2004-03-31,2021-08-03,-17000.0,181550000.0,,67230000.0,114320000.0,,2.871,-1808000.0,12539000.0,12539000.0,26637000.0,2091000.0,1.364,0.525,0.0,0.0,0.0,0.0,34489000.0,2901000.0,0.0,0.0,0.0,3478000.0,6379000.0,0.154,6379000.0,3478000.0,3478000.0,0.05,0.05,0.05,119073000.0,,119073000.0,392402845.0,22.0,13.95,3846000.0,0.093,1.0,14825000.0,0.358,100251000.0,0.0,19469000.0,,0.0,19247000.0,11747000.0,7500000.0,62477000.0,49291000.0,13186000.0,402670845.0,2271000.0,-303000.0,-1173000.0,-18000.0,0.0,-1191000.0,-2192000.0,-49000.0,5654000.0,0.0,2091000.0,2091000.0,2091000.0,0.0,0.0,0.05,11449000.0,3376000.0,2637000.0,0.0,3.382,35.962,34.679,6238000.0,0.0,9.71,2.605,2.605,36727000.0,-12461000.0,41462000.0,41462000.0,0.0,,,,,0.0,10527000.0,1.0,41469706.0,41468000,45062000.0,1.0,81299000.0,1536000.0,1387000.0,13734000.0,1.961,17939000.0
70,TYL,MRQ,2003-12-31,2003-12-31,2003-12-31,2021-08-03,-32000.0,186396000.0,,69843000.0,116553000.0,,2.879,-2153000.0,10268000.0,10268000.0,25270000.0,3892000.0,1.263,0.581,0.0,0.0,0.0,0.0,37843000.0,2367000.0,0.0,0.0,0.0,6041000.0,8408000.0,0.215,8408000.0,6041000.0,6041000.0,0.1,0.09,0.1,117907000.0,,117907000.0,377655996.0,10.0,7.722,755000.0,0.018,1.0,13850000.0,0.354,101812000.0,0.0,19024000.0,,0.0,19169000.0,11669000.0,7500000.0,68489000.0,55292000.0,13197000.0,392216996.0,-4293000.0,-12109000.0,1020000.0,134000.0,0.0,1154000.0,-8355000.0,12906000.0,2908000.0,0.0,3892000.0,3892000.0,3892000.0,-424000.0,0.0,0.099,8285000.0,5565000.0,2378000.0,0.0,3.326,14.856,15.532,6927000.0,0.0,9.63,2.697,2.817,42517000.0,-14552000.0,39120000.0,39120000.0,0.0,,,,,0.0,9550000.0,1.0,40728660.0,40954000,44486000.0,0.955,84584000.0,1536000.0,2149000.0,13712000.0,2.065,14551000.0
71,TYL,MRQ,2003-09-30,2003-09-30,2003-09-30,2021-08-03,24000.0,164265000.0,,74342000.0,89923000.0,,2.729,-2181000.0,14561000.0,14561000.0,22404000.0,3233000.0,1.505,0.487,0.0,0.0,0.0,0.0,28554000.0,2748000.0,0.0,0.0,0.0,5253000.0,8001000.0,0.211,8001000.0,5253000.0,5253000.0,0.08,0.07,0.08,110438000.0,,110438000.0,270591979.0,7.0,5.569,11695000.0,0.289,1.0,15470000.0,0.408,82873000.0,0.0,17422000.0,,0.0,24701000.0,24701000.0,0.0,53827000.0,49409000.0,4418000.0,286027979.0,-875000.0,0.0,152000.0,-233000.0,0.0,-81000.0,-14670000.0,-12551000.0,13876000.0,0.0,3233000.0,3233000.0,3233000.0,0.0,0.0,0.085,10358000.0,5112000.0,2157000.0,0.0,2.59,10.63,11.8,6226000.0,0.0,7.08,2.004,2.007,30002000.0,-18444000.0,37874000.0,37874000.0,0.0,,,,,0.0,9678000.0,1.0,40399432.0,40464000,43181000.0,0.936,81392000.0,1197000.0,2020000.0,9604000.0,2.011,24933000.0
72,TYL,MRQ,2003-06-30,2003-06-30,2003-06-30,2021-08-03,0.0,158942000.0,,68516000.0,90426000.0,,2.494,-2122000.0,15436000.0,15436000.0,22272000.0,1981000.0,1.44,0.486,0.0,0.0,0.0,0.0,30015000.0,2127000.0,0.0,0.0,0.0,3214000.0,5341000.0,0.148,5341000.0,3214000.0,3214000.0,0.05,0.04,0.05,106959000.0,,106959000.0,162795215.0,4.0,3.566,3524000.0,0.082,1.0,13863000.0,0.384,83253000.0,0.0,12688000.0,,0.0,12113000.0,12113000.0,0.0,51983000.0,47565000.0,4418000.0,192839215.0,-14608000.0,0.0,-20355000.0,-229000.0,0.0,-20584000.0,330000.0,2888000.0,5646000.0,0.0,1981000.0,1981000.0,1981000.0,0.0,0.0,0.055,10786000.0,3077000.0,2352000.0,0.0,1.803,7.588,7.589,6418000.0,0.0,4.25,1.379,1.303,35593000.0,-21677000.0,36135000.0,36135000.0,0.0,,,,,0.0,10061000.0,1.0,45373933.0,42881000,44796000.0,0.843,75689000.0,1197000.0,1233000.0,7884000.0,1.765,20951000.0
73,TYL,MRQ,2003-03-31,2003-03-31,2003-03-31,2021-08-03,0.0,173589000.0,,83593000.0,89996000.0,,2.726,-2101000.0,30044000.0,30044000.0,20681000.0,17296000.0,1.905,0.386,0.0,0.0,0.0,0.0,25482000.0,2154000.0,0.0,0.0,0.0,25000000.0,27154000.0,0.84,27154000.0,25000000.0,25000000.0,0.38,0.36,0.38,125285000.0,,125285000.0,139670208.0,4.0,3.134,-1996000.0,-0.043,1.0,11644000.0,0.36,83104000.0,0.0,16555000.0,,0.0,15001000.0,15001000.0,0.0,48304000.0,43886000.0,4418000.0,150864208.0,16300000.0,39333000.0,-3248000.0,-2662000.0,0.0,-5910000.0,22105000.0,-15001000.0,105000.0,0.0,17296000.0,17296000.0,17296000.0,0.0,0.0,0.535,9886000.0,1758000.0,1851000.0,0.0,1.204,6.102,6.537,6595000.0,0.0,3.53,1.099,1.181,33522000.0,-23658000.0,32325000.0,32325000.0,0.0,,,,,0.0,9101000.0,1.0,42737736.0,45951000,47738000.0,0.703,90485000.0,1197000.0,7704000.0,11949000.0,1.969,39707000.0
74,TYL,MRQ,2002-12-31,2002-12-31,2002-12-31,2021-08-03,7418000.0,169845000.0,,52460000.0,117385000.0,,2.56,-2208000.0,13744000.0,13744000.0,22168000.0,4398000.0,1.304,0.431,2550000.0,0.0,2550000.0,2550000.0,26208000.0,2167000.0,0.0,0.0,0.0,5923000.0,8090000.0,0.222,8090000.0,5923000.0,5903000.0,0.09,0.09,0.09,118656000.0,,118656000.0,184755777.0,16.0,9.066,3294000.0,0.071,1.0,14228000.0,0.391,82886000.0,20000.0,35539000.0,,0.0,27196000.0,0.0,27196000.0,51189000.0,40226000.0,10963000.0,192723777.0,3210000.0,15000.0,6000.0,-57000.0,0.0,-51000.0,-2241000.0,0.0,5502000.0,0.0,4398000.0,4398000.0,4398000.0,-1817000.0,0.0,0.121,10074000.0,4154000.0,2390000.0,0.0,1.624,24.124,24.529,6819000.0,0.0,4.17,1.439,1.468,33510000.0,-40954000.0,36396000.0,36396000.0,0.0,,,,,0.0,9242000.0,1.0,46216733.0,46341000,48473000.0,0.785,86959000.0,1197000.0,1505000.0,8413000.0,1.877,12234000.0
75,TYL,MRQ,2002-09-30,2002-09-30,2002-09-30,2021-08-03,2890000.0,157754000.0,,47388000.0,110366000.0,,2.326,-2476000.0,10534000.0,10534000.0,22662000.0,1739000.0,1.164,0.438,2566000.0,0.0,2566000.0,2566000.0,27292000.0,2137000.0,0.0,0.0,0.0,2934000.0,5071000.0,0.145,5071000.0,2934000.0,2922000.0,0.04,0.04,0.04,109705000.0,,109705000.0,202800625.0,29.0,12.505,4972000.0,0.105,1.0,12312000.0,0.352,82743000.0,12000.0,26315000.0,,0.0,20228000.0,0.0,20228000.0,48049000.0,40728000.0,7321000.0,209909625.0,445000.0,9000.0,-3982000.0,-546000.0,0.0,-4528000.0,-2475000.0,0.0,7448000.0,0.0,1739000.0,1739000.0,1739000.0,0.0,0.0,0.05,9013000.0,3299000.0,2328000.0,0.0,1.913,55.4,48.889,6934000.0,0.0,4.4,1.619,1.601,32543000.0,-45352000.0,34974000.0,34974000.0,0.0,,,,,0.0,8181000.0,1.0,47706733.0,47173000,49372000.0,0.741,75011000.0,1329000.0,1183000.0,4755000.0,1.59,6660000.0
76,TYL,MRQ,2002-06-30,2002-06-30,2002-06-30,2021-08-03,7017000.0,167242000.0,,50917000.0,116325000.0,,2.435,-2830000.0,10089000.0,10089000.0,21897000.0,1290000.0,1.231,0.441,2980000.0,116000.0,2864000.0,2980000.0,29336000.0,2126000.0,0.0,0.0,0.0,2121000.0,4247000.0,0.126,4247000.0,2121000.0,2116000.0,0.03,0.03,0.03,116032000.0,,116032000.0,249154720.0,53.0,17.037,1872000.0,0.039,1.0,11708000.0,0.348,82354000.0,5000.0,36409000.0,,0.0,26578000.0,0.0,26578000.0,51210000.0,41370000.0,9840000.0,253346720.0,2900000.0,983000.0,233000.0,-307000.0,0.0,53000.0,-1855000.0,0.0,4702000.0,0.0,1290000.0,1290000.0,1290000.0,0.0,0.0,0.038,9427000.0,2281000.0,1960000.0,0.0,2.183,111.215,106.4,6986000.0,0.0,5.32,2.058,2.059,35185000.0,-47091000.0,33605000.0,33605000.0,0.0,,,,,0.0,8596000.0,1.0,47621564.0,47647000,50405000.0,0.705,84888000.0,1329000.0,826000.0,7255000.0,1.782,9547000.0
77,TYL,MRQ,2002-03-31,2002-03-31,2002-03-31,2021-08-03,7089000.0,161085000.0,,44125000.0,116960000.0,,2.418,-2204000.0,7189000.0,7189000.0,19188000.0,562000.0,1.206,0.406,2997000.0,103000.0,2894000.0,2997000.0,26726000.0,2092000.0,0.0,0.0,0.0,917000.0,3009000.0,0.104,3009000.0,917000.0,917000.0,0.01,0.01,0.01,114581000.0,,114581000.0,269501429.0,78.0,19.358,-11000.0,0.0,1.0,9734000.0,0.337,81866000.0,0.0,38433000.0,,0.0,26690000.0,0.0,26690000.0,46504000.0,36594000.0,9910000.0,271739429.0,1918000.0,800000.0,1365000.0,-110000.0,0.0,1128000.0,-1403000.0,0.0,2193000.0,0.0,562000.0,562000.0,562000.0,0.0,0.0,0.019,8729000.0,1005000.0,2393000.0,0.0,2.372,199.955,191.333,7039000.0,0.0,5.74,2.256,2.258,31684000.0,-48381000.0,28922000.0,28922000.0,0.0,,,,,0.0,7895000.0,1.0,47341364.0,47386000,49725000.0,0.61,79219000.0,1424000.0,355000.0,7016000.0,1.672,7531000.0
78,TYL,MRQ,2001-12-31,2001-12-31,2001-12-31,2021-08-03,-4545000.0,146975000.0,,45325000.0,101650000.0,,2.136,-3692000.0,5271000.0,5271000.0,20786000.0,198000.0,1.144,0.457,2910000.0,0.0,2910000.0,2910000.0,27215000.0,2904000.0,0.0,0.0,0.0,986000.0,3890000.0,0.121,3890000.0,986000.0,1345000.0,0.01,0.01,0.01,100884000.0,,100884000.0,213920126.0,118.0,16.819,2890000.0,0.061,1.0,11346000.0,0.353,82211000.0,-359000.0,22797000.0,,0.0,11238000.0,0.0,11238000.0,46091000.0,39606000.0,6485000.0,214868126.0,1229000.0,-1397000.0,-28000.0,-229000.0,0.0,-257000.0,-5096000.0,0.0,6582000.0,0.0,198000.0,198000.0,198000.0,-35000.0,0.0,0.006,9916000.0,1430000.0,2036000.0,0.0,2.13,798.766,455.0,6967000.0,0.0,4.55,1.808,1.807,35256000.0,-48943000.0,32132000.0,32132000.0,0.0,,,,,0.0,8195000.0,1.0,47223764.0,47223000,48935000.0,0.68,64764000.0,1480000.0,1147000.0,3575000.0,1.371,5719000.0
79,TYL,MRQ,2001-09-30,2001-09-30,2001-09-30,2021-08-03,-6231000.0,142762000.0,,42658000.0,100104000.0,,2.112,-2172000.0,4042000.0,4042000.0,18515000.0,228000.0,1.188,0.433,3094000.0,186000.0,2908000.0,3094000.0,24531000.0,2810000.0,0.0,0.0,0.0,668000.0,3478000.0,0.122,3478000.0,668000.0,591000.0,0.0,0.0,0.0,99637000.0,,99637000.0,144232416.0,-11.0,-72.406,5613000.0,0.119,1.0,9920000.0,0.349,83118000.0,77000.0,22793000.0,,0.0,9552000.0,0.0,9552000.0,43125000.0,35903000.0,7222000.0,136644416.0,3446000.0,3100000.0,258000.0,-5569000.0,0.0,-5311000.0,972000.0,0.0,7785000.0,0.0,228000.0,228000.0,228000.0,23000.0,0.0,0.008,9229000.0,691000.0,2125000.0,,1.371,-9.576,-9.355,7016000.0,0.0,2.9,1.205,1.206,33237000.0,-49141000.0,28435000.0,28435000.0,0.0,,,,,0.0,7508000.0,1.0,47118764.0,47171000,48396000.0,0.603,59644000.0,2760000.0,363000.0,3551000.0,1.264,6755000.0
80,TYL,MRQ,2001-06-30,2001-06-30,2001-06-30,2021-08-03,-1623000.0,151604000.0,,43651000.0,107953000.0,,2.225,-2400000.0,596000.0,596000.0,20845000.0,371000.0,1.269,0.445,8184000.0,242000.0,7942000.0,8184000.0,21659000.0,2680000.0,0.0,0.0,0.0,865000.0,3545000.0,0.114,3545000.0,865000.0,744000.0,0.01,0.01,0.01,104905000.0,,104905000.0,116386490.0,-8.0,-25.132,-4678000.0,-0.099,1.0,10132000.0,0.327,83853000.0,121000.0,40929000.0,,0.0,14160000.0,0.0,14160000.0,46699000.0,34410000.0,12289000.0,113230490.0,66000.0,564000.0,0.0,4203000.0,0.0,4203000.0,-1859000.0,0.0,-2278000.0,0.0,371000.0,371000.0,371000.0,1000.0,0.0,0.012,9266000.0,866000.0,1999000.0,0.0,1.079,-6.639,-6.667,6625000.0,0.0,2.4,1.041,1.041,38304000.0,-49369000.0,30977000.0,30977000.0,0.0,,,,,0.0,7782000.0,1.0,47179371.0,47149000,47425000.0,0.657,67751000.0,1895000.0,373000.0,4347000.0,1.437,9241000.0
81,TYL,MRQ,2001-03-31,2001-03-31,2001-03-31,2021-08-03,-6827000.0,145213000.0,,36945000.0,108268000.0,,2.108,-2415000.0,517000.0,517000.0,18651000.0,-528000.0,0.997,0.46,3673000.0,307000.0,3366000.0,3673000.0,19049000.0,2516000.0,0.0,0.0,0.0,-710000.0,1806000.0,0.066,1806000.0,-710000.0,-871000.0,-0.01,-0.01,-0.01,99458000.0,,99458000.0,88810805.0,-5.0,-9.234,-1760000.0,-0.037,1.0,8621000.0,0.316,84476000.0,161000.0,26833000.0,,0.0,8956000.0,0.0,8956000.0,45755000.0,37060000.0,8695000.0,89640805.0,-7687000.0,-1342000.0,0.0,-4619000.0,0.0,-4619000.0,-3723000.0,0.0,655000.0,0.0,-528000.0,-528000.0,-528000.0,14000.0,0.0,-0.019,9317000.0,-696000.0,3141000.0,0.0,0.901,-4.188,-4.13,6285000.0,0.0,1.9,0.902,0.902,31917000.0,-49740000.0,27272000.0,27272000.0,0.0,,,,,0.0,7580000.0,1.0,47179371.0,47179000,47179000.0,0.578,60737000.0,2004000.0,-343000.0,3364000.0,1.287,-115000.0
82,TYL,MRQ,2000-12-31,2000-12-31,2000-12-31,2021-08-03,-10691000.0,150712000.0,,49073000.0,101639000.0,,2.06,-4969000.0,8217000.0,8217000.0,17416000.0,-14341000.0,1.151,0.568,8100000.0,353000.0,7747000.0,8100000.0,21066000.0,2667000.0,0.0,0.0,0.0,-13488000.0,-10821000.0,-0.405,-10821000.0,-13488000.0,-14774000.0,-0.31,-0.31,-0.31,96122000.0,,96122000.0,148261265.0,-7.0,-11.577,-8283000.0,-0.178,1.0,9335000.0,0.349,84700000.0,1286000.0,23245000.0,,0.0,5092000.0,0.0,5092000.0,54590000.0,42650000.0,11940000.0,78888265.0,7683000.0,69398000.0,19000.0,-54688000.0,0.0,-54688000.0,65685000.0,0.0,-3314000.0,0.0,-14341000.0,-14341000.0,-14341000.0,13015000.0,0.0,-0.536,9838000.0,-503000.0,4299000.0,0.0,0.821,-3.207,-3.13,6175000.0,0.0,1.69,0.84,0.816,36599000.0,-49212000.0,26751000.0,26751000.0,0.0,,,,,0.0,8111000.0,1.0,46679447.0,46661000,46661000.0,0.573,66012000.0,1792000.0,-433000.0,4193000.0,1.415,6423000.0
83,TYL,MRQ,2000-09-30,2000-09-30,2000-09-30,2021-08-03,-8408000.0,235830000.0,,49246000.0,186584000.0,,2.399,-2016000.0,555000.0,555000.0,14397000.0,-2558000.0,0.836,1.107,69928000.0,22615000.0,47313000.0,69928000.0,21808000.0,1949000.0,0.0,0.0,0.0,-1110000.0,839000.0,0.035,839000.0,-1110000.0,-2890000.0,-0.05,-0.05,-0.05,111902000.0,,111902000.0,174201894.0,-12.0,-18.853,-716000.0,-0.015,1.0,9327000.0,0.393,160352000.0,1780000.0,85944000.0,,0.0,7375000.0,0.0,7375000.0,123928000.0,58907000.0,65021000.0,93358894.0,-657000.0,13806000.0,0.0,-13228000.0,0.0,-13228000.0,11271000.0,0.0,1300000.0,0.0,-2558000.0,-2558000.0,-2558000.0,1352000.0,0.0,-0.108,9085000.0,242000.0,3998000.0,0.0,0.834,-7.383,-6.897,13250000.0,0.0,2.0,1.437,1.436,45531000.0,-34871000.0,23724000.0,23724000.0,0.0,,,,,0.0,7660000.0,1.0,46679447.0,46654000,46654000.0,0.509,75478000.0,4314000.0,-332000.0,12734000.0,1.618,-9661000.0
84,TYL,MRQ,2000-06-30,2000-06-30,2000-06-30,2021-08-03,-8408000.0,253432000.0,,50732000.0,202700000.0,,2.55,-2233000.0,1873000.0,1873000.0,14078000.0,-3979000.0,0.724,1.214,82716000.0,31961000.0,50755000.0,82716000.0,24052000.0,2675000.0,0.0,0.0,0.0,-4117000.0,-1442000.0,-0.067,-1442000.0,-4117000.0,-5082000.0,-0.09,-0.09,-0.09,114460000.0,,114460000.0,191220959.0,-15.0,-33.524,-6424000.0,-0.143,1.0,7583000.0,0.35,167942000.0,965000.0,96293000.0,,0.0,7375000.0,0.0,7375000.0,138972000.0,70040000.0,68932000.0,110964959.0,775000.0,-1544000.0,9270000.0,-191000.0,0.0,9098000.0,-4132000.0,0.0,-4191000.0,0.0,-3979000.0,-3979000.0,-3979000.0,1341000.0,0.0,-0.184,10359000.0,-2776000.0,3651000.0,0.0,0.969,-10.576,-10.24,21141000.0,0.0,2.56,1.613,1.671,42728000.0,-32313000.0,21661000.0,21661000.0,0.0,,,,,0.0,8527000.0,1.0,43345687.0,44894000,44894000.0,0.482,85490000.0,5762000.0,-1103000.0,13112000.0,1.904,-19308000.0
85,TYL,MRQ,2000-03-31,2000-03-31,2000-03-31,2021-08-03,2304000.0,260306000.0,,47045000.0,213261000.0,,2.762,-2342000.0,1800000.0,1800000.0,13767000.0,-3719000.0,1.036,1.177,82056000.0,5307000.0,76749000.0,82056000.0,21718000.0,2395000.0,0.0,0.0,0.0,-3778000.0,-1383000.0,-0.063,-1383000.0,-3778000.0,-4661000.0,-0.09,-0.09,-0.09,119558000.0,,119558000.0,307954521.0,-50.0,593.361,-3263000.0,-0.075,1.0,8030000.0,0.368,168145000.0,883000.0,127027000.0,,0.0,18086000.0,0.0,18086000.0,140748000.0,45390000.0,95358000.0,251700521.0,-1548000.0,-4912000.0,0.0,6796000.0,0.0,6796000.0,-7423000.0,0.0,-921000.0,0.0,-3719000.0,-3719000.0,-3719000.0,1382000.0,0.0,-0.171,10426000.0,-2396000.0,3981000.0,0.0,2.105,-38.189,-36.75,21580000.0,0.0,5.88,3.399,3.437,40348000.0,-28334000.0,21797000.0,21797000.0,0.0,,,,,0.0,8507000.0,1.0,42806211.0,43291000,43291000.0,0.503,92161000.0,5363000.0,-942000.0,13491000.0,2.129,1655000.0
86,TYL,MRQ,1999-12-31,1999-12-31,1999-12-31,2021-08-03,17931000.0,250838000.0,,41217000.0,209621000.0,,3.265,-10173000.0,1987000.0,1987000.0,-1376000.0,-2389000.0,1.108,0.806,62337000.0,807000.0,61530000.0,62337000.0,19707000.0,-1488000.0,0.0,0.0,0.0,-5766000.0,-7254000.0,3.291,-7254000.0,-5766000.0,-5068000.0,-0.06,-0.06,-0.06,138904000.0,,138904000.0,291688160.0,-540.0,52.358,-10708000.0,-0.252,1.0,-828000.0,0.376,85692000.0,-698000.0,188299000.0,,0.0,33713000.0,0.0,33713000.0,111934000.0,37197000.0,74737000.0,235434160.0,807000.0,-3460000.0,0.0,10478000.0,0.0,10478000.0,-9136000.0,-135000.0,-535000.0,0.0,-2389000.0,-2389000.0,-2389000.0,-1089000.0,0.0,1.084,6326000.0,-7154000.0,3860000.0,0.0,1.695,-83.369,-78.571,4867000.0,0.0,5.5,3.297,3.012,34244000.0,-24615000.0,-2204000.0,-2204000.0,0.0,,,,,0.0,4576000.0,1.0,42806211.0,42540000,38412000.0,-0.052,165146000.0,5400000.0,-2679000.0,7890000.0,3.882,4020000.0
87,TYL,MRQ,1999-09-30,1999-09-30,1999-09-30,2021-08-03,0.0,229645000.0,,38980000.0,190665000.0,,2.976,-395000.0,1678000.0,1678000.0,14389000.0,-405000.0,1.033,0.903,57932000.0,3551000.0,54381000.0,57932000.0,19941000.0,3301000.0,0.0,0.0,0.0,1074000.0,4375000.0,0.159,4375000.0,1074000.0,36000.0,-0.01,-0.01,-0.01,120658000.0,,120658000.0,230990577.0,-25.0,-81.593,370000.0,0.009,1.0,13149000.0,0.477,145948000.0,1038000.0,102204000.0,,0.0,13630000.0,0.0,13630000.0,108987000.0,37747000.0,71240000.0,175296577.0,793000.0,3746000.0,0.0,-590000.0,0.0,-1234000.0,1262000.0,-200000.0,765000.0,0.0,-405000.0,-405000.0,-405000.0,602000.0,0.0,-0.015,11473000.0,1676000.0,3562000.0,0.0,1.453,-15.722,-13.059,17485000.0,0.0,4.44,2.744,2.818,44544000.0,-19019000.0,27538000.0,27538000.0,0.0,,,,,0.0,9054000.0,1.0,39481211.0,40541000,42074000.0,0.679,83697000.0,1434000.0,441000.0,12729000.0,2.065,1233000.0
88,TYL,MRQ,1999-06-30,1999-06-30,1999-06-30,2021-08-03,0.0,209034000.0,,38278000.0,170756000.0,,2.726,-1273000.0,885000.0,885000.0,12651000.0,-78000.0,1.103,0.99,56579000.0,4017000.0,52562000.0,56579000.0,17153000.0,2486000.0,0.0,0.0,0.0,2295000.0,4781000.0,0.178,4781000.0,2295000.0,1368000.0,0.0,0.0,0.0,105066000.0,,105066000.0,292226872.0,-38.0,-90.726,-60000.0,-0.002,1.0,14276000.0,0.53,143801000.0,927000.0,86239000.0,,0.0,0.0,0.0,0.0,103968000.0,34688000.0,69280000.0,255457872.0,-936000.0,-16631000.0,0.0,16236000.0,0.0,16899000.0,-19048000.0,0.0,1213000.0,0.0,-78000.0,-78000.0,-78000.0,780000.0,0.0,-0.003,11201000.0,3075000.0,3457000.0,,2.431,-25.972,-21.667,16166000.0,0.0,6.5,4.877,4.783,42381000.0,-19569000.0,26927000.0,26927000.0,0.0,,,,,0.0,9649000.0,1.0,39301211.0,38539000,39944000.0,0.699,65233000.0,1195000.0,1446000.0,10979000.0,1.693,3590000.0
89,TYL,MRQ,1999-03-31,1999-03-31,1999-03-31,2021-08-03,0.0,158949000.0,,26936000.0,132013000.0,,2.406,-1384000.0,1821000.0,1821000.0,9827000.0,48000.0,1.257,0.9,38590000.0,1957000.0,36633000.0,38590000.0,10073000.0,1812000.0,0.0,0.0,0.0,1857000.0,3669000.0,0.195,3669000.0,1857000.0,1028000.0,0.0,0.0,0.0,83665000.0,,83665000.0,193182992.0,-26.0,-47.349,-2112000.0,-0.061,1.0,8986000.0,0.478,107653000.0,829000.0,66640000.0,,0.0,0.0,0.0,0.0,75284000.0,21425000.0,53859000.0,155675992.0,263000.0,5510000.0,0.0,-1188000.0,0.0,-1188000.0,2179000.0,-1000000.0,-728000.0,0.0,48000.0,48000.0,48000.0,565000.0,0.0,0.003,6564000.0,2422000.0,1898000.0,,1.861,-18.386,-16.846,14691000.0,0.0,4.38,4.157,4.067,30107000.0,-20682000.0,18813000.0,18813000.0,0.0,,,,,0.0,5468000.0,1.0,35542464.0,34771000,35962000.0,0.541,51296000.0,1028000.0,980000.0,10688000.0,1.475,5511000.0
90,TYL,MRQ,1998-12-31,1998-12-31,1998-12-31,2021-08-03,0.0,150094000.0,,32553000.0,117541000.0,,2.212,-2712000.0,1558000.0,1558000.0,-2788000.0,-10715000.0,1.772,0.966,39065000.0,1876000.0,37189000.0,39065000.0,10148000.0,-1265000.0,0.0,0.0,0.0,-14391000.0,-15656000.0,1.666,-15656000.0,-14391000.0,-13386000.0,-0.33,-0.33,-0.33,76346000.0,,76346000.0,244280766.0,-28.0,-36.811,-2902000.0,-0.084,1.0,-6608000.0,0.703,95996000.0,-1005000.0,73239000.0,,0.0,0.0,0.0,0.0,73748000.0,18366000.0,55382000.0,211077766.0,102000.0,-523000.0,0.0,1753000.0,0.0,1533000.0,-1241000.0,0.0,-190000.0,0.0,-10715000.0,-10715000.0,-10715000.0,5649000.0,0.0,1.14,1763000.0,-8371000.0,1190000.0,0.0,2.765,-25.249,-23.538,14147000.0,0.0,6.12,9.005,8.515,18041000.0,-21791000.0,-9396000.0,-9396000.0,0.0,,,,,0.0,-899000.0,1.0,34489831.0,34511000,29231000.0,-0.272,54098000.0,2369000.0,-2671000.0,10920000.0,1.568,14187000.0
91,TYL,MRQ,1998-09-30,1998-09-30,1998-09-30,2021-08-03,0.0,161209000.0,,40224000.0,120985000.0,,2.526,-745000.0,2079000.0,2079000.0,7751000.0,909000.0,1.697,0.855,35282000.0,1531000.0,33751000.0,35282000.0,7691000.0,1435000.0,0.0,0.0,0.0,2550000.0,3985000.0,0.249,3985000.0,2550000.0,1958000.0,0.03,0.03,0.03,86913000.0,,86913000.0,290068580.0,53.0,39.627,-147000.0,-0.004,1.0,8284000.0,0.517,95319000.0,592000.0,75396000.0,,23370000.0,0.0,0.0,0.0,74296000.0,23697000.0,50599000.0,261117580.0,-395000.0,-2580000.0,0.0,3429000.0,0.0,3429000.0,-4422000.0,0.0,598000.0,0.0,909000.0,909000.0,909000.0,178000.0,0.0,0.057,5566000.0,2718000.0,5027000.0,0.0,3.004,96.854,76.2,18232000.0,0.0,7.62,-10.306,-10.35,15330000.0,-11076000.0,16035000.0,16035000.0,0.0,,,,,0.0,4705000.0,1.0,34267399.0,34413000,36226000.0,0.466,65890000.0,762000.0,1049000.0,10978000.0,1.915,16527000.0
92,TYL,MRQ,1998-06-30,1998-06-30,1998-06-30,2021-08-03,0.0,149352000.0,,35820000.0,113532000.0,,2.416,-854000.0,2629000.0,2629000.0,5672000.0,1291000.0,1.837,0.812,31580000.0,1827000.0,29753000.0,31580000.0,5714000.0,1241000.0,0.0,0.0,0.0,2681000.0,3922000.0,0.327,3922000.0,2681000.0,2136000.0,0.04,0.04,0.04,82428000.0,,82428000.0,379049126.0,5265.0,369.444,3585000.0,0.105,1.0,6321000.0,0.527,89254000.0,545000.0,69551000.0,,23854000.0,0.0,0.0,0.0,66924000.0,19498000.0,47426000.0,351744126.0,-593000.0,-4155000.0,0.0,491000.0,0.0,498000.0,-5530000.0,0.0,4439000.0,0.0,1291000.0,1291000.0,1291000.0,81000.0,0.0,0.108,3946000.0,2375000.0,5663000.0,0.0,4.267,-373.005,-171.833,17498000.0,0.0,10.31,-16.618,-16.618,10139000.0,-11985000.0,11993000.0,11993000.0,0.0,,,,,0.0,3174000.0,1.0,34116792.0,34117000,36089000.0,0.352,60098000.0,1240000.0,845000.0,9791000.0,1.762,16322000.0
93,TYL,MRQ,1998-03-31,1998-03-31,1998-03-31,2021-08-03,0.0,145161000.0,,36767000.0,108394000.0,,2.969,-396000.0,3453000.0,3453000.0,2508000.0,155000.0,2.073,0.789,30758000.0,2184000.0,28574000.0,30758000.0,3244000.0,581000.0,0.0,0.0,0.0,532000.0,1113000.0,0.231,1113000.0,532000.0,280000.0,0.01,0.01,0.01,81130000.0,,81130000.0,254481245.0,-67.0,-71.343,-3587000.0,-0.131,1.0,2300000.0,0.478,84857000.0,252000.0,69871000.0,,24110000.0,0.0,0.0,0.0,64031000.0,17738000.0,46293000.0,263358245.0,-6352000.0,-24855000.0,0.0,22231000.0,0.0,22433000.0,-25594000.0,0.0,-3191000.0,0.0,155000.0,155000.0,155000.0,-12000.0,0.0,0.032,1904000.0,396000.0,5550000.0,0.0,3.246,-79.039,-48.438,16861000.0,0.0,7.75,-20.893,-16.802,10730000.0,-13276000.0,4808000.0,4808000.0,0.0,,,,,0.0,1554000.0,1.0,33981709.0,27327000,28823000.0,0.176,60304000.0,1709000.0,125000.0,9557000.0,2.207,19029000.0
94,TYL,MRQ,1997-12-31,1997-12-31,1997-12-31,2021-08-03,0.0,47150000.0,,28957000.0,18193000.0,,1.532,-710000.0,8364000.0,8364000.0,-33216000.0,341000.0,6.485,0.501,0.0,0.0,0.0,0.0,0.0,-1367000.0,0.0,0.0,0.0,-333000.0,-1700000.0,0.029,-1700000.0,-333000.0,-1031000.0,0.02,0.02,0.02,31403000.0,,31403000.0,,,,-8017000.0,-0.391,1.0,-24956000.0,0.429,0.0,698000.0,34321000.0,,0.0,8328000.0,2628000.0,5700000.0,15747000.0,4465000.0,11282000.0,186899400.0,-9147000.0,5847000.0,0.0,0.0,0.0,0.0,-650000.0,-5700000.0,-7307000.0,0.0,341000.0,341000.0,341000.0,138000.0,0.0,-0.006,-21354000.0,-3602000.0,11000.0,0.0,5.952,-55.824,-34.375,110000.0,0.0,5.5,,,4472000.0,-13431000.0,-58172000.0,-58172000.0,0.0,,,,,0.0,-21354000.0,1.0,33981709.0,20498000,20498000.0,-2.838,47150000.0,1330000.0,-1372000.0,2745000.0,2.3,24492000.0
95,TYL,MRQ,1997-09-30,1997-09-30,1997-09-30,2021-08-03,,,,,,,,-318000.0,,,11688000.0,-2730000.0,,,,,,,,499000.0,,0.0,0.0,-2808000.0,-2309000.0,-0.114,-2309000.0,-2808000.0,-2579000.0,-0.13,-0.13,-0.13,,,,,,,-5305000.0,-0.259,1.0,8516000.0,0.422,,-229000.0,,,,,,,,,,,-2010000.0,0.0,3703000.0,0.0,0.0,3703000.0,-726000.0,0.0,-4987000.0,0.0,-2730000.0,-2730000.0,-2730000.0,498000.0,0.0,-0.135,8326000.0,190000.0,,0.0,,,,,0.0,3.44,,,,,20204000.0,20204000.0,0.0,,,,,0.0,8326000.0,1.0,,20508000,20994000.0,0.985,,,151000.0,,,
96,TYL,MRQ,1997-06-30,1997-06-30,1997-06-30,2021-08-03,,,,,,,,-90000.0,,,11777000.0,-1098000.0,,,,,,,,514000.0,,0.0,0.0,-1185000.0,-671000.0,-0.033,-671000.0,-1185000.0,-959000.0,-0.06,-0.06,-0.06,,,,,,,2439000.0,0.122,1.0,8778000.0,0.427,,-226000.0,,,,,,,,,,,2310000.0,0.0,0.0,0.0,0.0,0.0,-219000.0,0.0,2529000.0,0.0,-1098000.0,-1098000.0,-1098000.0,1342000.0,0.0,-0.053,8621000.0,157000.0,,0.0,,,,,0.0,2.06,,,,,20555000.0,20555000.0,0.0,,,,,0.0,8621000.0,1.0,,19945000,20080000.0,1.031,,,139000.0,,,
97,TYL,MRQ,1997-03-31,1997-03-31,1997-03-31,2021-08-03,,,,,,,,-311000.0,,,9751000.0,139000.0,,,,,,,,470000.0,,0.0,0.0,145000.0,615000.0,0.035,615000.0,145000.0,303000.0,0.01,0.01,0.01,,,,,,,3625000.0,0.182,1.0,7662000.0,0.44,,-158000.0,,,,,,,,,,,3513000.0,0.0,2000.0,0.0,0.0,2000.0,-425000.0,0.0,3936000.0,0.0,139000.0,139000.0,139000.0,151000.0,0.0,0.008,7366000.0,296000.0,,0.0,,,,,0.0,1.62,,,,,17413000.0,17413000.0,0.0,,,,,0.0,7366000.0,1.0,,19882000,19882000.0,0.876,,,164000.0,,,
98,TYL,MRQ,1996-12-31,1996-12-31,1996-12-31,2021-08-03,0.0,59390000.0,,35891000.0,23499000.0,,1.612,,15419000.0,15419000.0,,,2.87,0.854,0.0,0.0,0.0,0.0,0.0,,0.0,0.0,0.0,,,,,,,,,,32041000.0,,32041000.0,,,,,,1.0,,,0.0,,31465000.0,,17323000.0,0.0,0.0,0.0,27349000.0,12506000.0,14843000.0,,,,,,,,,,,,,,,,,,,,3313000.0,,,,-0.608,5672000.0,,1.88,,,5137000.0,-10083000.0,,,,,,,,,,1.0,,19876000,,,59390000.0,2711000.0,,7068000.0,2.988,23385000.0
0,TYL,MRT,2021-06-30,2021-06-30,2021-06-30,2021-08-03,-46000.0,4641003000.0,3243057500.0,928928000.0,3712075000.0,0.391,51.744,-32673000.0,216773000.0,216773000.0,659462000.0,155884000.0,1.213,1.202,1581249000.0,39666000.0,1541583000.0,1581249000.0,484550000.0,103554000.0,0.0,0.0,0.0,162736000.0,266290000.0,0.21,266290000.0,162736000.0,162736000.0,3.87,3.73,3.87,2107991000.0,2013310000.0,2107991000.0,17792246624.0,109.0,66.815,277252000.0,6.806,1.0,608446000.0,0.48,3372193000.0,0.0,1867507000.0,832946000.0,0.0,130280000.0,51223000.0,79057000.0,2533012000.0,765779000.0,1767233000.0,18428966624.0,-134563000.0,-1999933000.0,60372000.0,1537873000.0,0.0,1598245000.0,-2042733000.0,-10808000.0,309925000.0,0.0,155884000.0,155884000.0,155884000.0,0.0,0.0,0.123,434255000.0,174191000.0,106727000.0,0.0,8.742,118.222,116.891,205942000.0,0.0,452.37,14.535,14.535,599900000.0,1174662000.0,1267908000.0,1267908000.0,89294000.0,0.048,0.077,0.195,0.128,82576000.0,317251000.0,1.0,40738702.0,40738702,,31.123,1268810000.0,20404000.0,6852000.0,220680000.0,31.145,163149000.0
1,TYL,MRT,2021-03-31,2021-03-31,2021-03-31,2021-08-03,-46000.0,3231790000.0,2678455750.0,1700352000.0,1531438000.0,0.424,50.792,-27842000.0,1250752000.0,1250752000.0,577336000.0,184246000.0,3.237,0.568,614032000.0,5913000.0,608119000.0,614032000.0,420618000.0,82861000.0,0.0,0.0,0.0,178455000.0,261316000.0,0.23,261316000.0,178455000.0,178455000.0,4.59,4.42,4.59,2060993000.0,1943644250.0,2060993000.0,16644599187.0,93.0,63.695,342244000.0,8.434,1.0,557588000.0,0.491,1172433000.0,0.0,897281000.0,456868750.0,0.0,171940000.0,59030000.0,112910000.0,1170797000.0,525356000.0,645441000.0,17226039187.0,948767000.0,-13080000.0,107708000.0,593980000.0,0.0,701688000.0,-123007000.0,-82566000.0,370086000.0,0.0,184246000.0,184246000.0,184246000.0,0.0,0.0,0.162,380347000.0,177241000.0,12386000.0,0.0,8.358,93.495,92.49,188487000.0,0.0,424.53,15.178,15.178,354626000.0,1149132000.0,1134924000.0,1134924000.0,87815000.0,0.069,0.095,0.391,0.157,75787000.0,270850000.0,1.0,40576730.0,40576730,,27.97,2059357000.0,17066000.0,-5791000.0,37239000.0,50.752,1174996000.0
2,TYL,MRT,2020-12-31,2020-12-31,2020-12-31,2021-08-03,-46000.0,2607274000.0,2425352250.0,1113070000.0,1494204000.0,0.46,49.25,-28466000.0,603623000.0,603623000.0,574151000.0,194820000.0,1.973,0.313,22183000.0,5904000.0,16279000.0,22183000.0,461378000.0,81657000.0,0.0,0.0,0.0,175042000.0,256699000.0,0.23,256699000.0,175042000.0,175042000.0,4.87,4.69,4.87,1986111000.0,1856604000.0,1986111000.0,17103475611.0,98.0,66.629,326623000.0,8.099,1.0,542512000.0,0.486,1169617000.0,0.0,291940000.0,304479250.0,0.0,154827000.0,72187000.0,82640000.0,621163000.0,564277000.0,56886000.0,17603510611.0,370941000.0,-1292000.0,119791000.0,0.0,0.0,114172000.0,-98320000.0,-68876000.0,355089000.0,0.0,194820000.0,194820000.0,194820000.0,0.0,0.0,0.174,369586000.0,172926000.0,14011000.0,0.0,8.863,90.358,89.634,186738000.0,0.0,436.52,15.764,15.764,403736000.0,1112156000.0,1116663000.0,1116663000.0,88363000.0,0.08,0.105,0.575,0.157,67365000.0,259561000.0,1.0,40326928.0,40326928,,27.69,1437657000.0,21598000.0,-19778000.0,40507000.0,35.65,548793000.0
3,TYL,MRT,2020-09-30,2020-09-30,2020-09-30,2021-08-03,-46000.0,2492163000.0,2321437250.0,990599000.0,1501564000.0,0.483,47.17,-33047000.0,518685000.0,518685000.0,576097000.0,187516000.0,1.851,0.313,18650000.0,5780000.0,12870000.0,18650000.0,436622000.0,81125000.0,0.0,0.0,0.0,174420000.0,255545000.0,0.228,255545000.0,174420000.0,174420000.0,4.74,4.56,4.74,1898145000.0,1764340750.0,1898145000.0,13695337808.0,79.0,53.593,309474000.0,7.691,1.0,546118000.0,0.487,1182027000.0,0.0,275056000.0,294998500.0,0.0,130873000.0,55595000.0,75278000.0,594018000.0,535045000.0,58973000.0,14026330808.0,357247000.0,-19125000.0,130319000.0,0.0,0.0,124700000.0,-109974000.0,-58013000.0,342521000.0,0.0,187516000.0,187516000.0,187516000.0,0.0,0.0,0.167,376071000.0,170047000.0,11073000.0,0.0,7.389,74.801,73.536,186154000.0,0.0,348.56,12.499,12.499,387126000.0,1058062000.0,1122215000.0,1122215000.0,87122000.0,0.081,0.106,0.591,0.155,69710000.0,267090000.0,1.0,40240793.0,40240793,,27.887,1310136000.0,20752000.0,-13096000.0,45985000.0,32.557,455554000.0
4,TYL,MRT,2020-06-30,2020-06-30,2020-06-30,2021-08-03,-46000.0,2382596000.0,2212168750.0,873942000.0,1508654000.0,0.503,46.007,-34719000.0,351336000.0,351336000.0,578543000.0,188622000.0,1.768,0.302,20343000.0,6217000.0,14126000.0,20343000.0,423204000.0,80490000.0,0.0,0.0,0.0,165036000.0,245526000.0,0.221,245526000.0,165036000.0,165036000.0,4.8,4.62,4.8,1829328000.0,1669703750.0,1829328000.0,13512449868.0,82.0,55.035,268067000.0,6.742,1.0,533326000.0,0.48,1194143000.0,0.0,363198000.0,285675500.0,0.0,52352000.0,52352000.0,0.0,553268000.0,494262000.0,59006000.0,13792513868.0,340149000.0,-19775000.0,161775000.0,-15000000.0,0.0,141156000.0,-103793000.0,-48244000.0,302786000.0,0.0,188622000.0,188622000.0,188622000.0,0.0,0.0,0.17,372882000.0,160444000.0,8640000.0,0.0,7.54,73.123,72.267,191626000.0,0.0,346.88,12.405,12.405,426852000.0,1018778000.0,1111869000.0,1111869000.0,86610000.0,0.085,0.113,0.578,0.148,66173000.0,264159000.0,1.0,39761629.0,39761629,,27.963,1188453000.0,27935000.0,-23586000.0,44713000.0,29.889,379680000.0
5,TYL,MRT,2020-03-31,2020-03-31,2020-03-31,2021-08-03,-46000.0,2219376000.0,2103877500.0,712220000.0,1507156000.0,0.53,43.477,-39694000.0,301985000.0,301985000.0,585919000.0,166729000.0,1.6,0.296,21921000.0,6373000.0,15548000.0,21921000.0,366126000.0,79641000.0,0.0,0.0,0.0,159644000.0,239285000.0,0.214,239285000.0,159644000.0,159644000.0,4.28,4.12,4.28,1712832000.0,1567779250.0,1712832000.0,11473804760.0,72.0,47.95,247775000.0,6.289,1.0,529983000.0,0.475,1206534000.0,0.0,287723000.0,272608750.0,0.0,38250000.0,38250000.0,0.0,506544000.0,445055000.0,61489000.0,11683277760.0,262548000.0,-19865000.0,130830000.0,-85000000.0,0.0,40211000.0,-65132000.0,-4666000.0,287469000.0,0.0,166729000.0,166729000.0,166729000.0,0.0,0.0,0.149,374214000.0,155769000.0,12958000.0,0.0,6.821,70.073,69.29,193452000.0,0.0,296.56,10.47,10.47,339538000.0,964886000.0,1115902000.0,1115902000.0,84762000.0,0.079,0.106,0.586,0.143,62853000.0,267465000.0,1.0,39396000.0,39396000,,28.325,1012842000.0,16657000.0,-7085000.0,45774000.0,25.709,267165000.0
6,TYL,MRT,2019-12-31,2019-12-31,2019-12-31,2021-08-03,-46000.0,2191614000.0,2026359000.0,679697000.0,1511917000.0,0.536,41.477,-42040000.0,232682000.0,232682000.0,569527000.0,146527000.0,1.335,0.355,23209000.0,6387000.0,16822000.0,23209000.0,412694000.0,76672000.0,0.0,0.0,0.0,159838000.0,236510000.0,0.218,236510000.0,159838000.0,159838000.0,3.79,3.65,3.79,1617058000.0,1479257500.0,1617058000.0,11559809028.0,72.0,48.877,212680000.0,5.455,1.0,516900000.0,0.476,1219031000.0,0.0,254017000.0,288681250.0,0.0,81634000.0,39399000.0,42235000.0,574556000.0,509093000.0,65463000.0,11696700028.0,98403000.0,-218734000.0,88698000.0,0.0,0.0,88698000.0,-245015000.0,16054000.0,254720000.0,0.0,146527000.0,146527000.0,146527000.0,0.0,0.0,0.135,360533000.0,156367000.0,14977000.0,0.0,7.233,79.826,79.161,190853000.0,0.0,300.02,10.766,10.766,396521000.0,917336000.0,1086427000.0,1086427000.0,81342000.0,0.072,0.099,0.554,0.147,59967000.0,257746000.0,1.0,38986401.0,38986401,,27.867,972583000.0,6482000.0,13311000.0,48442000.0,24.947,170604000.0
7,TYL,MRT,2019-09-30,2019-09-30,2019-09-30,2021-08-03,-46000.0,2055089000.0,1926196250.0,569806000.0,1485283000.0,0.54,39.385,-36337000.0,161438000.0,161438000.0,549075000.0,131289000.0,1.195,0.352,24547000.0,6413000.0,18134000.0,24547000.0,391801000.0,76658000.0,0.0,0.0,0.0,152155000.0,228813000.0,0.22,228813000.0,152155000.0,152155000.0,3.41,3.3,3.41,1519597000.0,1406204500.0,1519597000.0,10156602850.0,67.0,44.388,213040000.0,5.522,1.0,490496000.0,0.472,1203620000.0,0.0,237764000.0,275730000.0,0.0,32931000.0,32931000.0,0.0,535492000.0,476814000.0,58678000.0,10127981850.0,-58014000.0,-210655000.0,-88273000.0,0.0,0.0,-88273000.0,-219118000.0,27542000.0,249377000.0,0.0,131289000.0,131289000.0,131289000.0,0.0,0.0,0.126,340359000.0,150137000.0,9060000.0,0.0,6.665,77.143,76.979,190122000.0,0.0,262.5,9.742,9.742,368419000.0,870546000.0,1039571000.0,1039571000.0,77507000.0,0.068,0.093,0.552,0.146,59143000.0,242615000.0,1.0,38582788.0,38582788,,26.944,851469000.0,4000.0,20866000.0,40303000.0,22.069,92992000.0
8,TYL,MRT,2019-06-30,2019-06-30,2019-06-30,2021-08-03,-46000.0,1949431000.0,1878579500.0,453570000.0,1495861000.0,0.532,37.078,-38756000.0,11187000.0,11187000.0,528833000.0,129823000.0,1.0,0.371,39808000.0,6039000.0,33769000.0,39808000.0,369039000.0,71405000.0,0.0,0.0,0.0,150229000.0,221634000.0,0.222,221634000.0,150229000.0,150229000.0,3.37,3.26,3.37,1421630000.0,1381836750.0,1421630000.0,8352838711.0,56.0,37.688,192671000.0,5.025,1.0,471405000.0,0.471,1213389000.0,0.0,310931000.0,270245000.0,0.0,31184000.0,31184000.0,0.0,527801000.0,453732000.0,74069000.0,8282542711.0,-82060000.0,-220161000.0,-102717000.0,15000000.0,0.0,-87717000.0,-225770000.0,30847000.0,231427000.0,0.0,129823000.0,129823000.0,129823000.0,0.0,0.0,0.13,323736000.0,147669000.0,8062000.0,0.0,5.826,63.799,64.101,190499000.0,0.0,216.02,8.281,8.281,401890000.0,830156000.0,1000238000.0,1000238000.0,73427000.0,0.069,0.094,0.556,0.15,58732000.0,231332000.0,1.0,38341555.0,38341555,,26.088,736042000.0,0.0,20406000.0,39998000.0,19.197,-162000.0
9,TYL,MRT,2019-03-31,2019-03-31,2019-03-31,2021-08-03,-46000.0,1909302000.0,1831161500.0,402274000.0,1507028000.0,0.525,35.483,-31539000.0,39437000.0,39437000.0,508353000.0,136985000.0,0.997,0.405,109733000.0,5777000.0,103956000.0,109733000.0,320342000.0,66120000.0,0.0,0.0,0.0,151510000.0,217630000.0,0.226,217630000.0,151510000.0,151510000.0,3.56,3.43,3.56,1358745000.0,1361501500.0,1358745000.0,7692810200.0,51.0,35.348,197990000.0,5.17,1.0,452821000.0,0.471,1224205000.0,0.0,352013000.0,257334750.0,0.0,36958000.0,36958000.0,0.0,550557000.0,403380000.0,147177000.0,7827089200.0,-171179000.0,-377223000.0,-93600000.0,85000000.0,0.0,-8600000.0,-392108000.0,15151000.0,229529000.0,0.0,136985000.0,136985000.0,136985000.0,0.0,0.0,0.143,304676000.0,148145000.0,6011000.0,0.0,5.761,57.138,57.416,184684000.0,0.0,204.4,8.143,8.143,321801000.0,798157000.0,961174000.0,961174000.0,69157000.0,0.075,0.101,0.589,0.158,56599000.0,217767000.0,1.0,38293000.0,38293000,,25.101,685097000.0,0.0,14525000.0,50647000.0,17.891,-1106000.0
10,TYL,MRT,2018-12-31,2018-12-31,2018-12-31,2021-08-03,-46000.0,1790963000.0,1760242000.0,518858000.0,1272105000.0,0.531,34.125,-27424000.0,134279000.0,134279000.0,495704000.0,147462000.0,1.224,0.352,0.0,0.0,0.0,0.0,350936000.0,61759000.0,0.0,0.0,0.0,155870000.0,217629000.0,0.233,217629000.0,155870000.0,155870000.0,3.84,3.68,3.84,1324846000.0,1337118750.0,1324846000.0,6994685616.0,45.0,32.14,222779000.0,5.738,1.0,439578000.0,0.47,1030570000.0,0.0,202212000.0,223497250.0,0.0,44306000.0,44306000.0,0.0,466117000.0,423902000.0,42215000.0,7214137616.0,-51647000.0,-178093000.0,-63595000.0,0.0,0.0,-63595000.0,-238255000.0,-34420000.0,250203000.0,0.0,147462000.0,147462000.0,147462000.0,0.0,0.0,0.158,287086000.0,152492000.0,6910000.0,0.0,5.445,48.922,48.391,155177000.0,0.0,185.82,7.713,7.713,314932000.0,771925000.0,935282000.0,935282000.0,63264000.0,0.084,0.11,0.697,0.167,52740000.0,207605000.0,1.0,38823257.0,38823257,,24.091,760393000.0,4697000.0,8408000.0,41791000.0,19.586,94956000.0
11,TYL,MRT,2018-09-30,2018-09-30,2018-09-30,2021-08-03,-46000.0,1864622000.0,1715339000.0,601694000.0,1262928000.0,0.531,36.794,-28783000.0,219452000.0,219452000.0,481945000.0,182106000.0,1.515,0.311,0.0,0.0,0.0,0.0,326914000.0,59322000.0,0.0,0.0,0.0,161024000.0,220346000.0,0.242,220346000.0,161024000.0,161024000.0,4.79,4.57,4.79,1422126000.0,1303841250.0,1422126000.0,9378661653.0,58.0,42.563,203944000.0,5.276,1.0,429057000.0,0.471,1032308000.0,0.0,215824000.0,214534000.0,0.0,52349000.0,52349000.0,0.0,442496000.0,397038000.0,45458000.0,9471908653.0,94849000.0,-168891000.0,94051000.0,0.0,0.0,94051000.0,-231929000.0,-34693000.0,232727000.0,0.0,182106000.0,182106000.0,182106000.0,0.0,0.0,0.2,271145000.0,157912000.0,4597000.0,0.0,6.66,52.013,51.161,156498000.0,0.0,245.06,10.397,10.397,294489000.0,740373000.0,911002000.0,911002000.0,57946000.0,0.106,0.14,0.751,0.177,47946000.0,198092000.0,1.0,38651386.0,38651386,,23.57,832314000.0,13281000.0,-21082000.0,44965000.0,21.534,204656000.0
12,TYL,MRT,2018-06-30,2018-06-30,2018-06-30,2021-08-03,-46000.0,1759759000.0,1622463000.0,501988000.0,1257771000.0,0.548,35.006,-27886000.0,93247000.0,93247000.0,468221000.0,182018000.0,1.343,0.313,0.0,0.0,0.0,0.0,316869000.0,56942000.0,0.0,0.0,0.0,166755000.0,223697000.0,0.251,223697000.0,166755000.0,166755000.0,4.83,4.6,4.83,1340289000.0,1217754250.0,1340289000.0,8292985112.0,50.0,37.072,185524000.0,4.846,1.0,421420000.0,0.474,1033340000.0,0.0,259290000.0,187732500.0,0.0,59459000.0,59459000.0,0.0,419470000.0,373882000.0,45588000.0,8503601112.0,38175000.0,-162641000.0,77737000.0,0.0,0.0,77737000.0,-252972000.0,-62326000.0,213410000.0,0.0,182018000.0,182018000.0,182018000.0,0.0,0.0,0.205,256811000.0,164609000.0,4839000.0,0.0,6.345,46.718,45.983,154464000.0,0.0,222.1,9.558,9.558,311640000.0,701449000.0,889641000.0,889641000.0,52730000.0,0.112,0.149,0.888,0.187,43261000.0,190000000.0,1.0,38287263.0,38287263,,23.236,726419000.0,13100000.0,-15263000.0,44803000.0,18.973,128106000.0
13,TYL,MRT,2018-03-31,2018-03-31,2018-03-31,2021-08-03,-46000.0,1625624000.0,1542150500.0,532636000.0,1092988000.0,0.559,33.277,-32132000.0,210616000.0,210616000.0,454697000.0,174627000.0,1.667,0.289,0.0,0.0,0.0,0.0,268773000.0,54540000.0,0.0,0.0,0.0,166252000.0,220792000.0,0.256,220792000.0,166252000.0,166252000.0,4.67,4.44,4.67,1261214000.0,1137082500.0,1261214000.0,7809668960.0,47.0,35.371,160075000.0,4.224,1.0,407647000.0,0.473,878796000.0,0.0,216663000.0,152725000.0,0.0,65858000.0,65858000.0,0.0,364410000.0,319549000.0,44861000.0,7995594960.0,146885000.0,-11344000.0,61042000.0,0.0,0.0,61042000.0,-106364000.0,-63646000.0,192207000.0,0.0,174627000.0,174627000.0,174627000.0,0.0,0.0,0.203,242882000.0,164765000.0,6421000.0,0.0,6.34,45.787,45.173,154254000.0,0.0,210.96,9.272,9.272,228066000.0,662288000.0,862344000.0,862344000.0,48773000.0,0.113,0.154,1.089,0.193,39229000.0,180738000.0,1.0,37901000.0,37901000,,22.753,746828000.0,7286000.0,-8375000.0,44220000.0,19.705,213087000.0
14,TYL,MRT,2017-12-31,2017-12-31,2017-12-31,2021-08-03,-46000.0,1611351000.0,1474664750.0,520815000.0,1090536000.0,0.57,31.722,-43057000.0,185926000.0,185926000.0,441522000.0,169571000.0,1.402,0.352,0.0,0.0,0.0,0.0,299887000.0,53395000.0,0.0,0.0,0.0,163456000.0,216851000.0,0.258,216851000.0,163456000.0,163456000.0,4.55,4.32,4.55,1191736000.0,1063488250.0,1191736000.0,6526836010.0,40.0,30.098,152698000.0,4.065,1.0,399377000.0,0.475,887604000.0,0.0,166359000.0,113856250.0,0.0,43159000.0,43159000.0,0.0,419615000.0,371462000.0,48153000.0,6651439010.0,149775000.0,-11344000.0,49415000.0,-10000000.0,0.0,39415000.0,-85395000.0,-30993000.0,195755000.0,0.0,169571000.0,169571000.0,169571000.0,0.0,0.0,0.202,236619000.0,162758000.0,8174000.0,0.0,5.581,39.225,38.912,152315000.0,0.0,177.05,7.91,7.91,258295000.0,624463000.0,840899000.0,840899000.0,47324000.0,0.115,0.159,1.436,0.194,37348000.0,175914000.0,1.0,37568139.0,37568139,,22.383,723747000.0,11339000.0,-6115000.0,46879000.0,19.265,149353000.0
15,TYL,MRT,2017-09-30,2017-09-30,2017-09-30,2021-08-03,-46000.0,1493118000.0,1411313250.0,399721000.0,1093397000.0,0.581,28.892,-45931000.0,124603000.0,124603000.0,429635000.0,138415000.0,1.112,0.385,0.0,0.0,0.0,0.0,298631000.0,51952000.0,0.0,0.0,0.0,159665000.0,211617000.0,0.258,211617000.0,159665000.0,159665000.0,3.75,3.54,3.75,1077778000.0,994435500.0,1077778000.0,6447610319.0,40.0,30.468,148255000.0,3.974,1.0,390681000.0,0.476,900588000.0,0.0,108618000.0,85465750.0,0.0,39911000.0,39911000.0,0.0,415340000.0,359309000.0,56031000.0,6502682319.0,101289000.0,-9761000.0,24784000.0,-34000000.0,0.0,-9216000.0,-83681000.0,-28338000.0,194186000.0,0.0,138415000.0,138415000.0,138415000.0,0.0,0.0,0.169,230515000.0,160166000.0,4563000.0,0.0,6.033,46.98,46.485,149142000.0,0.0,174.32,7.927,7.927,210311000.0,538023000.0,820316000.0,820316000.0,47099000.0,0.098,0.139,1.868,0.195,35767000.0,170471000.0,1.0,37303134.0,37303134,,21.991,592530000.0,3362000.0,21250000.0,54563000.0,15.884,40412000.0
16,TYL,MRT,2017-06-30,2017-06-30,2017-06-30,2021-08-03,-46000.0,1438509000.0,1376225250.0,352278000.0,1086231000.0,0.581,27.441,-45890000.0,55072000.0,55072000.0,419935000.0,135009000.0,0.98,0.414,0.0,0.0,0.0,0.0,305771000.0,51025000.0,0.0,0.0,0.0,151727000.0,202752000.0,0.253,202752000.0,151727000.0,151727000.0,3.68,3.46,3.68,1017602000.0,945554750.0,1017602000.0,6450629245.0,43.0,31.815,134703000.0,3.632,1.0,380172000.0,0.475,904595000.0,0.0,119260000.0,81088500.0,0.0,24709000.0,24709000.0,0.0,420907000.0,359582000.0,61325000.0,6514360245.0,13745000.0,-5855000.0,23566000.0,-135000000.0,0.0,-111434000.0,-55414000.0,-3761000.0,180593000.0,0.0,135009000.0,135009000.0,135009000.0,0.0,0.0,0.169,227343000.0,152829000.0,9448000.0,0.0,6.402,48.251,47.736,147956000.0,0.0,175.67,8.142,8.142,236164000.0,499760000.0,800107000.0,800107000.0,46335000.0,0.098,0.143,1.871,0.19,33632000.0,167965000.0,1.0,37082941.0,37082941,,21.576,533914000.0,12206000.0,16718000.0,59682000.0,14.398,-7304000.0
17,TYL,MRT,2017-03-31,2017-03-31,2017-03-31,2021-08-03,-46000.0,1355681000.0,1369861000.0,271575000.0,1084106000.0,0.57,26.253,-40824000.0,63731000.0,63731000.0,408711000.0,128246000.0,0.843,0.402,0.0,0.0,0.0,0.0,272116000.0,50564000.0,0.0,0.0,0.0,144725000.0,195289000.0,0.25,195289000.0,144725000.0,144725000.0,3.51,3.3,3.51,966837000.0,898481250.0,966837000.0,5665984680.0,39.0,29.013,157893000.0,4.287,1.0,371605000.0,0.476,908517000.0,0.0,61188000.0,104501250.0,0.0,20056000.0,20056000.0,0.0,388844000.0,322245000.0,66599000.0,5692135680.0,28390000.0,-7394000.0,18305000.0,-140000000.0,0.0,-121695000.0,-48632000.0,-326000.0,198717000.0,0.0,128246000.0,128246000.0,128246000.0,0.0,0.0,0.164,225159000.0,146446000.0,6130000.0,0.0,5.887,44.385,44.034,142109000.0,0.0,154.56,7.295,7.295,166300000.0,468182000.0,780316000.0,780316000.0,44797000.0,0.094,0.143,1.385,0.185,31943000.0,167197000.0,1.0,36828000.0,36828000,,21.188,447164000.0,0.0,16479000.0,69372000.0,12.142,-50670000.0
18,TYL,MRT,2016-12-31,2016-12-31,2016-12-31,2021-08-03,-46000.0,1357945000.0,1360443000.0,282960000.0,1074985000.0,0.559,24.996,-37726000.0,36151000.0,36151000.0,400692000.0,113701000.0,0.783,0.483,10000000.0,0.0,10000000.0,10000000.0,300357000.0,49773000.0,0.0,0.0,0.0,135658000.0,185431000.0,0.244,185431000.0,135658000.0,135658000.0,3.12,2.92,3.12,915525000.0,854769250.0,915525000.0,5239979898.0,39.0,28.258,154133000.0,4.208,1.0,359188000.0,0.473,917496000.0,0.0,52797000.0,137039750.0,0.0,20273000.0,20273000.0,0.0,442420000.0,361501000.0,80919000.0,5229293898.0,3064000.0,-9394000.0,-82075000.0,-56000000.0,0.0,-138075000.0,-50720000.0,-3479000.0,191859000.0,0.0,113701000.0,113701000.0,113701000.0,0.0,0.0,0.15,221532000.0,137656000.0,7295000.0,0.0,5.712,45.992,45.76,124268000.0,0.0,142.77,6.882,6.882,202814000.0,435876000.0,759880000.0,759880000.0,43154000.0,0.084,0.133,0.99,0.179,29747000.0,165176000.0,1.0,36627400.0,36627400,,20.746,440449000.0,2895000.0,21957000.0,68779000.0,12.025,-78541000.0
19,TYL,MRT,2016-09-30,2016-09-30,2016-09-30,2021-08-03,-46000.0,1352766000.0,1360099250.0,277327000.0,1075439000.0,0.531,24.278,-33505000.0,23314000.0,23314000.0,385922000.0,87279000.0,0.796,0.533,34000000.0,0.0,34000000.0,34000000.0,291240000.0,45509000.0,0.0,0.0,0.0,113728000.0,159237000.0,0.221,159237000.0,113728000.0,113728000.0,2.4,2.24,2.4,882255000.0,840602250.0,882255000.0,6316239692.0,56.0,39.666,170963000.0,4.704,1.0,335756000.0,0.465,923851000.0,0.0,91109000.0,149557250.0,0.0,23764000.0,23764000.0,0.0,470511000.0,348492000.0,122019000.0,6222566692.0,-215300000.0,-327908000.0,-58886000.0,31866000.0,0.0,-37821000.0,-381947000.0,-20487000.0,204468000.0,0.0,87279000.0,87279000.0,87279000.0,0.0,0.0,0.121,220075000.0,115681000.0,5992000.0,0.0,7.053,71.295,71.346,120963000.0,0.0,171.23,8.622,8.622,191173000.0,384234000.0,721678000.0,721678000.0,39977000.0,0.064,0.104,0.76,0.158,37872000.0,167505000.0,1.0,36340400.0,36340400,,19.859,428915000.0,17680000.0,26449000.0,85095000.0,11.803,-71165000.0
20,TYL,MRT,2016-06-30,2016-06-30,2016-06-30,2021-08-03,-46000.0,1413052000.0,1191503250.0,323951000.0,1089101000.0,0.569,22.961,-28334000.0,41327000.0,41327000.0,363917000.0,71991000.0,0.918,0.704,135000000.0,0.0,135000000.0,135000000.0,300185000.0,36940000.0,0.0,0.0,0.0,109053000.0,145993000.0,0.215,145993000.0,109053000.0,109053000.0,2.02,1.88,2.02,829308000.0,727812250.0,829308000.0,6126007477.0,56.0,41.961,152021000.0,4.209,1.0,314109000.0,0.463,940884000.0,0.0,212911000.0,135695250.0,0.0,22642000.0,22642000.0,0.0,583744000.0,352930000.0,230814000.0,6021348477.0,-162776000.0,-327908000.0,-67027000.0,132866000.0,0.0,57012000.0,-400143000.0,-43639000.0,180355000.0,0.0,71991000.0,71991000.0,71991000.0,0.0,0.0,0.106,203884000.0,110225000.0,6574000.0,0.0,7.261,83.64,82.53,115886000.0,0.0,166.71,8.881,8.881,212062000.0,361970000.0,678026000.0,678026000.0,36100000.0,0.06,0.099,0.804,0.161,33840000.0,157367000.0,1.0,36118700.0,36118700,,18.772,472168000.0,23994000.0,37062000.0,92110000.0,13.073,-28979000.0
21,TYL,MRT,2016-03-31,2016-03-31,2016-03-31,2021-08-03,-46000.0,1318009000.0,999748750.0,225536000.0,1092473000.0,0.636,21.656,-27314000.0,35341000.0,35341000.0,339923000.0,65820000.0,0.779,0.664,140000000.0,0.0,140000000.0,140000000.0,254669000.0,28037000.0,0.0,0.0,0.0,108639000.0,136676000.0,0.215,136676000.0,108639000.0,108639000.0,1.89,1.75,1.89,791989000.0,620639500.0,791989000.0,4736437920.0,44.0,34.654,150429000.0,4.113,1.0,295426000.0,0.465,941642000.0,0.0,191342000.0,91897500.0,0.0,18332000.0,18332000.0,0.0,526020000.0,289684000.0,236336000.0,4703524920.0,-159380000.0,-326636000.0,-68050000.0,137866000.0,0.0,66258000.0,-403381000.0,-49392000.0,177743000.0,0.0,65820000.0,65820000.0,65820000.0,0.0,0.0,0.104,186520000.0,108906000.0,6316000.0,0.0,5.939,71.46,68.048,114291000.0,0.0,128.61,7.403,7.403,140430000.0,343098000.0,635349000.0,635349000.0,32874000.0,0.066,0.106,1.182,0.171,25962000.0,145531000.0,1.0,36572000.0,36572000,,17.373,376367000.0,11798000.0,42819000.0,91775000.0,10.291,-64148000.0
22,TYL,MRT,2015-12-31,2015-12-31,2015-12-31,2021-08-03,-46000.0,1356570000.0,812342000.0,268215000.0,1088355000.0,0.728,25.306,-12501000.0,33087000.0,33087000.0,313835000.0,64869000.0,0.795,0.58,66000000.0,0.0,66000000.0,66000000.0,284742000.0,19574000.0,0.0,0.0,0.0,108424000.0,127998000.0,0.217,127998000.0,108424000.0,108424000.0,1.9,1.77,1.9,858857000.0,514239250.0,858857000.0,5677632480.0,52.0,44.357,121826000.0,3.59,1.0,277187000.0,0.469,949044000.0,0.0,102867000.0,48749500.0,0.0,28423000.0,13423000.0,15000000.0,497713000.0,337572000.0,160141000.0,5916246480.0,-173080000.0,-339961000.0,27186000.0,63866000.0,0.0,91052000.0,-398459000.0,-46007000.0,134327000.0,0.0,64869000.0,64869000.0,64869000.0,0.0,0.0,0.11,169144000.0,108043000.0,6789000.0,0.0,6.889,91.203,91.747,101112000.0,0.0,174.32,10.01,10.01,179137000.0,326019000.0,591022000.0,591022000.0,29922000.0,0.08,0.126,2.224,0.183,20182000.0,133317000.0,1.0,33939000.0,33939000,,17.414,407526000.0,21080000.0,43555000.0,91026000.0,12.008,-69357000.0
23,TYL,MRT,2015-09-30,2015-09-30,2015-09-30,2021-08-03,-46000.0,678382000.0,615652500.0,411505000.0,266877000.0,0.909,12.73,-9831000.0,238614000.0,238614000.0,295090000.0,71568000.0,1.697,0.574,0.0,0.0,0.0,0.0,200890000.0,15255000.0,0.0,0.0,0.0,113644000.0,128899000.0,0.23,128899000.0,113644000.0,113644000.0,2.13,1.98,2.13,431095000.0,383768250.0,431095000.0,4852130840.0,43.0,37.643,107790000.0,3.183,1.0,264456000.0,0.473,161633000.0,0.0,35661000.0,16018250.0,0.0,24124000.0,9124000.0,15000000.0,247287000.0,242474000.0,4813000.0,5056233840.0,81183000.0,-21447000.0,20139000.0,0.0,0.0,24223000.0,-60661000.0,-29391000.0,117621000.0,0.0,71568000.0,71568000.0,71568000.0,0.0,0.0,0.128,151600000.0,112856000.0,4385000.0,0.0,11.729,70.649,70.099,68092000.0,0.0,149.31,9.036,9.036,130300000.0,317401000.0,559546000.0,559546000.0,27922000.0,0.116,0.186,7.095,0.203,14307000.0,118940000.0,1.0,33864000.0,33864000,,16.523,516749000.0,9674000.0,42076000.0,4813000.0,15.26,169031000.0
24,TYL,MRT,2015-06-30,2015-06-30,2015-06-30,2021-08-03,-46000.0,646034000.0,576622750.0,395524000.0,250510000.0,0.932,11.897,-8992000.0,204103000.0,204103000.0,282950000.0,68426000.0,1.643,0.613,0.0,0.0,0.0,0.0,201549000.0,14808000.0,0.0,0.0,0.0,108598000.0,123406000.0,0.23,123406000.0,108598000.0,108598000.0,2.06,1.91,2.06,400617000.0,349992250.0,400617000.0,4161891740.0,38.0,33.725,119832000.0,3.559,1.0,254415000.0,0.473,163467000.0,0.0,37720000.0,2876750.0,0.0,15000000.0,0.0,15000000.0,245417000.0,240744000.0,4673000.0,4356612740.0,116011000.0,-24689000.0,21018000.0,0.0,0.0,26639000.0,-39452000.0,-5641000.0,128824000.0,0.0,68426000.0,68426000.0,68426000.0,0.0,0.0,0.127,146303000.0,108112000.0,4385000.0,0.0,10.875,63.669,62.806,67908000.0,0.0,129.38,8.107,8.107,152569000.0,297259000.0,537365000.0,537365000.0,27296000.0,0.119,0.196,37.75,0.202,11057000.0,114415000.0,1.0,33673000.0,33673000,,15.958,482567000.0,9674000.0,40172000.0,4673000.0,14.331,154780000.0
25,TYL,MRT,2015-03-31,2015-03-31,2015-03-31,2021-08-03,-46000.0,568382000.0,536818500.0,327775000.0,240607000.0,0.96,10.911,-7622000.0,194721000.0,194721000.0,270721000.0,64330000.0,1.658,0.551,0.0,0.0,0.0,0.0,164706000.0,14662000.0,0.0,0.0,0.0,102223000.0,116885000.0,0.227,116885000.0,102223000.0,102223000.0,1.95,1.81,1.95,366388000.0,316457750.0,366388000.0,3841350930.0,38.0,32.864,116562000.0,3.471,1.0,244720000.0,0.475,157257000.0,0.0,18750000.0,-16750.0,0.0,0.0,0.0,0.0,201994000.0,197654000.0,4340000.0,4047517930.0,97576000.0,-18567000.0,-2541000.0,0.0,0.0,-1141000.0,-25467000.0,808000.0,124184000.0,0.0,64330000.0,64330000.0,64330000.0,0.0,0.0,0.125,142582000.0,102138000.0,5373000.0,0.0,11.047,62.918,61.81,67301000.0,0.0,120.53,7.853,7.853,106101000.0,278423000.0,515441000.0,515441000.0,26575000.0,0.12,0.203,-6102.866,0.198,14215000.0,111438000.0,1.0,33581000.0,33581000,,15.349,411125000.0,9674000.0,37893000.0,9156000.0,12.243,130121000.0
26,TYL,MRT,2014-12-31,2014-12-31,2014-12-31,2021-08-03,-46000.0,569812000.0,503283250.0,337036000.0,232776000.0,0.98,10.201,-9343000.0,206167000.0,206167000.0,259730000.0,58940000.0,1.448,0.691,0.0,0.0,0.0,0.0,189212000.0,14605000.0,0.0,0.0,0.0,94467000.0,109072000.0,0.221,109072000.0,94467000.0,94467000.0,1.79,1.66,1.79,336973000.0,291536750.0,336973000.0,3457809960.0,37.0,31.702,133496000.0,4.041,1.0,233371000.0,0.473,158864000.0,0.0,-28058000.0,-372500.0,0.0,0.0,0.0,0.0,232839000.0,232839000.0,0.0,3615240960.0,127291000.0,-3242000.0,-3993000.0,0.0,0.0,-3993000.0,-11555000.0,808000.0,142839000.0,0.0,58940000.0,58940000.0,58940000.0,0.0,0.0,0.12,138549000.0,94822000.0,4119000.0,0.0,10.729,61.338,61.14,65910000.0,0.0,109.44,7.332,7.332,114421000.0,261150000.0,493101000.0,493101000.0,25743000.0,0.117,0.202,-253.603,0.192,14819000.0,108260000.0,1.0,33034000.0,33034000,,14.927,410948000.0,5523000.0,35527000.0,0.0,12.44,104197000.0
27,TYL,MRT,2014-09-30,2014-09-30,2014-09-30,2021-08-03,-46000.0,522263000.0,471952250.0,293000000.0,229263000.0,1.009,9.011,-14633000.0,157431000.0,157431000.0,250749000.0,54135000.0,1.324,0.764,0.0,0.0,0.0,0.0,185844000.0,14629000.0,0.0,0.0,0.0,88769000.0,103398000.0,0.217,103398000.0,88769000.0,88769000.0,1.66,1.53,1.66,295991000.0,268873250.0,295991000.0,2815759600.0,32.0,27.232,87887000.0,2.675,1.0,225647000.0,0.474,160376000.0,0.0,-16905000.0,10018250.0,0.0,0.0,0.0,0.0,226272000.0,221361000.0,4911000.0,2903851600.0,105310000.0,-3242000.0,-3146000.0,0.0,0.0,18578000.0,-15788000.0,1848000.0,102520000.0,0.0,54135000.0,54135000.0,54135000.0,0.0,0.0,0.114,135966000.0,89681000.0,3397000.0,0.0,9.811,53.641,53.253,66694000.0,0.0,88.4,6.095,6.095,113257000.0,245833000.0,476396000.0,476396000.0,25223000.0,0.115,0.201,8.861,0.186,-7723000.0,106221000.0,1.0,32849000.0,32849000,,14.503,361887000.0,7759000.0,34634000.0,4911000.0,11.017,71639000.0
28,TYL,MRT,2014-06-30,2014-06-30,2014-06-30,2021-08-03,-46000.0,486817000.0,439740250.0,261032000.0,225785000.0,1.034,8.073,-19496000.0,88092000.0,88092000.0,241349000.0,48184000.0,1.21,0.827,0.0,0.0,0.0,0.0,184578000.0,14386000.0,0.0,0.0,0.0,79643000.0,94029000.0,0.207,94029000.0,79643000.0,79643000.0,1.48,1.37,1.48,266479000.0,246782500.0,266479000.0,2913605890.0,37.0,30.986,58836000.0,1.782,1.0,213404000.0,0.469,156815000.0,0.0,26146000.0,13746750.0,0.0,800000.0,800000.0,0.0,220338000.0,215764000.0,4574000.0,3010750890.0,85024000.0,0.0,-968000.0,0.0,0.0,24784000.0,-18092000.0,1065000.0,78332000.0,0.0,48184000.0,48184000.0,48184000.0,0.0,0.0,0.106,132611000.0,80793000.0,2584000.0,0.0,11.298,62.484,61.628,67160000.0,0.0,91.21,6.621,6.621,145361000.0,228833000.0,454753000.0,454753000.0,24638000.0,0.11,0.195,5.794,0.175,-12575000.0,103458000.0,1.0,33009000.0,33009000,,13.777,330002000.0,11470000.0,31459000.0,4574000.0,9.997,45268000.0
29,TYL,MRT,2014-03-31,2014-03-31,2014-03-31,2021-08-03,-46000.0,434241000.0,410268000.0,207619000.0,226622000.0,1.057,8.1,-25399000.0,97145000.0,97145000.0,231582000.0,42491000.0,1.287,0.628,0.0,0.0,0.0,0.0,139298000.0,14120000.0,0.0,0.0,0.0,71290000.0,85410000.0,0.197,85410000.0,71290000.0,71290000.0,1.32,1.21,1.32,266704000.0,225201500.0,266704000.0,2676288000.0,38.0,31.335,40167000.0,1.22,1.0,201888000.0,0.466,158387000.0,0.0,17327000.0,12034750.0,0.0,1280000.0,0.0,1280000.0,167537000.0,161382000.0,6155000.0,2755164000.0,92650000.0,-181000.0,22397000.0,0.0,0.0,51239000.0,-24155000.0,1065000.0,65566000.0,0.0,42491000.0,42491000.0,42491000.0,0.0,0.0,0.098,129368000.0,72520000.0,2572000.0,0.0,10.33,64.841,63.394,66222000.0,0.0,83.68,6.356,6.356,82860000.0,214093000.0,433470000.0,433470000.0,23843000.0,0.104,0.189,5.924,0.164,-16302000.0,101010000.0,1.0,32925000.0,32925000,,13.165,275854000.0,12049000.0,28799000.0,6155000.0,8.378,46237000.0
30,TYL,MRT,2013-12-31,2013-12-31,2013-12-31,2021-08-03,-46000.0,444488000.0,380551250.0,217235000.0,227253000.0,1.095,7.639,-26858000.0,78876000.0,78876000.0,223440000.0,39101000.0,1.131,0.805,0.0,0.0,0.0,0.0,156738000.0,13786000.0,0.0,0.0,0.0,65819000.0,79605000.0,0.191,79605000.0,65819000.0,65819000.0,1.23,1.13,1.23,246319000.0,198575000.0,246319000.0,3241060850.0,49.0,40.714,39232000.0,1.217,1.0,193203000.0,0.464,159997000.0,0.0,13505000.0,6709000.0,0.0,0.0,0.0,0.0,198169000.0,192110000.0,6059000.0,3293181850.0,72470000.0,-181000.0,21831000.0,-18000000.0,0.0,32038000.0,-25658000.0,1090000.0,66090000.0,0.0,39101000.0,39101000.0,39101000.0,0.0,0.0,0.094,126075000.0,67128000.0,2533000.0,0.0,13.37,84.222,83.033,64844000.0,0.0,102.13,7.904,7.904,107158000.0,202210000.0,416643000.0,416643000.0,23269000.0,0.103,0.197,9.811,0.158,-16554000.0,98289000.0,1.0,32245000.0,32245000,,12.921,284491000.0,17480000.0,26718000.0,6059000.0,8.823,25125000.0
31,TYL,MRT,2013-09-30,2013-09-30,2013-09-30,2021-08-03,-209000.0,393415000.0,354095750.0,164765000.0,228650000.0,1.133,6.521,-23013000.0,52121000.0,52121000.0,216200000.0,37965000.0,0.907,0.895,0.0,0.0,0.0,0.0,151510000.0,13188000.0,0.0,0.0,0.0,61792000.0,74980000.0,0.187,74980000.0,61792000.0,61792000.0,1.21,1.11,1.21,207628000.0,173320000.0,207628000.0,2782151740.0,45.0,37.105,52102000.0,1.636,1.0,185076000.0,0.461,161639000.0,0.0,-1991000.0,6761250.0,0.0,2078000.0,0.0,2078000.0,185787000.0,181646000.0,4141000.0,2785219740.0,52018000.0,-10632000.0,19616000.0,-28000000.0,0.0,10297000.0,-33394000.0,50000.0,75115000.0,0.0,37965000.0,37965000.0,37965000.0,0.0,0.0,0.095,121981000.0,63095000.0,6974000.0,0.0,13.414,73.363,72.289,63145000.0,0.0,87.47,6.941,6.941,91601000.0,191698000.0,401276000.0,401276000.0,22539000.0,0.107,0.219,9.139,0.154,-8237000.0,94961000.0,1.0,31842000.0,31842000,,12.602,231776000.0,5512000.0,23827000.0,4141000.0,7.279,-16881000.0
32,TYL,MRT,2013-06-30,2013-06-30,2013-06-30,2021-08-03,-209000.0,368928000.0,329765500.0,146552000.0,222376000.0,1.177,5.718,-18607000.0,3068000.0,3068000.0,207629000.0,37748000.0,0.8,1.048,0.0,0.0,0.0,0.0,155903000.0,13056000.0,0.0,0.0,0.0,62030000.0,75086000.0,0.193,75086000.0,62030000.0,62030000.0,1.23,1.12,1.23,180155000.0,150915250.0,180155000.0,2155104200.0,35.0,28.702,48222000.0,1.531,1.0,180471000.0,0.465,163300000.0,0.0,19298000.0,13326000.0,0.0,2103000.0,0.0,2103000.0,188773000.0,183262000.0,5511000.0,2159599200.0,2756000.0,-10686000.0,17674000.0,-65700000.0,0.0,-35182000.0,-28891000.0,75000.0,66829000.0,0.0,37748000.0,37748000.0,37748000.0,0.0,0.0,0.097,116574000.0,63897000.0,3776000.0,0.0,11.987,57.211,55.732,55378000.0,0.0,68.55,5.565,5.565,122056000.0,180649000.0,388100000.0,388100000.0,20830000.0,0.114,0.25,4.655,0.16,-3558000.0,91289000.0,1.0,31504000.0,31504000,,12.319,205628000.0,5512000.0,24282000.0,5511000.0,6.527,-36710000.0
33,TYL,MRT,2013-03-31,2013-03-31,2013-03-31,2021-08-03,-268000.0,315374000.0,317645000.0,97549000.0,217825000.0,1.185,5.098,-13143000.0,4495000.0,4495000.0,202252000.0,35806000.0,0.651,0.969,0.0,0.0,0.0,0.0,125385000.0,13007000.0,0.0,0.0,0.0,58659000.0,71666000.0,0.19,71666000.0,58659000.0,58659000.0,1.18,1.08,1.18,160198000.0,130778250.0,160198000.0,1936566980.0,33.0,27.022,44525000.0,1.417,1.0,174128000.0,0.463,165042000.0,0.0,-3976000.0,28272000.0,0.0,2012000.0,0.0,2012000.0,155176000.0,149813000.0,5363000.0,1924972980.0,-5437000.0,-19806000.0,15958000.0,-56000000.0,0.0,-30441000.0,-32664000.0,75000.0,57668000.0,0.0,35806000.0,35806000.0,35806000.0,0.0,0.0,0.095,113125000.0,61003000.0,2528000.0,0.0,12.016,53.761,51.915,48170000.0,0.0,61.26,5.114,5.114,77841000.0,171602000.0,376380000.0,376380000.0,20644000.0,0.113,0.274,2.075,0.156,-1450000.0,88017000.0,1.0,31423000.0,31423000,,11.978,150332000.0,5544000.0,22853000.0,5363000.0,4.784,-52264000.0
34,TYL,MRT,2012-12-31,2012-12-31,2012-12-31,2021-08-03,-268000.0,338666000.0,308242250.0,122053000.0,216613000.0,1.179,4.755,-9102000.0,6406000.0,6406000.0,195602000.0,32994000.0,0.719,1.331,18000000.0,0.0,18000000.0,18000000.0,140550000.0,12711000.0,0.0,0.0,0.0,53868000.0,66579000.0,0.183,66579000.0,53868000.0,53868000.0,1.09,1.0,1.09,145299000.0,112665500.0,145299000.0,1508174960.0,28.0,22.652,49566000.0,1.622,1.0,167702000.0,0.462,166811000.0,0.0,13714000.0,40837000.0,0.0,2037000.0,0.0,2037000.0,193367000.0,169735000.0,23632000.0,1480277960.0,5080000.0,-25680000.0,15084000.0,-42700000.0,0.0,-18852000.0,-34736000.0,75000.0,58668000.0,0.0,32994000.0,32994000.0,32994000.0,0.0,0.0,0.091,111125000.0,56577000.0,3167000.0,0.0,10.188,44.865,44.44,45381000.0,0.0,48.44,4.074,4.074,100399000.0,163109000.0,363304000.0,363304000.0,20140000.0,0.107,0.293,1.319,0.148,-1353000.0,86706000.0,1.0,30559000.0,30559000,,11.889,171855000.0,6361000.0,20874000.0,5632000.0,5.624,-47682000.0
35,TYL,MRT,2012-09-30,2012-09-30,2012-09-30,2021-08-03,-273000.0,296094000.0,297423500.0,94064000.0,202030000.0,1.177,3.895,-8703000.0,103000.0,103000.0,187933000.0,32317000.0,0.65,1.509,28000000.0,0.0,28000000.0,28000000.0,120127000.0,12514000.0,0.0,0.0,0.0,52337000.0,64851000.0,0.185,64851000.0,52337000.0,52337000.0,1.07,0.98,1.07,118009000.0,95868250.0,118009000.0,1399105960.0,27.0,21.574,44881000.0,1.481,1.0,162082000.0,0.463,155069000.0,0.0,24268000.0,52759250.0,0.0,2029000.0,0.0,2029000.0,178085000.0,144654000.0,33431000.0,1333717960.0,-5177000.0,-32527000.0,6683000.0,-30000000.0,0.0,-18165000.0,-40596000.0,75000.0,53584000.0,0.0,32317000.0,32317000.0,32317000.0,0.0,0.0,0.092,106602000.0,55480000.0,2169000.0,0.0,11.302,41.27,41.14,43017000.0,0.0,44.02,3.81,3.81,78899000.0,153733000.0,350015000.0,350015000.0,17409000.0,0.109,0.337,0.992,0.15,2022000.0,85084000.0,1.0,30298000.0,30298000,,11.552,141025000.0,5051000.0,20020000.0,5431000.0,4.655,-50590000.0
36,TYL,MRT,2012-06-30,2012-06-30,2012-06-30,2021-08-03,-355000.0,320446000.0,288834000.0,117260000.0,203186000.0,1.154,3.309,-8196000.0,312000.0,312000.0,180084000.0,28991000.0,0.782,2.217,65700000.0,0.0,65700000.0,65700000.0,125721000.0,11793000.0,0.0,0.0,0.0,46345000.0,58138000.0,0.174,58138000.0,46345000.0,46345000.0,0.95,0.88,0.95,99607000.0,82544000.0,99607000.0,1260804750.0,27.0,21.686,37337000.0,1.24,1.0,153270000.0,0.46,156740000.0,0.0,79082000.0,61632500.0,0.0,1953000.0,50000.0,1903000.0,220839000.0,150012000.0,70827000.0,1214736750.0,-1100000.0,-32473000.0,-44135000.0,34200000.0,0.0,-6456000.0,-40177000.0,50000.0,45533000.0,0.0,28991000.0,28991000.0,28991000.0,0.0,0.0,0.087,104069000.0,49201000.0,1768000.0,0.0,12.195,41.9,42.474,42500000.0,0.0,40.35,3.644,3.644,101036000.0,142901000.0,333354000.0,333354000.0,17332000.0,0.1,0.351,0.752,0.139,3408000.0,82930000.0,1.0,30105000.0,30105000,,11.073,163706000.0,5095000.0,17354000.0,5127000.0,5.438,-32752000.0
37,TYL,MRT,2012-03-31,2012-03-31,2012-03-31,2021-08-03,-355000.0,277763000.0,277511000.0,83679000.0,194084000.0,1.148,2.924,-5522000.0,9932000.0,9932000.0,172013000.0,27510000.0,0.649,2.165,56000000.0,0.0,56000000.0,56000000.0,109381000.0,11117000.0,0.0,0.0,0.0,43972000.0,55089000.0,0.173,55089000.0,43972000.0,43972000.0,0.89,0.83,0.89,87747000.0,83754750.0,87747000.0,1211981280.0,28.0,22.0,51530000.0,1.717,1.0,146708000.0,0.46,148525000.0,0.0,46284000.0,54162250.0,0.0,1953000.0,0.0,1953000.0,190016000.0,129022000.0,60994000.0,1152607280.0,7684000.0,-23172000.0,-58731000.0,33500000.0,0.0,-21227000.0,-28141000.0,50000.0,57052000.0,0.0,27510000.0,27510000.0,27510000.0,0.0,0.0,0.086,100129000.0,46579000.0,2582000.0,0.0,13.136,41.898,43.157,40721000.0,0.0,38.41,3.616,3.616,60288000.0,135796000.0,318721000.0,318721000.0,16959000.0,0.099,0.328,0.812,0.138,2635000.0,79697000.0,1.0,30008000.0,30008000,,10.621,129238000.0,5095000.0,16462000.0,7120000.0,4.307,-45343000.0
38,TYL,MRT,2011-12-31,2011-12-31,2011-12-31,2021-08-03,-355000.0,295391000.0,271171000.0,107092000.0,188299000.0,1.141,2.498,-12278000.0,1326000.0,1326000.0,167479000.0,27557000.0,0.706,2.782,60700000.0,0.0,60700000.0,60700000.0,123678000.0,10676000.0,0.0,0.0,0.0,44113000.0,54789000.0,0.177,54789000.0,44113000.0,44113000.0,0.88,0.83,0.88,78110000.0,88917500.0,78110000.0,947408540.0,21.0,17.292,44157000.0,1.412,1.0,141912000.0,0.459,141722000.0,0.0,61403000.0,50872250.0,0.0,1978000.0,25000.0,1953000.0,217281000.0,151640000.0,65641000.0,894688540.0,-788000.0,-17298000.0,-66204000.0,34200000.0,0.0,-28414000.0,-28809000.0,50000.0,56435000.0,0.0,27557000.0,27557000.0,27557000.0,0.0,0.0,0.089,95395000.0,46517000.0,3211000.0,0.0,11.454,32.467,34.216,40915000.0,0.0,30.11,2.892,3.043,92107000.0,130115000.0,309391000.0,309391000.0,16414000.0,0.102,0.31,0.867,0.143,2663000.0,75650000.0,1.0,29714000.0,31267000,33154000.0,9.895,153669000.0,5095000.0,16556000.0,4941000.0,4.915,-44548000.0
39,TYL,MRT,2011-09-30,2011-09-30,2011-09-30,2021-08-03,-275000.0,261736000.0,263331250.0,94333000.0,167403000.0,1.138,2.081,-10659000.0,5280000.0,5280000.0,164243000.0,26068000.0,0.709,3.045,58000000.0,0.0,58000000.0,58000000.0,108114000.0,10489000.0,0.0,0.0,0.0,40768000.0,51257000.0,0.171,51257000.0,40768000.0,40768000.0,0.82,0.78,0.82,64712000.0,96133000.0,64712000.0,833132480.0,20.0,16.254,42532000.0,1.368,1.0,135508000.0,0.452,121643000.0,0.0,59761000.0,45179250.0,0.0,2101000.0,0.0,2101000.0,197024000.0,133052000.0,63972000.0,803044480.0,-1169000.0,0.0,-87787000.0,41500000.0,0.0,-43775000.0,-10585000.0,50000.0,53191000.0,0.0,26068000.0,26068000.0,26068000.0,0.0,0.0,0.087,92124000.0,43384000.0,3736000.0,0.0,12.41,30.806,30.829,40780000.0,0.0,25.28,2.679,2.623,76668000.0,121416000.0,299751000.0,299751000.0,17258000.0,0.099,0.271,0.902,0.136,3588000.0,71652000.0,1.0,31766000.0,31097000,32960000.0,9.639,140093000.0,3106000.0,14700000.0,5972000.0,4.505,-38719000.0
40,TYL,MRT,2011-06-30,2011-06-30,2011-06-30,2021-08-03,-275000.0,275154000.0,264087250.0,107334000.0,167820000.0,1.122,3.264,-9853000.0,1412000.0,1412000.0,163753000.0,25285000.0,0.805,1.634,31500000.0,0.0,31500000.0,31500000.0,110455000.0,10689000.0,0.0,0.0,0.0,40213000.0,50902000.0,0.172,50902000.0,40213000.0,40213000.0,0.78,0.74,0.78,104450000.0,104934000.0,104450000.0,878309980.0,22.0,17.255,45198000.0,1.412,1.0,132583000.0,0.447,122789000.0,0.0,49201000.0,32049250.0,0.0,2126000.0,25000.0,2101000.0,170704000.0,133252000.0,37452000.0,858057980.0,220000.0,0.0,-67415000.0,14823000.0,0.0,-50061000.0,-4770000.0,5050000.0,55051000.0,0.0,25285000.0,25285000.0,25285000.0,0.0,0.0,0.085,89748000.0,42835000.0,2331000.0,0.0,8.215,33.935,34.333,40511000.0,0.0,26.78,2.896,2.892,91117000.0,113910000.0,296336000.0,296336000.0,16295000.0,0.096,0.241,1.255,0.136,3497000.0,70234000.0,1.0,32041000.0,32005000,33848000.0,9.259,152365000.0,3106000.0,14928000.0,5952000.0,4.761,-25918000.0
41,TYL,MRT,2011-03-31,2011-03-31,2011-03-31,2021-08-03,-275000.0,252403000.0,264548500.0,81639000.0,170764000.0,1.105,3.378,-10496000.0,2248000.0,2248000.0,161280000.0,25910000.0,0.706,1.328,22500000.0,0.0,22500000.0,22500000.0,91792000.0,10724000.0,0.0,0.0,0.0,41287000.0,52011000.0,0.178,52011000.0,41287000.0,41287000.0,0.78,0.74,0.78,108398000.0,113191250.0,108398000.0,782797770.0,19.0,15.051,35387000.0,1.103,1.0,130921000.0,0.448,123937000.0,0.0,33124000.0,26051750.0,0.0,2126000.0,0.0,2126000.0,144005000.0,115594000.0,28411000.0,758411770.0,-1803000.0,-38000.0,-64960000.0,20473000.0,0.0,-42263000.0,-5423000.0,5050000.0,45883000.0,0.0,25910000.0,25910000.0,25910000.0,0.0,0.0,0.089,87434000.0,43487000.0,2446000.0,0.0,6.997,29.271,30.397,41386000.0,0.0,23.71,2.596,2.604,67877000.0,108286000.0,292201000.0,292201000.0,15004000.0,0.098,0.229,1.585,0.141,3892000.0,69207000.0,1.0,31987000.0,32086000,33720000.0,9.107,128466000.0,3106000.0,15377000.0,7359000.0,4.004,-33955000.0
42,TYL,MRT,2010-12-31,2010-12-31,2010-12-31,2021-08-03,-275000.0,264032000.0,264861500.0,98449000.0,165583000.0,1.09,3.139,-4930000.0,2114000.0,2114000.0,160311000.0,25054000.0,0.79,1.468,26500000.0,0.0,26500000.0,26500000.0,102590000.0,10788000.0,0.0,0.0,0.0,39899000.0,50687000.0,0.176,50687000.0,39899000.0,39899000.0,0.74,0.71,0.74,106972000.0,120828750.0,106972000.0,679664800.0,17.0,13.409,30420000.0,0.893,1.0,128317000.0,0.445,125138000.0,0.0,38631000.0,19694000.0,0.0,2151000.0,25000.0,2126000.0,157060000.0,124649000.0,32411000.0,669613800.0,-7582000.0,-9661000.0,-60711000.0,24473000.0,0.0,-34238000.0,-8694000.0,6075000.0,35350000.0,0.0,25054000.0,25054000.0,25054000.0,0.0,0.0,0.087,86676000.0,41641000.0,2626000.0,0.0,6.26,26.727,28.054,34851000.0,0.0,20.76,2.32,2.451,83091000.0,102558000.0,288628000.0,288628000.0,13971000.0,0.095,0.207,2.026,0.138,4132000.0,69480000.0,1.0,32255000.0,34075000,35528000.0,8.47,138894000.0,3106000.0,14845000.0,5911000.0,4.076,-26200000.0
43,TYL,MRT,2010-09-30,2010-09-30,2010-09-30,2021-08-03,-277000.0,264760000.0,266521000.0,97361000.0,167399000.0,1.09,2.93,-7917000.0,6449000.0,6449000.0,161466000.0,24500000.0,0.69,1.65,16500000.0,0.0,16500000.0,16500000.0,98357000.0,10509000.0,0.0,0.0,0.0,40662000.0,51171000.0,0.176,51171000.0,40662000.0,40662000.0,0.71,0.67,0.71,99916000.0,127675250.0,99916000.0,707324560.0,17.0,13.823,31039000.0,0.91,1.0,128940000.0,0.444,126463000.0,0.0,7241000.0,10959250.0,0.0,2149000.0,0.0,2149000.0,164844000.0,141107000.0,23737000.0,698866560.0,4554000.0,-9661000.0,-37112000.0,12372000.0,0.0,-22931000.0,-11471000.0,6075000.0,38956000.0,0.0,24500000.0,24500000.0,24500000.0,0.0,0.0,0.084,87539000.0,41401000.0,1868000.0,0.0,6.995,28.525,28.394,35321000.0,0.0,20.16,2.407,2.367,78426000.0,95348000.0,290406000.0,290406000.0,13605000.0,0.092,0.192,3.71,0.14,4200000.0,70844000.0,1.0,34666000.0,34103000,35410000.0,8.516,138297000.0,4112000.0,16162000.0,7237000.0,4.055,-43746000.0
44,TYL,MRT,2010-06-30,2010-06-30,2010-06-30,2021-08-03,-312000.0,276999000.0,266238250.0,110364000.0,166635000.0,1.093,3.944,-11307000.0,6192000.0,6192000.0,162001000.0,25252000.0,0.834,1.015,14650000.0,14650000.0,0.0,14650000.0,97838000.0,10081000.0,0.0,0.0,0.0,41820000.0,51901000.0,0.178,51901000.0,41820000.0,41820000.0,0.72,0.68,0.72,137479000.0,133810500.0,137479000.0,534285716.0,13.0,10.294,22927000.0,0.658,1.0,128968000.0,0.443,127863000.0,0.0,25211000.0,10020750.0,0.0,2119000.0,25000.0,2094000.0,139520000.0,132383000.0,7137000.0,543336716.0,-2232000.0,-10361000.0,-17868000.0,-775000.0,0.0,-16714000.0,-19752000.0,1875000.0,34234000.0,0.0,25252000.0,25252000.0,25252000.0,0.0,0.0,0.087,86935000.0,42033000.0,2929000.0,0.0,3.952,21.517,21.556,35695000.0,0.0,15.52,1.867,1.86,90277000.0,88625000.0,290969000.0,290969000.0,13345000.0,0.095,0.189,4.173,0.144,3824000.0,70621000.0,1.0,35008809.0,34862000,36203000.0,8.346,149136000.0,3288000.0,16568000.0,7137000.0,4.278,-22019000.0
45,TYL,MRT,2010-03-31,2010-03-31,2010-03-31,2021-08-03,-296000.0,253655000.0,262430000.0,84713000.0,168942000.0,1.107,3.959,-12257000.0,9051000.0,9051000.0,162051000.0,25876000.0,0.787,0.826,0.0,0.0,0.0,0.0,85828000.0,9814000.0,0.0,0.0,0.0,42771000.0,52585000.0,0.181,52585000.0,42771000.0,42771000.0,0.73,0.7,0.73,138948000.0,130123500.0,138948000.0,641815078.0,15.0,12.205,25412000.0,0.724,1.0,128490000.0,0.442,129263000.0,0.0,7693000.0,6963750.0,0.0,2145000.0,0.0,2145000.0,114707000.0,107648000.0,7059000.0,657511078.0,1740000.0,-12032000.0,-7049000.0,-7500000.0,0.0,-13524000.0,-22405000.0,1857000.0,37669000.0,0.0,25876000.0,25876000.0,25876000.0,0.0,0.0,0.089,85545000.0,42945000.0,3067000.0,0.0,4.732,25.41,25.671,36190000.0,0.0,18.74,2.263,2.264,64185000.0,82376000.0,290541000.0,290541000.0,12440000.0,0.099,0.199,6.142,0.147,4358000.0,70266000.0,1.0,35085970.0,35101000,36655000.0,8.277,124392000.0,3279000.0,16895000.0,8443000.0,3.544,-22935000.0
46,TYL,MRT,2009-12-31,2009-12-31,2009-12-31,2021-08-03,-405000.0,270670000.0,259266500.0,109687000.0,160983000.0,1.12,3.813,-12352000.0,15696000.0,15696000.0,161523000.0,27010000.0,0.849,1.015,0.0,0.0,0.0,0.0,99116000.0,9497000.0,0.0,0.0,0.0,44638000.0,54135000.0,0.186,54135000.0,44638000.0,44638000.0,0.77,0.74,0.77,134358000.0,123810000.0,134358000.0,690654435.0,15.0,12.758,30589000.0,0.868,1.0,128763000.0,0.444,122029000.0,0.0,3692000.0,4713750.0,0.0,2026000.0,50000.0,1976000.0,136312000.0,129253000.0,7059000.0,696448435.0,7934000.0,-2934000.0,-14474000.0,-8000000.0,0.0,-21349000.0,-13658000.0,1582000.0,42941000.0,0.0,27010000.0,27010000.0,27010000.0,0.0,0.0,0.093,83979000.0,44784000.0,3807000.0,0.0,5.184,25.785,25.857,35750000.0,0.0,19.91,2.399,2.417,82263000.0,77504000.0,290286000.0,290286000.0,11159000.0,0.104,0.218,9.47,0.154,3920000.0,70115000.0,1.0,34979831.0,35240000,36624000.0,8.237,148641000.0,3338000.0,17628000.0,7279000.0,4.218,-19566000.0
47,TYL,MRT,2009-09-30,2009-09-30,2009-09-30,2021-08-03,-359000.0,263629000.0,254539250.0,105596000.0,158033000.0,1.122,3.544,-11400000.0,7895000.0,7895000.0,161144000.0,25485000.0,0.806,1.118,2101000.0,2101000.0,0.0,2101000.0,99670000.0,10687000.0,0.0,0.0,0.0,43561000.0,54248000.0,0.19,54248000.0,43561000.0,43561000.0,0.7,0.68,0.7,124457000.0,118786000.0,124457000.0,610359541.0,14.0,11.251,22252000.0,0.634,1.0,124469000.0,0.436,123268000.0,0.0,3487000.0,3699750.0,0.0,2097000.0,0.0,2097000.0,139172000.0,131080000.0,8092000.0,604358541.0,-21884000.0,-2934000.0,-46089000.0,2101000.0,0.0,-43357000.0,-12179000.0,2082000.0,33652000.0,0.0,25485000.0,25485000.0,25485000.0,0.0,0.0,0.089,80926000.0,43543000.0,4186000.0,0.0,4.856,23.714,24.414,31961000.0,0.0,17.09,2.116,2.101,86096000.0,70848000.0,285613000.0,285613000.0,9848000.0,0.1,0.215,11.774,0.153,4123000.0,68376000.0,1.0,35363285.0,35118000,36487000.0,8.133,140361000.0,2555000.0,18076000.0,8092000.0,3.997,-25484000.0
48,TYL,MRT,2009-06-30,2009-06-30,2009-06-30,2021-08-03,-422000.0,261766000.0,254651000.0,106145000.0,155621000.0,1.099,3.473,-19769000.0,9424000.0,9424000.0,158734000.0,24369000.0,0.811,1.133,15425000.0,15425000.0,0.0,15425000.0,92441000.0,11424000.0,0.0,0.0,0.0,43475000.0,54899000.0,0.196,54899000.0,43475000.0,43475000.0,0.66,0.64,0.66,122731000.0,121497500.0,122731000.0,551348718.0,13.0,10.043,18427000.0,0.521,1.0,121184000.0,0.433,123829000.0,0.0,12983000.0,57000.0,0.0,2825000.0,25000.0,2800000.0,139035000.0,130955000.0,8080000.0,551241718.0,-29588000.0,-12179000.0,-53865000.0,15425000.0,0.0,-35779000.0,-32005000.0,1307000.0,38196000.0,0.0,24369000.0,24369000.0,24369000.0,0.0,0.0,0.087,78167000.0,43017000.0,2620000.0,0.0,4.491,22.621,23.667,28454000.0,0.0,15.62,1.969,1.972,83494000.0,63373000.0,279918000.0,279918000.0,8291000.0,0.096,0.201,762.719,0.155,3908000.0,67247000.0,1.0,35290763.0,35343000,36723000.0,7.92,137937000.0,2589000.0,19106000.0,8080000.0,3.903,-24810000.0
49,TYL,MRT,2009-03-31,2009-03-31,2009-03-31,2021-08-03,-417000.0,241001000.0,256281500.0,85723000.0,155278000.0,1.074,3.203,-21585000.0,7393000.0,7393000.0,157039000.0,17742000.0,0.719,1.12,7500000.0,7500000.0,0.0,7500000.0,87042000.0,12007000.0,0.0,0.0,0.0,34167000.0,46174000.0,0.168,46174000.0,34167000.0,34167000.0,0.48,0.46,0.48,113694000.0,126389250.0,113694000.0,511508311.0,15.0,11.078,20655000.0,0.582,1.0,118276000.0,0.43,123138000.0,0.0,-1307000.0,-4041000.0,0.0,3733000.0,0.0,3733000.0,127307000.0,119277000.0,8030000.0,518352311.0,-30780000.0,-10529000.0,-53789000.0,7500000.0,0.0,-43512000.0,-29508000.0,3575000.0,42240000.0,0.0,17742000.0,17742000.0,17742000.0,0.0,0.0,0.064,84874000.0,33402000.0,3444000.0,0.0,4.559,29.216,30.479,27874000.0,0.0,14.63,1.883,1.886,65888000.0,56500000.0,275315000.0,275315000.0,7705000.0,0.069,0.14,-8.455,0.124,3459000.0,65581000.0,1.0,35430780.0,35497000,36747000.0,7.756,117863000.0,2586000.0,16425000.0,10785000.0,3.32,-33554000.0
50,TYL,MRT,2008-12-31,2008-12-31,2008-12-31,2021-08-03,-387000.0,251761000.0,257893250.0,97224000.0,154537000.0,1.028,3.03,-20143000.0,6844000.0,6844000.0,155314000.0,14862000.0,0.751,1.203,8000000.0,8000000.0,0.0,8000000.0,95773000.0,12611000.0,0.0,0.0,0.0,29276000.0,41887000.0,0.158,41887000.0,29276000.0,29276000.0,0.39,0.38,0.39,114262000.0,131163500.0,114262000.0,406376437.0,14.0,9.702,27659000.0,0.733,1.0,109787000.0,0.414,123812000.0,0.0,-364000.0,-7407500.0,0.0,4554000.0,775000.0,3779000.0,137499000.0,129469000.0,8030000.0,435237437.0,-7880000.0,-23868000.0,-56799000.0,8000000.0,0.0,-46128000.0,-9554000.0,35820000.0,47802000.0,0.0,14862000.0,14862000.0,14862000.0,0.0,0.0,0.056,81692000.0,28095000.0,2617000.0,0.0,3.809,29.285,30.718,26522000.0,0.0,11.98,1.642,1.704,77186000.0,50494000.0,265101000.0,265101000.0,7286000.0,0.058,0.113,-3.952,0.11,3154000.0,62923000.0,1.0,36330337.0,37714000,39184000.0,7.029,127949000.0,2570000.0,14414000.0,8196000.0,3.393,-32245000.0
51,TYL,MRT,2008-09-30,2008-09-30,2008-09-30,2021-08-03,-167000.0,264076000.0,255330000.0,107094000.0,156982000.0,1.003,3.517,-18487000.0,28861000.0,28861000.0,150699000.0,15921000.0,0.893,0.952,0.0,0.0,0.0,0.0,91029000.0,12405000.0,0.0,0.0,0.0,29559000.0,41964000.0,0.164,41964000.0,29559000.0,29559000.0,0.42,0.4,0.42,135303000.0,136900750.0,135303000.0,546272892.0,18.0,13.018,36485000.0,0.948,1.0,105278000.0,0.411,126415000.0,0.0,-11084000.0,379750.0,0.0,5393000.0,500000.0,4893000.0,128773000.0,119884000.0,8889000.0,584366892.0,7956000.0,-23868000.0,-28766000.0,0.0,0.0,-25428000.0,-21588000.0,22092000.0,54972000.0,0.0,15921000.0,15921000.0,15921000.0,0.0,0.0,0.062,77311000.0,27967000.0,2590000.0,0.0,4.319,36.704,36.119,24773000.0,0.0,15.17,2.283,2.28,67111000.0,45363000.0,255977000.0,255977000.0,6662000.0,0.062,0.116,77.838,0.115,928000.0,59431000.0,1.0,38521219.0,38474000,40019000.0,6.653,137661000.0,1839000.0,13638000.0,8889000.0,3.578,-12790000.0
52,TYL,MRT,2008-06-30,2008-06-30,2008-06-30,2021-08-03,0.0,268288000.0,246618500.0,132085000.0,136203000.0,0.982,3.736,-7054000.0,38094000.0,38094000.0,145314000.0,14722000.0,1.13,0.885,0.0,0.0,0.0,0.0,92973000.0,11978000.0,0.0,0.0,0.0,25593000.0,37571000.0,0.155,37571000.0,25593000.0,25593000.0,0.38,0.36,0.38,142298000.0,136469250.0,142298000.0,477654386.0,19.0,12.713,36215000.0,0.951,1.0,96958000.0,0.4,116682000.0,0.0,-3409000.0,7915500.0,0.0,5700000.0,50000.0,5650000.0,125990000.0,116921000.0,9069000.0,515827386.0,24087000.0,-17842000.0,-11384000.0,0.0,0.0,-9391000.0,-9791000.0,14999000.0,43269000.0,0.0,14722000.0,14722000.0,14722000.0,0.0,0.0,0.061,73000000.0,23958000.0,2765000.0,0.0,3.625,35.038,35.711,13220000.0,0.0,13.57,2.129,2.133,78093000.0,39004000.0,242272000.0,242272000.0,5885000.0,0.06,0.108,3.233,0.106,655000.0,56137000.0,1.0,38012335.0,38087000,39633000.0,6.361,151606000.0,1922000.0,10871000.0,9069000.0,3.981,15164000.0
53,TYL,MRT,2008-03-31,2008-03-31,2008-03-31,2021-08-03,0.0,247448000.0,233986500.0,111658000.0,135790000.0,0.978,3.493,-3970000.0,38173000.0,38173000.0,140609000.0,18226000.0,1.061,0.863,0.0,0.0,0.0,0.0,83426000.0,11598000.0,0.0,0.0,0.0,29727000.0,41325000.0,0.181,41325000.0,29727000.0,29727000.0,0.47,0.44,0.47,132791000.0,131939750.0,132791000.0,516580742.0,17.0,12.5,41037000.0,1.079,1.0,88206000.0,0.385,118806000.0,0.0,-14773000.0,13492500.0,0.0,7950000.0,2125000.0,5825000.0,114657000.0,105242000.0,9415000.0,530684742.0,17980000.0,-17906000.0,-18784000.0,0.0,0.0,-17048000.0,-9979000.0,12195000.0,45007000.0,0.0,18226000.0,18226000.0,18226000.0,0.0,0.0,0.08,60234000.0,27972000.0,4292000.0,0.0,3.996,29.117,29.745,10030000.0,0.0,13.98,2.319,2.323,59800000.0,38758000.0,228815000.0,228815000.0,5036000.0,0.078,0.138,2.203,0.13,650000.0,53500000.0,1.0,37960282.0,38020000,39527000.0,6.018,128642000.0,1922000.0,11501000.0,10648000.0,3.384,6416000.0
54,TYL,MRT,2007-12-31,2007-12-31,2007-12-31,2021-08-03,0.0,241508000.0,224997250.0,131064000.0,110444000.0,0.977,3.542,-3845000.0,14104000.0,14104000.0,135371000.0,17501000.0,1.357,0.76,0.0,0.0,0.0,0.0,73714000.0,11211000.0,0.0,0.0,0.0,28580000.0,39791000.0,0.181,39791000.0,28580000.0,28580000.0,0.45,0.42,0.45,137211000.0,130323250.0,137211000.0,480753618.0,17.0,12.082,30266000.0,0.781,1.0,84425000.0,0.384,100045000.0,0.0,30785000.0,20561000.0,0.0,41590000.0,41590000.0,0.0,104297000.0,96574000.0,7723000.0,501038618.0,-7570000.0,-9005000.0,-9297000.0,0.0,0.0,-7406000.0,-34275000.0,-21565000.0,34111000.0,0.0,17501000.0,17501000.0,17501000.0,0.0,0.0,0.08,57645000.0,26780000.0,3323000.0,0.0,3.652,28.629,28.644,9826000.0,0.0,12.89,2.28,2.272,64363000.0,35632000.0,219796000.0,219796000.0,4443000.0,0.078,0.134,1.39,0.13,474000.0,51724000.0,1.0,38870335.0,38735000,41352000.0,5.674,141463000.0,2355000.0,11079000.0,8355000.0,3.652,34490000.0
55,TYL,MRT,2007-09-30,2007-09-30,2007-09-30,2021-08-03,-4000.0,229230000.0,219689250.0,117061000.0,112169000.0,0.958,3.453,-3566000.0,20285000.0,20285000.0,130303000.0,15488000.0,1.337,0.716,0.0,0.0,0.0,0.0,66655000.0,10305000.0,0.0,0.0,0.0,25184000.0,35489000.0,0.169,35489000.0,25184000.0,25184000.0,0.4,0.37,0.4,133577000.0,127489250.0,133577000.0,499814715.0,20.0,14.084,25089000.0,0.648,1.0,80228000.0,0.381,102363000.0,0.0,19059000.0,16251250.0,0.0,28390000.0,28390000.0,0.0,95653000.0,87523000.0,8130000.0,513201715.0,-5229000.0,-9005000.0,-6839000.0,0.0,0.0,-5532000.0,-28352000.0,-15833000.0,28655000.0,0.0,15488000.0,15488000.0,15488000.0,0.0,0.0,0.074,56773000.0,23455000.0,3759000.0,0.0,3.842,33.135,33.375,9556000.0,0.0,13.35,2.438,2.453,56981000.0,29442000.0,210531000.0,210531000.0,4094000.0,0.07,0.121,1.55,0.12,1522000.0,51259000.0,1.0,38442076.0,38688000,41395000.0,5.442,126867000.0,2579000.0,9696000.0,8130000.0,3.279,29538000.0
56,TYL,MRT,2007-06-30,2007-06-30,2007-06-30,2021-08-03,-18000.0,217760000.0,213244750.0,107357000.0,110403000.0,0.965,3.222,-3594000.0,13387000.0,13387000.0,126983000.0,14741000.0,1.262,0.754,0.0,0.0,0.0,0.0,64872000.0,10135000.0,0.0,0.0,0.0,23751000.0,33886000.0,0.165,33886000.0,23751000.0,23751000.0,0.38,0.36,0.38,124180000.0,124289250.0,124180000.0,463725552.0,20.0,13.685,21362000.0,0.554,1.0,78755000.0,0.383,100386000.0,0.0,18899000.0,13586500.0,0.0,21326000.0,21326000.0,0.0,93580000.0,85088000.0,8492000.0,483298552.0,-3049000.0,-5670000.0,-9208000.0,0.0,0.0,-8460000.0,-19545000.0,-10345000.0,24956000.0,0.0,14741000.0,14741000.0,14741000.0,0.0,0.0,0.072,56598000.0,22157000.0,3639000.0,0.0,3.892,32.786,32.658,8747000.0,0.0,12.41,2.349,2.325,62732000.0,24282000.0,205738000.0,205738000.0,4235000.0,0.069,0.119,1.748,0.115,1444000.0,50989000.0,1.0,38944283.0,38540000,41448000.0,5.338,117374000.0,2579000.0,9010000.0,9207000.0,3.046,22269000.0
57,TYL,MRT,2007-03-31,2007-03-31,2007-03-31,2021-08-03,-17000.0,211491000.0,208618000.0,99588000.0,111903000.0,0.962,3.255,-4062000.0,19573000.0,19573000.0,123413000.0,14751000.0,1.305,0.674,0.0,0.0,0.0,0.0,57399000.0,10004000.0,0.0,0.0,0.0,23419000.0,33423000.0,0.166,33423000.0,23419000.0,23419000.0,0.38,0.36,0.38,126325000.0,122077500.0,126325000.0,469674915.0,20.0,14.052,19610000.0,0.505,1.0,77364000.0,0.385,102105000.0,0.0,13501000.0,11777250.0,0.0,20774000.0,20774000.0,0.0,85166000.0,76312000.0,8854000.0,491848915.0,-3484000.0,-5587000.0,-8242000.0,0.0,0.0,-7526000.0,-19630000.0,-9991000.0,23672000.0,0.0,14751000.0,14751000.0,14751000.0,0.0,0.0,0.073,55375000.0,21989000.0,3121000.0,0.0,3.894,33.343,33.421,8506000.0,0.0,12.7,2.45,2.455,48356000.0,20532000.0,200777000.0,200777000.0,3643000.0,0.071,0.121,1.988,0.117,1373000.0,50389000.0,1.0,38728261.0,38813000,42066000.0,5.173,109386000.0,2579000.0,8668000.0,9932000.0,2.818,23276000.0
58,TYL,MRT,2006-12-31,2006-12-31,2006-12-31,2021-08-03,-10000.0,220276000.0,204039500.0,111674000.0,108602000.0,0.957,3.243,-4324000.0,22174000.0,22174000.0,120499000.0,14362000.0,1.311,0.75,0.0,0.0,0.0,0.0,62387000.0,10102000.0,0.0,0.0,0.0,22855000.0,32957000.0,0.169,32957000.0,22855000.0,22855000.0,0.37,0.34,0.37,125875000.0,119650250.0,125875000.0,524725129.0,23.0,15.922,22480000.0,0.579,1.0,74804000.0,0.383,99371000.0,0.0,13546000.0,9728250.0,0.0,19543000.0,19543000.0,0.0,94401000.0,85185000.0,9216000.0,545777129.0,-3521000.0,-12237000.0,-6613000.0,0.0,0.0,-5999000.0,-24326000.0,-7771000.0,26804000.0,0.0,14362000.0,14362000.0,14362000.0,0.0,0.0,0.074,53029000.0,21775000.0,5063000.0,0.0,4.336,38.001,38.0,7390000.0,0.0,14.06,2.795,2.794,59863000.0,18131000.0,195303000.0,195303000.0,3322000.0,0.07,0.12,2.349,0.117,1346000.0,48389000.0,1.0,38817719.0,38817000,41868000.0,5.031,120905000.0,2579000.0,8493000.0,9216000.0,3.115,26489000.0
59,TYL,MRT,2006-09-30,2006-09-30,2006-09-30,2021-08-03,0.0,203452000.0,197579750.0,93557000.0,109895000.0,0.954,3.12,-4080000.0,21052000.0,21052000.0,117190000.0,13306000.0,1.281,0.685,0.0,0.0,0.0,0.0,52845000.0,10178000.0,0.0,0.0,0.0,21220000.0,31398000.0,0.167,31398000.0,21220000.0,21220000.0,0.34,0.32,0.34,120777000.0,116230750.0,120777000.0,487769608.0,23.0,15.535,23094000.0,0.597,1.0,71265000.0,0.378,100984000.0,0.0,8400000.0,9452250.0,0.0,17025000.0,17025000.0,0.0,82675000.0,73016000.0,9659000.0,499743608.0,4982000.0,-12237000.0,-7447000.0,0.0,0.0,-6991000.0,-15201000.0,1163000.0,27174000.0,0.0,13306000.0,13306000.0,13306000.0,0.0,0.0,0.071,50951000.0,20314000.0,3655000.0,0.0,4.138,37.558,38.029,7233000.0,0.0,12.93,2.652,2.656,46132000.0,13954000.0,188455000.0,188455000.0,4915000.0,0.067,0.114,2.245,0.113,1529000.0,44747000.0,1.0,38649931.0,38705000,41898000.0,4.869,102468000.0,2128000.0,7914000.0,9659000.0,2.647,20541000.0
60,TYL,MRT,2006-06-30,2006-06-30,2006-06-30,2021-08-03,0.0,199253000.0,192138750.0,89431000.0,109822000.0,0.94,2.955,-3507000.0,11974000.0,11974000.0,113692000.0,11474000.0,1.212,0.728,0.0,0.0,0.0,0.0,55719000.0,10225000.0,0.0,0.0,0.0,18568000.0,28793000.0,0.159,28793000.0,18568000.0,18568000.0,0.3,0.27,0.3,115333000.0,113384750.0,115333000.0,420159501.0,23.0,14.592,21105000.0,0.541,1.0,66930000.0,0.371,101850000.0,0.0,11662000.0,10865500.0,0.0,15470000.0,15470000.0,0.0,83920000.0,73767000.0,10153000.0,438754501.0,-708000.0,-11653000.0,-11686000.0,0.0,0.0,-11524000.0,-13796000.0,1468000.0,24612000.0,0.0,11474000.0,11474000.0,11474000.0,0.0,0.0,0.064,49186000.0,17744000.0,3687000.0,0.0,3.804,38.239,37.333,6948000.0,0.0,11.2,2.429,2.42,53126000.0,9541000.0,180622000.0,180622000.0,4135000.0,0.06,0.101,1.709,0.103,975000.0,43771000.0,1.0,39174509.0,39026000,41946000.0,4.628,97403000.0,2128000.0,7094000.0,10153000.0,2.496,15664000.0
61,TYL,MRT,2006-03-31,2006-03-31,2006-03-31,2021-08-03,0.0,193177000.0,188294500.0,82669000.0,110508000.0,0.928,2.981,-2661000.0,18595000.0,18595000.0,110622000.0,9735000.0,1.257,0.657,0.0,0.0,0.0,0.0,48429000.0,10318000.0,0.0,0.0,0.0,16184000.0,26502000.0,0.152,26502000.0,16184000.0,16184000.0,0.25,0.23,0.25,116616000.0,112325750.0,116616000.0,410207807.0,25.0,15.478,21057000.0,0.538,1.0,64034000.0,0.367,103513000.0,0.0,5305000.0,12299500.0,0.0,15270000.0,15270000.0,0.0,76561000.0,65764000.0,10797000.0,430940807.0,4808000.0,-11613000.0,-8378000.0,0.0,0.0,-8283000.0,-10627000.0,3693000.0,23718000.0,0.0,9735000.0,9735000.0,9735000.0,0.0,0.0,0.056,48707000.0,15327000.0,2724000.0,0.0,3.695,44.267,44.0,6193000.0,0.0,11.0,2.467,2.463,39376000.0,5781000.0,174656000.0,174656000.0,3323000.0,0.052,0.087,1.316,0.093,471000.0,42853000.0,1.0,39176437.0,39114000,41894000.0,4.465,89664000.0,2128000.0,6449000.0,11710000.0,2.292,16905000.0
62,TYL,MRT,2005-12-31,2005-12-31,2005-12-31,2021-08-03,0.0,194437000.0,184730250.0,96364000.0,98073000.0,0.923,2.845,-2736000.0,20733000.0,20733000.0,108970000.0,8193000.0,1.358,0.733,0.0,0.0,0.0,0.0,51304000.0,10443000.0,0.0,0.0,0.0,13625000.0,24068000.0,0.141,24068000.0,13625000.0,13625000.0,0.21,0.19,0.21,112197000.0,111001750.0,112197000.0,324073320.0,24.0,13.465,18451000.0,0.468,1.0,61487000.0,0.361,90312000.0,0.0,12442000.0,14682500.0,0.0,16750000.0,16500000.0,250000.0,82240000.0,70950000.0,11290000.0,340143320.0,8160000.0,0.0,-14847000.0,0.0,0.0,-14847000.0,1820000.0,4582000.0,21187000.0,0.0,8193000.0,8193000.0,8193000.0,0.0,0.0,0.048,48768000.0,12719000.0,3330000.0,0.0,3.032,41.516,41.81,5759000.0,0.0,8.78,1.995,2.031,51191000.0,3769000.0,170457000.0,170457000.0,2421000.0,0.044,0.074,0.928,0.08,0.0,43821000.0,1.0,38740697.0,39439000,42075000.0,4.322,104125000.0,2128000.0,5432000.0,11579000.0,2.64,25414000.0
63,TYL,MRT,2005-09-30,2005-09-30,2005-09-30,2021-08-03,0.0,181688000.0,183742750.0,75853000.0,105835000.0,0.93,2.797,-3902000.0,16070000.0,16070000.0,109480000.0,8102000.0,1.279,0.661,0.0,0.0,0.0,0.0,43697000.0,10656000.0,0.0,0.0,0.0,13889000.0,24545000.0,0.144,24545000.0,13889000.0,13889000.0,0.21,0.19,0.21,109393000.0,112552500.0,109393000.0,312864540.0,23.0,12.747,16367000.0,0.419,1.0,61404000.0,0.359,92243000.0,0.0,14053000.0,16942500.0,0.0,18175000.0,10675000.0,7500000.0,72295000.0,59322000.0,12973000.0,325546540.0,3364000.0,0.0,-18649000.0,-35000.0,0.0,-18682000.0,1777000.0,5669000.0,20269000.0,0.0,8102000.0,8102000.0,8102000.0,0.0,0.0,0.047,48154000.0,13250000.0,2529000.0,0.0,2.976,40.181,39.429,5841000.0,0.0,8.28,1.905,1.895,40291000.0,648000.0,170884000.0,170884000.0,0.0,0.044,0.072,0.82,0.081,0.0,46852000.0,1.0,39317215.0,39104000,41771000.0,4.37,89445000.0,3021000.0,5787000.0,12973000.0,2.287,16531000.0
64,TYL,MRT,2005-06-30,2005-06-30,2005-06-30,2021-08-03,0.0,183876000.0,184999000.0,76034000.0,107842000.0,0.921,2.804,-4852000.0,12682000.0,12682000.0,109511000.0,7553000.0,1.271,0.655,0.0,0.0,0.0,0.0,43562000.0,10957000.0,0.0,0.0,0.0,13144000.0,24101000.0,0.141,24101000.0,13144000.0,13144000.0,0.19,0.18,0.19,111097000.0,115124250.0,111097000.0,286791864.0,22.0,11.9,11561000.0,0.292,1.0,60878000.0,0.357,93990000.0,0.0,17398000.0,18885500.0,0.0,16925000.0,9425000.0,7500000.0,72779000.0,59806000.0,12973000.0,300578864.0,-5299000.0,-580000.0,-16602000.0,-35000.0,0.0,-16641000.0,-5071000.0,271000.0,16413000.0,0.0,7553000.0,7553000.0,7553000.0,0.0,0.0,0.044,48287000.0,12591000.0,2762000.0,0.0,2.706,39.796,39.789,6147000.0,0.0,7.56,1.764,1.758,46436000.0,-1933000.0,170389000.0,170389000.0,0.0,0.041,0.066,0.696,0.077,0.0,46719000.0,1.0,39759109.0,39615000,41943000.0,4.301,89886000.0,2068000.0,5591000.0,12973000.0,2.269,16228000.0
65,TYL,MRT,2005-03-31,2005-03-31,2005-03-31,2021-08-03,0.0,178920000.0,186515500.0,69057000.0,109863000.0,0.919,2.767,-6137000.0,13787000.0,13787000.0,109539000.0,8507000.0,1.264,0.607,0.0,0.0,0.0,0.0,38647000.0,11257000.0,0.0,0.0,0.0,14759000.0,26016000.0,0.152,26016000.0,14759000.0,14759000.0,0.21,0.2,0.21,111320000.0,117413750.0,111320000.0,290907857.0,20.0,11.182,17841000.0,0.443,1.0,61928000.0,0.361,95669000.0,0.0,14837000.0,18635750.0,0.0,18950000.0,11450000.0,7500000.0,67600000.0,54627000.0,12973000.0,303480857.0,1248000.0,-643000.0,-16311000.0,-17000.0,0.0,-16328000.0,-6402000.0,196000.0,23978000.0,0.0,8507000.0,8507000.0,8507000.0,0.0,0.0,0.05,47530000.0,14398000.0,2642000.0,0.0,2.726,35.674,36.238,6486000.0,0.0,7.61,1.77,1.785,37441000.0,-3954000.0,171467000.0,171467000.0,0.0,0.046,0.072,0.792,0.086,0.0,46868000.0,1.0,39879219.0,40229000,42735000.0,4.262,83251000.0,1611000.0,6252000.0,13718000.0,2.069,14430000.0
66,TYL,MRT,2004-12-31,2004-12-31,2004-12-31,2021-08-03,0.0,190487000.0,187173000.0,77238000.0,113249000.0,0.92,2.868,-6842000.0,12573000.0,12573000.0,108432000.0,10128000.0,1.307,0.609,0.0,0.0,0.0,0.0,41541000.0,11386000.0,0.0,0.0,0.0,17437000.0,28823000.0,0.167,28823000.0,17437000.0,17437000.0,0.25,0.23,0.25,118400000.0,119352000.0,118400000.0,332256091.0,19.0,11.527,15317000.0,0.371,1.0,63838000.0,0.371,97318000.0,0.0,21482000.0,19793750.0,0.0,21332000.0,13832000.0,7500000.0,72087000.0,59114000.0,12973000.0,344962091.0,2305000.0,-946000.0,-9905000.0,-35000.0,0.0,-9940000.0,-9914000.0,-2222000.0,22159000.0,0.0,10128000.0,10128000.0,10128000.0,0.0,0.0,0.059,46718000.0,17120000.0,2890000.0,0.0,2.914,34.06,33.44,6624000.0,0.0,8.36,2.002,2.004,45801000.0,-4424000.0,172270000.0,172270000.0,0.0,0.054,0.085,0.881,0.101,0.0,45451000.0,1.0,41263408.0,41288000,44566000.0,4.172,93169000.0,1611000.0,7309000.0,13996000.0,2.257,18124000.0
67,TYL,MRT,2004-09-30,2004-09-30,2004-09-30,2021-08-03,-64000.0,186713000.0,186150250.0,73920000.0,112793000.0,0.895,2.897,-7240000.0,12706000.0,12706000.0,105585000.0,10990000.0,1.373,0.56,0.0,0.0,0.0,0.0,38837000.0,10954000.0,0.0,0.0,0.0,18117000.0,29071000.0,0.174,29071000.0,18117000.0,18117000.0,0.27,0.26,0.27,119680000.0,119228750.0,119680000.0,347156915.0,19.0,11.942,14258000.0,0.345,1.0,61071000.0,0.366,98331000.0,0.0,21825000.0,19179250.0,0.0,23859000.0,16359000.0,7500000.0,67033000.0,53851000.0,13182000.0,365137915.0,-1855000.0,-13055000.0,-4420000.0,134000.0,0.0,-4319000.0,-19034000.0,8159000.0,21498000.0,0.0,10990000.0,10990000.0,10990000.0,-424000.0,0.0,0.066,43711000.0,17360000.0,2441000.0,0.0,3.051,33.225,32.741,6697000.0,0.0,8.84,2.191,2.191,39057000.0,-7454000.0,166656000.0,166656000.0,0.0,0.059,0.092,0.945,0.109,0.0,42801000.0,1.0,41305194.0,41307000,44350000.0,4.035,88382000.0,1536000.0,7127000.0,13182000.0,2.14,20069000.0
68,TYL,MRT,2004-06-30,2004-06-30,2004-06-30,2021-08-03,-47000.0,189942000.0,180538250.0,76682000.0,113260000.0,0.901,2.903,-7986000.0,17981000.0,17981000.0,101474000.0,12191000.0,1.358,0.579,0.0,0.0,0.0,0.0,39588000.0,10883000.0,0.0,0.0,0.0,19831000.0,30714000.0,0.189,30714000.0,19831000.0,19831000.0,0.3,0.28,0.3,120255000.0,116918250.0,120255000.0,379855083.0,19.0,12.367,21748000.0,0.525,1.0,61245000.0,0.376,99093000.0,0.0,16399000.0,18078500.0,0.0,17236000.0,9736000.0,7500000.0,69687000.0,56469000.0,13218000.0,392394083.0,2545000.0,-12475000.0,-1990000.0,-99000.0,0.0,-2116000.0,-25073000.0,2256000.0,29734000.0,0.0,12191000.0,12191000.0,12191000.0,-424000.0,0.0,0.075,42174000.0,19071000.0,4570000.0,0.0,3.263,32.187,31.533,6375000.0,0.0,9.46,2.411,2.408,42476000.0,-9486000.0,162719000.0,162719000.0,0.0,0.068,0.104,1.097,0.122,0.0,41167000.0,1.0,41479290.0,41420000,44803000.0,3.929,90849000.0,1536000.0,7640000.0,13506000.0,2.193,20213000.0
69,TYL,MRT,2004-03-31,2004-03-31,2004-03-31,2021-08-03,-17000.0,181550000.0,172788250.0,67230000.0,114320000.0,0.895,2.871,-8264000.0,12539000.0,12539000.0,96583000.0,11197000.0,1.364,0.525,0.0,0.0,0.0,0.0,34489000.0,10143000.0,0.0,0.0,0.0,17986000.0,28129000.0,0.182,28129000.0,17986000.0,17986000.0,0.28,0.25,0.28,119073000.0,113594250.0,119073000.0,392402845.0,22.0,13.95,19820000.0,0.478,1.0,58008000.0,0.375,100251000.0,0.0,19469000.0,17150750.0,0.0,19247000.0,11747000.0,7500000.0,62477000.0,49291000.0,13186000.0,402670845.0,-17505000.0,-12412000.0,-20356000.0,-346000.0,0.0,-20702000.0,-24887000.0,3194000.0,28084000.0,0.0,11197000.0,11197000.0,11197000.0,-424000.0,0.0,0.072,40878000.0,17130000.0,2637000.0,0.0,3.382,35.962,34.679,6238000.0,0.0,9.71,2.605,2.605,36727000.0,-12461000.0,154591000.0,154591000.0,0.0,0.065,0.099,1.049,0.116,0.0,39816000.0,1.0,41469706.0,41468000,45062000.0,3.728,81299000.0,1536000.0,6789000.0,13734000.0,1.961,17939000.0
70,TYL,MRT,2003-12-31,2003-12-31,2003-12-31,2021-08-03,-32000.0,186396000.0,170798000.0,69843000.0,116553000.0,0.852,2.771,-8557000.0,10268000.0,10268000.0,90627000.0,26402000.0,1.263,0.581,0.0,0.0,0.0,0.0,37843000.0,9396000.0,0.0,0.0,0.0,39508000.0,48904000.0,0.336,48904000.0,39508000.0,39508000.0,0.62,0.59,0.62,117907000.0,115147250.0,117907000.0,377655996.0,10.0,7.722,13978000.0,0.329,1.0,54827000.0,0.377,101812000.0,0.0,19024000.0,16422250.0,0.0,19169000.0,11669000.0,7500000.0,68489000.0,55292000.0,13197000.0,392216996.0,-3476000.0,27224000.0,-22431000.0,-2990000.0,0.0,-25421000.0,-590000.0,-11758000.0,22535000.0,0.0,26402000.0,26402000.0,26402000.0,-424000.0,0.0,0.182,39315000.0,15512000.0,2378000.0,0.0,3.326,14.856,15.532,6927000.0,0.0,9.63,2.697,2.817,42517000.0,-14552000.0,145454000.0,145454000.0,0.0,0.155,0.229,2.406,0.272,0.0,38390000.0,1.0,40728660.0,42547000,45035000.0,3.419,84584000.0,1536000.0,13106000.0,13712000.0,1.988,14551000.0
71,TYL,MRT,2003-09-30,2003-09-30,2003-09-30,2021-08-03,24000.0,164265000.0,166660250.0,74342000.0,89923000.0,0.856,2.729,-8612000.0,14561000.0,14561000.0,87525000.0,26908000.0,1.505,0.487,0.0,0.0,0.0,0.0,28554000.0,9196000.0,0.0,0.0,0.0,39390000.0,48586000.0,0.34,48586000.0,39390000.0,39370000.0,0.6,0.56,0.6,110438000.0,115334500.0,110438000.0,270591979.0,7.0,5.569,16517000.0,0.408,1.0,55205000.0,0.387,82873000.0,20000.0,17422000.0,20551000.0,0.0,24701000.0,24701000.0,0.0,53827000.0,49409000.0,4418000.0,286027979.0,4027000.0,39348000.0,-23445000.0,-3181000.0,0.0,-26626000.0,5524000.0,-24664000.0,25129000.0,0.0,26908000.0,26908000.0,26908000.0,-1817000.0,0.0,0.189,41104000.0,14101000.0,2157000.0,0.0,2.59,10.63,11.8,6226000.0,0.0,7.08,2.004,2.007,30002000.0,-18444000.0,142730000.0,142730000.0,0.0,0.161,0.233,1.917,0.276,0.0,38082000.0,1.0,40399432.0,40464000,43181000.0,3.527,81392000.0,1197000.0,12462000.0,9604000.0,2.011,24933000.0
72,TYL,MRT,2003-06-30,2003-06-30,2003-06-30,2021-08-03,0.0,158942000.0,165032500.0,68516000.0,90426000.0,0.847,2.494,-8907000.0,15436000.0,15436000.0,87783000.0,25414000.0,1.44,0.486,0.0,0.0,0.0,0.0,30015000.0,8585000.0,0.0,0.0,0.0,37071000.0,45656000.0,0.327,45656000.0,37071000.0,37039000.0,0.56,0.53,0.56,106959000.0,115151250.0,106959000.0,162795215.0,4.0,3.566,9794000.0,0.228,1.0,52047000.0,0.372,83253000.0,32000.0,12688000.0,22774250.0,0.0,12113000.0,12113000.0,0.0,51983000.0,47565000.0,4418000.0,192839215.0,5347000.0,39357000.0,-27579000.0,-3494000.0,0.0,-31073000.0,17719000.0,-12113000.0,18701000.0,0.0,25414000.0,25414000.0,25414000.0,-1817000.0,0.0,0.182,39759000.0,12288000.0,2352000.0,0.0,1.803,7.588,7.589,6418000.0,0.0,4.25,1.379,1.303,35593000.0,-21677000.0,139830000.0,139830000.0,0.0,0.154,0.221,1.628,0.265,0.0,36585000.0,1.0,45373933.0,42881000,44796000.0,3.261,75689000.0,1197000.0,11625000.0,7884000.0,1.765,20951000.0
73,TYL,MRT,2003-03-31,2003-03-31,2003-03-31,2021-08-03,0.0,173589000.0,167107500.0,83593000.0,89996000.0,0.822,2.726,-9615000.0,30044000.0,30044000.0,87408000.0,24723000.0,1.905,0.386,0.0,0.0,0.0,0.0,25482000.0,8584000.0,0.0,0.0,0.0,35978000.0,44562000.0,0.325,44562000.0,35978000.0,35941000.0,0.54,0.52,0.54,125285000.0,117419500.0,125285000.0,139670208.0,4.0,3.134,8142000.0,0.177,1.0,49892000.0,0.363,83104000.0,37000.0,16555000.0,28704500.0,0.0,15001000.0,15001000.0,0.0,48304000.0,43886000.0,4418000.0,150864208.0,22855000.0,40340000.0,-6991000.0,-3572000.0,0.0,-10436000.0,15534000.0,-15001000.0,17757000.0,0.0,24723000.0,24723000.0,24723000.0,-1817000.0,0.0,0.18,38400000.0,11492000.0,1851000.0,0.0,1.204,6.102,6.537,6595000.0,0.0,3.53,1.099,1.181,33522000.0,-23658000.0,137300000.0,137300000.0,0.0,0.148,0.211,1.253,0.262,0.0,35120000.0,1.0,42737736.0,45951000,47738000.0,2.988,90485000.0,1197000.0,11218000.0,11949000.0,1.969,39707000.0
74,TYL,MRT,2002-12-31,2002-12-31,2002-12-31,2021-08-03,7418000.0,169845000.0,163981500.0,52460000.0,117385000.0,0.817,2.517,-9718000.0,13744000.0,13744000.0,85915000.0,7989000.0,1.304,0.431,2550000.0,0.0,2550000.0,2550000.0,26208000.0,8522000.0,0.0,0.0,0.0,11858000.0,20380000.0,0.152,20380000.0,11858000.0,11858000.0,0.17,0.16,0.17,118656000.0,114743500.0,118656000.0,184755777.0,16.0,9.066,10127000.0,0.215,1.0,47982000.0,0.358,82886000.0,0.0,35539000.0,34174000.0,0.0,27196000.0,0.0,27196000.0,51189000.0,40226000.0,10963000.0,192723777.0,8473000.0,1807000.0,-2378000.0,-1020000.0,0.0,-3398000.0,-7974000.0,0.0,19845000.0,0.0,7989000.0,7989000.0,7989000.0,-1817000.0,0.0,0.06,37243000.0,10739000.0,2390000.0,0.0,1.624,24.124,24.529,6819000.0,0.0,4.17,1.439,1.468,33510000.0,-40954000.0,133897000.0,133897000.0,0.0,0.049,0.07,0.347,0.089,0.0,33914000.0,1.0,46216733.0,47136000,49493000.0,2.841,86959000.0,1197000.0,3869000.0,8413000.0,1.845,12234000.0
75,TYL,MRT,2002-09-30,2002-09-30,2002-09-30,2021-08-03,2890000.0,157754000.0,158264000.0,47388000.0,110366000.0,0.819,2.326,-11202000.0,10534000.0,10534000.0,84533000.0,3789000.0,1.164,0.438,2566000.0,0.0,2566000.0,2566000.0,27292000.0,9259000.0,0.0,0.0,0.0,6958000.0,16217000.0,0.125,16217000.0,6958000.0,7300000.0,0.09,0.09,0.09,109705000.0,110300500.0,109705000.0,202800625.0,29.0,12.505,9723000.0,0.206,1.0,45100000.0,0.348,82743000.0,-342000.0,26315000.0,30988500.0,0.0,20228000.0,0.0,20228000.0,48049000.0,40728000.0,7321000.0,209909625.0,6492000.0,395000.0,-2412000.0,-1192000.0,0.0,-3604000.0,-10829000.0,0.0,20925000.0,0.0,3789000.0,3789000.0,3789000.0,-35000.0,0.0,0.029,37085000.0,8015000.0,2328000.0,0.0,1.913,55.4,48.889,6934000.0,0.0,4.4,1.619,1.601,32543000.0,-45352000.0,129633000.0,129633000.0,0.0,0.024,0.034,0.225,0.054,0.0,32867000.0,1.0,47706733.0,47173000,49372000.0,2.748,75011000.0,1329000.0,3511000.0,4755000.0,1.59,6660000.0
76,TYL,MRT,2002-06-30,2002-06-30,2002-06-30,2021-08-03,7017000.0,167242000.0,154516000.0,50917000.0,116325000.0,0.797,2.435,-10898000.0,10089000.0,10089000.0,80386000.0,2278000.0,1.231,0.441,2980000.0,116000.0,2864000.0,2980000.0,29336000.0,9932000.0,0.0,0.0,0.0,4692000.0,14624000.0,0.119,14624000.0,4692000.0,4969000.0,0.05,0.05,0.05,116032000.0,107783500.0,116032000.0,249154720.0,53.0,17.037,10364000.0,0.218,1.0,42708000.0,0.347,82354000.0,-277000.0,36409000.0,30108000.0,0.0,26578000.0,0.0,26578000.0,51210000.0,41370000.0,9840000.0,253346720.0,9493000.0,3486000.0,1828000.0,-6215000.0,0.0,-4387000.0,-7382000.0,0.0,21262000.0,0.0,2278000.0,2278000.0,2278000.0,-12000.0,0.0,0.019,37301000.0,5407000.0,1960000.0,0.0,2.183,111.215,106.4,6986000.0,0.0,5.32,2.058,2.059,35185000.0,-47091000.0,123094000.0,123094000.0,0.0,0.015,0.021,0.156,0.038,0.0,32194000.0,1.0,47621564.0,47647000,50405000.0,2.583,84888000.0,1329000.0,2691000.0,7255000.0,1.782,9547000.0
77,TYL,MRT,2002-03-31,2002-03-31,2002-03-31,2021-08-03,7089000.0,161085000.0,150606500.0,44125000.0,116960000.0,0.8,2.418,-10468000.0,7189000.0,7189000.0,79334000.0,1359000.0,1.206,0.406,2997000.0,103000.0,2894000.0,2997000.0,26726000.0,10486000.0,0.0,0.0,0.0,3436000.0,13922000.0,0.116,13922000.0,3436000.0,3597000.0,0.03,0.03,0.03,114581000.0,105001750.0,114581000.0,269501429.0,78.0,19.358,3814000.0,0.08,1.0,41132000.0,0.341,81866000.0,-161000.0,38433000.0,31238000.0,0.0,26690000.0,0.0,26690000.0,46504000.0,36594000.0,9910000.0,271739429.0,6659000.0,3067000.0,1595000.0,-1705000.0,0.0,-237000.0,-7386000.0,0.0,14282000.0,0.0,1359000.0,1359000.0,1359000.0,-11000.0,0.0,0.011,37140000.0,3992000.0,2393000.0,0.0,2.372,199.955,191.333,7039000.0,0.0,5.74,2.256,2.258,31684000.0,-48381000.0,120466000.0,120466000.0,0.0,0.009,0.013,0.11,0.029,0.0,31380000.0,1.0,47341364.0,47386000,49725000.0,2.542,79219000.0,1424000.0,2238000.0,7016000.0,1.672,7531000.0
78,TYL,MRT,2001-12-31,2001-12-31,2001-12-31,2021-08-03,-4545000.0,146975000.0,146638500.0,45325000.0,101650000.0,0.81,2.138,-10679000.0,5271000.0,5271000.0,78797000.0,269000.0,1.144,0.457,2910000.0,0.0,2910000.0,2910000.0,27215000.0,10910000.0,0.0,0.0,0.0,1809000.0,12719000.0,0.107,12719000.0,1809000.0,1809000.0,0.01,0.01,0.01,100884000.0,101221000.0,100884000.0,213920126.0,118.0,16.819,2065000.0,0.044,1.0,40019000.0,0.337,82211000.0,0.0,22797000.0,28338000.0,0.0,11238000.0,0.0,11238000.0,46091000.0,39606000.0,6485000.0,214868126.0,-2946000.0,925000.0,230000.0,-6214000.0,0.0,-5984000.0,-9706000.0,0.0,12744000.0,0.0,269000.0,269000.0,269000.0,3000.0,0.0,0.002,37728000.0,2291000.0,2036000.0,0.0,2.13,798.766,455.0,6967000.0,0.0,4.55,1.808,1.807,35256000.0,-48943000.0,118816000.0,118816000.0,0.0,0.002,0.003,0.064,0.015,0.0,30830000.0,1.0,47223764.0,47181000,47984000.0,2.518,64764000.0,1480000.0,1540000.0,3575000.0,1.373,5719000.0
79,TYL,MRT,2001-09-30,2001-09-30,2001-09-30,2021-08-03,-6231000.0,142762000.0,147572750.0,42658000.0,100104000.0,0.769,2.112,-11956000.0,4042000.0,4042000.0,75427000.0,-14270000.0,1.188,0.433,3094000.0,186000.0,2908000.0,3094000.0,24531000.0,10673000.0,0.0,0.0,0.0,-12665000.0,-1992000.0,-0.018,-1992000.0,-12665000.0,-14310000.0,-0.31,-0.31,-0.31,99637000.0,100030500.0,99637000.0,144232416.0,-11.0,-72.406,-9108000.0,-0.193,1.0,38008000.0,0.335,83118000.0,1645000.0,22793000.0,28450000.0,0.0,9552000.0,0.0,9552000.0,43125000.0,35903000.0,7222000.0,136644416.0,3508000.0,71720000.0,277000.0,-60673000.0,0.0,-60415000.0,61075000.0,0.0,2848000.0,0.0,-14270000.0,-14270000.0,-14270000.0,13053000.0,0.0,-0.126,37650000.0,358000.0,2125000.0,0.0,1.371,-9.576,-9.355,7016000.0,0.0,2.9,1.205,1.206,33237000.0,-49141000.0,113435000.0,113435000.0,0.0,-0.097,-0.143,-0.445,-0.112,0.0,30981000.0,1.0,47118764.0,47171000,48396000.0,2.405,59644000.0,2760000.0,-40000.0,3551000.0,1.264,6755000.0
80,TYL,MRT,2001-06-30,2001-06-30,2001-06-30,2021-08-03,-1623000.0,151604000.0,170839750.0,43651000.0,107953000.0,0.636,2.225,-11800000.0,596000.0,596000.0,71309000.0,-17056000.0,1.269,0.445,8184000.0,242000.0,7942000.0,8184000.0,21659000.0,9812000.0,0.0,0.0,0.0,-14443000.0,-4631000.0,-0.043,-4631000.0,-14443000.0,-17791000.0,-0.36,-0.36,-0.36,104905000.0,103096750.0,104905000.0,116386490.0,-8.0,-25.132,-15437000.0,-0.327,1.0,37415000.0,0.344,83853000.0,3348000.0,40929000.0,44237750.0,0.0,14160000.0,0.0,14160000.0,46699000.0,34410000.0,12289000.0,113230490.0,-595000.0,82426000.0,19000.0,-68332000.0,0.0,-68332000.0,71374000.0,0.0,-3637000.0,0.0,-17056000.0,-17056000.0,-17056000.0,14382000.0,0.0,-0.157,37506000.0,-91000.0,1999000.0,0.0,1.079,-6.639,-6.667,6625000.0,0.0,2.4,1.041,1.041,38304000.0,-49369000.0,108724000.0,108724000.0,0.0,-0.1,-0.165,-0.326,-0.133,0.0,31133000.0,1.0,47179371.0,47149000,47425000.0,2.306,67751000.0,1895000.0,-735000.0,4347000.0,1.437,9241000.0
81,TYL,MRT,2001-03-31,2001-03-31,2001-03-31,2021-08-03,-6827000.0,145213000.0,196296750.0,36945000.0,108268000.0,0.506,2.108,-11633000.0,517000.0,517000.0,64542000.0,-21406000.0,0.997,0.46,3673000.0,307000.0,3366000.0,3673000.0,19049000.0,9807000.0,0.0,0.0,0.0,-19425000.0,-9618000.0,-0.097,-9618000.0,-19425000.0,-23617000.0,-0.46,-0.46,-0.46,99458000.0,105485500.0,99458000.0,88810805.0,-5.0,-9.234,-17183000.0,-0.364,1.0,34866000.0,0.351,84476000.0,4192000.0,26833000.0,58078750.0,0.0,8956000.0,0.0,8956000.0,45755000.0,37060000.0,8695000.0,89640805.0,114000.0,80318000.0,9289000.0,-72726000.0,0.0,-63437000.0,69101000.0,0.0,-5550000.0,0.0,-21406000.0,-21406000.0,-21406000.0,15722000.0,0.0,-0.215,38599000.0,-3733000.0,3141000.0,0.0,0.901,-4.188,-4.13,6285000.0,0.0,1.9,0.902,0.902,31917000.0,-49740000.0,99408000.0,99408000.0,0.0,-0.109,-0.203,-0.334,-0.195,0.0,31878000.0,1.0,47179371.0,47179000,47179000.0,2.107,60737000.0,2004000.0,-2211000.0,3364000.0,1.287,-115000.0
82,TYL,MRT,2000-12-31,2000-12-31,2000-12-31,2021-08-03,-10691000.0,150712000.0,225070000.0,49073000.0,101639000.0,0.417,2.118,-11560000.0,8217000.0,8217000.0,59658000.0,-24597000.0,1.151,0.568,8100000.0,353000.0,7747000.0,8100000.0,21066000.0,9686000.0,0.0,0.0,0.0,-22493000.0,-12807000.0,-0.136,-12807000.0,-22493000.0,-27407000.0,-0.54,-0.54,-0.54,96122000.0,110510500.0,96122000.0,148261265.0,-7.0,-11.577,-18686000.0,-0.412,1.0,34275000.0,0.365,84700000.0,4914000.0,23245000.0,83127250.0,0.0,5092000.0,0.0,5092000.0,54590000.0,42650000.0,11940000.0,78888265.0,6253000.0,76748000.0,9289000.0,-61311000.0,0.0,-52022000.0,65401000.0,0.0,-7126000.0,0.0,-24597000.0,-24597000.0,-24597000.0,17090000.0,0.0,-0.262,39708000.0,-5433000.0,4299000.0,0.0,0.821,-3.207,-3.13,6175000.0,0.0,1.69,0.84,0.816,36599000.0,-49212000.0,93933000.0,93933000.0,0.0,-0.109,-0.223,-0.271,-0.239,0.0,32805000.0,1.0,46679447.0,45380000,45380000.0,2.07,66012000.0,1792000.0,-2810000.0,4193000.0,1.455,6423000.0
83,TYL,MRT,2000-09-30,2000-09-30,2000-09-30,2021-08-03,-8408000.0,235830000.0,250101500.0,49246000.0,186584000.0,0.26,2.399,-16764000.0,555000.0,555000.0,40866000.0,-12645000.0,0.836,1.107,69928000.0,22615000.0,47313000.0,69928000.0,21808000.0,5531000.0,0.0,0.0,0.0,-14771000.0,-9240000.0,-0.142,-9240000.0,-14771000.0,-17701000.0,-0.29,-0.29,-0.29,111902000.0,121206000.0,111902000.0,174201894.0,-12.0,-18.853,-21111000.0,-0.453,1.0,24112000.0,0.371,160352000.0,2930000.0,85944000.0,124390750.0,0.0,7375000.0,0.0,7375000.0,123928000.0,58907000.0,65021000.0,93358894.0,-623000.0,3890000.0,9270000.0,3855000.0,0.0,13144000.0,-9420000.0,-135000.0,-4347000.0,0.0,-12645000.0,-12645000.0,-12645000.0,2986000.0,0.0,-0.195,36196000.0,-12084000.0,3998000.0,0.0,0.834,-7.383,-6.897,13250000.0,0.0,2.0,1.437,1.436,45531000.0,-34871000.0,64978000.0,64978000.0,0.0,-0.051,-0.104,-0.119,-0.227,0.0,29270000.0,1.0,46679447.0,46654000,46654000.0,1.393,75478000.0,4314000.0,-5056000.0,12734000.0,1.618,-9661000.0
84,TYL,MRT,2000-06-30,2000-06-30,2000-06-30,2021-08-03,-8408000.0,253432000.0,248555250.0,50732000.0,202700000.0,0.277,2.55,-15143000.0,1873000.0,1873000.0,40858000.0,-10492000.0,0.724,1.214,82716000.0,31961000.0,50755000.0,82716000.0,24052000.0,6883000.0,0.0,0.0,0.0,-12587000.0,-5704000.0,-0.083,-5704000.0,-12587000.0,-14775000.0,-0.25,-0.25,-0.25,114460000.0,123395000.0,114460000.0,191220959.0,-15.0,-33.524,-20025000.0,-0.446,1.0,27934000.0,0.406,167942000.0,2188000.0,96293000.0,128455750.0,0.0,7375000.0,0.0,7375000.0,138972000.0,70040000.0,68932000.0,110964959.0,827000.0,-6170000.0,9270000.0,16493000.0,0.0,25138000.0,-19429000.0,-335000.0,-4882000.0,0.0,-10492000.0,-10492000.0,-10492000.0,2236000.0,0.0,-0.153,38584000.0,-10650000.0,3651000.0,0.0,0.969,-10.576,-10.24,21141000.0,0.0,2.56,1.613,1.671,42728000.0,-32313000.0,68792000.0,68792000.0,0.0,-0.042,-0.085,-0.098,-0.183,0.0,30664000.0,1.0,43345687.0,44894000,44894000.0,1.532,85490000.0,5762000.0,-4283000.0,13112000.0,1.904,-19308000.0
85,TYL,MRT,2000-03-31,2000-03-31,2000-03-31,2021-08-03,2304000.0,260306000.0,237455750.0,47045000.0,213261000.0,0.312,2.762,-14183000.0,1800000.0,1800000.0,39431000.0,-6591000.0,1.036,1.177,82056000.0,5307000.0,76749000.0,82056000.0,21718000.0,6694000.0,0.0,0.0,0.0,-6175000.0,519000.0,0.007,519000.0,-6175000.0,-8325000.0,-0.16,-0.16,-0.16,119558000.0,121046500.0,119558000.0,307954521.0,-50.0,593.361,-13661000.0,-0.316,1.0,34627000.0,0.468,168145000.0,2150000.0,127027000.0,125942250.0,0.0,18086000.0,0.0,18086000.0,140748000.0,45390000.0,95358000.0,251700521.0,-884000.0,-21257000.0,0.0,32920000.0,0.0,32939000.0,-34345000.0,-335000.0,522000.0,0.0,-6591000.0,-6591000.0,-6591000.0,1675000.0,0.0,-0.089,39426000.0,-4799000.0,3981000.0,0.0,2.105,-38.189,-36.75,21580000.0,0.0,5.88,3.399,3.437,40348000.0,-28334000.0,74058000.0,74058000.0,0.0,-0.028,-0.054,-0.049,-0.083,0.0,31786000.0,1.0,42806211.0,43291000,43291000.0,1.711,92161000.0,5363000.0,-1734000.0,13491000.0,2.129,1655000.0
86,TYL,MRT,1999-12-31,1999-12-31,1999-12-31,2021-08-03,17931000.0,250838000.0,212116500.0,41217000.0,209621000.0,0.337,3.552,-13225000.0,1987000.0,1987000.0,37027000.0,-2824000.0,1.108,0.806,62337000.0,807000.0,61530000.0,62337000.0,19707000.0,6111000.0,0.0,0.0,0.0,-540000.0,5571000.0,0.078,5571000.0,-540000.0,-2636000.0,-0.07,-0.07,-0.07,138904000.0,112073250.0,138904000.0,291688160.0,-540.0,52.358,-12510000.0,-0.32,1.0,34389000.0,0.482,85692000.0,2096000.0,188299000.0,110845500.0,0.0,33713000.0,0.0,33713000.0,111934000.0,37197000.0,74737000.0,235434160.0,927000.0,-10835000.0,0.0,24936000.0,0.0,24955000.0,-24743000.0,-1335000.0,715000.0,0.0,-2824000.0,-2824000.0,-2824000.0,858000.0,0.0,-0.04,34370000.0,19000.0,3860000.0,0.0,1.695,-83.369,-78.571,4867000.0,0.0,5.5,3.297,3.012,34244000.0,-24615000.0,71416000.0,71416000.0,0.0,-0.013,-0.025,-0.005,-0.008,0.0,27553000.0,1.0,42806211.0,39105000,39105000.0,1.826,165146000.0,5400000.0,188000.0,7890000.0,4.223,4020000.0
87,TYL,MRT,1999-09-30,1999-09-30,1999-09-30,2021-08-03,0.0,229645000.0,186930500.0,38980000.0,190665000.0,0.342,2.976,-5764000.0,1678000.0,1678000.0,34079000.0,-11150000.0,1.033,0.903,57932000.0,3551000.0,54381000.0,57932000.0,19941000.0,6334000.0,0.0,0.0,0.0,-9165000.0,-2831000.0,-0.044,-2831000.0,-9165000.0,-10954000.0,-0.34,-0.34,-0.34,120658000.0,96433750.0,120658000.0,230990577.0,-25.0,-81.593,-4704000.0,-0.116,1.0,29803000.0,0.467,145948000.0,1789000.0,102204000.0,82080500.0,0.0,13630000.0,0.0,13630000.0,108987000.0,37747000.0,71240000.0,175296577.0,222000.0,-7898000.0,0.0,16211000.0,0.0,16010000.0,-16848000.0,-1200000.0,1060000.0,0.0,-11150000.0,-11150000.0,-11150000.0,7596000.0,0.0,-0.175,31001000.0,-1198000.0,3562000.0,0.0,1.453,-15.722,-13.059,17485000.0,0.0,4.44,2.744,2.818,44544000.0,-19019000.0,63882000.0,63882000.0,0.0,-0.06,-0.116,-0.112,-0.143,0.0,23272000.0,1.0,39481211.0,40541000,42074000.0,1.576,83697000.0,1434000.0,196000.0,12729000.0,2.065,1233000.0
88,TYL,MRT,1999-06-30,1999-06-30,1999-06-30,2021-08-03,0.0,209034000.0,169821500.0,38278000.0,170756000.0,0.308,2.726,-6114000.0,885000.0,885000.0,27441000.0,-9836000.0,1.103,0.99,56579000.0,4017000.0,52562000.0,56579000.0,17153000.0,4468000.0,0.0,0.0,0.0,-7689000.0,-3221000.0,-0.061,-3221000.0,-7689000.0,-9032000.0,-0.3,-0.3,-0.3,105066000.0,87997500.0,105066000.0,292226872.0,-38.0,-90.726,-5221000.0,-0.135,1.0,24938000.0,0.476,143801000.0,1343000.0,86239000.0,75378500.0,0.0,0.0,0.0,0.0,103968000.0,34688000.0,69280000.0,255457872.0,-966000.0,-14224000.0,0.0,20230000.0,0.0,20673000.0,-22532000.0,-1000000.0,893000.0,0.0,-9836000.0,-9836000.0,-9836000.0,7172000.0,0.0,-0.188,25094000.0,-156000.0,3457000.0,0.0,2.431,-25.972,-21.667,16166000.0,0.0,6.5,4.877,4.783,42381000.0,-19569000.0,52379000.0,52379000.0,0.0,-0.058,-0.112,-0.102,-0.147,0.0,18923000.0,1.0,39301211.0,38539000,39944000.0,1.359,65233000.0,1195000.0,804000.0,10979000.0,1.693,3590000.0
89,TYL,MRT,1999-03-31,1999-03-31,1999-03-31,2021-08-03,0.0,158949000.0,154901000.0,26936000.0,132013000.0,0.242,2.406,-5695000.0,1821000.0,1821000.0,20462000.0,-8467000.0,1.257,0.9,38590000.0,1957000.0,36633000.0,38590000.0,10073000.0,3223000.0,0.0,0.0,0.0,-7303000.0,-4080000.0,-0.109,-4080000.0,-7303000.0,-8264000.0,-0.26,-0.26,-0.26,83665000.0,82338000.0,83665000.0,193182992.0,-26.0,-47.349,-1576000.0,-0.045,1.0,16983000.0,0.454,107653000.0,961000.0,66640000.0,71206500.0,0.0,0.0,0.0,0.0,75284000.0,21425000.0,53859000.0,155675992.0,-623000.0,-1748000.0,0.0,4485000.0,0.0,4272000.0,-9014000.0,-1000000.0,4119000.0,0.0,-8467000.0,-8467000.0,-8467000.0,6473000.0,0.0,-0.226,17839000.0,-856000.0,1898000.0,0.0,1.861,-18.386,-16.846,14691000.0,0.0,4.38,4.157,4.067,30107000.0,-20682000.0,37445000.0,37445000.0,0.0,-0.055,-0.103,-0.103,-0.195,0.0,12448000.0,1.0,35542464.0,34771000,35962000.0,1.077,51296000.0,1028000.0,203000.0,10688000.0,1.475,5511000.0
90,TYL,MRT,1998-12-31,1998-12-31,1998-12-31,2021-08-03,0.0,150094000.0,151454000.0,32553000.0,117541000.0,0.155,2.341,-4707000.0,1558000.0,1558000.0,13143000.0,-8360000.0,1.772,0.966,39065000.0,1876000.0,37189000.0,39065000.0,10148000.0,1992000.0,0.0,0.0,0.0,-8628000.0,-6636000.0,-0.283,-6636000.0,-8628000.0,-9012000.0,-0.26,-0.26,-0.26,76346000.0,81704250.0,76346000.0,244280766.0,-28.0,-36.811,-3051000.0,-0.094,1.0,10297000.0,0.439,95996000.0,384000.0,73239000.0,72014250.0,0.0,0.0,0.0,0.0,73748000.0,18366000.0,55382000.0,211077766.0,-7238000.0,-32113000.0,0.0,27904000.0,0.0,27893000.0,-36787000.0,0.0,1656000.0,0.0,-8360000.0,-8360000.0,-8360000.0,5896000.0,0.0,-0.357,13179000.0,-2882000.0,1190000.0,0.0,2.765,-25.249,-23.538,14147000.0,0.0,6.12,9.005,8.515,18041000.0,-21791000.0,23440000.0,23440000.0,0.0,-0.055,-0.102,-0.12,-0.368,0.0,8534000.0,1.0,34489831.0,32612000,32612000.0,0.719,54098000.0,2369000.0,-652000.0,10920000.0,1.659,14187000.0
91,TYL,MRT,1998-09-30,1998-09-30,1998-09-30,2021-08-03,0.0,161209000.0,125718000.0,40224000.0,120985000.0,-0.202,2.526,-2705000.0,2079000.0,2079000.0,-17285000.0,2696000.0,1.697,0.855,35282000.0,1531000.0,33751000.0,35282000.0,7691000.0,1890000.0,0.0,0.0,0.0,5430000.0,7320000.0,-0.289,7320000.0,5430000.0,3343000.0,0.1,0.1,0.1,86913000.0,70468500.0,86913000.0,290068580.0,53.0,39.627,-8166000.0,-0.237,1.0,-8051000.0,0.318,95319000.0,2087000.0,75396000.0,62284750.0,23370000.0,0.0,0.0,0.0,74296000.0,23697000.0,50599000.0,261117580.0,-16487000.0,-25743000.0,0.0,26151000.0,0.0,26360000.0,-36196000.0,-5700000.0,-5461000.0,0.0,2696000.0,2696000.0,2696000.0,385000.0,0.0,-0.106,-9938000.0,1887000.0,5027000.0,0.0,3.004,96.854,76.2,18232000.0,0.0,7.62,-10.306,-10.35,15330000.0,-11076000.0,-25336000.0,-25336000.0,0.0,0.021,0.038,0.087,-0.214,0.0,-11921000.0,1.0,34267399.0,34413000,36226000.0,-0.736,65890000.0,762000.0,647000.0,10978000.0,1.915,16527000.0
92,TYL,MRT,1998-06-30,1998-06-30,1998-06-30,2021-08-03,0.0,149352000.0,,35820000.0,113532000.0,,2.416,-2278000.0,2629000.0,2629000.0,-13348000.0,-943000.0,1.837,0.812,31580000.0,1827000.0,29753000.0,31580000.0,5714000.0,954000.0,0.0,0.0,0.0,72000.0,1026000.0,-0.048,1026000.0,72000.0,-1194000.0,-0.06,-0.06,-0.06,82428000.0,,82428000.0,379049126.0,5265.0,369.444,-13324000.0,-0.391,1.0,-7819000.0,0.369,89254000.0,1266000.0,69551000.0,,23854000.0,0.0,0.0,0.0,66924000.0,19498000.0,47426000.0,351744126.0,-18102000.0,-23163000.0,3703000.0,22722000.0,0.0,26634000.0,-32500000.0,-5700000.0,-11046000.0,0.0,-943000.0,-943000.0,-943000.0,705000.0,0.0,0.045,-7178000.0,-641000.0,5663000.0,0.0,4.267,-373.005,-171.833,17498000.0,0.0,10.31,-16.618,-16.618,10139000.0,-11985000.0,-21167000.0,-21167000.0,0.0,,,,-0.003,0.0,-8300000.0,1.0,34116792.0,34117000,36089000.0,-0.62,60098000.0,1240000.0,-251000.0,9791000.0,1.762,16322000.0
93,TYL,MRT,1998-03-31,1998-03-31,1998-03-31,2021-08-03,0.0,145161000.0,,36767000.0,108394000.0,,2.969,-1514000.0,3453000.0,3453000.0,-7243000.0,-3332000.0,2.073,0.789,30758000.0,2184000.0,28574000.0,30758000.0,3244000.0,227000.0,0.0,0.0,0.0,-3794000.0,-3567000.0,0.283,-3567000.0,-3794000.0,-4289000.0,-0.16,-0.16,-0.16,81130000.0,,81130000.0,254481245.0,-67.0,-71.343,-14470000.0,-0.53,1.0,-5362000.0,0.425,84857000.0,495000.0,69871000.0,,24110000.0,0.0,0.0,0.0,64031000.0,17738000.0,46293000.0,263358245.0,-15199000.0,-19008000.0,3703000.0,22231000.0,0.0,26136000.0,-27189000.0,-5700000.0,-12956000.0,0.0,-3332000.0,-3332000.0,-3332000.0,1966000.0,0.0,0.264,-2503000.0,-2859000.0,5550000.0,0.0,3.246,-79.039,-48.438,16861000.0,0.0,7.75,-20.893,-16.802,10730000.0,-13276000.0,-12605000.0,-12605000.0,0.0,,,,0.301,0.0,-2853000.0,1.0,33981709.0,27327000,28823000.0,-0.461,60304000.0,1709000.0,-957000.0,9557000.0,2.207,19029000.0
94,TYL,MRT,1997-12-31,1997-12-31,1997-12-31,2021-08-03,0.0,47150000.0,53270000.0,28957000.0,18193000.0,0.0,1.532,-1429000.0,8364000.0,8364000.0,0.0,-3348000.0,6.485,0.501,0.0,0.0,0.0,0.0,0.0,116000.0,0.0,0.0,0.0,-4181000.0,-4065000.0,,-4065000.0,-4181000.0,-4266000.0,-0.16,-0.16,-0.16,31403000.0,31722000.0,31403000.0,,,,-7258000.0,-0.354,1.0,0.0,,0.0,85000.0,34321000.0,32893000.0,0.0,8328000.0,2628000.0,5700000.0,15747000.0,4465000.0,11282000.0,186899400.0,-5334000.0,5847000.0,1870000.0,0.0,0.0,2515000.0,-2020000.0,-5700000.0,-5829000.0,0.0,-3348000.0,-3348000.0,-3348000.0,2129000.0,0.0,,2959000.0,-2959000.0,11000.0,0.0,5.952,-55.824,-34.375,110000.0,0.0,5.5,,,4472000.0,-13431000.0,0.0,0.0,0.0,-0.063,-0.106,-0.127,,0.0,2959000.0,1.0,33981709.0,20498000,20498000.0,0.0,47150000.0,1330000.0,-918000.0,2745000.0,2.3,24492000.0
95,TYL,MRT,1997-09-30,1997-09-30,1997-09-30,2021-08-03,,,,,,,,,,,,,,,,,,,,,,0.0,0.0,,,,,,,,,,,,,,,,,,1.0,,,,,,,,,,,,,,,,,,,,,,,,,,,,,,,,,,,,,,,,3.44,,,,,,,,,,,,,,1.0,,20508000,,,,,,,,
96,TYL,MRT,1997-06-30,1997-06-30,1997-06-30,2021-08-03,,,,,,,,,,,,,,,,,,,,,,0.0,0.0,,,,,,,,,,,,,,,,,,1.0,,,,,,,,,,,,,,,,,,,,,,,,,,,,,,,,,,,,,,,,2.06,,,,,,,,,,,,,,1.0,,19945000,,,,,,,,
97,TYL,MRT,1997-03-31,1997-03-31,1997-03-31,2021-08-03,,,,,,,,,,,,,,,,,,,,,,0.0,0.0,,,,,,,,,,,,,,,,,,1.0,,,,,,,,,,,,,,,,,,,,,,,,,,,,,,,,,,,,,,,,1.62,,,,,,,,,,,,,,1.0,,19882000,,,,,,,,
98,TYL,MRT,1996-12-31,1996-12-31,1996-12-31,2021-08-03,0.0,59390000.0,,35891000.0,23499000.0,,1.612,-3567000.0,15419000.0,15419000.0,0.0,-61330000.0,2.87,0.854,0.0,0.0,0.0,0.0,0.0,101000.0,0.0,0.0,0.0,-62720000.0,-62619000.0,,-62619000.0,-62720000.0,-62903000.0,-3.09,-3.09,-3.09,32041000.0,,32041000.0,,,,2917000.0,0.147,1.0,0.0,,0.0,183000.0,31465000.0,,17323000.0,0.0,0.0,0.0,27349000.0,12506000.0,14843000.0,,12632000.0,7599000.0,0.0,0.0,0.0,9000.0,6139000.0,0.0,6484000.0,0.0,-61330000.0,-61330000.0,-61330000.0,56349000.0,0.0,,6858000.0,-6858000.0,3313000.0,0.0,,,-0.608,5672000.0,0.0,1.88,,,5137000.0,-10083000.0,0.0,0.0,0.0,,,,,0.0,6858000.0,1.0,,19876000,19876000.0,0.0,59390000.0,2711000.0,-1573000.0,7068000.0,2.988,23385000.0
99,TYL,MRT,1995-12-31,1995-12-31,1995-12-31,2021-08-03,,,,,,,,58334000.0,,,51126000.0,-16973000.0,,,,,,,,2172000.0,,0.0,0.0,-16467000.0,-14295000.0,-0.165,-14295000.0,-16467000.0,-17470000.0,-0.85,-0.85,-0.85,,,,,,,74560000.0,3.753,1.0,35767000.0,0.412,,1003000.0,,,,,,,,,,,1646000.0,0.0,26000.0,-62700000.0,0.0,-62663000.0,48083000.0,0.0,16226000.0,0.0,-16973000.0,-16973000.0,-16973000.0,15531000.0,0.0,-0.195,36703000.0,-936000.0,,0.0,,,-3.235,,0.0,2.75,,0.629,,,86893000.0,86893000.0,0.0,,,,-0.19,0.0,36703000.0,1.0,,19869000,19869000.0,4.373,,,-497000.0,,,
