None,ticker,dimension,calendardate,datekey,reportperiod,lastupdated,accoci,assets,assetsavg,assetsc,assetsnc,assetturnover,bvps,capex,cashneq,cashnequsd,cor,consolinc,currentratio,de,debt,debtc,debtnc,debtusd,deferredrev,depamor,deposits,divyield,dps,ebit,ebitda,ebitdamargin,ebitdausd,ebitusd,ebt,eps,epsdil,epsusd,equity,equityavg,equityusd,ev,evebit,evebitda,fcf,fcfps,fxusd,gp,grossmargin,intangibles,intexp,invcap,invcapavg,inventory,investments,investmentsc,investmentsnc,liabilities,liabilitiesc,liabilitiesnc,marketcap,ncf,ncfbus,ncfcommon,ncfdebt,ncfdiv,ncff,ncfi,ncfinv,ncfo,ncfx,netinc,netinccmn,netinccmnusd,netincdis,netincnci,netmargin,opex,opinc,payables,payoutratio,pb,pe,pe1,ppnenet,prefdivis,price,ps,ps1,receivables,retearn,revenue,revenueusd,rnd,roa,roe,roic,ros,sbcomp,sgna,sharefactor,sharesbas,shareswa,shareswadil,sps,tangibles,taxassets,taxexp,taxliabilities,tbvps,workingcapital
0,ENDP,MRY,2020-12-31,2020-12-31,2020-12-31,2021-08-06,-217753000.0,9264637000.0,9225223500.0,2413258000.0,6851379000.0,0.315,-2.826,-69971000.0,1385000000.0,1385000000.0,1442511000.0,183944000.0,1.925,-15.299,8364473000.0,45763000.0,8318710000.0,8364473000.0,0.0,518807000.0,0.0,0.0,0.0,442901000.0,961708000.0,0.331,961708000.0,442901000.0,-90038000.0,0.8,0.79,0.8,-647939000.0,-720776250.0,-647939000.0,8183284922.0,18.0,8.509,327421000.0,1.428,1.0,1460563000.0,0.503,6300819000.0,532939000.0,8689467000.0,8654021000.0,352260000.0,0.0,0.0,0.0,9912576000.0,1253824000.0,8658752000.0,1653498922.0,-335388000.0,-644767000.0,0.0,-96683000.0,0.0,-108567000.0,-624867000.0,92763000.0,397392000.0,654000.0,183944000.0,183944000.0,183944000.0,63520000.0,0.0,0.063,954142000.0,506421000.0,835940000.0,0.0,-2.552,8.989,8.975,495501000.0,0.0,7.18,0.57,0.567,511262000.0,-9368270000.0,2903074000.0,2903074000.0,158902000.0,0.02,-0.255,0.051,0.153,41357000.0,698506000.0,1.0,230292329.0,229314000,233653000.0,12.66,2963818000.0,65661000.0,-273982000.0,26066000.0,12.925,1159434000.0
1,ENDP,MRY,2019-12-31,2019-12-31,2019-12-31,2021-08-06,-219090000.0,9389527000.0,9775501500.0,2586218000.0,6803309000.0,0.298,-3.833,-63854000.0,1701988000.0,1701988000.0,1569338000.0,-422636000.0,1.771,-11.836,8453111000.0,44913000.0,8408198000.0,8453111000.0,0.0,612862000.0,0.0,0.0,0.0,131778000.0,744640000.0,0.256,744640000.0,131778000.0,-406956000.0,-1.87,-1.87,-1.87,-866544000.0,-653235750.0,-866544000.0,7775440195.0,59.0,10.442,34198000.0,0.151,1.0,1345026000.0,0.462,6166451000.0,538734000.0,8513910000.0,8275073250.0,327865000.0,0.0,0.0,0.0,10256071000.0,1460289000.0,8795782000.0,1063580195.0,243551000.0,6577000.0,4000.0,231575000.0,0.0,204601000.0,-60198000.0,0.0,98052000.0,1096000.0,-422636000.0,-422636000.0,-422636000.0,62052000.0,0.0,-0.145,1271024000.0,74002000.0,899949000.0,0.0,-1.227,-2.517,-2.508,556565000.0,0.0,4.69,0.365,0.364,467953000.0,-9552214000.0,2914364000.0,2914364000.0,130732000.0,-0.043,0.647,0.016,0.045,59142000.0,632420000.0,1.0,226776161.0,226050000,226050000.0,12.893,3223076000.0,49759000.0,15680000.0,34125000.0,14.258,1125929000.0
2,ENDP,MRY,2018-12-31,2018-12-31,2018-12-31,2021-08-06,-229229000.0,10132393000.0,10611458750.0,2343150000.0,7789243000.0,0.278,-2.225,-83398000.0,1454481000.0,1454481000.0,1631682000.0,-1031469000.0,1.202,-21.335,8258419000.0,34150000.0,8224269000.0,8258419000.0,0.0,723707000.0,0.0,0.0,0.0,-486878000.0,236829000.0,0.08,236829000.0,-486878000.0,-1008534000.0,-4.61,-4.61,-4.61,-498283000.0,-196728000.0,-498283000.0,8491926748.0,-17.0,35.857,183872000.0,0.821,1.0,1315396000.0,0.446,7221942000.0,521656000.0,7764293000.0,7653986000.0,322179000.0,0.0,0.0,0.0,10630676000.0,1950096000.0,8680580000.0,1637716748.0,165823000.0,67369000.0,933000.0,-39372000.0,0.0,-81572000.0,-17900000.0,0.0,267270000.0,-1975000.0,-1031469000.0,-1031469000.0,-1031469000.0,69702000.0,0.0,-0.35,1732572000.0,-417176000.0,1009200000.0,0.0,-3.287,-1.588,-1.584,498892000.0,0.0,7.3,0.556,0.555,470570000.0,-9124932000.0,2947078000.0,2947078000.0,185826000.0,-0.097,5.243,-0.064,-0.165,54071000.0,646037000.0,1.0,224344760.0,223960000,223960000.0,13.159,2910451000.0,40459000.0,22935000.0,36148000.0,12.995,393054000.0
3,ENDP,MRY,2017-12-31,2017-12-31,2017-12-31,2021-08-06,-209821000.0,11635580000.0,12256947750.0,2271077000.0,9364503000.0,0.283,2.172,-125654000.0,1307058000.0,1307058000.0,2228530000.0,-2035433000.0,1.023,22.997,8276237000.0,34205000.0,8242032000.0,8276237000.0,0.0,983765000.0,0.0,0.0,0.0,-1797498000.0,-813733000.0,-0.235,-813733000.0,-1797498000.0,-2285726000.0,-9.12,-9.12,-9.12,484880000.0,1061755750.0,484880000.0,8911959338.0,-5.0,-10.952,428331000.0,1.919,1.0,1240328000.0,0.358,8767766000.0,488228000.0,7616084000.0,8011255250.0,391437000.0,1456000.0,0.0,1456000.0,11150700000.0,2220909000.0,8929791000.0,1730679338.0,505834000.0,223237000.0,0.0,-79878000.0,0.0,-166993000.0,104583000.0,7000000.0,553985000.0,2515000.0,-2035433000.0,-2035433000.0,-2035433000.0,802722000.0,0.0,-0.587,2183370000.0,-943042000.0,1096825000.0,0.0,3.569,-0.85,-0.85,523971000.0,0.0,7.75,0.499,0.499,517436000.0,-8096539000.0,3468858000.0,3468858000.0,172067000.0,-0.166,-1.917,-0.224,-0.518,50149000.0,629874000.0,1.0,223313463.0,223198000,223198000.0,15.542,2867814000.0,23630000.0,-250293000.0,45217000.0,12.849,50168000.0
4,ENDP,MRY,2016-12-31,2016-12-31,2016-12-31,2021-08-06,-353434000.0,14275109000.0,17132736500.0,2589459000.0,11685650000.0,0.234,12.134,-138856000.0,799324000.0,799324000.0,2634973000.0,-3347050000.0,0.983,4.284,8272503000.0,131125000.0,8141378000.0,8272503000.0,0.0,983309000.0,0.0,0.0,0.0,-3594471000.0,-2611162000.0,-0.651,-2611162000.0,-3594471000.0,-4047150000.0,-15.03,-15.03,-15.03,2701589000.0,5234533500.0,2701589000.0,11128326847.0,-3.0,-4.262,389287000.0,1.748,1.0,1375301000.0,0.343,10588692000.0,452679000.0,8524851000.0,8207914250.0,555671000.0,2267000.0,0.0,2267000.0,11573520000.0,2634745000.0,8938775000.0,3670780847.0,-57903000.0,-38730000.0,5119000.0,-336361000.0,0.0,-397186000.0,-177552000.0,0.0,528143000.0,436000.0,-3347066000.0,-3347066000.0,-3347066000.0,123278000.0,16000.0,-0.835,4846478000.0,-3471177000.0,1454084000.0,0.0,1.359,-1.097,-1.096,669596000.0,0.0,16.47,0.915,0.914,992153000.0,-5688281000.0,4010274000.0,4010274000.0,183372000.0,-0.195,-0.639,-0.438,-0.896,59769000.0,770728000.0,1.0,222876797.0,222651000,222651000.0,18.011,3686417000.0,55620000.0,-700084000.0,201563000.0,16.557,-45286000.0
5,ENDP,MRY,2015-12-31,2015-12-31,2015-12-31,2021-08-06,-384205000.0,19350336000.0,17777196500.0,3452537000.0,15897799000.0,0.184,30.279,-81774000.0,857727000.0,857727000.0,2075651000.0,-1495325000.0,0.994,2.242,8580362000.0,328705000.0,8251657000.0,8580362000.0,0.0,632756000.0,0.0,0.0,0.0,-2259293000.0,-1626537000.0,-0.498,-1626537000.0,-2259293000.0,-2632507000.0,-7.59,-7.59,-7.59,5968030000.0,5663890500.0,5968030000.0,21494884962.0,-10.0,-13.215,36727000.0,0.186,1.0,1193067000.0,0.365,15128296000.0,373214000.0,8470363000.0,8053051000.0,752493000.0,3889000.0,34000.0,3855000.0,13382360000.0,3474312000.0,9908048000.0,13863228962.0,-73543000.0,-6059269000.0,1987255000.0,4197423000.0,0.0,6001992000.0,-6183764000.0,1247000.0,118501000.0,-11269000.0,-1495042000.0,-1495042000.0,-1495042000.0,1194926000.0,-283000.0,-0.457,2190233000.0,-997166000.0,1510115000.0,0.0,2.323,-9.273,-8.066,675624000.0,0.0,61.22,4.241,3.691,1014808000.0,-2341215000.0,3268718000.0,3268718000.0,102197000.0,-0.084,-0.264,-0.281,-0.691,61185000.0,741304000.0,1.0,226449346.0,197100000,197100000.0,16.584,4222040000.0,746324000.0,-1137465000.0,879591000.0,21.421,-21775000.0
6,ENDP,MRY,2014-12-31,2014-12-31,2014-12-31,2021-08-06,-124088000.0,10824169000.0,10225898250.0,5112054000.0,5712115000.0,0.233,16.166,-80251000.0,936626000.0,936626000.0,1231497000.0,-718184000.0,1.615,3.544,4256564000.0,155937000.0,4100627000.0,4256564000.0,0.0,331651000.0,0.0,0.0,0.0,-455938000.0,-124287000.0,-0.052,-124287000.0,-455938000.0,-683052000.0,-4.91,-4.6,-4.91,2374757000.0,2660075500.0,2374757000.0,14534651085.0,-32.0,-116.944,257525000.0,1.753,1.0,1149186000.0,0.483,5230025000.0,227114000.0,5748106000.0,4797408750.0,414995000.0,2321000.0,815000.0,1506000.0,8415956000.0,3165976000.0,5249980000.0,11085799085.0,-120901000.0,-1031989000.0,-183000.0,249465000.0,0.0,302857000.0,-771853000.0,321255000.0,337776000.0,-4037000.0,-721319000.0,-721319000.0,-721319000.0,779792000.0,3135000.0,-0.303,790380000.0,358806000.0,294001000.0,0.0,4.668,-15.369,-14.688,387052000.0,0.0,72.12,4.657,4.45,1118720000.0,-595085000.0,2380683000.0,2380683000.0,112708000.0,-0.071,-0.271,-0.095,-0.192,32671000.0,567986000.0,1.0,153713243.0,146896000,156730000.0,16.207,5594144000.0,619233000.0,38267000.0,677508000.0,38.082,1946078000.0
7,ENDP,MRY,2013-12-31,2013-12-31,2013-12-31,2021-08-06,-4915000.0,6571856000.0,6458313000.0,2854507000.0,3717349000.0,0.329,4.643,-94626000.0,1296597000.0,1296597000.0,886603000.0,-632414000.0,1.682,11.381,3738773000.0,414929000.0,3323844000.0,3738773000.0,0.0,255663000.0,0.0,0.0,0.0,-367991000.0,-112328000.0,-0.053,-112328000.0,-367991000.0,-541597000.0,-6.05,-5.72,-6.05,526018000.0,1027551750.0,526018000.0,10212656563.0,-28.0,-90.918,203891000.0,1.8,1.0,1238078000.0,0.583,3245758000.0,173606000.0,4071602000.0,3629944250.0,374439000.0,2979000.0,0.0,2979000.0,5986640000.0,1696672000.0,4289968000.0,7750419563.0,-3905000.0,4505000.0,5310000.0,544521000.0,0.0,579525000.0,-883639000.0,-770000000.0,298517000.0,1692000.0,-685339000.0,-685339000.0,-685339000.0,874038000.0,52925000.0,-0.323,667794000.0,570284000.0,263241000.0,0.0,14.734,-11.309,-11.15,372077000.0,0.0,67.46,3.648,3.597,725827000.0,126234000.0,2124681000.0,2124681000.0,97465000.0,-0.106,-0.667,-0.101,-0.173,38998000.0,574313000.0,1.0,114889113.0,113295000,119829000.0,18.754,3326098000.0,257985000.0,143742000.0,313853000.0,29.358,1157835000.0
8,ENDP,MRY,2012-12-31,2012-12-31,2012-12-31,2021-08-06,-6802000.0,6568559000.0,6894608750.0,2213095000.0,4355464000.0,0.408,9.271,-98392000.0,529689000.0,529689000.0,1135681000.0,-688021000.0,1.264,5.066,3167187000.0,132156000.0,3035031000.0,3167187000.0,0.0,285524000.0,0.0,0.0,0.0,-593918000.0,-308394000.0,-0.11,-308394000.0,-593918000.0,-776752000.0,-6.4,-6.4,-6.4,1072856000.0,1680774250.0,1072856000.0,5930282827.0,-10.0,-19.23,635487000.0,5.492,1.0,1680055000.0,0.597,3900858000.0,182834000.0,3554011000.0,3750528500.0,344935000.0,1746000.0,0.0,1746000.0,5435353000.0,1751188000.0,3684165000.0,2992734827.0,296000.0,-3175000.0,-249938000.0,-363899000.0,0.0,-645547000.0,-88467000.0,18800000.0,733879000.0,431000.0,-740337000.0,-740337000.0,-740337000.0,-5987000.0,52316000.0,-0.263,2220429000.0,-540374000.0,412065000.0,0.0,2.79,-4.042,-4.098,359293000.0,0.0,26.23,1.063,1.078,650547000.0,811573000.0,2815736000.0,2815736000.0,219139000.0,-0.107,-0.44,-0.158,-0.211,59395000.0,864339000.0,1.0,114095441.0,115719000,115719000.0,24.333,2667701000.0,335427000.0,-36415000.0,496778000.0,23.053,461907000.0
9,ENDP,MRY,2011-12-31,2011-12-31,2011-12-31,2021-08-06,-9436000.0,7292583000.0,6575585750.0,1788096000.0,5504487000.0,0.384,16.946,-57757000.0,547620000.0,547620000.0,948080000.0,242065000.0,1.594,2.656,3512594000.0,88265000.0,3424329000.0,3512594000.0,0.0,237414000.0,0.0,0.0,0.0,447721000.0,685135000.0,0.271,685135000.0,447721000.0,299697000.0,1.61,1.55,1.61,1977690000.0,1894174750.0,1977690000.0,7254206649.0,16.0,10.588,644358000.0,5.521,1.0,1576840000.0,0.625,5062165000.0,148024000.0,4073614000.0,3554003000.0,262419000.0,19105000.0,0.0,19105000.0,5252992000.0,1121778000.0,4131214000.0,4034359649.0,81406000.0,-2380407000.0,-5748000.0,1890140000.0,0.0,1752681000.0,-2374092000.0,66372000.0,702115000.0,702000.0,187613000.0,187613000.0,187613000.0,-47707000.0,54452000.0,0.074,1110455000.0,466385000.0,260385000.0,0.0,2.04,21.504,21.447,297731000.0,0.0,34.53,1.598,1.596,733222000.0,1551910000.0,2524920000.0,2524920000.0,179838000.0,0.029,0.099,0.126,0.177,46247000.0,783920000.0,1.0,116836364.0,116706000,121178000.0,21.635,2230418000.0,215103000.0,112084000.0,653049000.0,19.111,666318000.0
10,ENDP,MRY,2010-12-31,2010-12-31,2010-12-31,2021-08-06,-1161000.0,3912389000.0,2952997750.0,1359534000.0,2552855000.0,0.581,14.993,-19535000.0,466214000.0,466214000.0,504757000.0,287020000.0,1.848,1.211,1070794000.0,24993000.0,1045801000.0,1070794000.0,0.0,108404000.0,0.0,0.0,0.0,439285000.0,547689000.0,0.319,547689000.0,439285000.0,392684000.0,2.23,2.2,2.23,1741591000.0,1618985250.0,1741591000.0,3695940577.0,8.0,6.748,434111000.0,3.737,1.0,1211472000.0,0.706,2246765000.0,46601000.0,1534376000.0,826748750.0,178805000.0,23509000.0,0.0,23509000.0,2109060000.0,735828000.0,1373232000.0,4127733577.0,-242248000.0,-1105040000.0,-38091000.0,279642000.0,0.0,200429000.0,-896323000.0,228652000.0,453646000.0,0.0,259006000.0,259006000.0,259006000.0,0.0,28014000.0,0.151,744173000.0,467299000.0,241114000.0,0.0,2.37,15.937,16.013,215295000.0,0.0,35.71,2.405,2.417,547807000.0,1364297000.0,1716229000.0,1716229000.0,144525000.0,0.088,0.16,0.531,0.256,23129000.0,547605000.0,1.0,115590411.0,116164000,117951000.0,14.774,1665624000.0,143867000.0,133678000.0,217334000.0,14.339,623706000.0
11,ENDP,MRY,2009-12-31,2009-12-31,2009-12-31,2021-08-06,-1881000.0,2488803000.0,2535374750.0,1280581000.0,1208222000.0,0.576,12.786,-12415000.0,709977000.0,709977000.0,375058000.0,266336000.0,2.712,0.662,322534000.0,0.0,322534000.0,322534000.0,0.0,80381000.0,0.0,0.0,0.0,397378000.0,477759000.0,0.327,477759000.0,397378000.0,359660000.0,2.27,2.27,2.27,1497411000.0,1345162500.0,1497411000.0,2090627502.0,5.0,4.376,282991000.0,2.416,1.0,1085783000.0,0.743,912443000.0,37718000.0,716737000.0,643991000.0,84893000.0,252726000.0,40934000.0,211792000.0,991392000.0,472180000.0,519212000.0,2406159502.0,-67231000.0,-250359000.0,8037000.0,-120720000.0,0.0,-117128000.0,-245509000.0,21750000.0,295406000.0,0.0,266336000.0,266336000.0,266336000.0,0.0,0.0,0.182,692430000.0,393353000.0,176076000.0,0.0,1.607,9.034,9.04,47529000.0,0.0,20.52,1.647,1.645,323501000.0,1105291000.0,1460841000.0,1460841000.0,185317000.0,0.105,0.198,0.617,0.272,19844000.0,534523000.0,1.0,117259235.0,117112000,117515000.0,12.474,1576360000.0,104195000.0,93324000.0,58678000.0,13.46,808401000.0
12,ENDP,MRY,2008-12-31,2008-12-31,2008-12-31,2021-08-06,-1656000.0,1908733000.0,1828251500.0,1183694000.0,725039000.0,0.689,9.794,-17401000.0,775693000.0,775693000.0,267235000.0,255336000.0,3.063,0.581,243150000.0,0.0,243150000.0,243150000.0,0.0,46445000.0,0.0,0.0,0.0,385721000.0,432166000.0,0.343,432166000.0,385721000.0,391828000.0,2.07,2.06,2.07,1207111000.0,1145962000.0,1207111000.0,3212538922.0,8.0,7.434,338226000.0,2.744,1.0,993301000.0,0.788,386134000.0,-6107000.0,603583000.0,664426500.0,80656000.0,273025000.0,6500000.0,266525000.0,701622000.0,386473000.0,315149000.0,3474139922.0,425368000.0,-15000000.0,-372210000.0,370115000.0,0.0,-110066000.0,179807000.0,297208000.0,355627000.0,0.0,255336000.0,255336000.0,255336000.0,0.0,0.0,0.203,607580000.0,385721000.0,160468000.0,0.0,2.878,13.606,12.502,44378000.0,0.0,25.88,2.756,2.53,246326000.0,838955000.0,1260536000.0,1260536000.0,110211000.0,0.14,0.223,0.581,0.306,17119000.0,488063000.0,1.0,134240337.0,123248000,123720000.0,10.228,1522599000.0,50004000.0,136492000.0,1270000.0,12.354,797221000.0
13,ENDP,MRY,2007-12-31,2007-12-31,2007-12-31,2021-08-06,3025000.0,1702638000.0,1564003250.0,1065447000.0,637191000.0,0.694,9.651,-19845000.0,350325000.0,350325000.0,217369000.0,227440000.0,2.684,0.318,0.0,0.0,0.0,0.0,0.0,17405000.0,0.0,0.0,0.0,317824000.0,335229000.0,0.309,335229000.0,317824000.0,353250000.0,1.7,1.69,1.7,1292290000.0,1199876250.0,1292290000.0,3301886987.0,10.0,9.85,345897000.0,2.583,1.0,868239000.0,0.8,252028000.0,-35426000.0,703327000.0,510085000.0,69228000.0,642696000.0,313386000.0,329310000.0,410348000.0,396958000.0,13390000.0,3576770987.0,-277760000.0,0.0,7731000.0,-1118000.0,0.0,-28974000.0,-614528000.0,-594683000.0,365742000.0,0.0,227440000.0,227440000.0,227440000.0,0.0,0.0,0.21,550415000.0,317824000.0,178869000.0,0.0,2.768,15.726,15.688,44920000.0,0.0,26.67,3.295,3.29,249784000.0,583619000.0,1085608000.0,1085608000.0,138255000.0,0.145,0.19,0.623,0.293,13928000.0,411869000.0,1.0,134112148.0,133903000,134525000.0,8.107,1450610000.0,60396000.0,125810000.0,17140000.0,10.833,668489000.0
14,ENDP,MRY,2006-12-31,2006-12-31,2006-12-31,2021-08-06,1117000.0,1396689000.0,1399509500.0,1036014000.0,360675000.0,0.65,7.817,-13076000.0,628085000.0,628085000.0,208889000.0,137839000.0,3.064,0.342,0.0,0.0,0.0,0.0,0.0,17498000.0,0.0,0.0,0.0,235118000.0,252616000.0,0.278,252616000.0,235118000.0,233734000.0,1.03,1.03,1.03,1040988000.0,987869250.0,1040988000.0,3007506184.0,13.0,11.905,332258000.0,2.495,1.0,700770000.0,0.77,259125000.0,1384000.0,171380000.0,98159000.0,62129000.0,59682000.0,0.0,59682000.0,355701000.0,338099000.0,17602000.0,3682156184.0,127129000.0,-20473000.0,8443000.0,-2367000.0,0.0,-151756000.0,-66449000.0,0.0,345334000.0,0.0,137839000.0,137839000.0,137839000.0,0.0,0.0,0.152,490241000.0,210529000.0,161340000.0,0.0,3.537,26.713,26.777,36565000.0,0.0,27.58,4.048,4.038,279159000.0,358831000.0,909659000.0,909659000.0,86629000.0,0.098,0.14,2.395,0.258,32279000.0,346303000.0,1.0,133508201.0,133178000,133911000.0,6.83,1137564000.0,56723000.0,95895000.0,12231000.0,8.542,697915000.0
15,ENDP,MRY,2005-12-31,2005-12-31,2005-12-31,2021-08-06,1714000.0,1371678000.0,1147828500.0,993385000.0,378293000.0,0.715,6.377,-10484000.0,500956000.0,500956000.0,192296000.0,202295000.0,1.95,0.626,0.0,0.0,0.0,0.0,0.0,15497000.0,0.0,0.0,0.0,324244000.0,339741000.0,0.414,339741000.0,324244000.0,324244000.0,1.53,1.52,1.53,843370000.0,758584000.0,843370000.0,3605501127.0,11.0,10.612,274160000.0,2.073,1.0,627868000.0,0.766,280144000.0,0.0,81065000.0,124506500.0,50983000.0,48925000.0,0.0,48925000.0,528308000.0,509513000.0,18795000.0,4015988127.0,222922000.0,0.0,10189000.0,-2452000.0,0.0,-35038000.0,-26684000.0,-1700000.0,284644000.0,0.0,202295000.0,202295000.0,202295000.0,0.0,0.0,0.247,314619000.0,313249000.0,295237000.0,0.0,4.762,19.852,19.778,38001000.0,0.0,30.26,4.897,4.879,290826000.0,220992000.0,820164000.0,820164000.0,91837000.0,0.176,0.267,2.604,0.395,206228000.0,217267000.0,1.0,132716065.0,132242000,133289000.0,6.202,1091534000.0,136175000.0,121949000.0,14637000.0,8.254,483872000.0
16,ENDP,MRY,2004-12-31,2004-12-31,2004-12-31,2021-08-06,19000.0,947491000.0,887211500.0,567577000.0,379914000.0,0.693,4.977,-7824000.0,278034000.0,278034000.0,140989000.0,143309000.0,2.077,0.444,0.0,0.0,0.0,0.0,0.0,10630000.0,0.0,0.0,0.0,231096000.0,241726000.0,0.393,241726000.0,231096000.0,231096000.0,1.09,1.08,1.09,655950000.0,637811500.0,655950000.0,2585166397.0,11.0,10.695,162721000.0,1.235,1.0,474111000.0,0.771,298337000.0,0.0,97872000.0,140832250.0,71415000.0,45047000.0,0.0,45047000.0,291541000.0,273248000.0,18293000.0,2770146397.0,48461000.0,-50000000.0,773000.0,-1484000.0,0.0,-14260000.0,-107824000.0,-500000.0,170545000.0,0.0,143309000.0,143309000.0,143309000.0,0.0,0.0,0.233,245176000.0,228935000.0,126198000.0,0.0,4.223,19.33,19.275,28875000.0,0.0,21.01,4.504,4.502,139039000.0,18697000.0,615100000.0,615100000.0,51476000.0,0.162,0.225,1.641,0.376,43345000.0,179270000.0,1.0,131848948.0,131805000,132718000.0,4.667,649154000.0,67222000.0,87787000.0,3500000.0,4.925,294329000.0
17,ENDP,MRY,2003-12-31,2003-12-31,2003-12-31,2021-08-06,-720000.0,753880000.0,667603250.0,473596000.0,280284000.0,0.892,4.42,-11344000.0,229573000.0,229573000.0,135671000.0,69790000.0,2.551,0.328,0.0,0.0,0.0,0.0,0.0,6272000.0,0.0,0.0,0.0,109256000.0,115528000.0,0.194,115528000.0,109256000.0,108998000.0,0.54,0.53,0.54,567617000.0,487909750.0,567617000.0,2355632670.0,22.0,20.39,206100000.0,1.605,1.0,459937000.0,0.772,223122000.0,258000.0,115511000.0,103035000.0,50450000.0,0.0,0.0,0.0,186263000.0,185674000.0,589000.0,2551062670.0,172671000.0,0.0,0.0,-583000.0,0.0,-429000.0,-44344000.0,-500000.0,217444000.0,0.0,69790000.0,69790000.0,69790000.0,0.0,0.0,0.117,350681000.0,109256000.0,65071000.0,0.0,4.494,36.553,35.852,20246000.0,0.0,19.36,4.283,4.174,101284000.0,-124612000.0,595608000.0,595608000.0,52622000.0,0.105,0.143,1.06,0.183,154994000.0,154229000.0,1.0,131769766.0,128417000,132439000.0,4.638,530758000.0,116189000.0,39208000.0,14294000.0,4.133,287922000.0
18,ENDP,MRY,2002-12-31,2002-12-31,2002-12-31,2021-08-06,-1176000.0,512972000.0,500649750.0,257487000.0,255485000.0,0.797,3.456,-3084000.0,56902000.0,56902000.0,98857000.0,30813000.0,1.689,0.454,0.0,0.0,0.0,0.0,0.0,3142000.0,0.0,0.0,0.0,65285000.0,68427000.0,0.172,68427000.0,65285000.0,60894000.0,0.3,0.3,0.3,352692000.0,325025500.0,352692000.0,749249201.0,11.0,10.95,106554000.0,1.044,1.0,300116000.0,0.752,217834000.0,4391000.0,85807000.0,83892500.0,35516000.0,0.0,0.0,0.0,160280000.0,152429000.0,7851000.0,785794201.0,-38455000.0,-19190000.0,0.0,-119093000.0,0.0,-125819000.0,-22274000.0,0.0,109638000.0,0.0,30813000.0,30813000.0,30813000.0,0.0,0.0,0.077,234831000.0,65285000.0,75443000.0,0.0,2.228,25.502,25.663,11810000.0,0.0,7.699,1.97,1.97,119496000.0,-194402000.0,398973000.0,398973000.0,56823000.0,0.062,0.095,0.778,0.164,35853000.0,110907000.0,1.0,102064450.0,102064000,102126000.0,3.909,295138000.0,62403000.0,30081000.0,8359000.0,2.892,105058000.0
19,ENDP,MRY,2001-12-31,2001-12-31,2001-12-31,2021-08-06,0.0,470995000.0,454320000.0,240925000.0,230070000.0,0.555,3.225,-6546000.0,95507000.0,95507000.0,74891000.0,-36542000.0,1.371,0.596,91259000.0,91259000.0,0.0,91259000.0,0.0,49234000.0,0.0,0.0,0.0,-27898000.0,21336000.0,0.085,21336000.0,-27898000.0,-41188000.0,-0.4,-0.4,-0.4,295122000.0,214162250.0,295122000.0,1274486546.0,-46.0,59.734,73940000.0,0.808,1.0,177088000.0,0.703,194813000.0,13290000.0,96268000.0,180580500.0,27766000.0,0.0,0.0,0.0,175873000.0,175666000.0,207000.0,1173289546.0,36161000.0,0.0,96238000.0,-134017000.0,0.0,-37779000.0,-6546000.0,0.0,80486000.0,0.0,-36542000.0,-36542000.0,-36542000.0,0.0,0.0,-0.145,204986000.0,-27898000.0,30705000.0,0.0,3.976,-32.108,-29.175,9883000.0,0.0,11.67,4.656,4.238,85329000.0,-225215000.0,251979000.0,251979000.0,38994000.0,-0.08,-0.171,-0.154,-0.111,37253000.0,79505000.0,1.0,100538950.0,91505000,91505000.0,2.754,276182000.0,50366000.0,-4646000.0,3526000.0,3.018,65259000.0
20,ENDP,MRY,2000-12-31,2000-12-31,2000-12-31,2021-08-06,0.0,467840000.0,395383000.0,173054000.0,294786000.0,0.499,2.494,-1534000.0,59346000.0,59346000.0,63041000.0,-156840000.0,1.725,1.361,198525000.0,36371000.0,162154000.0,198525000.0,0.0,27624000.0,0.0,0.0,0.0,-147902000.0,-120278000.0,-0.609,-120278000.0,-147902000.0,-163021000.0,-1.97,-1.97,-1.97,198173000.0,137131000.0,198173000.0,686553700.0,-5.0,-5.708,33535000.0,0.422,1.0,134388000.0,0.681,284560000.0,15119000.0,222164000.0,228862500.0,29746000.0,0.0,0.0,0.0,269667000.0,100295000.0,169372000.0,534833700.0,37168000.0,19611000.0,7000.0,-15985000.0,0.0,-15978000.0,18077000.0,0.0,35069000.0,0.0,-156840000.0,-156840000.0,-156840000.0,0.0,0.0,-0.794,282290000.0,-147902000.0,15855000.0,0.0,2.699,-3.41,-3.046,5742000.0,0.0,6.0,2.709,2.415,78312000.0,-188673000.0,197429000.0,197429000.0,26012000.0,-0.397,-1.144,-0.646,-0.749,15300000.0,56537000.0,1.0,89138950.0,79454000,79454000.0,2.485,183280000.0,3040000.0,-6181000.0,2549000.0,2.307,72759000.0
21,ENDP,MRY,1999-12-31,1999-12-31,1999-12-31,2021-08-06,0.0,329436000.0,308527000.0,118427000.0,211009000.0,0.449,1.102,-9074000.0,22028000.0,22028000.0,58263000.0,3260000.0,1.719,3.192,191203000.0,15985000.0,175218000.0,191203000.0,0.0,8309000.0,0.0,,0.0,19680000.0,27989000.0,0.202,27989000.0,19680000.0,5333000.0,0.05,0.05,0.05,78587000.0,76972500.0,78587000.0,,,,4692000.0,0.066,1.0,80283000.0,0.579,192081000.0,14347000.0,237644000.0,227555500.0,21269000.0,0.0,0.0,0.0,250849000.0,68886000.0,181963000.0,,4661000.0,0.0,-31000.0,0.0,0.0,-31000.0,-9074000.0,0.0,13766000.0,0.0,3260000.0,3260000.0,3260000.0,0.0,0.0,0.024,60603000.0,19680000.0,19185000.0,0.0,,,,5712000.0,0.0,,,,62254000.0,-31833000.0,138546000.0,138546000.0,9373000.0,0.011,0.042,0.086,0.142,0.0,42921000.0,1.0,89138950.0,71332000,71332000.0,1.942,137355000.0,18156000.0,2073000.0,75000.0,1.926,49541000.0
22,ENDP,MRY,1998-12-31,1998-12-31,1998-12-31,2021-08-06,0.0,287618000.0,,73040000.0,214578000.0,,1.057,-3537000.0,17367000.0,17367000.0,54731000.0,201000.0,2.065,2.817,170544000.0,0.0,170544000.0,170544000.0,0.0,7373000.0,0.0,,0.0,14833000.0,22206000.0,0.205,22206000.0,14833000.0,382000.0,0.0,0.0,0.0,75358000.0,,75358000.0,,,,17395000.0,0.244,1.0,53639000.0,0.495,187964000.0,14451000.0,217467000.0,,14461000.0,0.0,0.0,0.0,212260000.0,35364000.0,176896000.0,,2846000.0,0.0,451000.0,-15000000.0,0.0,-14549000.0,-3537000.0,0.0,20932000.0,0.0,201000.0,201000.0,201000.0,0.0,0.0,0.002,38806000.0,14833000.0,11951000.0,,,,,5014000.0,0.0,,,,33009000.0,-35093000.0,108370000.0,108370000.0,5893000.0,,,,0.137,0.0,25540000.0,1.0,,71307302,71307302.0,1.52,99654000.0,20154000.0,181000.0,0.0,1.398,37676000.0
23,ENDP,MRY,1997-12-31,1997-12-31,1997-12-31,2021-08-06,,,,,,,,-1076000.0,,,29779000.0,-35294000.0,,,,,,,,2340000.0,,,0.0,-50260000.0,-47920000.0,-1.215,-47920000.0,-50260000.0,-55612000.0,-0.495,-0.495,-0.495,,,,,,,14089000.0,0.198,1.0,9652000.0,0.245,,5352000.0,,,,,,,,,,,14521000.0,-267378000.0,110000000.0,165000000.0,0.0,267810000.0,-268454000.0,0.0,15165000.0,0.0,-35294000.0,-35294000.0,-35294000.0,0.0,0.0,-0.895,59912000.0,-50260000.0,,0.0,,,,,0.0,,,,,,39431000.0,39431000.0,2865000.0,,,,-1.275,0.0,8707000.0,1.0,,71328400,71328400.0,0.553,,,-20318000.0,,,
0,ENDP,MRQ,2021-06-30,2021-06-30,2021-06-30,2021-08-06,-213823000.0,9206257000.0,,2569329000.0,6636928000.0,,-2.644,-24612000.0,1673730000.0,1673730000.0,318480000.0,-15500000.0,1.823,-15.92,8320718000.0,235032000.0,8085686000.0,8320718000.0,0.0,119218000.0,0.0,0.0,0.0,137153000.0,256371000.0,0.359,256371000.0,137153000.0,-4400000.0,-0.07,-0.07,-0.07,-617042000.0,,-617042000.0,7852542926.0,16.0,8.053,130364000.0,0.559,1.0,395350000.0,0.554,6108666000.0,141553000.0,8335367000.0,,338456000.0,0.0,0.0,0.0,9823299000.0,1409212000.0,8414087000.0,1091868926.0,108889000.0,-1960000.0,0.0,-8062000.0,0.0,-18397000.0,-28002000.0,0.0,154976000.0,312000.0,-15500000.0,-15500000.0,-15500000.0,5316000.0,0.0,-0.022,252881000.0,142469000.0,825001000.0,0.0,-1.77,15.715,15.6,477997000.0,0.0,4.68,0.386,0.386,458138000.0,-9342246000.0,713830000.0,713830000.0,34669000.0,,,,,4444000.0,177619000.0,1.0,233305326.0,233331000,233331000.0,3.059,3097591000.0,11610000.0,11100000.0,22936000.0,13.276,1160117000.0
1,ENDP,MRQ,2021-03-31,2021-03-31,2021-03-31,2021-08-06,-216061000.0,9234171000.0,,2495231000.0,6738940000.0,,-2.598,-16733000.0,1564841000.0,1564841000.0,305293000.0,41524000.0,1.788,-16.417,8325515000.0,212155000.0,8113360000.0,8325515000.0,0.0,118485000.0,0.0,0.0,0.0,176589000.0,295074000.0,0.411,295074000.0,176589000.0,42248000.0,0.18,0.17,0.18,-598973000.0,,-598973000.0,8687482735.0,18.0,8.787,227107000.0,0.985,1.0,412626000.0,0.575,6204000000.0,134341000.0,8395353000.0,,362180000.0,0.0,0.0,0.0,9833144000.0,1395492000.0,8437652000.0,1708009735.0,179841000.0,818000.0,622000.0,-42722000.0,0.0,-47350000.0,-17048000.0,0.0,243840000.0,399000.0,41524000.0,41524000.0,41524000.0,5535000.0,0.0,0.058,216749000.0,195877000.0,855405000.0,0.0,-2.852,17.878,17.643,486561000.0,0.0,7.41,0.61,0.61,473152000.0,-9326746000.0,717919000.0,717919000.0,29739000.0,,,,,9993000.0,187174000.0,1.0,230500639.0,230551000,238671000.0,3.114,3030171000.0,10830000.0,724000.0,24388000.0,13.143,1099739000.0
2,ENDP,MRQ,2020-12-31,2020-12-31,2020-12-31,2021-08-06,-217753000.0,9264637000.0,,2413258000.0,6851379000.0,,-2.813,-17279000.0,1385000000.0,1385000000.0,369539000.0,119343000.0,1.925,-15.299,8364473000.0,45763000.0,8318710000.0,8364473000.0,0.0,127344000.0,0.0,0.0,0.0,105127000.0,232471000.0,0.306,232471000.0,105127000.0,-30123000.0,0.52,0.51,0.52,-647939000.0,,-647939000.0,8183284922.0,18.0,8.509,90670000.0,0.394,1.0,390682000.0,0.514,6300819000.0,135250000.0,8689467000.0,,352260000.0,0.0,0.0,0.0,9912576000.0,1253824000.0,8658752000.0,1653498922.0,-475786000.0,-649144000.0,0.0,-9796000.0,0.0,-10210000.0,-574637000.0,92763000.0,107949000.0,1112000.0,119343000.0,119343000.0,119343000.0,21904000.0,0.0,0.157,263651000.0,127031000.0,835940000.0,0.0,-2.552,8.989,8.975,495501000.0,0.0,7.18,0.57,0.567,511262000.0,-9368270000.0,760221000.0,760221000.0,64737000.0,,,,,7905000.0,176221000.0,1.0,230292329.0,230301000,234475000.0,3.301,2963818000.0,65661000.0,-149466000.0,26066000.0,12.869,1159434000.0
3,ENDP,MRQ,2020-09-30,2020-09-30,2020-09-30,2021-08-06,-225148000.0,9165243000.0,,2802820000.0,6362423000.0,,-3.402,-16387000.0,1842386000.0,1842386000.0,348077000.0,-75887000.0,2.171,-12.713,8372172000.0,45599000.0,8326573000.0,8372172000.0,0.0,127265000.0,0.0,0.0,0.0,63935000.0,191200000.0,0.301,191200000.0,63935000.0,-71713000.0,-0.33,-0.33,-0.33,-782482000.0,,-782482000.0,7188372816.0,30.0,9.295,-93832000.0,-0.408,1.0,286783000.0,0.452,5738873000.0,135648000.0,8665158000.0,,354903000.0,0.0,0.0,0.0,9947725000.0,1290998000.0,8656727000.0,758392816.0,-118431000.0,-1640000.0,0.0,-20202000.0,0.0,-22626000.0,-18817000.0,0.0,-77445000.0,457000.0,-75887000.0,-75887000.0,-75887000.0,6913000.0,0.0,-0.12,215935000.0,70848000.0,868404000.0,0.0,-0.969,-4.923,-4.853,526618000.0,0.0,3.3,0.261,0.261,473368000.0,-9487613000.0,634860000.0,634860000.0,32055000.0,,,,,6585000.0,182259000.0,1.0,229816005.0,230040000,230040000.0,2.76,3426370000.0,68149000.0,4174000.0,29171000.0,14.895,1511822000.0
4,ENDP,MRQ,2020-06-30,2020-06-30,2020-06-30,2021-08-06,-227903000.0,9165134000.0,,2686144000.0,6478990000.0,,-3.112,-16667000.0,1960817000.0,1960817000.0,336096000.0,10558000.0,2.197,-13.821,8390797000.0,45529000.0,8345268000.0,8390797000.0,0.0,122610000.0,0.0,0.0,0.0,147364000.0,269974000.0,0.393,269974000.0,147364000.0,18200000.0,0.05,0.05,0.05,-714867000.0,,-714867000.0,7501322601.0,30.0,9.323,287665000.0,1.252,1.0,351492000.0,0.511,5841183000.0,129164000.0,8531520000.0,,330540000.0,0.0,0.0,0.0,9880001000.0,1222411000.0,8657590000.0,787887601.0,228613000.0,1850000.0,0.0,-56964000.0,0.0,-61248000.0,-15450000.0,0.0,304332000.0,979000.0,10558000.0,10558000.0,10558000.0,7052000.0,0.0,0.015,197076000.0,154416000.0,756364000.0,0.0,-1.102,-5.0,-4.9,537203000.0,0.0,3.43,0.262,0.262,271893000.0,-9411726000.0,687588000.0,687588000.0,30495000.0,,,,,9222000.0,173258000.0,1.0,229704840.0,229716000,233681000.0,2.993,3323951000.0,69273000.0,7642000.0,29811000.0,14.47,1463733000.0
5,ENDP,MRQ,2020-03-31,2020-03-31,2020-03-31,2021-08-06,-233527000.0,9305880000.0,,2735335000.0,6570545000.0,,-3.247,-19638000.0,1732204000.0,1732204000.0,388799000.0,129930000.0,2.031,-13.613,8445639000.0,45662000.0,8399977000.0,8445639000.0,0.0,141588000.0,0.0,0.0,0.0,126475000.0,268063000.0,0.327,268063000.0,126475000.0,-6402000.0,0.57,0.56,0.57,-737817000.0,,-737817000.0,7590407383.0,57.0,10.47,42918000.0,0.189,1.0,431606000.0,0.526,5942385000.0,132877000.0,8729939000.0,,324962000.0,0.0,0.0,0.0,10043697000.0,1346991000.0,8696706000.0,839284383.0,30216000.0,4167000.0,0.0,-9721000.0,0.0,-14483000.0,-15963000.0,0.0,62556000.0,-1894000.0,129930000.0,129930000.0,129930000.0,27651000.0,0.0,0.158,277480000.0,154126000.0,854958000.0,0.0,-1.138,-3.062,-3.033,541695000.0,0.0,3.7,0.278,0.279,536903000.0,-9422284000.0,820405000.0,820405000.0,31615000.0,,,,,17645000.0,166768000.0,1.0,226833617.0,227198000,233014000.0,3.611,3363495000.0,94843000.0,-136332000.0,31162000.0,14.804,1388344000.0
6,ENDP,MRQ,2019-12-31,2019-12-31,2019-12-31,2021-08-06,-219090000.0,9389527000.0,,2586218000.0,6803309000.0,,-3.821,-16042000.0,1701988000.0,1701988000.0,400056000.0,-218643000.0,1.771,-11.836,8453111000.0,44913000.0,8408198000.0,8453111000.0,0.0,144453000.0,0.0,0.0,0.0,-100348000.0,44105000.0,0.058,44105000.0,-100348000.0,-234695000.0,-0.97,-0.97,-0.97,-866544000.0,,-866544000.0,7775440195.0,59.0,10.442,-37234000.0,-0.164,1.0,364744000.0,0.477,6166451000.0,134347000.0,8513910000.0,,327865000.0,0.0,0.0,0.0,10256071000.0,1460289000.0,8795782000.0,1063580195.0,-50710000.0,1797000.0,0.0,-9908000.0,0.0,-14963000.0,-14871000.0,0.0,-21192000.0,316000.0,-218643000.0,-218643000.0,-218643000.0,10154000.0,0.0,-0.286,454938000.0,-90194000.0,899949000.0,0.0,-1.227,-2.517,-2.508,556565000.0,0.0,4.69,0.365,0.364,467953000.0,-9552214000.0,764800000.0,764800000.0,34379000.0,,,,,10233000.0,160671000.0,1.0,226776161.0,226788000,226788000.0,3.372,3223076000.0,49759000.0,-16052000.0,34125000.0,14.212,1125929000.0
7,ENDP,MRQ,2019-09-30,2019-09-30,2019-09-30,2021-08-06,-222619000.0,9834866000.0,,2649135000.0,7185731000.0,,-2.919,-24180000.0,1748741000.0,1748741000.0,389165000.0,-79415000.0,1.588,-15.868,8460601000.0,44725000.0,8415876000.0,8460601000.0,0.0,147621000.0,0.0,0.0,0.0,74849000.0,222470000.0,0.305,222470000.0,74849000.0,-62054000.0,-0.35,-0.35,-0.35,-661477000.0,,-661477000.0,7440583225.0,100.0,10.483,8462000.0,0.037,1.0,340261000.0,0.466,6553539000.0,136903000.0,8325460000.0,,338513000.0,0.0,0.0,0.0,10496343000.0,1667727000.0,8828616000.0,726719225.0,-5795000.0,2186000.0,0.0,-11022000.0,0.0,-15365000.0,-23011000.0,0.0,32642000.0,-61000.0,-79415000.0,-79415000.0,-79415000.0,37984000.0,0.0,-0.109,227428000.0,112833000.0,937181000.0,0.0,-1.099,-1.465,-1.452,555191000.0,0.0,3.21,0.248,0.248,420195000.0,-9333571000.0,729426000.0,729426000.0,36519000.0,,,,,11576000.0,168329000.0,1.0,226392282.0,226598000,226598000.0,3.219,3281327000.0,36337000.0,17361000.0,42983000.0,14.481,981408000.0
8,ENDP,MRQ,2019-06-30,2019-06-30,2019-06-30,2021-08-06,-220104000.0,10074289000.0,,2755052000.0,7319237000.0,,-2.61,-8246000.0,1754536000.0,1754536000.0,388208000.0,-106005000.0,1.501,-18.061,8468400000.0,46242000.0,8422158000.0,8468400000.0,0.0,158055000.0,0.0,0.0,0.0,32272000.0,190327000.0,0.272,190327000.0,32272000.0,-102537000.0,-0.47,-0.47,-0.47,-590472000.0,,-590472000.0,7795168427.0,-200.0,12.456,168939000.0,0.747,1.0,311519000.0,0.445,6691351000.0,134809000.0,8260982000.0,,335890000.0,0.0,0.0,0.0,10664761000.0,1835820000.0,8828941000.0,931868427.0,440250000.0,2491000.0,0.0,279301000.0,0.0,268700000.0,-5939000.0,0.0,177185000.0,304000.0,-106005000.0,-106005000.0,-106005000.0,7953000.0,0.0,-0.151,271294000.0,40225000.0,931207000.0,0.0,-1.578,-1.58,-1.567,550599000.0,0.0,4.12,0.316,0.316,442078000.0,-9254156000.0,699727000.0,699727000.0,26348000.0,,,,,12600000.0,152297000.0,1.0,226181657.0,226221000,226221000.0,3.093,3382938000.0,39401000.0,3468000.0,36921000.0,14.954,919232000.0
9,ENDP,MRQ,2019-03-31,2019-03-31,2019-03-31,2021-08-06,-224499000.0,9803324000.0,,2272133000.0,7531191000.0,,-2.202,-15386000.0,1314286000.0,1314286000.0,391909000.0,-18573000.0,1.297,-20.827,8177586000.0,47991000.0,8129595000.0,8177586000.0,0.0,162733000.0,0.0,0.0,0.0,125005000.0,287738000.0,0.399,287738000.0,125005000.0,-7670000.0,-0.08,-0.08,-0.08,-494450000.0,,-494450000.0,8605904103.0,2081.0,12.312,-105969000.0,-0.472,1.0,328502000.0,0.456,6915395000.0,132675000.0,7999941000.0,,331391000.0,969000.0,0.0,969000.0,10297774000.0,1751288000.0,8546486000.0,1801966103.0,-140194000.0,103000.0,4000.0,-26796000.0,0.0,-33771000.0,-16377000.0,0.0,-90583000.0,537000.0,-18573000.0,-18573000.0,-18573000.0,5961000.0,0.0,-0.026,317364000.0,11138000.0,840830000.0,0.0,-3.644,-3.309,-3.305,552200000.0,0.0,8.03,0.607,0.608,487974000.0,-9148151000.0,720411000.0,720411000.0,33486000.0,,,,,24733000.0,151123000.0,1.0,224404247.0,224594000,224594000.0,3.208,2887929000.0,33583000.0,10903000.0,34723000.0,12.858,520845000.0
10,ENDP,MRQ,2018-12-31,2018-12-31,2018-12-31,2021-08-06,-229229000.0,10132393000.0,,2343150000.0,7789243000.0,,-2.221,-26854000.0,1454481000.0,1454481000.0,433214000.0,-291908000.0,1.202,-21.335,8258419000.0,34150000.0,8224269000.0,8258419000.0,0.0,167204000.0,0.0,0.0,0.0,-157942000.0,9262000.0,0.012,9262000.0,-157942000.0,-293702000.0,-1.31,-1.31,-1.31,-498283000.0,,-498283000.0,8491926748.0,-17.0,35.857,43424000.0,0.194,1.0,353175000.0,0.449,7221942000.0,135760000.0,7764293000.0,,322179000.0,0.0,0.0,0.0,10630676000.0,1950096000.0,8680580000.0,1637716748.0,45929000.0,23616000.0,460000.0,-9837000.0,0.0,-18764000.0,-4218000.0,0.0,70278000.0,-1367000.0,-291908000.0,-291908000.0,-291908000.0,26429000.0,0.0,-0.371,484688000.0,-131513000.0,1009200000.0,0.0,-3.287,-1.588,-1.584,498892000.0,0.0,7.3,0.556,0.555,470570000.0,-9124932000.0,786389000.0,786389000.0,25395000.0,,,,,10349000.0,167422000.0,1.0,224344760.0,224353000,224353000.0,3.505,2910451000.0,40459000.0,-1794000.0,36148000.0,12.973,393054000.0
11,ENDP,MRQ,2018-09-30,2018-09-30,2018-09-30,2021-08-06,-216854000.0,10521662000.0,,2275599000.0,8246063000.0,,-0.979,-14584000.0,1408552000.0,1408552000.0,412965000.0,-173205000.0,1.126,-48.944,8262762000.0,34150000.0,8228612000.0,8262762000.0,0.0,176857000.0,0.0,0.0,0.0,-38355000.0,138502000.0,0.186,138502000.0,-38355000.0,-170202000.0,-0.77,-0.77,-0.77,-219459000.0,,-219459000.0,10578970942.0,-15.0,142.643,-36724000.0,-0.164,1.0,332501000.0,0.446,7680884000.0,131847000.0,7673520000.0,,332787000.0,1693000.0,0.0,1693000.0,10741121000.0,2021468000.0,8719653000.0,3768759942.0,-48447000.0,5782000.0,473000.0,-9885000.0,0.0,-22015000.0,-4694000.0,0.0,-22140000.0,402000.0,-173205000.0,-173205000.0,-173205000.0,27134000.0,0.0,-0.232,343722000.0,-11221000.0,1019004000.0,0.0,-17.173,-3.401,-3.4,495546000.0,0.0,16.83,1.287,1.288,467156000.0,-8833024000.0,745466000.0,745466000.0,39683000.0,,,,,13736000.0,163791000.0,1.0,223931072.0,224132000,224132000.0,3.326,2840778000.0,16413000.0,3003000.0,45311000.0,12.675,254131000.0
12,ENDP,MRQ,2018-06-30,2018-06-30,2018-06-30,2021-08-06,-221589000.0,10858035000.0,,2308898000.0,8549137000.0,,-0.277,-17086000.0,1456999000.0,1456999000.0,381905000.0,-60867000.0,1.072,-175.912,8267210000.0,34205000.0,8233005000.0,8267210000.0,0.0,188056000.0,0.0,0.0,0.0,75427000.0,263483000.0,0.369,263483000.0,75427000.0,-54632000.0,-0.27,-0.27,-0.27,-62077000.0,,-62077000.0,9065770187.0,-13.0,49.899,153200000.0,0.684,1.0,332791000.0,0.466,7979059000.0,130059000.0,7536121000.0,,343318000.0,2404000.0,0.0,2404000.0,10920112000.0,2153066000.0,8767046000.0,2110348187.0,159129000.0,24621000.0,0.0,-9829000.0,0.0,-17383000.0,6609000.0,0.0,170286000.0,-383000.0,-60867000.0,-60867000.0,-60867000.0,8388000.0,0.0,-0.085,248976000.0,83815000.0,1027357000.0,0.0,-33.996,-2.046,-2.046,499142000.0,0.0,9.43,0.71,0.711,451240000.0,-8659819000.0,714696000.0,714696000.0,82102000.0,,,,,12096000.0,148157000.0,1.0,223790900.0,223834000,223834000.0,3.193,2878976000.0,12043000.0,6235000.0,44696000.0,12.862,155832000.0
13,ENDP,MRQ,2018-03-31,2018-03-31,2018-03-31,2021-08-06,-215618000.0,10933745000.0,,2208454000.0,8725291000.0,,-0.032,-24874000.0,1316270000.0,1316270000.0,403598000.0,-505489000.0,1.058,-1542.484,8271692000.0,34205000.0,8237487000.0,8271692000.0,0.0,191590000.0,0.0,0.0,0.0,-366008000.0,-174418000.0,-0.249,-174418000.0,-366008000.0,-489998000.0,-2.26,-2.26,-2.26,-7093000.0,,-7093000.0,8295820067.0,-4.0,-6.906,23972000.0,0.107,1.0,296929000.0,0.424,8159558000.0,123990000.0,7642010000.0,,376650000.0,3294000.0,0.0,3294000.0,10940838000.0,2087599000.0,8853239000.0,1326641067.0,9212000.0,13350000.0,0.0,-9821000.0,0.0,-23410000.0,-15597000.0,0.0,48846000.0,-627000.0,-505489000.0,-505489000.0,-505489000.0,7751000.0,0.0,-0.722,655186000.0,-358257000.0,953195000.0,0.0,-187.035,-0.56,-0.56,511227000.0,0.0,5.94,0.424,0.424,460019000.0,-8598952000.0,700527000.0,700527000.0,38646000.0,,,,,17890000.0,166667000.0,1.0,223340247.0,223521000,223521000.0,3.134,2774187000.0,8788000.0,15491000.0,43961000.0,12.411,120855000.0
14,ENDP,MRQ,2017-12-31,2017-12-31,2017-12-31,2021-08-06,-209821000.0,11635580000.0,,2271077000.0,9364503000.0,,2.171,-31552000.0,1307058000.0,1307058000.0,505645000.0,-368417000.0,1.023,22.997,8276237000.0,34205000.0,8242032000.0,8276237000.0,0.0,240829000.0,0.0,0.0,0.0,-394232000.0,-153403000.0,-0.2,-153403000.0,-394232000.0,-521193000.0,-1.65,-1.65,-1.65,484880000.0,,484880000.0,8911959338.0,-5.0,-10.952,100271000.0,0.449,1.0,262995000.0,0.342,8767766000.0,126961000.0,7616084000.0,,391437000.0,1456000.0,0.0,1456000.0,11150700000.0,2220909000.0,8929791000.0,1730679338.0,207528000.0,127171000.0,0.0,-67553000.0,0.0,-31640000.0,95619000.0,0.0,131823000.0,-1468000.0,-368417000.0,-368417000.0,-368417000.0,96836000.0,0.0,-0.479,560391000.0,-297396000.0,1096825000.0,0.0,3.569,-0.85,-0.85,523971000.0,0.0,7.75,0.499,0.499,517436000.0,-8096539000.0,768640000.0,768640000.0,48545000.0,,,,,9897000.0,161199000.0,1.0,223313463.0,223321000,223321000.0,3.442,2867814000.0,23630000.0,-152776000.0,45217000.0,12.842,50168000.0
15,ENDP,MRQ,2017-09-30,2017-09-30,2017-09-30,2021-08-06,-288361000.0,11895471000.0,,2196479000.0,9698992000.0,,3.426,-34373000.0,1099530000.0,1099530000.0,514522000.0,-96670000.0,1.076,14.55,8280810000.0,34205000.0,8246605000.0,8280810000.0,0.0,243280000.0,0.0,0.0,0.0,2742000.0,246022000.0,0.313,246022000.0,2742000.0,-124779000.0,-0.43,-0.43,-0.43,764984000.0,,764984000.0,9216605562.0,-2.0,-2.497,48703000.0,0.218,1.0,272365000.0,0.346,9053175000.0,127521000.0,7981455000.0,,443270000.0,2789000.0,0.0,2789000.0,11130487000.0,2042121000.0,9088366000.0,1912496562.0,118200000.0,77535000.0,0.0,-9775000.0,0.0,-35770000.0,50162000.0,7000000.0,83076000.0,1057000.0,-96670000.0,-96670000.0,-96670000.0,-3017000.0,0.0,-0.123,272640000.0,-275000.0,1097185000.0,0.0,2.5,-0.382,-0.381,575023000.0,0.0,8.565,0.485,0.485,531488000.0,-7728122000.0,786887000.0,786887000.0,39644000.0,,,,,13247000.0,135880000.0,1.0,223292068.0,223299000,223299000.0,3.524,2842296000.0,24167000.0,-28109000.0,88465000.0,12.729,154358000.0
16,ENDP,MRQ,2017-06-30,2017-06-30,2017-06-30,2021-08-06,-327815000.0,12278090000.0,,2275015000.0,10003075000.0,,3.626,-32527000.0,981330000.0,981330000.0,539401000.0,-1396518000.0,1.022,14.175,8285439000.0,34150000.0,8251289000.0,8285439000.0,0.0,212801000.0,0.0,0.0,0.0,-1332251000.0,-1119450000.0,-1.278,-1119450000.0,-1332251000.0,-1453998000.0,-6.26,-6.26,-6.26,809106000.0,,809106000.0,9846504105.0,-2.0,-2.62,138796000.0,0.622,1.0,336330000.0,0.384,9283401000.0,121747000.0,8071851000.0,,489752000.0,2494000.0,0.0,2494000.0,11468984000.0,2226947000.0,9242037000.0,2492167105.0,83592000.0,2314000.0,0.0,26344000.0,0.0,-46389000.0,-30213000.0,0.0,171323000.0,1443000.0,-1396518000.0,-1396518000.0,-1396518000.0,700498000.0,0.0,-1.595,916349000.0,-580019000.0,1233336000.0,0.0,3.08,-0.486,-0.485,637820000.0,0.0,11.17,0.617,0.617,580123000.0,-7631452000.0,875731000.0,875731000.0,40869000.0,,,,,7512000.0,155555000.0,1.0,223112543.0,223158000,223158000.0,3.924,2994689000.0,25094000.0,-57480000.0,85068000.0,13.42,48068000.0
17,ENDP,MRQ,2017-03-31,2017-03-31,2017-03-31,2021-08-06,-338646000.0,13218650000.0,,2332721000.0,10885929000.0,,9.811,-27202000.0,895834000.0,895834000.0,668962000.0,-173828000.0,1.133,5.041,8250171000.0,25612000.0,8224559000.0,8250171000.0,0.0,286855000.0,0.0,0.0,0.0,-73757000.0,213098000.0,0.205,213098000.0,-73757000.0,-185756000.0,-0.78,-0.78,-0.78,2188053000.0,,2188053000.0,9961389410.0,-3.0,-3.987,140561000.0,0.63,1.0,368638000.0,0.355,10138192000.0,111999000.0,8375631000.0,,549138000.0,1723000.0,0.0,1723000.0,11030597000.0,2059164000.0,8971433000.0,2488210410.0,96514000.0,16217000.0,0.0,-28894000.0,0.0,-53194000.0,-10985000.0,0.0,167763000.0,1483000.0,-173828000.0,-173828000.0,-173828000.0,8405000.0,0.0,-0.168,433990000.0,-65352000.0,1219278000.0,0.0,1.137,-0.735,-0.734,670847000.0,0.0,11.16,0.609,0.609,689602000.0,-6234934000.0,1037600000.0,1037600000.0,43009000.0,,,,,19493000.0,177240000.0,1.0,222957922.0,223014000,223014000.0,4.653,3080458000.0,53254000.0,-11928000.0,173706000.0,13.813,273557000.0
18,ENDP,MRQ,2016-12-31,2016-12-31,2016-12-31,2021-08-06,-353434000.0,14275109000.0,,2589459000.0,11685650000.0,,12.122,-50769000.0,799324000.0,799324000.0,756578000.0,-3337856000.0,0.983,4.284,8272503000.0,131125000.0,8141378000.0,8272503000.0,0.0,266977000.0,0.0,0.0,0.0,-3298350000.0,-3031373000.0,-2.442,-3031373000.0,-3298350000.0,-3410133000.0,-14.99,-14.99,-14.99,2701589000.0,,2701589000.0,11128326847.0,-3.0,-4.262,33997000.0,0.153,1.0,484935000.0,0.391,10588692000.0,111783000.0,8524851000.0,,555671000.0,2267000.0,0.0,2267000.0,11573520000.0,2634745000.0,8938775000.0,3670780847.0,-347132000.0,-15022000.0,1109000.0,-30727000.0,0.0,-62675000.0,-356418000.0,-309867000.0,84766000.0,-1061000.0,-3337856000.0,-3337856000.0,-3337856000.0,4531000.0,0.0,-2.689,3778754000.0,-3293819000.0,1454084000.0,0.0,1.359,-1.097,-1.096,669596000.0,0.0,16.47,0.915,0.914,992153000.0,-5688281000.0,1241513000.0,1241513000.0,46206000.0,,,,,15202000.0,212568000.0,1.0,222876797.0,222867000,221424000.0,5.571,3686417000.0,55620000.0,-72277000.0,201563000.0,16.541,-45286000.0
19,ENDP,MRQ,2016-09-30,2016-09-30,2016-09-30,2021-08-06,-332145000.0,17683502000.0,,2247436000.0,15436066000.0,,27.162,-34382000.0,837322000.0,837322000.0,557472000.0,-218919000.0,0.844,1.922,8294868000.0,124250000.0,8170618000.0,8294868000.0,0.0,239421000.0,0.0,0.0,0.0,-60550000.0,178871000.0,0.202,178871000.0,-60550000.0,-172734000.0,-0.98,-0.98,-0.98,6050861000.0,,6050861000.0,11749708763.0,-11.0,-96.811,-149616000.0,-0.672,1.0,326863000.0,0.37,14387198000.0,112184000.0,8091548000.0,,624302000.0,2361000.0,0.0,2361000.0,11632641000.0,2662302000.0,8970339000.0,4488748763.0,-106245000.0,-30339000.0,1281000.0,-28894000.0,0.0,-32910000.0,41861000.0,112788000.0,-115234000.0,38000.0,-218919000.0,-218919000.0,-218919000.0,27423000.0,0.0,-0.248,359990000.0,-33127000.0,306096000.0,0.0,0.742,-35.158,-65.0,671618000.0,0.0,20.15,1.168,1.168,669815000.0,-2350425000.0,884335000.0,884335000.0,44885000.0,,,,,14982000.0,186735000.0,1.0,222766688.0,222767000,222767000.0,3.97,3296304000.0,44162000.0,46185000.0,184030000.0,14.797,-414866000.0
20,ENDP,MRQ,2016-06-30,2016-06-30,2016-06-30,2021-08-06,-326096000.0,17935535000.0,,2650416000.0,15285119000.0,,28.121,-27707000.0,1056382000.0,1056382000.0,632218000.0,343596000.0,0.902,1.864,8317342000.0,117454000.0,8199888000.0,8317342000.0,0.0,240822000.0,0.0,0.0,0.0,-99780000.0,141042000.0,0.153,141042000.0,-99780000.0,-211699000.0,1.54,1.54,1.54,6261538000.0,,6261538000.0,11292124353.0,-5.0,-8.805,576671000.0,2.59,1.0,288669000.0,0.313,14513896000.0,111919000.0,7743759000.0,,626320000.0,2239000.0,33000.0,2206000.0,11673997000.0,2938840000.0,8735157000.0,3471290353.0,445854000.0,210000.0,1295000.0,-254881000.0,0.0,-262951000.0,105935000.0,133432000.0,604378000.0,-1508000.0,343578000.0,343578000.0,343578000.0,46216000.0,18000.0,0.373,342215000.0,-53546000.0,318459000.0,0.0,0.554,-3.619,-3.584,673294000.0,0.0,15.59,0.937,0.937,875058000.0,-2131506000.0,920887000.0,920887000.0,50589000.0,,,,,14618000.0,193070000.0,1.0,222661344.0,222667000,222863000.0,4.136,3421639000.0,56163000.0,-555277000.0,149238000.0,15.367,-288424000.0
21,ENDP,MRQ,2016-03-31,2016-03-31,2016-03-31,2021-08-06,-304358000.0,18636800000.0,,3079903000.0,15556897000.0,,26.649,-25998000.0,743936000.0,743936000.0,688705000.0,-133871000.0,0.96,2.146,8564770000.0,335579000.0,8229191000.0,8564770000.0,0.0,236089000.0,0.0,0.0,0.0,-135791000.0,100298000.0,0.104,100298000.0,-135791000.0,-252584000.0,-0.6,-0.6,-0.6,5924146000.0,,5924146000.0,13977640864.0,-6.0,-9.468,-71765000.0,-0.323,1.0,274834000.0,0.285,14779168000.0,116793000.0,8471499000.0,,670454000.0,2480000.0,39000.0,2441000.0,12712654000.0,3206967000.0,9505687000.0,6255005864.0,-50380000.0,6421000.0,1434000.0,-21859000.0,0.0,-38650000.0,31070000.0,63647000.0,-45767000.0,2967000.0,-133869000.0,-133869000.0,-133869000.0,45108000.0,-2000.0,-0.139,365519000.0,-90685000.0,303290000.0,0.0,1.056,-4.027,-3.888,674097000.0,0.0,28.15,1.778,1.779,867829000.0,-2475084000.0,963539000.0,963539000.0,41692000.0,,,,,14967000.0,178355000.0,1.0,222202695.0,222302000,222302000.0,4.334,3857632000.0,758854000.0,-118715000.0,667997000.0,17.353,-127064000.0
22,ENDP,MRQ,2015-12-31,2015-12-31,2015-12-31,2021-08-06,-384205000.0,19350336000.0,,3452537000.0,15897799000.0,,26.626,-30830000.0,857727000.0,857727000.0,810068000.0,-118593000.0,0.994,2.242,8580362000.0,328705000.0,8251657000.0,8580362000.0,0.0,250804000.0,0.0,0.0,0.0,-792382000.0,-541578000.0,-0.504,-541578000.0,-792382000.0,-915400000.0,-0.27,-0.27,-0.27,5968030000.0,,5968030000.0,21494884962.0,-10.0,-13.215,265103000.0,1.183,1.0,263629000.0,0.246,15128296000.0,123018000.0,8470363000.0,,752493000.0,3889000.0,34000.0,3855000.0,13382360000.0,3474312000.0,9908048000.0,13863228962.0,-500901000.0,-133623000.0,-249117000.0,-221385000.0,0.0,-568554000.0,-223268000.0,-14847000.0,295933000.0,-6009000.0,-118463000.0,-118463000.0,-118463000.0,562302000.0,-130000.0,-0.11,468244000.0,-204615000.0,1510115000.0,0.0,2.323,-9.273,-8.066,675624000.0,0.0,61.22,4.241,3.691,1014808000.0,-2341215000.0,1073697000.0,1073697000.0,43989000.0,,,,,12648000.0,212014000.0,1.0,226449346.0,224145000,224145000.0,4.79,4222040000.0,746324000.0,-796937000.0,879591000.0,18.836,-21775000.0
23,ENDP,MRQ,2015-09-30,2015-09-30,2015-09-30,2021-08-06,-308684000.0,21480859000.0,,4799476000.0,16681383000.0,,30.563,-12323000.0,1347673000.0,1347673000.0,442459000.0,-1050488000.0,1.212,2.358,8979329000.0,89835000.0,8889494000.0,8979329000.0,0.0,132771000.0,0.0,0.0,0.0,-1114935000.0,-982164000.0,-1.317,-982164000.0,-1114935000.0,-1211381000.0,-5.02,-5.02,-5.02,6396064000.0,,6396064000.0,16842784636.0,-11.0,-17.02,-112269000.0,-0.536,1.0,303268000.0,0.407,15755371000.0,96446000.0,9396889000.0,,946650000.0,4238000.0,768000.0,3470000.0,15084805000.0,3960255000.0,11124550000.0,14427654636.0,-1693624000.0,-5014413000.0,1047000.0,3495987000.0,0.0,3454138000.0,-5054155000.0,-27419000.0,-99946000.0,6339000.0,-1050442000.0,-1050442000.0,-1050442000.0,246782000.0,-46000.0,-1.409,1130558000.0,-827290000.0,371696000.0,0.0,2.256,-10.089,-9.744,655950000.0,0.0,69.28,5.048,5.073,1837558000.0,-1971664000.0,745727000.0,745727000.0,21327000.0,,,,,23784000.0,163221000.0,1.0,208251366.0,209274000,209274000.0,3.563,5725488000.0,511354000.0,-160939000.0,1923591000.0,27.359,839221000.0
24,ENDP,MRQ,2015-06-30,2015-06-30,2015-06-30,2021-08-06,-249077000.0,16131914000.0,,7536953000.0,8594961000.0,,33.194,-21432000.0,3014523000.0,3014523000.0,438858000.0,-250526000.0,2.161,1.622,5429653000.0,68423000.0,5361230000.0,5429653000.0,0.0,129591000.0,0.0,0.0,0.0,-182528000.0,-52937000.0,-0.072,-52937000.0,-182528000.0,-263139000.0,-1.35,-1.35,-1.35,6151870000.0,,6151870000.0,18872674458.0,-37.0,-216.345,-9110000.0,-0.049,1.0,296308000.0,0.403,7958700000.0,80611000.0,7100902000.0,,625767000.0,4916000.0,893000.0,4023000.0,9979976000.0,3487442000.0,6492534000.0,14237137458.0,2152274000.0,-4053000.0,2236275000.0,-116466000.0,0.0,2119547000.0,24143000.0,49628000.0,12322000.0,-3738000.0,-250419000.0,-250419000.0,-250419000.0,159632000.0,-107000.0,-0.341,319311000.0,-23003000.0,306179000.0,0.0,2.314,-22.538,-21.354,413931000.0,0.0,79.65,5.147,5.336,1318286000.0,-921221000.0,735166000.0,735166000.0,18984000.0,,,,,10916000.0,154491000.0,1.0,178746233.0,185328000,185328000.0,3.967,8173214000.0,832871000.0,-12720000.0,731264000.0,44.101,4049511000.0
25,ENDP,MRQ,2015-03-31,2015-03-31,2015-03-31,2021-08-06,-257221000.0,14145677000.0,,5327869000.0,8817808000.0,,24.4,-17189000.0,911623000.0,911623000.0,384266000.0,-75718000.0,1.548,2.417,5547160000.0,160613000.0,5386547000.0,5547160000.0,0.0,119590000.0,0.0,0.0,0.0,-169448000.0,-49858000.0,-0.07,-49858000.0,-169448000.0,-242587000.0,-0.45,-0.43,-0.45,4139598000.0,,4139598000.0,19341277721.0,-76.0,158.426,-106997000.0,-0.631,1.0,329862000.0,0.462,8095144000.0,73139000.0,7244050000.0,,611401000.0,4452000.0,1103000.0,3349000.0,10005961000.0,3442020000.0,6563941000.0,15922667721.0,-31292000.0,-907180000.0,-950000.0,1039287000.0,0.0,996861000.0,-930484000.0,-6115000.0,-89808000.0,-7861000.0,-75718000.0,-75718000.0,-75718000.0,226210000.0,0.0,-0.106,272120000.0,57742000.0,312016000.0,0.0,3.846,-44.214,-40.045,406757000.0,0.0,89.7,6.068,5.8,1235383000.0,-670803000.0,714128000.0,714128000.0,17897000.0,,,,,13837000.0,211578000.0,1.0,177510231.0,169653000,176825000.0,4.209,6050533000.0,823183000.0,-166869000.0,797161000.0,35.664,1885849000.0
26,ENDP,MRQ,2014-12-31,2014-12-31,2014-12-31,2021-08-06,-124088000.0,10824169000.0,,5112054000.0,5712115000.0,,15.443,-23125000.0,936626000.0,936626000.0,374180000.0,-53243000.0,1.615,3.544,4256564000.0,155937000.0,4100627000.0,4256564000.0,0.0,98639000.0,0.0,0.0,0.0,-3278000.0,95361000.0,0.144,95361000.0,-3278000.0,-62867000.0,-0.29,-0.32,-0.29,2374757000.0,,2374757000.0,14534651085.0,-32.0,-116.944,82447000.0,0.536,1.0,288697000.0,0.436,5230025000.0,59589000.0,5748106000.0,,414995000.0,2321000.0,815000.0,1506000.0,8415956000.0,3165976000.0,5249980000.0,11085799085.0,-285420000.0,-33911000.0,1149000.0,-16556000.0,0.0,-9848000.0,-393010000.0,-342799000.0,105572000.0,-2490000.0,-53483000.0,-53483000.0,-53483000.0,72724000.0,240000.0,-0.081,218906000.0,69791000.0,294001000.0,0.0,4.668,-15.369,-14.688,387052000.0,0.0,72.12,4.657,4.45,1118720000.0,-595085000.0,662877000.0,662877000.0,30543000.0,,,,,9521000.0,134653000.0,1.0,153713243.0,153772000,159214000.0,4.311,5594144000.0,619233000.0,-9384000.0,677508000.0,36.379,1946078000.0
27,ENDP,MRQ,2014-09-30,2014-09-30,2014-09-30,2021-08-06,-44086000.0,10589549000.0,,2981503000.0,7608046000.0,,16.246,-16747000.0,923686000.0,923686000.0,341193000.0,-252049000.0,1.316,3.236,4372538000.0,153229000.0,4219309000.0,4372538000.0,0.0,80194000.0,0.0,0.0,0.0,-159994000.0,-79800000.0,-0.122,-79800000.0,-159994000.0,-221944000.0,-1.64,-1.59,-1.64,2490721000.0,,2490721000.0,13410633866.0,-12.0,-16.127,268088000.0,1.749,1.0,312923000.0,0.478,6938922000.0,61950000.0,4834723000.0,,503611000.0,7920000.0,5336000.0,2584000.0,8059357000.0,2264756000.0,5794601000.0,10488128866.0,-718715000.0,-849511000.0,1180000.0,-47933000.0,0.0,-30103000.0,-967184000.0,-111085000.0,284835000.0,-6263000.0,-252084000.0,-252084000.0,-252084000.0,301002000.0,35000.0,-0.385,169853000.0,143070000.0,273909000.0,0.0,4.211,-7.265,-5.811,413886000.0,0.0,68.34,5.793,5.787,1039835000.0,-541602000.0,654116000.0,654116000.0,20813000.0,,,,,8774000.0,148901000.0,1.0,153469840.0,153309000,158975000.0,4.267,3650627000.0,472849000.0,30140000.0,489706000.0,23.812,716747000.0
28,ENDP,MRQ,2014-06-30,2014-06-30,2014-06-30,2021-08-06,48191000.0,9961906000.0,,3164777000.0,6797129000.0,,18.426,-19561000.0,1493021000.0,1493021000.0,303445000.0,20386000.0,1.454,2.535,4415526000.0,185631000.0,4229895000.0,4415526000.0,0.0,78230000.0,0.0,0.0,0.0,78151000.0,156381000.0,0.264,156381000.0,78151000.0,25968000.0,0.14,0.13,0.14,2807489000.0,,2807489000.0,13450671121.0,-16.0,-23.915,174751000.0,1.147,1.0,289403000.0,0.488,6205058000.0,52183000.0,4503118000.0,,427199000.0,49530000.0,46279000.0,3251000.0,7117286000.0,2176235000.0,4941051000.0,10661565121.0,385964000.0,-90374000.0,1110000.0,188107000.0,0.0,240406000.0,-53458000.0,57477000.0,194312000.0,4704000.0,21160000.0,21160000.0,21160000.0,20189000.0,-774000.0,0.036,171748000.0,117655000.0,275262000.0,0.0,3.798,-9.259,-7.167,386856000.0,0.0,70.02,5.865,5.869,875932000.0,-289518000.0,592848000.0,592848000.0,30406000.0,,,,,6781000.0,124366000.0,1.0,152264569.0,152368000,163369000.0,3.891,3756848000.0,279710000.0,4808000.0,230087000.0,24.656,988542000.0
29,ENDP,MRQ,2014-03-31,2014-03-31,2014-03-31,2021-08-06,-178000.0,9527969000.0,,2790191000.0,6737778000.0,,23.158,-20818000.0,1108785000.0,1108785000.0,212679000.0,-433278000.0,1.376,2.187,3897891000.0,402245000.0,3495646000.0,3897891000.0,0.0,74588000.0,0.0,0.0,0.0,-370817000.0,-296229000.0,-0.629,-296229000.0,-370817000.0,-424209000.0,-3.41,-3.41,-3.41,2967335000.0,,2967335000.0,10379745751.0,-13.0,-19.072,-267761000.0,-2.09,1.0,258163000.0,0.548,6185327000.0,53392000.0,4103688000.0,,464099000.0,76675000.0,74279000.0,2396000.0,6490606000.0,2028060000.0,4462546000.0,7937569751.0,497270000.0,-58193000.0,-3622000.0,125847000.0,0.0,102402000.0,641799000.0,717662000.0,-246943000.0,12000.0,-436912000.0,-436912000.0,-436912000.0,385877000.0,3634000.0,-0.928,229873000.0,28290000.0,298099000.0,0.0,2.675,-6.977,-7.151,381452000.0,0.0,68.65,4.098,4.541,790508000.0,-310678000.0,470842000.0,470842000.0,30946000.0,,,,,7595000.0,160066000.0,1.0,115623740.0,128135000,128135000.0,3.675,3342642000.0,264698000.0,12703000.0,250872000.0,26.087,762131000.0
30,ENDP,MRQ,2013-12-31,2013-12-31,2013-12-31,2021-08-06,-4915000.0,6571856000.0,,2854507000.0,3717349000.0,,4.57,-41830000.0,1296597000.0,1296597000.0,100973000.0,-761743000.0,1.682,11.381,3738773000.0,414929000.0,3323844000.0,3738773000.0,0.0,59241000.0,0.0,0.0,0.0,-671170000.0,-611929000.0,-6.6,-611929000.0,-671170000.0,-715085000.0,-6.85,-6.49,-6.85,526018000.0,,526018000.0,10212656563.0,-28.0,-90.918,-15785000.0,-0.137,1.0,-8253000.0,-0.089,3245758000.0,43915000.0,4071602000.0,,374439000.0,2979000.0,0.0,2979000.0,5986640000.0,1696672000.0,4289968000.0,7750419563.0,-50074000.0,8850000.0,1193000.0,681115000.0,0.0,679998000.0,-756650000.0,-770000000.0,26045000.0,533000.0,-775910000.0,-775910000.0,-775910000.0,870790000.0,14167000.0,-8.368,-222040000.0,213787000.0,263241000.0,0.0,14.734,-11.309,-11.15,372077000.0,0.0,67.46,3.648,3.597,725827000.0,126234000.0,92720000.0,92720000.0,-11384000.0,,,,,7740000.0,-88583000.0,1.0,114889113.0,115107000,128646000.0,0.806,3326098000.0,257985000.0,60825000.0,313853000.0,28.896,1157835000.0
31,ENDP,MRQ,2013-09-30,2013-09-30,2013-09-30,2021-08-06,-5939000.0,6455256000.0,,2042343000.0,4412913000.0,,11.169,-15767000.0,594085000.0,594085000.0,257836000.0,54615000.0,1.219,4.008,3056322000.0,411694000.0,2644628000.0,3056322000.0,0.0,61371000.0,0.0,0.0,0.0,127959000.0,189330000.0,0.286,189330000.0,127959000.0,84878000.0,0.35,0.33,0.35,1276878000.0,,1276878000.0,7750295612.0,-20.0,-61.694,139674000.0,1.222,1.0,403483000.0,0.61,3947532000.0,43081000.0,3294414000.0,,416512000.0,2433000.0,0.0,2433000.0,5117892000.0,1675547000.0,3442345000.0,5189467612.0,88477000.0,-700000.0,1314000.0,-17235000.0,0.0,6467000.0,-73642000.0,0.0,155441000.0,211000.0,40223000.0,40223000.0,40223000.0,14560000.0,14392000.0,0.061,246572000.0,156911000.0,267851000.0,0.0,4.064,-8.294,-8.43,373990000.0,0.0,45.44,1.98,1.982,672001000.0,902144000.0,661319000.0,661319000.0,36687000.0,,,,,8505000.0,191362000.0,1.0,114204833.0,114327000,120261000.0,5.784,2507724000.0,262651000.0,44655000.0,461899000.0,21.935,366796000.0
32,ENDP,MRQ,2013-06-30,2013-06-30,2013-06-30,2021-08-06,-8873000.0,6453638000.0,,1957267000.0,4496371000.0,,10.601,-13384000.0,505608000.0,505608000.0,273413000.0,48111000.0,1.373,4.361,3066436000.0,72184000.0,2994252000.0,3066436000.0,0.0,68232000.0,0.0,0.0,0.0,106345000.0,174577000.0,0.245,174577000.0,106345000.0,64011000.0,0.31,0.3,0.31,1192940000.0,,1192940000.0,6866855122.0,-17.0,-59.641,162394000.0,1.443,1.0,438735000.0,0.616,4027571000.0,42334000.0,3561690000.0,,429942000.0,2018000.0,0.0,2018000.0,5202093000.0,1425205000.0,3776888000.0,4129342122.0,165091000.0,0.0,1246000.0,-18636000.0,0.0,4010000.0,-16057000.0,0.0,175778000.0,1360000.0,34999000.0,34999000.0,34999000.0,-6362000.0,13112000.0,0.049,325640000.0,113095000.0,276458000.0,0.0,3.461,-6.746,-6.968,375079000.0,0.0,36.79,1.523,1.527,709404000.0,861921000.0,712148000.0,712148000.0,33393000.0,,,,,7353000.0,244302000.0,1.0,112240884.0,112531000,117221000.0,6.328,2426067000.0,273349000.0,29012000.0,476384000.0,21.559,532062000.0
33,ENDP,MRQ,2013-03-31,2013-03-31,2013-03-31,2021-08-06,-9166000.0,6352502000.0,,1799019000.0,4553483000.0,,10.02,-23645000.0,340517000.0,340517000.0,254381000.0,26603000.0,1.265,4.649,3078030000.0,71968000.0,3006062000.0,3078030000.0,0.0,66819000.0,0.0,0.0,0.0,68875000.0,135694000.0,0.206,135694000.0,68875000.0,24599000.0,0.14,0.14,0.14,1114371000.0,,1114371000.0,6037535318.0,-14.0,-37.762,-82392000.0,-0.741,1.0,404113000.0,0.614,4075761000.0,44276000.0,3592071000.0,,384757000.0,2539000.0,0.0,2539000.0,5180765000.0,1422183000.0,3758582000.0,3413506318.0,-207399000.0,-3645000.0,1557000.0,-100723000.0,0.0,-110950000.0,-37290000.0,0.0,-58747000.0,-412000.0,15349000.0,15349000.0,15349000.0,-4950000.0,11254000.0,0.023,317622000.0,86491000.0,272377000.0,0.0,3.063,-5.353,-5.583,382245000.0,0.0,30.76,1.226,1.229,711193000.0,826922000.0,658494000.0,658494000.0,38769000.0,,,,,15400000.0,227232000.0,1.0,110972247.0,111216000,113189000.0,5.921,2276741000.0,317742000.0,9250000.0,493152000.0,20.471,376836000.0
34,ENDP,MRQ,2012-12-31,2012-12-31,2012-12-31,2021-08-06,-6802000.0,6568559000.0,,2213095000.0,4355464000.0,,9.51,-9345000.0,529689000.0,529689000.0,182024000.0,-703776000.0,1.264,5.066,3167187000.0,132156000.0,3035031000.0,3167187000.0,0.0,73744000.0,0.0,0.0,0.0,-698970000.0,-625226000.0,-1.061,-625226000.0,-698970000.0,-743418000.0,-6.19,-6.19,-6.19,1072856000.0,,1072856000.0,5930282827.0,-10.0,-19.23,427402000.0,3.789,1.0,407409000.0,0.691,3900858000.0,44448000.0,3554011000.0,,344935000.0,1746000.0,0.0,1746000.0,5435353000.0,1751188000.0,3684165000.0,2992734827.0,290999000.0,35000.0,-113861000.0,-28433000.0,0.0,-136774000.0,-9310000.0,0.0,436747000.0,336000.0,-716266000.0,-716266000.0,-716266000.0,-5987000.0,12490000.0,-1.215,1099876000.0,-692467000.0,412065000.0,0.0,2.79,-4.042,-4.098,359293000.0,0.0,26.23,1.063,1.078,650547000.0,811573000.0,589433000.0,589433000.0,36072000.0,,,,,14505000.0,165817000.0,1.0,114095441.0,112812000,112812000.0,5.225,2667701000.0,335427000.0,-27152000.0,496778000.0,23.647,461907000.0
35,ENDP,MRQ,2012-09-30,2012-09-30,2012-09-30,2021-08-06,-7504000.0,7020791000.0,,1712499000.0,5308292000.0,,16.102,-42633000.0,256917000.0,256917000.0,294267000.0,68185000.0,1.263,2.725,3194465000.0,124947000.0,3069518000.0,3194465000.0,0.0,72217000.0,0.0,0.0,0.0,127601000.0,199818000.0,0.266,199818000.0,127601000.0,82096000.0,0.46,0.45,0.46,1868200000.0,,1868200000.0,6605979157.0,32.0,13.639,78160000.0,0.674,1.0,456215000.0,0.608,4854475000.0,45505000.0,3748232000.0,,363747000.0,2631000.0,0.0,2631000.0,5090274000.0,1355632000.0,3734642000.0,3707819157.0,-135029000.0,-3653000.0,-93795000.0,-101360000.0,0.0,-208640000.0,-46986000.0,0.0,120793000.0,-196000.0,53809000.0,53809000.0,53809000.0,0.0,14376000.0,0.072,312449000.0,143766000.0,258960000.0,0.0,1.985,296.081,317.2,333119000.0,0.0,31.72,1.313,1.303,759594000.0,1527839000.0,750482000.0,750482000.0,48952000.0,,,,,11305000.0,210446000.0,1.0,116892155.0,116022000,119579000.0,6.468,2166316000.0,304086000.0,28287000.0,581975000.0,18.672,356867000.0
36,ENDP,MRQ,2012-06-30,2012-06-30,2012-06-30,2021-08-06,-11464000.0,7101875000.0,,1738448000.0,5363427000.0,,16.18,-17493000.0,391946000.0,391946000.0,294570000.0,22095000.0,1.378,2.72,3290106000.0,115966000.0,3174140000.0,3290106000.0,0.0,72606000.0,0.0,0.0,0.0,57226000.0,129832000.0,0.165,129832000.0,57226000.0,11241000.0,0.08,0.08,0.08,1892908000.0,,1892908000.0,6681445366.0,33.0,13.82,171908000.0,1.469,1.0,490618000.0,0.625,4918708000.0,45985000.0,3819317000.0,,327603000.0,1691000.0,0.0,1691000.0,5149255000.0,1262010000.0,3887245000.0,3630534366.0,143643000.0,443000.0,-20237000.0,-14477000.0,0.0,-48011000.0,1750000.0,18800000.0,189401000.0,503000.0,9465000.0,9465000.0,9465000.0,0.0,12630000.0,0.012,420762000.0,69856000.0,284484000.0,0.0,1.918,-5699.426,-3098.0,319543000.0,0.0,30.98,1.281,1.279,721850000.0,1474030000.0,785188000.0,785188000.0,45427000.0,,,,,18949000.0,233622000.0,1.0,117189618.0,116992000,121080000.0,6.711,2183167000.0,260843000.0,1776000.0,551128000.0,18.661,476438000.0
37,ENDP,MRQ,2012-03-31,2012-03-31,2012-03-31,2021-08-06,-7194000.0,6887210000.0,,1473410000.0,5413800000.0,,16.139,-28921000.0,248303000.0,248303000.0,364820000.0,-74525000.0,1.364,2.614,3299214000.0,102199000.0,3197015000.0,3299214000.0,0.0,66957000.0,0.0,0.0,0.0,-79775000.0,-12818000.0,-0.019,-12818000.0,-79775000.0,-126671000.0,-0.75,-0.75,-0.75,1889133000.0,,1889133000.0,7485096413.0,29.0,14.49,-41983000.0,-0.359,1.0,325813000.0,0.472,4976964000.0,46896000.0,3880554000.0,,288875000.0,18899000.0,0.0,18899000.0,4937325000.0,1080603000.0,3856722000.0,4520122413.0,-299317000.0,0.0,-22045000.0,-219629000.0,0.0,-252122000.0,-33921000.0,0.0,-13062000.0,-212000.0,-87345000.0,-87345000.0,-87345000.0,0.0,12820000.0,-0.126,387342000.0,-61529000.0,248583000.0,0.0,2.393,101.619,101.921,300052000.0,0.0,38.73,1.702,1.707,657135000.0,1464565000.0,690633000.0,690633000.0,88688000.0,,,,,14636000.0,254454000.0,1.0,116708557.0,117052000,117052000.0,5.9,1910246000.0,233507000.0,-39326000.0,573760000.0,16.32,392807000.0
38,ENDP,MRQ,2011-12-31,2011-12-31,2011-12-31,2021-08-06,-9436000.0,7292583000.0,,1788096000.0,5504487000.0,,16.905,-19295000.0,547620000.0,547620000.0,177653000.0,49913000.0,1.594,2.656,3512594000.0,88265000.0,3424329000.0,3512594000.0,0.0,68227000.0,0.0,0.0,0.0,99277000.0,167504000.0,0.28,167504000.0,99277000.0,48395000.0,0.31,0.31,0.31,1977690000.0,,1977690000.0,7254206649.0,16.0,10.588,264289000.0,2.259,1.0,420552000.0,0.703,5062165000.0,50882000.0,4073614000.0,,262419000.0,19105000.0,0.0,19105000.0,5252992000.0,1121778000.0,4131214000.0,4034359649.0,127949000.0,-24378000.0,7174000.0,-140309000.0,0.0,-149036000.0,-6904000.0,36769000.0,283584000.0,305000.0,36594000.0,36594000.0,36594000.0,-47707000.0,13319000.0,0.061,352292000.0,68260000.0,260385000.0,0.0,2.04,21.504,21.447,297731000.0,0.0,34.53,1.598,1.596,733222000.0,1551910000.0,598205000.0,598205000.0,52984000.0,,,,,11843000.0,202042000.0,1.0,116836364.0,116991000,120416000.0,5.113,2230418000.0,215103000.0,11801000.0,653049000.0,19.065,666318000.0
39,ENDP,MRQ,2011-09-30,2011-09-30,2011-09-30,2021-08-06,-7298000.0,7360843000.0,,1677104000.0,5683739000.0,,16.475,-15138000.0,419671000.0,419671000.0,302172000.0,56305000.0,1.688,2.792,3639518000.0,74334000.0,3565184000.0,3639518000.0,0.0,71448000.0,0.0,0.0,0.0,127498000.0,198946000.0,0.262,198946000.0,127498000.0,74706000.0,0.35,0.34,0.35,1924488000.0,,1924488000.0,6671597474.0,14.0,9.608,189080000.0,1.619,1.0,456906000.0,0.602,5262908000.0,52792000.0,4324146000.0,,282540000.0,61406000.0,41010000.0,20396000.0,5373278000.0,993636000.0,4379642000.0,3263293474.0,-202198000.0,-13059000.0,1451000.0,-396779000.0,0.0,-408115000.0,1406000.0,29603000.0,204218000.0,293000.0,40649000.0,40649000.0,40649000.0,0.0,15656000.0,0.054,313752000.0,143154000.0,243647000.0,0.0,1.696,13.374,13.329,273488000.0,0.0,27.99,1.339,1.341,721984000.0,1515316000.0,759078000.0,759078000.0,43884000.0,,,,,15503000.0,244359000.0,1.0,116587834.0,116816000,120847000.0,6.498,2097935000.0,182475000.0,34057000.0,742212000.0,17.959,683468000.0
40,ENDP,MRQ,2011-06-30,2011-06-30,2011-06-30,2021-08-06,-1543000.0,7642822000.0,,1893634000.0,5749188000.0,,16.048,-10763000.0,621869000.0,621869000.0,236697000.0,67552000.0,1.316,3.05,4030173000.0,601498000.0,3428675000.0,4030173000.0,0.0,49998000.0,0.0,0.0,0.0,112923000.0,162921000.0,0.268,162921000.0,112923000.0,87363000.0,0.47,0.44,0.47,1872156000.0,,1872156000.0,5188156990.0,11.0,8.327,72492000.0,0.621,1.0,370914000.0,0.61,5312597000.0,25560000.0,4299265000.0,,303658000.0,92208000.0,71003000.0,21205000.0,5709788000.0,1439264000.0,4270524000.0,4681673990.0,56707000.0,-2341738000.0,-9238000.0,2431425000.0,0.0,2328671000.0,-2355323000.0,-522000.0,83255000.0,104000.0,54583000.0,54583000.0,54583000.0,0.0,12969000.0,0.09,236474000.0,134440000.0,273962000.0,0.0,2.501,18.177,18.095,271833000.0,0.0,40.17,2.205,2.207,654056000.0,1474667000.0,607611000.0,607611000.0,40840000.0,,,,,11430000.0,178133000.0,1.0,116546527.0,116663000,122686000.0,5.208,2330225000.0,208857000.0,32780000.0,748215000.0,19.974,454370000.0
41,ENDP,MRQ,2011-03-31,2011-03-31,2011-03-31,2021-08-06,-1011000.0,4006095000.0,,1498174000.0,2507921000.0,,15.49,-12561000.0,565162000.0,565162000.0,231558000.0,68295000.0,1.901,1.189,1071645000.0,27525000.0,1044120000.0,1071645000.0,0.0,47741000.0,0.0,0.0,0.0,108023000.0,155764000.0,0.278,155764000.0,108023000.0,89233000.0,0.48,0.46,0.48,1802365000.0,,1802365000.0,5080243830.0,12.0,8.829,118497000.0,1.018,1.0,328468000.0,0.587,2205499000.0,18790000.0,1518987000.0,,205296000.0,23701000.0,0.0,23701000.0,2142372000.0,788092000.0,1354280000.0,4475663830.0,98948000.0,-1232000.0,-5135000.0,-4197000.0,0.0,-18839000.0,-13271000.0,522000.0,131058000.0,0.0,55787000.0,55787000.0,55787000.0,0.0,12508000.0,0.1,207937000.0,120531000.0,265516000.0,0.0,2.483,17.59,17.425,213452000.0,0.0,38.16,2.341,2.322,549281000.0,1420084000.0,560026000.0,560026000.0,42130000.0,,,,,7471000.0,159386000.0,1.0,117286788.0,116354000,120761000.0,4.813,1800596000.0,148890000.0,33446000.0,224616000.0,15.475,710082000.0
42,ENDP,MRQ,2010-12-31,2010-12-31,2010-12-31,2021-08-06,-1161000.0,3912389000.0,,1359534000.0,2552855000.0,,15.042,-8217000.0,466214000.0,466214000.0,169548000.0,105733000.0,1.848,1.211,1070794000.0,24993000.0,1045801000.0,1070794000.0,0.0,38545000.0,0.0,0.0,0.0,138228000.0,176773000.0,0.346,176773000.0,138228000.0,124394000.0,0.8,0.78,0.8,1741591000.0,,1741591000.0,3695940577.0,8.0,6.748,162445000.0,1.403,1.0,341642000.0,0.668,2246765000.0,13834000.0,1534376000.0,,178805000.0,23509000.0,0.0,23509000.0,2109060000.0,735828000.0,1373232000.0,4127733577.0,-307861000.0,-771691000.0,12155000.0,318697000.0,0.0,302352000.0,-780875000.0,-567000.0,170662000.0,0.0,92985000.0,92985000.0,92985000.0,0.0,12748000.0,0.182,190666000.0,150976000.0,241114000.0,0.0,2.37,15.937,16.013,215295000.0,0.0,35.71,2.405,2.417,547807000.0,1364297000.0,511190000.0,511190000.0,39256000.0,,,,,6210000.0,143203000.0,1.0,115590411.0,115780000,120516000.0,4.415,1665624000.0,143867000.0,31409000.0,217334000.0,14.386,623706000.0
43,ENDP,MRQ,2010-09-30,2010-09-30,2010-09-30,2021-08-06,-1943000.0,2763754000.0,,1410697000.0,1353057000.0,,14.103,-5152000.0,774075000.0,774075000.0,133920000.0,69472000.0,2.344,0.66,342282000.0,64563000.0,277719000.0,342282000.0,0.0,26904000.0,0.0,0.0,0.0,100725000.0,127629000.0,0.287,127629000.0,100725000.0,87746000.0,0.47,0.46,0.47,1628506000.0,,1628506000.0,3175588980.0,7.0,5.672,101476000.0,0.879,1.0,310183000.0,0.698,1212451000.0,12979000.0,517740000.0,,94792000.0,22432000.0,250000.0,22182000.0,1074559000.0,601770000.0,472789000.0,3836389980.0,-218196000.0,-333349000.0,-2634000.0,-38883000.0,0.0,-54591000.0,-270233000.0,68268000.0,106628000.0,0.0,54206000.0,54206000.0,54206000.0,0.0,15266000.0,0.122,194192000.0,115991000.0,157781000.0,0.0,2.356,12.223,12.403,74985000.0,0.0,33.24,2.403,2.404,419120000.0,1271313000.0,444103000.0,444103000.0,31445000.0,,,,,6418000.0,137816000.0,1.0,115414861.0,115469000,116597000.0,3.846,1551303000.0,103416000.0,33540000.0,27374000.0,13.435,808927000.0
44,ENDP,MRQ,2010-06-30,2010-06-30,2010-06-30,2021-08-06,-1979000.0,2596197000.0,,1628392000.0,967805000.0,,13.54,-3001000.0,992271000.0,992271000.0,107216000.0,51460000.0,3.305,0.652,331470000.0,0.0,331470000.0,331470000.0,0.0,21434000.0,0.0,0.0,0.0,93806000.0,115240000.0,0.291,115240000.0,93806000.0,83822000.0,0.44,0.44,0.44,1571467000.0,,1571467000.0,2043879400.0,4.0,3.76,63950000.0,0.551,1.0,289308000.0,0.73,864872000.0,9984000.0,577797000.0,,85280000.0,22010000.0,0.0,22010000.0,1024730000.0,492727000.0,532003000.0,2536929400.0,172299000.0,0.0,-20134000.0,-77000.0,0.0,-20127000.0,125475000.0,128476000.0,66951000.0,0.0,51460000.0,51460000.0,51460000.0,0.0,0.0,0.13,195502000.0,93806000.0,178751000.0,0.0,1.614,8.208,8.297,44962000.0,0.0,21.82,1.676,1.673,354361000.0,1217106000.0,396524000.0,396524000.0,44656000.0,,,,,6655000.0,133251000.0,1.0,116266242.0,116060000,116660000.0,3.417,1731325000.0,107778000.0,32362000.0,50467000.0,14.917,1135665000.0
45,ENDP,MRQ,2010-03-31,2010-03-31,2010-03-31,2021-08-06,-1413000.0,2539651000.0,,1370292000.0,1169359000.0,,13.076,-3165000.0,819972000.0,819972000.0,94073000.0,60355000.0,2.889,0.655,326922000.0,0.0,326922000.0,326922000.0,0.0,21521000.0,0.0,0.0,0.0,106526000.0,128047000.0,0.351,128047000.0,106526000.0,96722000.0,0.51,0.51,0.51,1534377000.0,,1534377000.0,2391081008.0,6.0,4.647,106240000.0,0.905,1.0,270339000.0,0.742,895158000.0,9804000.0,677082000.0,,87050000.0,220783000.0,28749000.0,192034000.0,1005274000.0,474361000.0,530913000.0,2778524008.0,111510000.0,0.0,-27478000.0,-95000.0,0.0,-27205000.0,29310000.0,32475000.0,109405000.0,0.0,60355000.0,60355000.0,60355000.0,0.0,0.0,0.166,163813000.0,106526000.0,171030000.0,0.0,1.811,9.659,9.669,46243000.0,0.0,23.69,1.865,1.866,324324000.0,1165646000.0,364412000.0,364412000.0,29168000.0,,,,,3846000.0,133335000.0,1.0,117286788.0,117347000,118031000.0,3.105,1644493000.0,92137000.0,36367000.0,69607000.0,14.014,895931000.0
46,ENDP,MRQ,2009-12-31,2009-12-31,2009-12-31,2021-08-06,-1881000.0,2488803000.0,,1280581000.0,1208222000.0,,12.77,-4600000.0,709977000.0,709977000.0,99673000.0,147848000.0,2.712,0.662,322534000.0,0.0,322534000.0,322534000.0,0.0,23899000.0,0.0,0.0,0.0,165053000.0,188952000.0,0.483,188952000.0,165053000.0,155548000.0,1.26,1.26,1.26,1497411000.0,,1497411000.0,2090627502.0,5.0,4.376,71791000.0,0.612,1.0,291733000.0,0.745,912443000.0,9505000.0,716737000.0,,84893000.0,252726000.0,40934000.0,211792000.0,991392000.0,472180000.0,519212000.0,2406159502.0,251709000.0,175000000.0,606000.0,-68000.0,0.0,-4622000.0,179940000.0,14025000.0,76391000.0,0.0,147848000.0,147848000.0,147848000.0,0.0,0.0,0.378,126680000.0,165053000.0,176076000.0,0.0,1.607,9.034,9.04,47529000.0,0.0,20.52,1.647,1.645,323501000.0,1105291000.0,391406000.0,391406000.0,48705000.0,,,,,5029000.0,145003000.0,1.0,117259235.0,117262000,117857000.0,3.338,1576360000.0,104195000.0,7700000.0,58678000.0,13.443,808401000.0
47,ENDP,MRQ,2009-09-30,2009-09-30,2009-09-30,2021-08-06,-1889000.0,2500268000.0,,1178915000.0,1321353000.0,,11.468,-1803000.0,633710000.0,633710000.0,97307000.0,49422000.0,1.935,0.86,318178000.0,0.0,318178000.0,318178000.0,0.0,21835000.0,0.0,0.0,0.0,89533000.0,111368000.0,0.308,111368000.0,89533000.0,79329000.0,0.42,0.42,0.42,1344117000.0,,1344117000.0,2413203509.0,7.0,5.84,76640000.0,0.654,1.0,263720000.0,0.73,997880000.0,10204000.0,577454000.0,,97133000.0,265450000.0,20080000.0,245370000.0,1156151000.0,609402000.0,546749000.0,2651768509.0,-38236000.0,-813000.0,895000.0,-116923000.0,0.0,-115988000.0,-691000.0,1925000.0,78443000.0,0.0,49422000.0,49422000.0,49422000.0,0.0,0.0,0.137,178212000.0,85508000.0,172279000.0,0.0,1.973,13.871,13.969,46341000.0,0.0,22.63,1.872,1.872,307375000.0,957443000.0,361027000.0,361027000.0,59690000.0,,,,,6845000.0,139922000.0,1.0,117179342.0,117207000,117643000.0,3.08,1502388000.0,107148000.0,29907000.0,91863000.0,12.818,569513000.0
48,ENDP,MRQ,2009-06-30,2009-06-30,2009-06-30,2021-08-06,-2264000.0,2591525000.0,,1228026000.0,1363499000.0,,10.99,-1603000.0,673495000.0,673495000.0,95069000.0,30029000.0,1.777,1.013,434930000.0,68380000.0,366550000.0,434930000.0,0.0,19732000.0,0.0,0.0,0.0,66431000.0,86163000.0,0.231,86163000.0,66431000.0,56015000.0,0.26,0.26,0.26,1287591000.0,,1287591000.0,1958621764.0,5.0,4.645,103938000.0,0.887,1.0,278039000.0,0.745,1043501000.0,10416000.0,618402000.0,,98926000.0,267078000.0,25658000.0,241420000.0,1303934000.0,691057000.0,612877000.0,2099423764.0,100832000.0,0.0,159000.0,-3674000.0,0.0,-3506000.0,-1203000.0,400000.0,105541000.0,0.0,30029000.0,30029000.0,30029000.0,0.0,0.0,0.08,211608000.0,66431000.0,151956000.0,0.0,1.631,10.106,10.24,48520000.0,0.0,17.92,1.53,1.53,310754000.0,908021000.0,373108000.0,373108000.0,48508000.0,,,,,5969000.0,129592000.0,1.0,117155344.0,117158000,117350000.0,3.185,1548024000.0,101599000.0,25986000.0,121236000.0,13.213,536969000.0
49,ENDP,MRQ,2009-03-31,2009-03-31,2009-03-31,2021-08-06,-2847000.0,2560903000.0,,1152758000.0,1408145000.0,,10.713,-4409000.0,574962000.0,574962000.0,83009000.0,39037000.0,1.664,1.046,434160000.0,71749000.0,362411000.0,434160000.0,0.0,14915000.0,0.0,0.0,0.0,76361000.0,91276000.0,0.272,91276000.0,76361000.0,68768000.0,0.33,0.33,0.33,1251531000.0,,1251531000.0,1659371682.0,4.0,3.848,30622000.0,0.262,1.0,252291000.0,0.752,1063997000.0,7593000.0,663371000.0,,94708000.0,264677000.0,0.0,264677000.0,1309372000.0,692733000.0,616639000.0,2063369682.0,-381536000.0,-424546000.0,6377000.0,-55000.0,0.0,6988000.0,-423555000.0,5400000.0,35031000.0,0.0,39037000.0,39037000.0,39037000.0,0.0,0.0,0.116,175930000.0,76361000.0,149652000.0,0.0,1.649,8.786,9.067,50006000.0,0.0,17.68,1.58,1.582,361709000.0,877992000.0,335300000.0,335300000.0,28414000.0,,,,,2001000.0,120006000.0,1.0,116706430.0,116822000,117209000.0,2.87,1496906000.0,102779000.0,29731000.0,157668000.0,12.814,460025000.0
50,ENDP,MRQ,2008-12-31,2008-12-31,2008-12-31,2021-08-06,-1656000.0,1908733000.0,,1183694000.0,725039000.0,,10.362,-954000.0,775693000.0,775693000.0,76681000.0,72686000.0,3.063,0.581,243150000.0,0.0,243150000.0,243150000.0,0.0,14078000.0,0.0,0.0,0.0,110342000.0,124420000.0,0.358,124420000.0,110342000.0,108157000.0,0.61,0.61,0.61,1207111000.0,,1207111000.0,3212538922.0,8.0,7.434,126564000.0,1.086,1.0,270655000.0,0.779,386134000.0,2185000.0,603583000.0,,80656000.0,273025000.0,6500000.0,266525000.0,701622000.0,386473000.0,315149000.0,3474139922.0,142734000.0,0.0,-10096000.0,-832000.0,0.0,-11105000.0,26321000.0,27275000.0,127518000.0,0.0,72686000.0,72686000.0,72686000.0,0.0,0.0,0.209,160313000.0,110342000.0,160468000.0,0.0,2.878,13.606,12.502,44378000.0,0.0,25.88,2.756,2.53,246326000.0,838955000.0,347336000.0,347336000.0,27967000.0,,,,,3406000.0,130288000.0,1.0,134240337.0,116498000,116844000.0,2.981,1522599000.0,50004000.0,35471000.0,1270000.0,13.07,797221000.0
51,ENDP,MRQ,2008-09-30,2008-09-30,2008-09-30,2021-08-06,-25278000.0,1853971000.0,,1090321000.0,763650000.0,,8.673,-3089000.0,632959000.0,632959000.0,71027000.0,65994000.0,2.787,0.79,371358000.0,0.0,371358000.0,371358000.0,0.0,12440000.0,0.0,0.0,0.0,107318000.0,119758000.0,0.378,119758000.0,107318000.0,105917000.0,0.55,0.55,0.55,1035869000.0,,1035869000.0,2211373080.0,7.0,6.225,106317000.0,0.89,1.0,245741000.0,0.776,396817000.0,1401000.0,804380000.0,,91628000.0,281268000.0,26511000.0,254757000.0,818102000.0,391173000.0,426929000.0,2405770080.0,67782000.0,0.0,-38008000.0,-78000.0,0.0,-38069000.0,-3555000.0,-466000.0,109406000.0,0.0,65994000.0,65994000.0,65994000.0,0.0,0.0,0.208,138423000.0,107318000.0,135799000.0,0.0,2.322,10.314,10.929,43169000.0,0.0,20.0,1.976,1.962,253087000.0,770418000.0,316768000.0,316768000.0,22165000.0,,,,,4755000.0,116249000.0,1.0,120288504.0,119439000,119954000.0,2.652,1457154000.0,110869000.0,39923000.0,29318000.0,12.2,699148000.0
52,ENDP,MRQ,2008-06-30,2008-06-30,2008-06-30,2021-08-06,-26925000.0,1771479000.0,,1001194000.0,770285000.0,,8.128,-6096000.0,565177000.0,565177000.0,62993000.0,57128000.0,2.879,0.772,370780000.0,0.0,370780000.0,370780000.0,0.0,12623000.0,0.0,0.0,0.0,83190000.0,95813000.0,0.313,95813000.0,83190000.0,83618000.0,0.46,0.46,0.46,999564000.0,,999564000.0,2395227584.0,8.0,7.243,37154000.0,0.302,1.0,243168000.0,0.794,405891000.0,-428000.0,823419000.0,,89406000.0,297989000.0,34636000.0,263353000.0,771915000.0,347772000.0,424143000.0,2945767584.0,14637000.0,0.0,-324199000.0,371420000.0,0.0,-60269000.0,31656000.0,37752000.0,43250000.0,0.0,57128000.0,57128000.0,57128000.0,0.0,0.0,0.187,159978000.0,83190000.0,150264000.0,0.0,2.947,13.011,14.064,46411000.0,0.0,24.19,2.517,2.542,234153000.0,702172000.0,306161000.0,306161000.0,26497000.0,,,,,4561000.0,126524000.0,1.0,121776254.0,122985000,123531000.0,2.489,1365588000.0,106409000.0,26490000.0,3919000.0,11.104,653422000.0
53,ENDP,MRQ,2008-03-31,2008-03-31,2008-03-31,2021-08-06,-12029000.0,1778823000.0,,985925000.0,792898000.0,,9.999,-7262000.0,550540000.0,550540000.0,56534000.0,59528000.0,2.603,0.326,0.0,0.0,0.0,0.0,0.0,7304000.0,0.0,0.0,0.0,84871000.0,92175000.0,0.318,92175000.0,84871000.0,94136000.0,0.44,0.44,0.44,1341304000.0,,1341304000.0,2861106132.0,9.0,8.579,68191000.0,0.508,1.0,233737000.0,0.805,423174000.0,-9265000.0,426324000.0,,82210000.0,351602000.0,40205000.0,311397000.0,437519000.0,378785000.0,58734000.0,3211431132.0,200215000.0,-15000000.0,93000.0,-395000.0,0.0,-623000.0,125385000.0,232647000.0,75453000.0,0.0,59528000.0,59528000.0,59528000.0,0.0,0.0,0.205,148866000.0,84871000.0,151328000.0,0.0,2.394,13.974,14.0,46879000.0,0.0,23.94,2.864,2.864,231263000.0,643147000.0,290271000.0,290271000.0,33582000.0,,,,,4397000.0,115002000.0,1.0,134144993.0,134141000,134652000.0,2.164,1355649000.0,65391000.0,34608000.0,38300000.0,10.106,607140000.0
54,ENDP,MRQ,2007-12-31,2007-12-31,2007-12-31,2021-08-06,3025000.0,1702638000.0,,1065447000.0,637191000.0,,9.636,-4065000.0,350325000.0,350325000.0,62045000.0,50598000.0,2.684,0.318,0.0,0.0,0.0,0.0,0.0,4409000.0,0.0,0.0,0.0,43099000.0,47508000.0,0.156,47508000.0,43099000.0,78615000.0,0.38,0.38,0.38,1292290000.0,,1292290000.0,3301886987.0,10.0,9.85,74246000.0,0.554,1.0,242537000.0,0.796,252028000.0,-35516000.0,703327000.0,,69228000.0,642696000.0,313386000.0,329310000.0,410348000.0,396958000.0,13390000.0,3576770987.0,75441000.0,0.0,634000.0,-352000.0,0.0,-18966000.0,16096000.0,21257000.0,78311000.0,0.0,50598000.0,50598000.0,50598000.0,0.0,0.0,0.166,174333000.0,68204000.0,178869000.0,0.0,2.768,15.726,15.688,44920000.0,0.0,26.67,3.295,3.29,249784000.0,583619000.0,304582000.0,304582000.0,54592000.0,,,,,2988000.0,119450000.0,1.0,134112148.0,134107000,134627000.0,2.271,1450610000.0,60396000.0,28017000.0,17140000.0,10.817,668489000.0
55,ENDP,MRQ,2007-09-30,2007-09-30,2007-09-30,2021-08-06,2103000.0,1603972000.0,,1236275000.0,367697000.0,,9.238,-7163000.0,274884000.0,274884000.0,51009000.0,59147000.0,3.553,0.297,0.0,0.0,0.0,0.0,0.0,5068000.0,0.0,0.0,0.0,90114000.0,95182000.0,0.353,95182000.0,90114000.0,90071000.0,0.44,0.44,0.44,1237150000.0,,1237150000.0,3710547974.0,12.0,11.304,79165000.0,0.591,1.0,218461000.0,0.811,254469000.0,43000.0,726683000.0,,74509000.0,658016000.0,608000000.0,50016000.0,366822000.0,347936000.0,18886000.0,4156376974.0,-170945000.0,0.0,1838000.0,-268000.0,0.0,2418000.0,-259691000.0,-252528000.0,86328000.0,0.0,59147000.0,59147000.0,59147000.0,0.0,0.0,0.219,138123000.0,80338000.0,183774000.0,0.0,3.36,21.691,21.685,44783000.0,0.0,31.01,3.995,3.991,214252000.0,533021000.0,269470000.0,269470000.0,28290000.0,,,,,3707000.0,109833000.0,1.0,134033440.0,133915000,134611000.0,2.012,1349503000.0,50950000.0,30924000.0,12260000.0,10.077,888339000.0
56,ENDP,MRQ,2007-06-30,2007-06-30,2007-06-30,2021-08-06,559000.0,1527597000.0,,1167356000.0,360241000.0,,8.744,-4430000.0,445829000.0,445829000.0,54690000.0,60546000.0,3.422,0.306,0.0,0.0,0.0,0.0,0.0,4015000.0,0.0,0.0,0.0,94636000.0,98651000.0,0.384,98651000.0,94636000.0,94636000.0,0.45,0.45,0.45,1170100000.0,,1170100000.0,3848205489.0,13.0,12.401,68212000.0,0.51,1.0,202457000.0,0.787,256021000.0,0.0,484610000.0,,72904000.0,411083000.0,360925000.0,50158000.0,357497000.0,341137000.0,16360000.0,4579062489.0,-285028000.0,0.0,4106000.0,-55000.0,0.0,6276000.0,-363946000.0,-360612000.0,72642000.0,0.0,60546000.0,60546000.0,60546000.0,0.0,0.0,0.235,116085000.0,86372000.0,160410000.0,0.0,3.913,25.818,25.737,43304000.0,0.0,34.23,4.634,4.636,222118000.0,473874000.0,257147000.0,257147000.0,27620000.0,,,,,4165000.0,88465000.0,1.0,133773371.0,133820000,134504000.0,1.922,1271576000.0,54552000.0,34090000.0,21621000.0,9.502,826219000.0
57,ENDP,MRQ,2007-03-31,2007-03-31,2007-03-31,2021-08-06,852000.0,1421806000.0,,1062121000.0,359685000.0,,8.231,-4187000.0,730857000.0,730857000.0,49625000.0,57149000.0,3.452,0.293,0.0,0.0,0.0,0.0,0.0,3913000.0,0.0,0.0,0.0,89928000.0,93841000.0,0.369,93841000.0,89928000.0,89928000.0,0.43,0.43,0.43,1099965000.0,,1099965000.0,3299966239.0,11.0,10.614,124274000.0,0.93,1.0,204784000.0,0.805,257573000.0,0.0,125720000.0,,67434000.0,50239000.0,0.0,50239000.0,321841000.0,307656000.0,14185000.0,3928051239.0,102772000.0,0.0,1153000.0,-443000.0,0.0,-18702000.0,-6987000.0,-2800000.0,128461000.0,0.0,57149000.0,57149000.0,57149000.0,0.0,0.0,0.225,121874000.0,82910000.0,155629000.0,0.0,3.571,22.517,22.443,39189000.0,0.0,29.4,4.096,4.097,201406000.0,413328000.0,254409000.0,254409000.0,27753000.0,,,,,3068000.0,94121000.0,1.0,133607185.0,133629000,134277000.0,1.904,1164233000.0,50913000.0,32779000.0,9059000.0,8.712,754465000.0
58,ENDP,MRQ,2006-12-31,2006-12-31,2006-12-31,2021-08-06,1117000.0,1396689000.0,,1036014000.0,360675000.0,,7.797,-4288000.0,628085000.0,628085000.0,65338000.0,14774000.0,3.064,0.342,0.0,0.0,0.0,0.0,0.0,4554000.0,0.0,0.0,0.0,36016000.0,40570000.0,0.156,40570000.0,36016000.0,34632000.0,0.11,0.11,0.11,1040988000.0,,1040988000.0,3007506184.0,13.0,11.905,65503000.0,0.491,1.0,194133000.0,0.748,259125000.0,1384000.0,171380000.0,,62129000.0,59682000.0,0.0,59682000.0,355701000.0,338099000.0,17602000.0,3682156184.0,-46565000.0,-20473000.0,2139000.0,-511000.0,0.0,-91595000.0,-24761000.0,0.0,69791000.0,0.0,14774000.0,14774000.0,14774000.0,0.0,0.0,0.057,165634000.0,28499000.0,161340000.0,0.0,3.537,26.713,26.777,36565000.0,0.0,27.58,4.048,4.038,279159000.0,358831000.0,259471000.0,259471000.0,27247000.0,,,,,22942000.0,94022000.0,1.0,133508201.0,133511000,133761000.0,1.943,1137564000.0,56723000.0,19858000.0,12231000.0,8.52,697915000.0
59,ENDP,MRQ,2006-09-30,2006-09-30,2006-09-30,2021-08-06,796000.0,1463100000.0,,1073061000.0,390039000.0,,7.704,-3659000.0,674650000.0,674650000.0,44406000.0,44891000.0,2.583,0.425,0.0,0.0,0.0,0.0,0.0,4636000.0,0.0,0.0,0.0,72628000.0,77264000.0,0.356,77264000.0,72628000.0,72628000.0,0.34,0.33,0.34,1026742000.0,,1026742000.0,3724167576.0,12.0,11.23,70776000.0,0.531,1.0,172719000.0,0.795,292683000.0,0.0,80354000.0,,68354000.0,51874000.0,0.0,51874000.0,436358000.0,415413000.0,20945000.0,4336871576.0,61946000.0,0.0,3375000.0,-562000.0,0.0,5070000.0,-17559000.0,0.0,74435000.0,0.0,44891000.0,44891000.0,44891000.0,0.0,0.0,0.207,106942000.0,65777000.0,241466000.0,0.0,4.224,22.133,22.143,35617000.0,0.0,32.55,4.868,4.869,259924000.0,344057000.0,217125000.0,217125000.0,14456000.0,,,,,3801000.0,87850000.0,1.0,133237222.0,133270000,134147000.0,1.629,1170417000.0,61244000.0,27737000.0,34629000.0,8.782,657648000.0
60,ENDP,MRQ,2006-06-30,2006-06-30,2006-06-30,2021-08-06,578000.0,1395266000.0,,1005467000.0,389799000.0,,7.309,-1247000.0,612704000.0,612704000.0,50408000.0,57636000.0,2.492,0.435,0.0,0.0,0.0,0.0,0.0,4346000.0,0.0,0.0,0.0,94888000.0,99234000.0,0.435,99234000.0,94888000.0,94888000.0,0.43,0.43,0.43,972421000.0,,972421000.0,3804442514.0,11.0,10.397,34606000.0,0.26,1.0,177612000.0,0.779,294977000.0,0.0,84093000.0,,61798000.0,50882000.0,0.0,50882000.0,422845000.0,403492000.0,19353000.0,4388345514.0,28801000.0,0.0,1301000.0,-600000.0,0.0,2195000.0,-9247000.0,0.0,35853000.0,0.0,57636000.0,57636000.0,57636000.0,0.0,0.0,0.253,88382000.0,89230000.0,213260000.0,0.0,4.513,20.166,20.233,34681000.0,0.0,32.98,4.775,4.774,259656000.0,299166000.0,228020000.0,228020000.0,19772000.0,,,,,3213000.0,64264000.0,1.0,133060810.0,133051000,133936000.0,1.714,1100289000.0,63507000.0,37252000.0,28612000.0,8.27,601975000.0
61,ENDP,MRQ,2006-03-31,2006-03-31,2006-03-31,2021-08-06,2936000.0,1342983000.0,,954774000.0,388209000.0,,6.858,-3882000.0,583903000.0,583903000.0,48737000.0,20538000.0,2.312,0.474,0.0,0.0,0.0,0.0,0.0,3962000.0,0.0,0.0,0.0,31586000.0,35548000.0,0.173,35548000.0,31586000.0,31586000.0,0.15,0.15,0.15,911326000.0,,911326000.0,3860246974.0,12.0,11.042,161373000.0,1.214,1.0,156306000.0,0.762,289244000.0,0.0,56809000.0,,54714000.0,49900000.0,0.0,49900000.0,431657000.0,413027000.0,18630000.0,4361202974.0,82947000.0,0.0,1628000.0,-694000.0,0.0,-67426000.0,-14882000.0,0.0,165255000.0,0.0,20538000.0,20538000.0,20538000.0,0.0,0.0,0.1,129283000.0,27023000.0,235365000.0,0.0,4.786,20.865,20.898,35967000.0,0.0,32.81,4.914,4.913,220868000.0,241530000.0,205043000.0,205043000.0,25154000.0,,,,,2323000.0,100167000.0,1.0,132922980.0,132877000,133790000.0,1.543,1053739000.0,84389000.0,11048000.0,15185000.0,7.93,541747000.0
62,ENDP,MRQ,2005-12-31,2005-12-31,2005-12-31,2021-08-06,1714000.0,1371678000.0,,993385000.0,378293000.0,,6.353,-2073000.0,500956000.0,500956000.0,59054000.0,72881000.0,1.95,0.626,0.0,0.0,0.0,0.0,0.0,4059000.0,0.0,0.0,0.0,115511000.0,119570000.0,0.497,119570000.0,115511000.0,115511000.0,0.55,0.55,0.55,843370000.0,,843370000.0,3605501127.0,11.0,10.612,111412000.0,0.839,1.0,181735000.0,0.755,280144000.0,0.0,81065000.0,,50983000.0,48925000.0,0.0,48925000.0,528308000.0,509513000.0,18795000.0,4015988127.0,90469000.0,0.0,1109000.0,-699000.0,0.0,-20943000.0,-2073000.0,0.0,113485000.0,0.0,72881000.0,72881000.0,72881000.0,0.0,0.0,0.303,70562000.0,111173000.0,295237000.0,0.0,4.762,19.852,19.778,38001000.0,0.0,30.26,4.897,4.879,290826000.0,220992000.0,240789000.0,240789000.0,21015000.0,,,,,198626000.0,60985000.0,1.0,132716065.0,132743000,133790000.0,1.814,1091534000.0,136175000.0,42630000.0,14637000.0,8.223,483872000.0
63,ENDP,MRQ,2005-09-30,2005-09-30,2005-09-30,2021-08-06,3400000.0,1213106000.0,,834374000.0,378732000.0,,6.017,-1118000.0,410487000.0,410487000.0,61399000.0,66553000.0,2.131,0.523,0.0,0.0,0.0,0.0,0.0,4144000.0,0.0,0.0,0.0,107415000.0,111559000.0,0.455,111559000.0,107415000.0,107415000.0,0.5,0.5,0.5,796543000.0,,796543000.0,3249590046.0,13.0,11.997,144811000.0,1.094,1.0,183842000.0,0.75,281953000.0,0.0,129167000.0,,62920000.0,47960000.0,0.0,47960000.0,416563000.0,391499000.0,25064000.0,3525926046.0,134151000.0,0.0,6229000.0,-689000.0,0.0,5540000.0,-17318000.0,-1700000.0,145929000.0,0.0,66553000.0,66553000.0,66553000.0,0.0,0.0,0.271,79116000.0,104726000.0,103091000.0,0.0,4.427,22.228,22.412,34322000.0,0.0,26.67,4.786,4.792,258547000.0,148111000.0,245241000.0,245241000.0,22382000.0,,,,,5299000.0,47075000.0,1.0,132205701.0,132376000,133532000.0,1.853,931153000.0,92677000.0,40862000.0,117177000.0,7.034,442875000.0
64,ENDP,MRQ,2005-06-30,2005-06-30,2005-06-30,2021-08-06,1733000.0,1053082000.0,,672987000.0,380095000.0,,5.482,-1498000.0,276336000.0,276336000.0,42258000.0,49046000.0,2.311,0.455,0.0,0.0,0.0,0.0,0.0,3698000.0,0.0,0.0,0.0,79228000.0,82926000.0,0.422,82926000.0,79228000.0,79228000.0,0.37,0.37,0.37,723523000.0,,723523000.0,3162425034.0,15.0,13.809,-8409000.0,-0.064,1.0,154122000.0,0.785,289425000.0,0.0,196096000.0,,70742000.0,46940000.0,0.0,46940000.0,329559000.0,291225000.0,38334000.0,3467138034.0,-28377000.0,0.0,2031000.0,-577000.0,0.0,-19968000.0,-1498000.0,0.0,-6911000.0,0.0,49046000.0,49046000.0,49046000.0,0.0,0.0,0.25,77003000.0,77119000.0,87577000.0,0.0,4.792,25.981,26.28,33437000.0,0.0,26.28,5.32,5.321,230131000.0,81558000.0,196380000.0,196380000.0,17458000.0,,,,,1981000.0,55847000.0,1.0,131930671.0,131973000,132929000.0,1.488,763657000.0,85925000.0,30182000.0,67168000.0,5.786,381762000.0
65,ENDP,MRQ,2005-03-31,2005-03-31,2005-03-31,2021-08-06,360000.0,953448000.0,,572819000.0,380629000.0,,5.088,-5795000.0,304713000.0,304713000.0,29585000.0,13815000.0,2.156,0.421,0.0,0.0,0.0,0.0,0.0,3596000.0,0.0,0.0,0.0,22090000.0,25686000.0,0.186,25686000.0,22090000.0,22090000.0,0.1,0.1,0.1,670900000.0,,670900000.0,2695709343.0,14.0,13.539,26346000.0,0.2,1.0,108169000.0,0.785,291381000.0,0.0,91698000.0,,65839000.0,45991000.0,0.0,45991000.0,282548000.0,265656000.0,16892000.0,2973743343.0,26679000.0,0.0,820000.0,-487000.0,0.0,333000.0,-5795000.0,0.0,32141000.0,0.0,13815000.0,13815000.0,13815000.0,0.0,0.0,0.1,87938000.0,20231000.0,83431000.0,0.0,4.432,25.647,25.92,31199000.0,0.0,22.55,4.961,4.961,128549000.0,32512000.0,137754000.0,137754000.0,30982000.0,,,,,322000.0,53360000.0,1.0,131873319.0,131871000,132829000.0,1.045,662067000.0,65870000.0,8275000.0,44874000.0,5.021,307163000.0
66,ENDP,MRQ,2004-12-31,2004-12-31,2004-12-31,2021-08-06,19000.0,947491000.0,,567577000.0,379914000.0,,4.975,-2386000.0,278034000.0,278034000.0,40998000.0,29210000.0,2.077,0.444,0.0,0.0,0.0,0.0,0.0,3556000.0,0.0,0.0,0.0,47132000.0,50688000.0,0.322,50688000.0,47132000.0,47132000.0,0.22,0.22,0.22,655950000.0,,655950000.0,2585166397.0,11.0,10.695,97563000.0,0.74,1.0,116296000.0,0.739,298337000.0,0.0,97872000.0,,71415000.0,45047000.0,0.0,45047000.0,291541000.0,273248000.0,18293000.0,2770146397.0,93054000.0,0.0,398000.0,-456000.0,0.0,-5259000.0,-1636000.0,0.0,99949000.0,0.0,29210000.0,29210000.0,29210000.0,0.0,0.0,0.186,70529000.0,45767000.0,126198000.0,0.0,4.223,19.33,19.275,28875000.0,0.0,21.01,4.504,4.502,139039000.0,18697000.0,157294000.0,157294000.0,12974000.0,,,,,19902000.0,53999000.0,1.0,131848948.0,131844000,132808000.0,1.193,649154000.0,67222000.0,17922000.0,3500000.0,4.924,294329000.0
67,ENDP,MRQ,2004-09-30,2004-09-30,2004-09-30,2021-08-06,-1762000.0,905301000.0,,518990000.0,386311000.0,,4.886,-3020000.0,184980000.0,184980000.0,38203000.0,41377000.0,2.22,0.406,0.0,0.0,0.0,0.0,0.0,2985000.0,0.0,0.0,0.0,66726000.0,69711000.0,0.435,69711000.0,66726000.0,66726000.0,0.31,0.31,0.31,644024000.0,,644024000.0,2188157640.0,17.0,15.839,52428000.0,0.398,1.0,122146000.0,0.762,301869000.0,0.0,184722000.0,,91926000.0,43903000.0,0.0,43903000.0,261277000.0,233730000.0,27547000.0,2419844640.0,-46707000.0,-50000000.0,143000.0,-430000.0,0.0,-8635000.0,-93520000.0,-500000.0,55448000.0,0.0,41377000.0,41377000.0,41377000.0,0.0,0.0,0.258,55998000.0,66148000.0,62052000.0,0.0,3.757,29.354,30.6,23959000.0,0.0,18.36,4.035,4.035,156802000.0,-10513000.0,160349000.0,160349000.0,9501000.0,,,,,22351000.0,43512000.0,1.0,131799817.0,131804000,132460000.0,1.217,603432000.0,85919000.0,25349000.0,5999000.0,4.578,285260000.0
68,ENDP,MRQ,2004-06-30,2004-06-30,2004-06-30,2021-08-06,189000.0,840171000.0,,557537000.0,282634000.0,,4.867,-233000.0,231687000.0,231687000.0,28915000.0,31548000.0,2.825,0.31,0.0,0.0,0.0,0.0,0.0,2262000.0,0.0,0.0,0.0,50757000.0,53019000.0,0.368,53019000.0,50757000.0,50757000.0,0.24,0.24,0.24,641480000.0,,641480000.0,2806487910.0,22.0,20.892,-52046000.0,-0.395,1.0,115053000.0,0.799,227997000.0,0.0,183131000.0,,98964000.0,0.0,0.0,0.0,198691000.0,197356000.0,1335000.0,3090555910.0,-52381000.0,0.0,74000.0,-409000.0,0.0,-335000.0,-233000.0,0.0,-51813000.0,0.0,31548000.0,31548000.0,31548000.0,0.0,0.0,0.219,64524000.0,50529000.0,68945000.0,0.0,4.818,38.162,39.746,23144000.0,0.0,23.45,5.249,5.249,139437000.0,-51890000.0,143968000.0,143968000.0,19245000.0,,,,,601000.0,43017000.0,1.0,131793429.0,131792000,132789000.0,1.092,612174000.0,106913000.0,19209000.0,280000.0,4.645,360181000.0
69,ENDP,MRQ,2004-03-31,2004-03-31,2004-03-31,2021-08-06,123000.0,855883000.0,,571348000.0,284535000.0,,4.627,-2185000.0,284068000.0,284068000.0,32873000.0,41174000.0,2.329,0.404,0.0,0.0,0.0,0.0,0.0,1827000.0,0.0,0.0,0.0,66491000.0,68318000.0,0.445,68318000.0,66491000.0,66481000.0,0.31,0.31,0.31,609792000.0,,609792000.0,2988698092.0,20.0,19.178,64776000.0,0.492,1.0,120616000.0,0.786,228887000.0,10000.0,97604000.0,,67794000.0,0.0,0.0,0.0,246091000.0,245324000.0,767000.0,3218271092.0,54495000.0,0.0,158000.0,-189000.0,0.0,-31000.0,-12435000.0,0.0,66961000.0,0.0,41174000.0,41174000.0,41174000.0,0.0,0.0,0.268,54125000.0,66491000.0,75436000.0,0.0,5.278,34.018,35.391,22113000.0,0.0,24.42,5.392,5.392,116236000.0,-83438000.0,153489000.0,153489000.0,9756000.0,,,,,491000.0,38742000.0,1.0,131788333.0,131779000,132720000.0,1.165,626996000.0,122626000.0,25307000.0,38422000.0,4.758,326024000.0
70,ENDP,MRQ,2003-12-31,2003-12-31,2003-12-31,2021-08-06,-720000.0,753880000.0,,473596000.0,280284000.0,,4.307,-7162000.0,229573000.0,229573000.0,54786000.0,-31661000.0,2.551,0.328,0.0,0.0,0.0,0.0,0.0,1977000.0,0.0,0.0,0.0,-54872000.0,-52895000.0,-0.373,-52895000.0,-54872000.0,-54965000.0,-0.26,-0.24,-0.26,567617000.0,,567617000.0,2355632670.0,22.0,20.39,42273000.0,0.321,1.0,87166000.0,0.614,223122000.0,93000.0,115511000.0,,50450000.0,0.0,0.0,0.0,186263000.0,185674000.0,589000.0,2551062670.0,34143000.0,0.0,-127000.0,-155000.0,0.0,-130000.0,-15162000.0,-500000.0,49435000.0,0.0,-31661000.0,-31661000.0,-31661000.0,0.0,0.0,-0.223,142038000.0,-54872000.0,65071000.0,0.0,4.494,36.553,35.852,20246000.0,0.0,19.36,4.283,4.174,101284000.0,-124612000.0,141952000.0,141952000.0,10469000.0,,,,,106480000.0,40548000.0,1.0,131769766.0,131804000,132226000.0,1.077,530758000.0,116189000.0,-23304000.0,14294000.0,4.027,287922000.0
71,ENDP,MRQ,2003-09-30,2003-09-30,2003-09-30,2021-08-06,-50000.0,693903000.0,,442128000.0,251775000.0,,3.824,-1873000.0,195430000.0,195430000.0,27050000.0,39924000.0,2.425,0.377,0.0,0.0,0.0,0.0,0.0,1578000.0,0.0,0.0,0.0,64312000.0,65890000.0,0.441,65890000.0,64312000.0,64300000.0,0.3,0.3,0.3,503913000.0,,503913000.0,2526027734.0,12.0,12.087,27014000.0,0.205,1.0,122305000.0,0.819,216175000.0,12000.0,99947000.0,,46004000.0,0.0,0.0,0.0,189990000.0,182351000.0,7639000.0,2694501734.0,26956000.0,0.0,93000.0,-151000.0,0.0,-58000.0,-1873000.0,0.0,28887000.0,0.0,39924000.0,39924000.0,39924000.0,0.0,0.0,0.267,57993000.0,64312000.0,56082000.0,0.0,5.347,21.872,20.657,13620000.0,0.0,20.45,4.751,4.751,126254000.0,-92951000.0,149355000.0,149355000.0,20651000.0,,,,,0.0,35764000.0,1.0,131760476.0,131761000,132636000.0,1.134,477728000.0,78313000.0,24376000.0,3807000.0,3.626,259777000.0
72,ENDP,MRQ,2003-06-30,2003-06-30,2003-06-30,2021-08-06,-814000.0,648289000.0,,392228000.0,256061000.0,,3.516,-1884000.0,168474000.0,168474000.0,26258000.0,45168000.0,2.211,0.4,0.0,0.0,0.0,0.0,0.0,1365000.0,0.0,0.0,0.0,73165000.0,74530000.0,0.49,74530000.0,73165000.0,73143000.0,0.34,0.34,0.34,463129000.0,,463129000.0,2110028603.0,18.0,17.237,72099000.0,0.547,1.0,125769000.0,0.827,216728000.0,22000.0,85661000.0,,39696000.0,0.0,0.0,0.0,185160000.0,177426000.0,7734000.0,2206511603.0,71991000.0,0.0,34000.0,-143000.0,0.0,-108000.0,-1884000.0,0.0,73983000.0,0.0,45168000.0,45168000.0,45168000.0,0.0,0.0,0.297,52604000.0,73165000.0,57447000.0,0.0,4.764,33.966,32.843,12707000.0,0.0,16.75,4.176,4.176,119417000.0,-132875000.0,152027000.0,152027000.0,9438000.0,,,,,0.0,41801000.0,1.0,131732036.0,131734000,132667000.0,1.154,431561000.0,81387000.0,27975000.0,25524000.0,3.276,214802000.0
73,ENDP,MRQ,2003-03-31,2003-03-31,2003-03-31,2021-08-06,-1762000.0,574341000.0,,318431000.0,255910000.0,,3.527,-425000.0,96483000.0,96483000.0,27577000.0,16359000.0,2.129,0.377,0.0,0.0,0.0,0.0,0.0,1352000.0,0.0,0.0,0.0,26651000.0,28003000.0,0.184,28003000.0,26651000.0,26520000.0,0.14,0.12,0.14,416980000.0,,416980000.0,1719919954.0,21.0,20.169,64714000.0,0.547,1.0,124697000.0,0.819,217264000.0,131000.0,111021000.0,,33786000.0,0.0,0.0,0.0,157361000.0,149573000.0,7788000.0,1776821954.0,39581000.0,0.0,0.0,-134000.0,0.0,-133000.0,-25425000.0,0.0,65139000.0,0.0,16359000.0,16359000.0,16359000.0,0.0,0.0,0.107,98046000.0,26651000.0,47324000.0,0.0,4.261,42.512,34.59,11545000.0,0.0,13.49,3.669,3.293,130666000.0,-178043000.0,152274000.0,152274000.0,12064000.0,,,,,48514000.0,36116000.0,1.0,131714007.0,118217000,131987000.0,1.288,357077000.0,76997000.0,10161000.0,24402000.0,3.021,168858000.0
74,ENDP,MRQ,2002-12-31,2002-12-31,2002-12-31,2021-08-06,-1176000.0,512972000.0,,257487000.0,255485000.0,,3.456,-863000.0,56902000.0,56902000.0,27769000.0,21744000.0,1.689,0.454,0.0,0.0,0.0,0.0,0.0,974000.0,0.0,0.0,0.0,39587000.0,40561000.0,0.357,40561000.0,39587000.0,39498000.0,0.21,0.21,0.21,352692000.0,,352692000.0,749249201.0,11.0,10.95,25561000.0,0.25,1.0,85722000.0,0.755,217834000.0,89000.0,85807000.0,,35516000.0,0.0,0.0,0.0,160280000.0,152429000.0,7851000.0,785794201.0,20357000.0,-5000000.0,0.0,-204000.0,0.0,-204000.0,-5863000.0,0.0,26424000.0,0.0,21744000.0,21744000.0,21744000.0,0.0,0.0,0.192,46135000.0,39587000.0,75443000.0,0.0,2.228,25.502,25.663,11810000.0,0.0,7.699,1.97,1.97,119496000.0,-194402000.0,113491000.0,113491000.0,12933000.0,,,,,-4553000.0,31009000.0,1.0,102064450.0,102064000,101769000.0,1.112,295138000.0,62403000.0,17754000.0,8359000.0,2.892,105058000.0
75,ENDP,MRQ,2002-09-30,2002-09-30,2002-09-30,2021-08-06,0.0,458035000.0,,228196000.0,229839000.0,,3.31,-1394000.0,36545000.0,36545000.0,24392000.0,-18308000.0,1.903,0.356,0.0,0.0,0.0,0.0,0.0,692000.0,0.0,0.0,0.0,-21375000.0,-20683000.0,-0.187,-20683000.0,-21375000.0,-22406000.0,-0.18,-0.18,-0.18,337870000.0,,337870000.0,813331758.0,24.0,17.095,17789000.0,0.174,1.0,86162000.0,0.779,193019000.0,1031000.0,108537000.0,,33259000.0,0.0,0.0,0.0,120165000.0,119934000.0,231000.0,870609758.0,-115290000.0,-14190000.0,-4000.0,-118889000.0,0.0,-118889000.0,-15584000.0,0.0,19183000.0,0.0,-18308000.0,-18308000.0,-18308000.0,0.0,0.0,-0.166,107537000.0,-21375000.0,46977000.0,0.0,2.577,51.131,44.895,10477000.0,0.0,8.53,2.392,2.392,111203000.0,-216146000.0,110554000.0,110554000.0,15352000.0,,,,,40406000.0,28753000.0,1.0,102064450.0,102064000,102064000.0,1.083,265016000.0,67252000.0,-4098000.0,2681000.0,2.597,108262000.0
76,ENDP,MRQ,2002-06-30,2002-06-30,2002-06-30,2021-08-06,0.0,556117000.0,,334242000.0,221875000.0,,3.094,-747000.0,151985000.0,151985000.0,27805000.0,22001000.0,1.392,0.761,94707000.0,94707000.0,0.0,94707000.0,0.0,691000.0,0.0,0.0,0.0,36702000.0,37393000.0,0.347,37393000.0,36702000.0,35053000.0,0.22,0.22,0.22,315772000.0,,315772000.0,689574150.0,30.0,14.021,34136000.0,0.334,1.0,80097000.0,0.742,193204000.0,1649000.0,65507000.0,,29061000.0,0.0,0.0,0.0,240345000.0,240128000.0,217000.0,714451150.0,34140000.0,0.0,4000.0,0.0,0.0,4000.0,-747000.0,0.0,34883000.0,0.0,22001000.0,22001000.0,22001000.0,0.0,0.0,0.204,43395000.0,36702000.0,35855000.0,0.0,2.263,305.06,,9590000.0,0.0,7.0,2.235,2.235,113862000.0,-197839000.0,107902000.0,107902000.0,15142000.0,,,,,0.0,27562000.0,1.0,102064450.0,102064000,102271000.0,1.057,362913000.0,53453000.0,13052000.0,17620000.0,3.556,94114000.0
77,ENDP,MRQ,2002-03-31,2002-03-31,2002-03-31,2021-08-06,0.0,475475000.0,,250279000.0,225196000.0,,2.878,-80000.0,117845000.0,117845000.0,18891000.0,5376000.0,1.379,0.619,92968000.0,92968000.0,0.0,92968000.0,0.0,785000.0,0.0,0.0,0.0,10371000.0,11156000.0,0.166,11156000.0,10371000.0,8749000.0,0.05,0.05,0.05,293768000.0,,293768000.0,1026597895.0,-151.0,33.306,29068000.0,0.285,1.0,48135000.0,0.718,193390000.0,1622000.0,75719000.0,,30565000.0,0.0,0.0,0.0,181707000.0,181489000.0,218000.0,1030845895.0,22338000.0,0.0,0.0,0.0,0.0,-6730000.0,-80000.0,0.0,29148000.0,0.0,5376000.0,5376000.0,5376000.0,0.0,0.0,0.08,37764000.0,10371000.0,28595000.0,0.0,3.509,-60.896,-53.158,9364000.0,0.0,10.1,3.687,3.687,69953000.0,-219839000.0,67026000.0,67026000.0,13396000.0,,,,,0.0,23583000.0,1.0,102063950.0,102064000,102281000.0,0.657,282085000.0,48485000.0,3373000.0,233000.0,2.764,68790000.0
78,ENDP,MRQ,2001-12-31,2001-12-31,2001-12-31,2021-08-06,0.0,470995000.0,,240925000.0,230070000.0,,2.993,-1618000.0,95507000.0,95507000.0,20588000.0,7958000.0,1.371,0.596,91259000.0,91259000.0,0.0,91259000.0,0.0,12064000.0,0.0,0.0,0.0,7648000.0,19712000.0,0.251,19712000.0,7648000.0,3487000.0,0.1,0.1,0.1,295122000.0,,295122000.0,1274486546.0,-46.0,59.734,10886000.0,0.11,1.0,57884000.0,0.738,194813000.0,4161000.0,96268000.0,,27766000.0,0.0,0.0,0.0,175873000.0,175666000.0,207000.0,1173289546.0,6048000.0,0.0,96238000.0,-101076000.0,0.0,-4838000.0,-1618000.0,0.0,12504000.0,0.0,7958000.0,7958000.0,7958000.0,0.0,0.0,0.101,50236000.0,7648000.0,30705000.0,0.0,3.976,-32.108,-29.175,9883000.0,0.0,11.67,4.656,4.238,85329000.0,-225215000.0,78472000.0,78472000.0,13598000.0,,,,,0.0,24574000.0,1.0,100538950.0,98603000,98603000.0,0.796,276182000.0,50366000.0,-4471000.0,3526000.0,2.801,65259000.0
79,ENDP,MRQ,2001-09-30,2001-09-30,2001-09-30,2021-08-06,0.0,456182000.0,,193877000.0,262305000.0,,2.142,-2928000.0,89459000.0,89459000.0,20622000.0,-32993000.0,2.189,1.389,190656000.0,16140000.0,174516000.0,190656000.0,0.0,12394000.0,0.0,0.0,0.0,-31475000.0,-19081000.0,-0.288,-19081000.0,-31475000.0,-34161000.0,-0.37,-0.37,-0.37,190926000.0,,190926000.0,1071388608.0,-34.0,57.518,25712000.0,0.288,1.0,45646000.0,0.689,245519000.0,2686000.0,223303000.0,,20257000.0,0.0,0.0,0.0,265256000.0,88557000.0,176699000.0,967157608.0,22282000.0,0.0,0.0,-3430000.0,0.0,-3430000.0,-2928000.0,0.0,28640000.0,0.0,-32993000.0,-32993000.0,-32993000.0,0.0,0.0,-0.498,77121000.0,-31475000.0,21370000.0,0.0,5.066,-20.231,-23.587,9086000.0,0.0,10.85,3.852,3.852,79419000.0,-233173000.0,66268000.0,66268000.0,7886000.0,,,,,37253000.0,19588000.0,1.0,89138950.0,89139000,89139000.0,0.743,210663000.0,4140000.0,-1168000.0,185000.0,2.363,105320000.0
80,ENDP,MRQ,2001-06-30,2001-06-30,2001-06-30,2021-08-06,0.0,441157000.0,,166605000.0,274552000.0,,2.094,-760000.0,67177000.0,67177000.0,21032000.0,2731000.0,2.072,1.363,171408000.0,15333000.0,156075000.0,171408000.0,0.0,12377000.0,0.0,0.0,0.0,6659000.0,19036000.0,0.281,19036000.0,6659000.0,3756000.0,0.03,0.03,0.03,186666000.0,,186666000.0,904359318.0,-7.0,-10.727,13356000.0,0.15,1.0,46825000.0,0.69,260766000.0,2903000.0,204215000.0,,23438000.0,0.0,0.0,0.0,254491000.0,80407000.0,174084000.0,787988318.0,-12028000.0,0.0,0.0,-25384000.0,0.0,-25384000.0,-760000.0,0.0,14116000.0,0.0,2731000.0,2731000.0,2731000.0,0.0,0.0,0.04,40166000.0,6659000.0,17678000.0,0.0,4.221,-5.206,-5.262,6742000.0,0.0,8.84,3.343,3.343,71084000.0,-200180000.0,67857000.0,67857000.0,8336000.0,,,,,0.0,19453000.0,1.0,89138950.0,89139000,89213000.0,0.761,180391000.0,3055000.0,1025000.0,1008000.0,2.024,86198000.0
81,ENDP,MRQ,2001-03-31,2001-03-31,2001-03-31,2021-08-06,0.0,448946000.0,,165760000.0,283186000.0,,2.063,-1240000.0,79205000.0,79205000.0,12649000.0,-14238000.0,1.761,1.441,195576000.0,37342000.0,158234000.0,195576000.0,0.0,12399000.0,0.0,0.0,0.0,-10730000.0,1669000.0,0.042,1669000.0,-10730000.0,-14270000.0,-0.16,-0.16,-0.16,183935000.0,,183935000.0,763151650.0,-6.0,-7.916,23986000.0,0.269,1.0,26733000.0,0.679,272663000.0,3540000.0,198536000.0,,29920000.0,0.0,0.0,0.0,265011000.0,94118000.0,170893000.0,623972650.0,19859000.0,0.0,0.0,-4127000.0,0.0,-4127000.0,-1240000.0,0.0,25226000.0,0.0,-14238000.0,-14238000.0,-14238000.0,0.0,0.0,-0.362,37463000.0,-10730000.0,16719000.0,0.0,3.392,-4.065,-4.118,6479000.0,0.0,7.0,2.974,2.974,51597000.0,-202911000.0,39382000.0,39382000.0,9174000.0,,,,,0.0,15890000.0,1.0,89138950.0,89139000,89139000.0,0.442,176283000.0,3075000.0,-32000.0,0.0,1.978,71642000.0
82,ENDP,MRQ,2000-12-31,2000-12-31,2000-12-31,2021-08-06,0.0,467840000.0,,173054000.0,294786000.0,,2.221,-663000.0,59346000.0,59346000.0,19454000.0,-3306000.0,1.725,1.361,198525000.0,36371000.0,162154000.0,198525000.0,0.0,12583000.0,0.0,0.0,0.0,4420000.0,17003000.0,0.219,17003000.0,4420000.0,691000.0,0.04,0.04,0.04,198173000.0,,198173000.0,686553700.0,-5.0,-5.708,13436000.0,0.151,1.0,58139000.0,0.749,284560000.0,3729000.0,222164000.0,,29746000.0,0.0,0.0,0.0,269667000.0,100295000.0,169372000.0,534833700.0,10281000.0,0.0,7000.0,-3155000.0,0.0,-3155000.0,-663000.0,0.0,14099000.0,0.0,-3306000.0,-3306000.0,-3306000.0,0.0,0.0,-0.043,53719000.0,4420000.0,15855000.0,0.0,2.699,-3.41,-3.046,5742000.0,0.0,6.0,2.709,2.415,78312000.0,-188673000.0,77593000.0,77593000.0,10001000.0,,,,,-5482000.0,15835000.0,1.0,89138950.0,89210000,89210000.0,0.87,183280000.0,3040000.0,3997000.0,2549000.0,2.054,72759000.0
83,ENDP,MRQ,2000-09-30,2000-09-30,2000-09-30,2021-08-06,0.0,452742000.0,,143231000.0,309511000.0,,2.169,-364000.0,49065000.0,49065000.0,15254000.0,-136548000.0,1.798,1.432,200785000.0,15538000.0,185247000.0,200785000.0,0.0,10715000.0,0.0,0.0,0.0,-132729000.0,-122014000.0,-2.397,-122014000.0,-132729000.0,-136401000.0,-1.59,-1.59,-1.59,186179000.0,,186179000.0,1027898516.0,-7.0,-8.57,2602000.0,0.03,1.0,35648000.0,0.7,298348000.0,3672000.0,226438000.0,,31048000.0,0.0,0.0,0.0,266563000.0,79676000.0,186887000.0,874720516.0,19057000.0,19611000.0,-7000.0,-3156000.0,0.0,-3156000.0,19247000.0,0.0,2966000.0,0.0,-136548000.0,-136548000.0,-136548000.0,0.0,0.0,-2.683,168377000.0,-132729000.0,22599000.0,0.0,4.698,-5.965,-5.672,5604000.0,0.0,9.813,5.113,4.924,59225000.0,-185367000.0,50902000.0,50902000.0,8315000.0,,,,,0.0,14564000.0,1.0,89138950.0,85848000,85848000.0,0.593,154394000.0,2757000.0,147000.0,0.0,1.798,63555000.0
84,ENDP,MRQ,2000-06-30,2000-06-30,2000-06-30,2021-08-06,0.0,335702000.0,,122111000.0,213591000.0,,1.155,-306000.0,29858000.0,29858000.0,16271000.0,608000.0,1.794,3.075,183036000.0,14567000.0,168469000.0,183036000.0,0.0,2176000.0,0.0,,0.0,4755000.0,6931000.0,0.165,6931000.0,4755000.0,974000.0,0.01,0.01,0.01,82390000.0,,82390000.0,,,,7081000.0,0.099,1.0,25663000.0,0.612,188526000.0,3781000.0,232279000.0,,32343000.0,0.0,0.0,0.0,253312000.0,68075000.0,185237000.0,,-343000.0,0.0,0.0,-7424000.0,0.0,-7424000.0,-306000.0,0.0,7387000.0,0.0,608000.0,608000.0,608000.0,0.0,0.0,0.014,20908000.0,4755000.0,21776000.0,0.0,,,,5448000.0,0.0,,,,43789000.0,-48819000.0,41934000.0,41934000.0,4668000.0,,,,,0.0,14065000.0,1.0,89138950.0,71328424,71328424.0,0.588,147176000.0,28482000.0,366000.0,0.0,2.063,54036000.0
85,ENDP,MRQ,2000-03-31,2000-03-31,2000-03-31,2021-08-06,0.0,325248000.0,,105546000.0,219702000.0,,1.147,-201000.0,30201000.0,30201000.0,12062000.0,-17594000.0,1.763,2.977,189699000.0,17862000.0,171837000.0,189699000.0,0.0,2150000.0,0.0,,0.0,-24348000.0,-22198000.0,-0.822,-22198000.0,-24348000.0,-28285000.0,-0.25,-0.25,-0.25,81782000.0,,81782000.0,,,,10416000.0,0.146,1.0,14938000.0,0.553,190304000.0,3937000.0,234569000.0,,26540000.0,0.0,0.0,0.0,243466000.0,59873000.0,183593000.0,,8173000.0,0.0,7000.0,-2250000.0,0.0,-2243000.0,-201000.0,0.0,10617000.0,0.0,-17594000.0,-17594000.0,-17594000.0,0.0,0.0,-0.652,39286000.0,-24348000.0,10897000.0,0.0,,,,5539000.0,0.0,,,,36643000.0,-49427000.0,27000000.0,27000000.0,3028000.0,,,,,20782000.0,12073000.0,1.0,89138950.0,71324957,71324957.0,0.379,134944000.0,28847000.0,-10691000.0,0.0,1.892,45673000.0
86,ENDP,MRQ,1999-12-31,1999-12-31,1999-12-31,2021-08-06,0.0,329436000.0,,118427000.0,211009000.0,,1.102,-1476000.0,22028000.0,22028000.0,17459000.0,6882000.0,1.719,3.192,191203000.0,15985000.0,175218000.0,191203000.0,0.0,2236000.0,0.0,,0.0,15110000.0,17346000.0,0.338,17346000.0,15110000.0,11170000.0,0.1,0.1,0.1,78587000.0,,78587000.0,,,,1776000.0,0.025,1.0,33791000.0,0.659,192081000.0,3940000.0,237644000.0,,21269000.0,0.0,0.0,0.0,250849000.0,68886000.0,181963000.0,,1770000.0,0.0,-6000.0,0.0,0.0,-6000.0,-1476000.0,0.0,3252000.0,0.0,6882000.0,6882000.0,6882000.0,0.0,0.0,0.134,18681000.0,15110000.0,19185000.0,0.0,,,,5712000.0,0.0,,,,62254000.0,-31833000.0,51250000.0,51250000.0,3267000.0,,,,,0.0,13178000.0,1.0,89138950.0,71323849,71323849.0,0.719,137355000.0,18156000.0,4288000.0,75000.0,1.926,49541000.0
87,ENDP,MRQ,1999-09-30,1999-09-30,1999-09-30,2021-08-06,,,,,,,,-103000.0,,,14678000.0,95000.0,,,,,,,,2112000.0,,,0.0,3872000.0,5984000.0,0.184,5984000.0,3872000.0,241000.0,0.0,0.0,0.0,,,,,,,-1215000.0,-0.017,1.0,17932000.0,0.55,,3631000.0,,,,,,,,,,,-1227000.0,0.0,-12000.0,0.0,0.0,-12000.0,-103000.0,0.0,-1112000.0,0.0,95000.0,95000.0,95000.0,0.0,0.0,0.003,14060000.0,3872000.0,,,,,,,0.0,,,,,,32610000.0,32610000.0,2066000.0,,,,,0.0,9882000.0,1.0,,71333558,71333558.0,0.457,,,146000.0,,,
88,ENDP,MRQ,1999-06-30,1999-06-30,1999-06-30,2021-08-06,,,,,,,,-6721000.0,,,12686000.0,-2638000.0,,,,,,,,2082000.0,,,0.0,-898000.0,1184000.0,0.045,1184000.0,-898000.0,-4312000.0,-0.04,-0.04,-0.04,,,,,,,2139000.0,0.03,1.0,13439000.0,0.514,,3414000.0,,,,,,,,,,,2139000.0,0.0,0.0,0.0,0.0,0.0,-6721000.0,0.0,8860000.0,0.0,-2638000.0,-2638000.0,-2638000.0,0.0,0.0,-0.101,14337000.0,-898000.0,,0.0,,,,,0.0,,,,,,26125000.0,26125000.0,2057000.0,,,,,0.0,10198000.0,1.0,,71333979,71333979.0,0.366,,,-1674000.0,,,
89,ENDP,MRQ,1999-03-31,1999-03-31,1999-03-31,2021-08-06,,,,,,,,-774000.0,,,13440000.0,-1079000.0,,,,,,,,1879000.0,,,0.0,1596000.0,3475000.0,0.122,3475000.0,1596000.0,-1766000.0,-0.015,-0.015,-0.015,,,,,,,1992000.0,0.028,1.0,15121000.0,0.529,,3362000.0,,,,,,,,,,,1979000.0,0.0,-13000.0,0.0,0.0,-13000.0,-774000.0,0.0,2766000.0,0.0,-1079000.0,-1079000.0,-1079000.0,0.0,0.0,-0.038,13525000.0,1596000.0,,0.0,,,,,0.0,,,,,,28561000.0,28561000.0,1983000.0,,,,,0.0,9663000.0,1.0,,71615075,71615075.0,0.399,,,-687000.0,,,
90,ENDP,MRQ,1998-12-31,1998-12-31,1998-12-31,2021-08-06,0.0,287618000.0,,73040000.0,214578000.0,,1.057,,17367000.0,17367000.0,,,2.065,2.817,170544000.0,0.0,170544000.0,170544000.0,0.0,,0.0,,0.0,,,,,,,,,,75358000.0,,75358000.0,,,,,,1.0,,,187964000.0,,217467000.0,,14461000.0,0.0,0.0,0.0,212260000.0,35364000.0,176896000.0,,,,,,,,,,,,,,,,,,,,11951000.0,,,,,5014000.0,,,,,33009000.0,-35093000.0,,,,,,,,,,1.0,,71307302,,,99654000.0,20154000.0,,0.0,1.398,37676000.0
0,ENDP,MRT,2021-06-30,2021-06-30,2021-06-30,2021-08-06,-213823000.0,9206257000.0,9217577000.0,2569329000.0,6636928000.0,0.307,-2.644,-75011000.0,1673730000.0,1673730000.0,1341389000.0,69480000.0,1.823,-15.92,8320718000.0,235032000.0,8085686000.0,8320718000.0,0.0,492312000.0,0.0,0.0,0.0,482804000.0,975116000.0,0.345,975116000.0,482804000.0,-63988000.0,0.3,0.28,0.3,-617042000.0,-661609000.0,-617042000.0,7852542926.0,16.0,8.053,354309000.0,1.518,1.0,1485441000.0,0.525,6108666000.0,546792000.0,8335367000.0,8521336250.0,338456000.0,0.0,0.0,0.0,9823299000.0,1409212000.0,8414087000.0,1091868926.0,-305487000.0,-651926000.0,622000.0,-80782000.0,0.0,-98583000.0,-638504000.0,92763000.0,429320000.0,2280000.0,69480000.0,69480000.0,69480000.0,39668000.0,0.0,0.025,949216000.0,536225000.0,825001000.0,0.0,-1.77,15.715,15.6,477997000.0,0.0,4.68,0.386,0.386,458138000.0,-9342246000.0,2826830000.0,2826830000.0,161200000.0,0.008,-0.105,0.057,0.171,28927000.0,723273000.0,1.0,233305326.0,233331000,233331000.0,12.115,3097591000.0,11610000.0,-133468000.0,22936000.0,13.276,1160117000.0
1,ENDP,MRT,2021-03-31,2021-03-31,2021-03-31,2021-08-06,-216061000.0,9234171000.0,9207296250.0,2495231000.0,6738940000.0,0.304,-2.598,-67066000.0,1564841000.0,1564841000.0,1359005000.0,95538000.0,1.788,-16.417,8325515000.0,212155000.0,8113360000.0,8325515000.0,0.0,495704000.0,0.0,0.0,0.0,493015000.0,988719000.0,0.353,988719000.0,493015000.0,-41388000.0,0.42,0.4,0.42,-598973000.0,-686065250.0,-598973000.0,8687482735.0,18.0,8.787,511610000.0,2.219,1.0,1441583000.0,0.515,6204000000.0,534403000.0,8395353000.0,8570374500.0,362180000.0,0.0,0.0,0.0,9833144000.0,1395492000.0,8437652000.0,1708009735.0,-185763000.0,-648116000.0,622000.0,-129684000.0,0.0,-141434000.0,-625952000.0,92763000.0,578676000.0,2947000.0,95538000.0,95538000.0,95538000.0,41404000.0,0.0,0.034,893411000.0,548172000.0,855405000.0,0.0,-2.852,17.878,17.643,486561000.0,0.0,7.41,0.61,0.61,473152000.0,-9326746000.0,2800588000.0,2800588000.0,157026000.0,0.01,-0.139,0.058,0.176,33705000.0,718912000.0,1.0,230500639.0,230551000,238671000.0,12.147,3030171000.0,10830000.0,-136926000.0,24388000.0,13.143,1099739000.0
2,ENDP,MRT,2020-12-31,2020-12-31,2020-12-31,2021-08-06,-217753000.0,9264637000.0,9225223500.0,2413258000.0,6851379000.0,0.315,-2.826,-69971000.0,1385000000.0,1385000000.0,1442511000.0,183944000.0,1.925,-15.299,8364473000.0,45763000.0,8318710000.0,8364473000.0,0.0,518807000.0,0.0,0.0,0.0,442901000.0,961708000.0,0.331,961708000.0,442901000.0,-90038000.0,0.8,0.79,0.8,-647939000.0,-720776250.0,-647939000.0,8183284922.0,18.0,8.509,327421000.0,1.428,1.0,1460563000.0,0.503,6300819000.0,532939000.0,8689467000.0,8654021000.0,352260000.0,0.0,0.0,0.0,9912576000.0,1253824000.0,8658752000.0,1653498922.0,-335388000.0,-644767000.0,0.0,-96683000.0,0.0,-108567000.0,-624867000.0,92763000.0,397392000.0,654000.0,183944000.0,183944000.0,183944000.0,63520000.0,0.0,0.063,954142000.0,506421000.0,835940000.0,0.0,-2.552,8.989,8.975,495501000.0,0.0,7.18,0.57,0.567,511262000.0,-9368270000.0,2903074000.0,2903074000.0,158902000.0,0.02,-0.255,0.051,0.153,41357000.0,698506000.0,1.0,230292329.0,229314000,233653000.0,12.66,2963818000.0,65661000.0,-273982000.0,26066000.0,12.925,1159434000.0
3,ENDP,MRT,2020-09-30,2020-09-30,2020-09-30,2021-08-06,-225148000.0,9165243000.0,9256446000.0,2802820000.0,6362423000.0,0.314,-3.402,-68734000.0,1842386000.0,1842386000.0,1473028000.0,-154042000.0,2.171,-12.713,8372172000.0,45599000.0,8326573000.0,8372172000.0,0.0,535916000.0,0.0,0.0,0.0,237426000.0,773342000.0,0.266,773342000.0,237426000.0,-294610000.0,-0.68,-0.69,-0.68,-782482000.0,-775427500.0,-782482000.0,7188372816.0,30.0,9.295,199517000.0,0.867,1.0,1434625000.0,0.493,5738873000.0,532036000.0,8665158000.0,8610131750.0,354903000.0,0.0,0.0,0.0,9947725000.0,1290998000.0,8656727000.0,758392816.0,89688000.0,6174000.0,0.0,-96795000.0,0.0,-113320000.0,-65101000.0,0.0,268251000.0,-142000.0,-154042000.0,-154042000.0,-154042000.0,51770000.0,0.0,-0.053,1145429000.0,289196000.0,868404000.0,0.0,-0.969,-4.923,-4.853,526618000.0,0.0,3.3,0.261,0.261,473368000.0,-9487613000.0,2907653000.0,2907653000.0,128544000.0,-0.017,0.199,0.028,0.082,43685000.0,682956000.0,1.0,229816005.0,230040000,230040000.0,12.64,3426370000.0,68149000.0,-140568000.0,29171000.0,14.895,1511822000.0
4,ENDP,MRT,2020-06-30,2020-06-30,2020-06-30,2021-08-06,-227903000.0,9165134000.0,9423851750.0,2686144000.0,6478990000.0,0.319,-3.112,-76527000.0,1960817000.0,1960817000.0,1514116000.0,-157570000.0,2.197,-13.821,8390797000.0,45529000.0,8345268000.0,8390797000.0,0.0,556272000.0,0.0,0.0,0.0,248340000.0,804612000.0,0.268,804612000.0,248340000.0,-284951000.0,-0.7,-0.71,-0.7,-714867000.0,-745176250.0,-714867000.0,7501322601.0,30.0,9.323,301811000.0,1.314,1.0,1488103000.0,0.496,5841183000.0,533291000.0,8531520000.0,8525207250.0,330540000.0,0.0,0.0,0.0,9880001000.0,1222411000.0,8657590000.0,787887601.0,202324000.0,10000000.0,0.0,-87615000.0,0.0,-106059000.0,-69295000.0,0.0,378338000.0,-660000.0,-157570000.0,-157570000.0,-157570000.0,82841000.0,0.0,-0.052,1156922000.0,331181000.0,756364000.0,0.0,-1.102,-5.0,-4.9,537203000.0,0.0,3.43,0.262,0.262,271893000.0,-9411726000.0,3002219000.0,3002219000.0,133008000.0,-0.017,0.211,0.029,0.083,48676000.0,669026000.0,1.0,229704840.0,229716000,233681000.0,13.069,3323951000.0,69273000.0,-127381000.0,29811000.0,14.47,1463733000.0
5,ENDP,MRT,2020-03-31,2020-03-31,2020-03-31,2021-08-06,-233527000.0,9305880000.0,9651140500.0,2735335000.0,6570545000.0,0.312,-3.247,-68106000.0,1732204000.0,1732204000.0,1566228000.0,-274133000.0,2.031,-13.613,8445639000.0,45662000.0,8399977000.0,8445639000.0,0.0,591717000.0,0.0,0.0,0.0,133248000.0,724965000.0,0.241,724965000.0,133248000.0,-405688000.0,-1.22,-1.23,-1.22,-737817000.0,-714077500.0,-737817000.0,7590407383.0,57.0,10.47,183085000.0,0.806,1.0,1448130000.0,0.48,5942385000.0,538936000.0,8729939000.0,8457572750.0,324962000.0,0.0,0.0,0.0,10043697000.0,1346991000.0,8696706000.0,839284383.0,413961000.0,10641000.0,0.0,248650000.0,0.0,223889000.0,-59784000.0,0.0,251191000.0,-1335000.0,-274133000.0,-274133000.0,-274133000.0,83742000.0,0.0,-0.091,1231140000.0,216990000.0,854958000.0,0.0,-1.138,-3.062,-3.033,541695000.0,0.0,3.7,0.278,0.279,536903000.0,-9422284000.0,3014358000.0,3014358000.0,128861000.0,-0.028,0.384,0.016,0.044,52054000.0,648065000.0,1.0,226833617.0,227198000,233014000.0,13.268,3363495000.0,94843000.0,-131555000.0,31162000.0,14.804,1388344000.0
6,ENDP,MRT,2019-12-31,2019-12-31,2019-12-31,2021-08-06,-219090000.0,9389527000.0,9775501500.0,2586218000.0,6803309000.0,0.298,-3.833,-63854000.0,1701988000.0,1701988000.0,1569338000.0,-422636000.0,1.771,-11.836,8453111000.0,44913000.0,8408198000.0,8453111000.0,0.0,612862000.0,0.0,0.0,0.0,131778000.0,744640000.0,0.256,744640000.0,131778000.0,-406956000.0,-1.87,-1.87,-1.87,-866544000.0,-653235750.0,-866544000.0,7775440195.0,59.0,10.442,34198000.0,0.151,1.0,1345026000.0,0.462,6166451000.0,538734000.0,8513910000.0,8275073250.0,327865000.0,0.0,0.0,0.0,10256071000.0,1460289000.0,8795782000.0,1063580195.0,243551000.0,6577000.0,4000.0,231575000.0,0.0,204601000.0,-60198000.0,0.0,98052000.0,1096000.0,-422636000.0,-422636000.0,-422636000.0,62052000.0,0.0,-0.145,1271024000.0,74002000.0,899949000.0,0.0,-1.227,-2.517,-2.508,556565000.0,0.0,4.69,0.365,0.364,467953000.0,-9552214000.0,2914364000.0,2914364000.0,130732000.0,-0.043,0.647,0.016,0.045,59142000.0,632420000.0,1.0,226776161.0,226050000,226050000.0,12.893,3223076000.0,49759000.0,15680000.0,34125000.0,14.258,1125929000.0
7,ENDP,MRT,2019-09-30,2019-09-30,2019-09-30,2021-08-06,-222619000.0,9834866000.0,9961218000.0,2649135000.0,7185731000.0,0.295,-2.919,-74666000.0,1748741000.0,1748741000.0,1602496000.0,-495901000.0,1.588,-15.868,8460601000.0,44725000.0,8415876000.0,8460601000.0,0.0,635613000.0,0.0,0.0,0.0,74184000.0,709797000.0,0.242,709797000.0,74184000.0,-465963000.0,-2.21,-2.21,-2.21,-661477000.0,-561170500.0,-661477000.0,7440583225.0,100.0,10.483,114856000.0,0.507,1.0,1333457000.0,0.454,6553539000.0,540147000.0,8325460000.0,8087669000.0,338513000.0,0.0,0.0,0.0,10496343000.0,1667727000.0,8828616000.0,726719225.0,340190000.0,28396000.0,464000.0,231646000.0,0.0,200800000.0,-49545000.0,0.0,189522000.0,-587000.0,-495901000.0,-495901000.0,-495901000.0,78327000.0,0.0,-0.169,1300774000.0,32683000.0,937181000.0,0.0,-1.099,-1.465,-1.452,555191000.0,0.0,3.21,0.248,0.248,420195000.0,-9333571000.0,2935953000.0,2935953000.0,121748000.0,-0.05,0.884,0.009,0.025,59258000.0,639171000.0,1.0,226392282.0,226598000,226598000.0,12.957,3281327000.0,36337000.0,29938000.0,42983000.0,14.481,981408000.0
8,ENDP,MRT,2019-06-30,2019-06-30,2019-06-30,2021-08-06,-220104000.0,10074289000.0,10132917000.0,2755052000.0,7319237000.0,0.291,-2.61,-65070000.0,1754536000.0,1754536000.0,1626296000.0,-589691000.0,1.501,-18.061,8468400000.0,46242000.0,8422158000.0,8468400000.0,0.0,664849000.0,0.0,0.0,0.0,-39020000.0,625829000.0,0.212,625829000.0,-39020000.0,-574111000.0,-2.63,-2.63,-2.63,-590472000.0,-450666000.0,-590472000.0,7795168427.0,-200.0,12.456,69670000.0,0.308,1.0,1325697000.0,0.449,6691351000.0,535091000.0,8260982000.0,7924684000.0,335890000.0,0.0,0.0,0.0,10664761000.0,1835820000.0,8828941000.0,931868427.0,297538000.0,31992000.0,937000.0,232783000.0,0.0,194150000.0,-31228000.0,0.0,134740000.0,-124000.0,-589691000.0,-589691000.0,-589691000.0,67477000.0,0.0,-0.2,1417068000.0,-91371000.0,931207000.0,0.0,-1.578,-1.58,-1.567,550599000.0,0.0,4.12,0.316,0.316,442078000.0,-9254156000.0,2951993000.0,2951993000.0,124912000.0,-0.058,1.308,-0.005,-0.013,61418000.0,634633000.0,1.0,226181657.0,226221000,226221000.0,13.049,3382938000.0,39401000.0,15580000.0,36921000.0,14.954,919232000.0
9,ENDP,MRT,2019-03-31,2019-03-31,2019-03-31,2021-08-06,-224499000.0,9803324000.0,10328853500.0,2272133000.0,7531191000.0,0.287,-2.202,-73910000.0,1314286000.0,1314286000.0,1619993000.0,-544553000.0,1.297,-20.827,8177586000.0,47991000.0,8129595000.0,8177586000.0,0.0,694850000.0,0.0,0.0,0.0,4135000.0,698985000.0,0.236,698985000.0,4135000.0,-526206000.0,-2.43,-2.43,-2.43,-494450000.0,-318567250.0,-494450000.0,8605904103.0,2081.0,12.312,53931000.0,0.24,1.0,1346969000.0,0.454,6915395000.0,530341000.0,7999941000.0,7743468750.0,331391000.0,969000.0,0.0,969000.0,10297774000.0,1751288000.0,8546486000.0,1801966103.0,16417000.0,54122000.0,937000.0,-56347000.0,0.0,-91933000.0,-18680000.0,0.0,127841000.0,-811000.0,-544553000.0,-544553000.0,-544553000.0,67912000.0,0.0,-0.184,1394750000.0,-47781000.0,840830000.0,0.0,-3.644,-3.309,-3.305,552200000.0,0.0,8.03,0.607,0.608,487974000.0,-9148151000.0,2966962000.0,2966962000.0,180666000.0,-0.053,1.709,0.001,0.001,60914000.0,630493000.0,1.0,224404247.0,224594000,224594000.0,13.21,2887929000.0,33583000.0,18347000.0,34723000.0,12.858,520845000.0
10,ENDP,MRT,2018-12-31,2018-12-31,2018-12-31,2021-08-06,-229229000.0,10132393000.0,10611458750.0,2343150000.0,7789243000.0,0.278,-2.225,-83398000.0,1454481000.0,1454481000.0,1631682000.0,-1031469000.0,1.202,-21.335,8258419000.0,34150000.0,8224269000.0,8258419000.0,0.0,723707000.0,0.0,0.0,0.0,-486878000.0,236829000.0,0.08,236829000.0,-486878000.0,-1008534000.0,-4.61,-4.61,-4.61,-498283000.0,-196728000.0,-498283000.0,8491926748.0,-17.0,35.857,183872000.0,0.821,1.0,1315396000.0,0.446,7221942000.0,521656000.0,7764293000.0,7653986000.0,322179000.0,0.0,0.0,0.0,10630676000.0,1950096000.0,8680580000.0,1637716748.0,165823000.0,67369000.0,933000.0,-39372000.0,0.0,-81572000.0,-17900000.0,0.0,267270000.0,-1975000.0,-1031469000.0,-1031469000.0,-1031469000.0,69702000.0,0.0,-0.35,1732572000.0,-417176000.0,1009200000.0,0.0,-3.287,-1.588,-1.584,498892000.0,0.0,7.3,0.556,0.555,470570000.0,-9124932000.0,2947078000.0,2947078000.0,185826000.0,-0.097,5.243,-0.064,-0.165,54071000.0,646037000.0,1.0,224344760.0,223960000,223960000.0,13.159,2910451000.0,40459000.0,22935000.0,36148000.0,12.995,393054000.0
11,ENDP,MRT,2018-09-30,2018-09-30,2018-09-30,2021-08-06,-216854000.0,10521662000.0,10987255500.0,2275599000.0,8246063000.0,0.267,-0.979,-88096000.0,1408552000.0,1408552000.0,1704113000.0,-1107978000.0,1.126,-48.944,8262762000.0,34150000.0,8228612000.0,8262762000.0,0.0,797332000.0,0.0,0.0,0.0,-723168000.0,74164000.0,0.025,74164000.0,-723168000.0,-1236025000.0,-4.95,-4.95,-4.95,-219459000.0,49062750.0,-219459000.0,10578970942.0,-15.0,142.643,240719000.0,1.074,1.0,1225216000.0,0.418,7680884000.0,512857000.0,7673520000.0,7616933750.0,332787000.0,1693000.0,0.0,1693000.0,10741121000.0,2021468000.0,8719653000.0,3768759942.0,327422000.0,170924000.0,473000.0,-97088000.0,0.0,-94448000.0,81937000.0,0.0,328815000.0,-2076000.0,-1107978000.0,-1107978000.0,-1107978000.0,140109000.0,0.0,-0.378,1808275000.0,-583059000.0,1019004000.0,0.0,-17.173,-3.401,-3.4,495546000.0,0.0,16.83,1.287,1.288,467156000.0,-8833024000.0,2929329000.0,2929329000.0,208976000.0,-0.101,-22.583,-0.095,-0.247,53619000.0,639814000.0,1.0,223931072.0,224132000,224132000.0,13.07,2840778000.0,16413000.0,-128047000.0,45311000.0,12.675,254131000.0
12,ENDP,MRT,2018-06-30,2018-06-30,2018-06-30,2021-08-06,-221589000.0,10858035000.0,11330707750.0,2308898000.0,8549137000.0,0.262,-0.277,-107885000.0,1456999000.0,1456999000.0,1805670000.0,-1031443000.0,1.072,-175.912,8267210000.0,34205000.0,8233005000.0,8267210000.0,0.0,863755000.0,0.0,0.0,0.0,-682071000.0,181684000.0,0.061,181684000.0,-682071000.0,-1190602000.0,-4.61,-4.61,-4.61,-62077000.0,295173500.0,-62077000.0,9065770187.0,-13.0,49.899,326146000.0,1.457,1.0,1165080000.0,0.392,7979059000.0,508531000.0,7536121000.0,7693917500.0,343318000.0,2404000.0,0.0,2404000.0,10920112000.0,2153066000.0,8767046000.0,2110348187.0,494069000.0,242677000.0,0.0,-96978000.0,0.0,-108203000.0,136793000.0,7000000.0,434031000.0,-1421000.0,-1031443000.0,-1031443000.0,-1031443000.0,109958000.0,0.0,-0.347,1737193000.0,-572113000.0,1027357000.0,0.0,-33.996,-2.046,-2.046,499142000.0,0.0,9.43,0.71,0.711,451240000.0,-8659819000.0,2970750000.0,2970750000.0,208937000.0,-0.091,-3.494,-0.089,-0.23,53130000.0,611903000.0,1.0,223790900.0,223834000,223834000.0,13.272,2878976000.0,12043000.0,-159159000.0,44696000.0,12.862,155832000.0
13,ENDP,MRT,2018-03-31,2018-03-31,2018-03-31,2021-08-06,-215618000.0,10933745000.0,11685721500.0,2208454000.0,8725291000.0,0.268,-0.032,-123326000.0,1316270000.0,1316270000.0,1963166000.0,-2367094000.0,1.058,-1542.484,8271692000.0,34205000.0,8237487000.0,8271692000.0,0.0,888500000.0,0.0,0.0,0.0,-2089749000.0,-1201249000.0,-0.384,-1201249000.0,-2089749000.0,-2589968000.0,-10.6,-10.6,-10.6,-7093000.0,512969250.0,-7093000.0,8295820067.0,-4.0,-6.906,311742000.0,1.395,1.0,1168619000.0,0.373,8159558000.0,500219000.0,7642010000.0,7827850000.0,376650000.0,3294000.0,0.0,3294000.0,10940838000.0,2087599000.0,8853239000.0,1326641067.0,418532000.0,220370000.0,0.0,-60805000.0,0.0,-137209000.0,99971000.0,7000000.0,435068000.0,405000.0,-2367094000.0,-2367094000.0,-2367094000.0,802068000.0,0.0,-0.756,2404566000.0,-1235947000.0,953195000.0,0.0,-187.035,-0.56,-0.56,511227000.0,0.0,5.94,0.424,0.424,460019000.0,-8598952000.0,3131785000.0,3131785000.0,167704000.0,-0.203,-4.614,-0.267,-0.667,48546000.0,619301000.0,1.0,223340247.0,223521000,223521000.0,14.011,2774187000.0,8788000.0,-222874000.0,43961000.0,12.411,120855000.0
14,ENDP,MRT,2017-12-31,2017-12-31,2017-12-31,2021-08-06,-209821000.0,11635580000.0,12256947750.0,2271077000.0,9364503000.0,0.283,2.172,-125654000.0,1307058000.0,1307058000.0,2228530000.0,-2035433000.0,1.023,22.997,8276237000.0,34205000.0,8242032000.0,8276237000.0,0.0,983765000.0,0.0,0.0,0.0,-1797498000.0,-813733000.0,-0.235,-813733000.0,-1797498000.0,-2285726000.0,-9.12,-9.12,-9.12,484880000.0,1061755750.0,484880000.0,8911959338.0,-5.0,-10.952,428331000.0,1.919,1.0,1240328000.0,0.358,8767766000.0,488228000.0,7616084000.0,8011255250.0,391437000.0,1456000.0,0.0,1456000.0,11150700000.0,2220909000.0,8929791000.0,1730679338.0,505834000.0,223237000.0,0.0,-79878000.0,0.0,-166993000.0,104583000.0,7000000.0,553985000.0,2515000.0,-2035433000.0,-2035433000.0,-2035433000.0,802722000.0,0.0,-0.587,2183370000.0,-943042000.0,1096825000.0,0.0,3.569,-0.85,-0.85,523971000.0,0.0,7.75,0.499,0.499,517436000.0,-8096539000.0,3468858000.0,3468858000.0,172067000.0,-0.166,-1.917,-0.224,-0.518,50149000.0,629874000.0,1.0,223313463.0,223198000,223198000.0,15.542,2867814000.0,23630000.0,-250293000.0,45217000.0,12.849,50168000.0
15,ENDP,MRT,2017-09-30,2017-09-30,2017-09-30,2021-08-06,-288361000.0,11895471000.0,12916830000.0,2196479000.0,9698992000.0,0.305,3.426,-144871000.0,1099530000.0,1099530000.0,2479463000.0,-5004872000.0,1.076,14.55,8280810000.0,34205000.0,8246605000.0,8280810000.0,0.0,1009913000.0,0.0,0.0,0.0,-4701616000.0,-3691703000.0,-0.937,-3691703000.0,-4701616000.0,-5174666000.0,-22.46,-22.46,-22.46,764984000.0,1615933000.0,764984000.0,9216605562.0,-2.0,-2.497,362057000.0,1.621,1.0,1462268000.0,0.371,9053175000.0,473050000.0,7981455000.0,8238447000.0,443270000.0,2789000.0,0.0,2789000.0,11130487000.0,2042121000.0,9088366000.0,1912496562.0,-48826000.0,81044000.0,1109000.0,-43052000.0,0.0,-198028000.0,-347454000.0,-302867000.0,506928000.0,2922000.0,-5004872000.0,-5004872000.0,-5004872000.0,710417000.0,0.0,-1.27,5401733000.0,-3939465000.0,1097185000.0,0.0,2.5,-0.382,-0.381,575023000.0,0.0,8.565,0.485,0.485,531488000.0,-7728122000.0,3941731000.0,3941731000.0,169728000.0,-0.387,-3.097,-0.571,-1.193,55454000.0,681243000.0,1.0,223292068.0,223299000,223299000.0,17.652,2842296000.0,24167000.0,-169794000.0,88465000.0,12.729,154358000.0
16,ENDP,MRT,2017-06-30,2017-06-30,2017-06-30,2021-08-06,-327815000.0,12278090000.0,14363837750.0,2275015000.0,10003075000.0,0.281,3.626,-144880000.0,981330000.0,981330000.0,2522413000.0,-5127121000.0,1.022,14.175,8285439000.0,34150000.0,8251289000.0,8285439000.0,0.0,1006054000.0,0.0,0.0,0.0,-4764908000.0,-3758854000.0,-0.931,-3758854000.0,-4764908000.0,-5222621000.0,-23.01,-23.01,-23.01,809106000.0,2937402250.0,809106000.0,9846504105.0,-2.0,-2.62,163738000.0,0.734,1.0,1516766000.0,0.376,9283401000.0,457713000.0,8071851000.0,8265970250.0,489752000.0,2494000.0,0.0,2494000.0,11468984000.0,2226947000.0,9242037000.0,2492167105.0,-273271000.0,-26830000.0,2390000.0,-62171000.0,0.0,-195168000.0,-355755000.0,-197079000.0,308618000.0,1903000.0,-5127121000.0,-5127121000.0,-5127121000.0,740857000.0,0.0,-1.269,5489083000.0,-3972317000.0,1233336000.0,0.0,3.08,-0.486,-0.485,637820000.0,0.0,11.17,0.617,0.617,580123000.0,-7631452000.0,4039179000.0,4039179000.0,174969000.0,-0.357,-1.745,-0.576,-1.18,57189000.0,732098000.0,1.0,223112543.0,223158000,223158000.0,18.1,2994689000.0,25094000.0,-95500000.0,85068000.0,13.42,48068000.0
17,ENDP,MRT,2017-03-31,2017-03-31,2017-03-31,2021-08-06,-338646000.0,13218650000.0,15778199000.0,2332721000.0,10885929000.0,0.259,9.811,-140060000.0,895834000.0,895834000.0,2615230000.0,-3387007000.0,1.133,5.041,8250171000.0,25612000.0,8224559000.0,8250171000.0,0.0,1034075000.0,0.0,0.0,0.0,-3532437000.0,-2498362000.0,-0.612,-2498362000.0,-3532437000.0,-3980322000.0,-15.21,-15.21,-15.21,2188053000.0,4300510250.0,2188053000.0,9961389410.0,-3.0,-3.987,601613000.0,2.698,1.0,1469105000.0,0.36,10138192000.0,447885000.0,8375631000.0,8183947250.0,549138000.0,1723000.0,0.0,1723000.0,11030597000.0,2059164000.0,8971433000.0,2488210410.0,88991000.0,-28934000.0,3685000.0,-343396000.0,0.0,-411730000.0,-219607000.0,-63647000.0,741673000.0,-1048000.0,-3387025000.0,-3387025000.0,-3387025000.0,86575000.0,18000.0,-0.829,4914949000.0,-3445844000.0,1219278000.0,0.0,1.137,-0.735,-0.734,670847000.0,0.0,11.16,0.609,0.609,689602000.0,-6234934000.0,4084335000.0,4084335000.0,184689000.0,-0.215,-0.788,-0.432,-0.865,64295000.0,769613000.0,1.0,222957922.0,223014000,223014000.0,18.314,3080458000.0,53254000.0,-593297000.0,173706000.0,13.813,273557000.0
18,ENDP,MRT,2016-12-31,2016-12-31,2016-12-31,2021-08-06,-353434000.0,14275109000.0,17132736500.0,2589459000.0,11685650000.0,0.234,12.134,-138856000.0,799324000.0,799324000.0,2634973000.0,-3347050000.0,0.983,4.284,8272503000.0,131125000.0,8141378000.0,8272503000.0,0.0,983309000.0,0.0,0.0,0.0,-3594471000.0,-2611162000.0,-0.651,-2611162000.0,-3594471000.0,-4047150000.0,-15.03,-15.03,-15.03,2701589000.0,5234533500.0,2701589000.0,11128326847.0,-3.0,-4.262,389287000.0,1.748,1.0,1375301000.0,0.343,10588692000.0,452679000.0,8524851000.0,8207914250.0,555671000.0,2267000.0,0.0,2267000.0,11573520000.0,2634745000.0,8938775000.0,3670780847.0,-57903000.0,-38730000.0,5119000.0,-336361000.0,0.0,-397186000.0,-177552000.0,0.0,528143000.0,436000.0,-3347066000.0,-3347066000.0,-3347066000.0,123278000.0,16000.0,-0.835,4846478000.0,-3471177000.0,1454084000.0,0.0,1.359,-1.097,-1.096,669596000.0,0.0,16.47,0.915,0.914,992153000.0,-5688281000.0,4010274000.0,4010274000.0,183372000.0,-0.195,-0.639,-0.438,-0.896,59769000.0,770728000.0,1.0,222876797.0,222651000,222651000.0,18.011,3686417000.0,55620000.0,-700084000.0,201563000.0,16.557,-45286000.0
19,ENDP,MRT,2016-09-30,2016-09-30,2016-09-30,2021-08-06,-332145000.0,17683502000.0,18401543250.0,2247436000.0,15436066000.0,0.209,27.162,-118917000.0,837322000.0,837322000.0,2688463000.0,-127787000.0,0.844,1.922,8294868000.0,124250000.0,8170618000.0,8294868000.0,0.0,967136000.0,0.0,0.0,0.0,-1088503000.0,-121367000.0,-0.032,-121367000.0,-1088503000.0,-1552417000.0,-0.31,-0.31,-0.31,6050861000.0,6051143750.0,6050861000.0,11749708763.0,-11.0,-96.811,620393000.0,2.785,1.0,1153995000.0,0.3,14387198000.0,463914000.0,8091548000.0,8194292250.0,624302000.0,2361000.0,0.0,2361000.0,11632641000.0,2662302000.0,8970339000.0,4488748763.0,-211672000.0,-157331000.0,-245107000.0,-527019000.0,0.0,-903065000.0,-44402000.0,295020000.0,739310000.0,-4512000.0,-127673000.0,-127673000.0,-127673000.0,681049000.0,-114000.0,-0.033,1535968000.0,-381973000.0,306096000.0,0.0,0.742,-35.158,-65.0,671618000.0,0.0,20.15,1.168,1.168,669815000.0,-2350425000.0,3842458000.0,3842458000.0,181155000.0,-0.007,-0.021,-0.133,-0.283,57215000.0,770174000.0,1.0,222766688.0,222767000,222767000.0,17.249,3296304000.0,44162000.0,-1424744000.0,184030000.0,14.797,-414866000.0
20,ENDP,MRT,2016-06-30,2016-06-30,2016-06-30,2021-08-06,-326096000.0,17935535000.0,19350882500.0,2650416000.0,15285119000.0,0.191,28.121,-96858000.0,1056382000.0,1056382000.0,2573450000.0,-959356000.0,0.902,1.864,8317342000.0,117454000.0,8199888000.0,8317342000.0,0.0,860486000.0,0.0,0.0,0.0,-2142888000.0,-1282402000.0,-0.346,-1282402000.0,-2142888000.0,-2591064000.0,-4.35,-4.35,-4.35,6261538000.0,6137444500.0,6261538000.0,11292124353.0,-5.0,-8.805,657740000.0,2.954,1.0,1130400000.0,0.305,14513896000.0,448176000.0,7743759000.0,8520627500.0,626320000.0,2239000.0,33000.0,2206000.0,11673997000.0,2938840000.0,8735157000.0,3471290353.0,-1799051000.0,-5141405000.0,-245341000.0,2997862000.0,0.0,2583983000.0,-5140418000.0,154813000.0,754598000.0,1789000.0,-959196000.0,-959196000.0,-959196000.0,900408000.0,-160000.0,-0.259,2306536000.0,-1176136000.0,318459000.0,0.0,0.554,-3.619,-3.584,673294000.0,0.0,15.59,0.937,0.937,875058000.0,-2131506000.0,3703850000.0,3703850000.0,157597000.0,-0.05,-0.156,-0.251,-0.579,66017000.0,746660000.0,1.0,222661344.0,222667000,222863000.0,16.634,3421639000.0,56163000.0,-1631868000.0,149238000.0,15.367,-288424000.0
21,ENDP,MRT,2016-03-31,2016-03-31,2016-03-31,2021-08-06,-304358000.0,18636800000.0,18899977250.0,3079903000.0,15556897000.0,0.186,26.649,-90583000.0,743936000.0,743936000.0,2380090000.0,-1553478000.0,0.96,2.146,8564770000.0,335579000.0,8229191000.0,8564770000.0,0.0,749255000.0,0.0,0.0,0.0,-2225636000.0,-1476381000.0,-0.42,-1476381000.0,-2225636000.0,-2642504000.0,-7.24,-7.24,-7.24,5924146000.0,6110027500.0,5924146000.0,13977640864.0,-6.0,-9.468,71959000.0,0.324,1.0,1138039000.0,0.323,14779168000.0,416868000.0,8471499000.0,8359913250.0,670454000.0,2480000.0,39000.0,2441000.0,12712654000.0,3206967000.0,9505687000.0,6255005864.0,-92631000.0,-5145668000.0,1989639000.0,3136277000.0,0.0,4966481000.0,-5222210000.0,71009000.0,162542000.0,-441000.0,-1553193000.0,-1553193000.0,-1553193000.0,1013824000.0,-285000.0,-0.441,2283632000.0,-1145593000.0,303290000.0,0.0,1.056,-4.027,-3.888,674097000.0,0.0,28.15,1.778,1.779,867829000.0,-2475084000.0,3518129000.0,3518129000.0,125992000.0,-0.082,-0.254,-0.266,-0.633,62315000.0,708081000.0,1.0,222202695.0,222302000,222302000.0,15.826,3857632000.0,758854000.0,-1089311000.0,667997000.0,17.353,-127064000.0
22,ENDP,MRT,2015-12-31,2015-12-31,2015-12-31,2021-08-06,-384205000.0,19350336000.0,17777196500.0,3452537000.0,15897799000.0,0.184,30.279,-81774000.0,857727000.0,857727000.0,2075651000.0,-1495325000.0,0.994,2.242,8580362000.0,328705000.0,8251657000.0,8580362000.0,0.0,632756000.0,0.0,0.0,0.0,-2259293000.0,-1626537000.0,-0.498,-1626537000.0,-2259293000.0,-2632507000.0,-7.59,-7.59,-7.59,5968030000.0,5663890500.0,5968030000.0,21494884962.0,-10.0,-13.215,36727000.0,0.186,1.0,1193067000.0,0.365,15128296000.0,373214000.0,8470363000.0,8053051000.0,752493000.0,3889000.0,34000.0,3855000.0,13382360000.0,3474312000.0,9908048000.0,13863228962.0,-73543000.0,-6059269000.0,1987255000.0,4197423000.0,0.0,6001992000.0,-6183764000.0,1247000.0,118501000.0,-11269000.0,-1495042000.0,-1495042000.0,-1495042000.0,1194926000.0,-283000.0,-0.457,2190233000.0,-997166000.0,1510115000.0,0.0,2.323,-9.273,-8.066,675624000.0,0.0,61.22,4.241,3.691,1014808000.0,-2341215000.0,3268718000.0,3268718000.0,102197000.0,-0.084,-0.264,-0.281,-0.691,61185000.0,741304000.0,1.0,226449346.0,197100000,197100000.0,16.584,4222040000.0,746324000.0,-1137465000.0,879591000.0,21.421,-21775000.0
23,ENDP,MRT,2015-09-30,2015-09-30,2015-09-30,2021-08-06,-308684000.0,21480859000.0,15645654750.0,4799476000.0,16681383000.0,0.183,30.563,-74069000.0,1347673000.0,1347673000.0,1639763000.0,-1429975000.0,1.212,2.358,8979329000.0,89835000.0,8889494000.0,8979329000.0,0.0,480591000.0,0.0,0.0,0.0,-1470189000.0,-989598000.0,-0.346,-989598000.0,-1470189000.0,-1779974000.0,-7.11,-7.12,-7.11,6396064000.0,4765572250.0,6396064000.0,16842784636.0,-11.0,-17.02,-145929000.0,-0.697,1.0,1218135000.0,0.426,15755371000.0,309785000.0,9396889000.0,7372486750.0,946650000.0,4238000.0,768000.0,3470000.0,15084805000.0,3960255000.0,11124550000.0,14427654636.0,141938000.0,-5959557000.0,2237521000.0,4402252000.0,0.0,6560698000.0,-6353506000.0,-326705000.0,-71860000.0,-7750000.0,-1430062000.0,-1430062000.0,-1430062000.0,705348000.0,87000.0,-0.5,1940895000.0,-722760000.0,371696000.0,0.0,2.256,-10.089,-9.744,655950000.0,0.0,69.28,5.048,5.073,1837558000.0,-1971664000.0,2857898000.0,2857898000.0,88751000.0,-0.091,-0.3,-0.199,-0.514,58058000.0,663943000.0,1.0,208251366.0,209274000,209274000.0,13.656,5725488000.0,511354000.0,-349912000.0,1923591000.0,27.359,839221000.0
24,ENDP,MRT,2015-06-30,2015-06-30,2015-06-30,2021-08-06,-249077000.0,16131914000.0,12922827250.0,7536953000.0,8594961000.0,0.214,33.194,-78493000.0,3014523000.0,3014523000.0,1538497000.0,-631536000.0,2.161,1.622,5429653000.0,68423000.0,5361230000.0,5429653000.0,0.0,428014000.0,0.0,0.0,0.0,-515248000.0,-87234000.0,-0.032,-87234000.0,-515248000.0,-790537000.0,-3.73,-3.69,-3.73,6151870000.0,3789236500.0,6151870000.0,18872674458.0,-37.0,-216.345,234428000.0,1.265,1.0,1227790000.0,0.444,7958700000.0,275289000.0,7100902000.0,6231945250.0,625767000.0,4916000.0,893000.0,4023000.0,9979976000.0,3487442000.0,6492534000.0,14237137458.0,1116847000.0,-1794655000.0,2237654000.0,858332000.0,0.0,3076457000.0,-2266535000.0,-410371000.0,312921000.0,-20352000.0,-631704000.0,-631704000.0,-631704000.0,759568000.0,168000.0,-0.228,980190000.0,247600000.0,306179000.0,0.0,2.314,-22.538,-21.354,413931000.0,0.0,79.65,5.147,5.336,1318286000.0,-921221000.0,2766287000.0,2766287000.0,88237000.0,-0.049,-0.167,-0.083,-0.186,43048000.0,649623000.0,1.0,178746233.0,185328000,185328000.0,14.926,8173214000.0,832871000.0,-158833000.0,731264000.0,44.101,4049511000.0
25,ENDP,MRT,2015-03-31,2015-03-31,2015-03-31,2021-08-06,-257221000.0,14145677000.0,11380325250.0,5327869000.0,8817808000.0,0.231,24.4,-76622000.0,911623000.0,911623000.0,1403084000.0,-360624000.0,1.548,2.417,5547160000.0,160613000.0,5386547000.0,5547160000.0,0.0,376653000.0,0.0,0.0,0.0,-254569000.0,122084000.0,0.047,122084000.0,-254569000.0,-501430000.0,-2.24,-2.21,-2.24,4139598000.0,2953141250.0,4139598000.0,19341277721.0,-76.0,158.426,418289000.0,2.466,1.0,1220885000.0,0.465,8095144000.0,246861000.0,7244050000.0,5582499250.0,611401000.0,4452000.0,1103000.0,3349000.0,10005961000.0,3442020000.0,6563941000.0,15922667721.0,-649463000.0,-1880976000.0,2489000.0,1162905000.0,0.0,1197316000.0,-2344136000.0,-402522000.0,494911000.0,-11910000.0,-360125000.0,-360125000.0,-360125000.0,620125000.0,-499000.0,-0.137,832627000.0,388258000.0,312016000.0,0.0,3.846,-44.214,-40.045,406757000.0,0.0,89.7,6.068,5.8,1235383000.0,-670803000.0,2623969000.0,2623969000.0,99659000.0,-0.032,-0.122,-0.046,-0.097,38913000.0,619498000.0,1.0,177510231.0,169653000,176825000.0,15.467,6050533000.0,823183000.0,-141305000.0,797161000.0,35.664,1885849000.0
26,ENDP,MRT,2014-12-31,2014-12-31,2014-12-31,2021-08-06,-124088000.0,10824169000.0,10225898250.0,5112054000.0,5712115000.0,0.233,16.166,-80251000.0,936626000.0,936626000.0,1231497000.0,-718184000.0,1.615,3.544,4256564000.0,155937000.0,4100627000.0,4256564000.0,0.0,331651000.0,0.0,0.0,0.0,-455938000.0,-124287000.0,-0.052,-124287000.0,-455938000.0,-683052000.0,-4.91,-4.6,-4.91,2374757000.0,2660075500.0,2374757000.0,14534651085.0,-32.0,-116.944,257525000.0,1.753,1.0,1149186000.0,0.483,5230025000.0,227114000.0,5748106000.0,4797408750.0,414995000.0,2321000.0,815000.0,1506000.0,8415956000.0,3165976000.0,5249980000.0,11085799085.0,-120901000.0,-1031989000.0,-183000.0,249465000.0,0.0,302857000.0,-771853000.0,321255000.0,337776000.0,-4037000.0,-721319000.0,-721319000.0,-721319000.0,779792000.0,3135000.0,-0.303,790380000.0,358806000.0,294001000.0,0.0,4.668,-15.369,-14.688,387052000.0,0.0,72.12,4.657,4.45,1118720000.0,-595085000.0,2380683000.0,2380683000.0,112708000.0,-0.071,-0.271,-0.095,-0.192,32671000.0,567986000.0,1.0,153713243.0,146896000,156730000.0,16.207,5594144000.0,619233000.0,38267000.0,677508000.0,38.082,1946078000.0
27,ENDP,MRT,2014-09-30,2014-09-30,2014-09-30,2021-08-06,-44086000.0,10589549000.0,9162820000.0,2981503000.0,7608046000.0,0.198,16.246,-98956000.0,923686000.0,923686000.0,958290000.0,-1426684000.0,1.316,3.236,4372538000.0,153229000.0,4219309000.0,4372538000.0,0.0,292253000.0,0.0,0.0,0.0,-1123830000.0,-831577000.0,-0.459,-831577000.0,-1123830000.0,-1335270000.0,-11.76,-11.36,-11.76,2490721000.0,2197890750.0,2490721000.0,13410633866.0,-12.0,-16.127,159293000.0,1.039,1.0,852236000.0,0.471,6938922000.0,211440000.0,4834723000.0,4378282750.0,503611000.0,7920000.0,5336000.0,2584000.0,8059357000.0,2264756000.0,5794601000.0,10488128866.0,114445000.0,-989228000.0,-139000.0,947136000.0,0.0,992703000.0,-1135493000.0,-105946000.0,258249000.0,-1014000.0,-1443746000.0,-1443746000.0,-1443746000.0,1577858000.0,17062000.0,-0.797,349434000.0,502802000.0,273909000.0,0.0,4.211,-7.265,-5.811,413886000.0,0.0,68.34,5.793,5.787,1039835000.0,-541602000.0,1810526000.0,1810526000.0,70781000.0,-0.158,-0.657,-0.257,-0.621,30890000.0,344750000.0,1.0,153469840.0,153309000,158975000.0,11.81,3650627000.0,472849000.0,108476000.0,489706000.0,23.812,716747000.0
28,ENDP,MRT,2014-06-30,2014-06-30,2014-06-30,2021-08-06,48191000.0,9961906000.0,8129246750.0,3164777000.0,6797129000.0,0.224,18.426,-97976000.0,1493021000.0,1493021000.0,874933000.0,-1120020000.0,1.454,2.535,4415526000.0,185631000.0,4229895000.0,4415526000.0,0.0,273430000.0,0.0,0.0,0.0,-835877000.0,-562447000.0,-0.309,-562447000.0,-835877000.0,-1028448000.0,-9.77,-9.44,-9.77,2807489000.0,1894430000.0,2807489000.0,13450671121.0,-16.0,-23.915,30879000.0,0.203,1.0,942796000.0,0.519,6205058000.0,192571000.0,4503118000.0,3993205500.0,427199000.0,49530000.0,46279000.0,3251000.0,7117286000.0,2176235000.0,4941051000.0,10661565121.0,921637000.0,-140417000.0,-5000.0,977834000.0,0.0,1029273000.0,-241951000.0,5139000.0,128855000.0,5460000.0,-1151439000.0,-1151439000.0,-1151439000.0,1291416000.0,31419000.0,-0.633,426153000.0,516643000.0,275262000.0,0.0,3.798,-9.259,-7.167,386856000.0,0.0,70.02,5.865,5.869,875932000.0,-289518000.0,1817729000.0,1817729000.0,86655000.0,-0.142,-0.608,-0.209,-0.46,30621000.0,387211000.0,1.0,152264569.0,152368000,163369000.0,11.93,3756848000.0,279710000.0,122991000.0,230087000.0,24.656,988542000.0
29,ENDP,MRT,2014-03-31,2014-03-31,2014-03-31,2021-08-06,-178000.0,9527969000.0,7252179750.0,2790191000.0,6737778000.0,0.267,23.158,-91799000.0,1108785000.0,1108785000.0,844901000.0,-1092295000.0,1.376,2.187,3897891000.0,402245000.0,3495646000.0,3897891000.0,0.0,263432000.0,0.0,0.0,0.0,-807683000.0,-544251000.0,-0.281,-544251000.0,-807683000.0,-990405000.0,-9.6,-9.27,-9.6,2967335000.0,1490792750.0,2967335000.0,10379745751.0,-13.0,-19.072,18522000.0,0.145,1.0,1092128000.0,0.564,6185327000.0,182722000.0,4103688000.0,3757848500.0,464099000.0,76675000.0,74279000.0,2396000.0,6490606000.0,2028060000.0,4462546000.0,7937569751.0,700764000.0,-50043000.0,131000.0,771091000.0,0.0,792877000.0,-204550000.0,-52338000.0,110321000.0,2116000.0,-1137600000.0,-1137600000.0,-1137600000.0,1264865000.0,45305000.0,-0.587,580045000.0,512083000.0,298099000.0,0.0,2.675,-6.977,-7.151,381452000.0,0.0,68.65,4.098,4.541,790508000.0,-310678000.0,1937029000.0,1937029000.0,89642000.0,-0.157,-0.763,-0.215,-0.417,31193000.0,507147000.0,1.0,115623740.0,128135000,128135000.0,15.117,3342642000.0,264698000.0,147195000.0,250872000.0,26.087,762131000.0
30,ENDP,MRT,2013-12-31,2013-12-31,2013-12-31,2021-08-06,-4915000.0,6571856000.0,6458313000.0,2854507000.0,3717349000.0,0.329,4.643,-94626000.0,1296597000.0,1296597000.0,886603000.0,-632414000.0,1.682,11.381,3738773000.0,414929000.0,3323844000.0,3738773000.0,0.0,255663000.0,0.0,0.0,0.0,-367991000.0,-112328000.0,-0.053,-112328000.0,-367991000.0,-541597000.0,-6.05,-5.72,-6.05,526018000.0,1027551750.0,526018000.0,10212656563.0,-28.0,-90.918,203891000.0,1.8,1.0,1238078000.0,0.583,3245758000.0,173606000.0,4071602000.0,3629944250.0,374439000.0,2979000.0,0.0,2979000.0,5986640000.0,1696672000.0,4289968000.0,7750419563.0,-3905000.0,4505000.0,5310000.0,544521000.0,0.0,579525000.0,-883639000.0,-770000000.0,298517000.0,1692000.0,-685339000.0,-685339000.0,-685339000.0,874038000.0,52925000.0,-0.323,667794000.0,570284000.0,263241000.0,0.0,14.734,-11.309,-11.15,372077000.0,0.0,67.46,3.648,3.597,725827000.0,126234000.0,2124681000.0,2124681000.0,97465000.0,-0.106,-0.667,-0.101,-0.173,38998000.0,574313000.0,1.0,114889113.0,113295000,119829000.0,18.754,3326098000.0,257985000.0,143742000.0,313853000.0,29.358,1157835000.0
31,ENDP,MRT,2013-09-30,2013-09-30,2013-09-30,2021-08-06,-5939000.0,6455256000.0,6457488750.0,2042343000.0,4412913000.0,0.406,11.169,-62141000.0,594085000.0,594085000.0,967654000.0,-574447000.0,1.219,4.008,3056322000.0,411694000.0,2644628000.0,3056322000.0,0.0,270166000.0,0.0,0.0,0.0,-395791000.0,-125625000.0,-0.048,-125625000.0,-395791000.0,-569930000.0,-5.39,-5.42,-5.39,1276878000.0,1164261250.0,1276878000.0,7750295612.0,-20.0,-61.694,647078000.0,5.66,1.0,1653740000.0,0.631,3947532000.0,174139000.0,3294414000.0,3500546500.0,416512000.0,2433000.0,0.0,2433000.0,5117892000.0,1675547000.0,3442345000.0,5189467612.0,337168000.0,-4310000.0,-109744000.0,-165027000.0,0.0,-237247000.0,-136299000.0,0.0,709219000.0,1495000.0,-625695000.0,-625695000.0,-625695000.0,-2739000.0,51248000.0,-0.239,1989710000.0,-335970000.0,267851000.0,0.0,4.064,-8.294,-8.43,373990000.0,0.0,45.44,1.98,1.982,672001000.0,902144000.0,2621394000.0,2621394000.0,144921000.0,-0.097,-0.537,-0.113,-0.151,45763000.0,828713000.0,1.0,114204833.0,114327000,120261000.0,22.929,2507724000.0,262651000.0,55765000.0,461899000.0,21.935,366796000.0
32,ENDP,MRT,2013-06-30,2013-06-30,2013-06-30,2021-08-06,-8873000.0,6453638000.0,6598872500.0,1957267000.0,4496371000.0,0.411,10.601,-89007000.0,505608000.0,505608000.0,1004085000.0,-560877000.0,1.373,4.361,3066436000.0,72184000.0,2994252000.0,3066436000.0,0.0,281012000.0,0.0,0.0,0.0,-396149000.0,-115137000.0,-0.042,-115137000.0,-396149000.0,-572712000.0,-5.28,-5.3,-5.28,1192940000.0,1312091750.0,1192940000.0,6866855122.0,-17.0,-59.641,585564000.0,5.204,1.0,1706472000.0,0.63,4027571000.0,176563000.0,3561690000.0,3614001000.0,429942000.0,2018000.0,0.0,2018000.0,5202093000.0,1425205000.0,3776888000.0,4129342122.0,113662000.0,-7263000.0,-204853000.0,-249152000.0,0.0,-452354000.0,-109643000.0,0.0,674571000.0,1088000.0,-612109000.0,-612109000.0,-612109000.0,-17299000.0,51232000.0,-0.226,2055587000.0,-349115000.0,276458000.0,0.0,3.461,-6.746,-6.968,375079000.0,0.0,36.79,1.523,1.527,709404000.0,861921000.0,2710557000.0,2710557000.0,157186000.0,-0.093,-0.467,-0.11,-0.146,48563000.0,847797000.0,1.0,112240884.0,112531000,117221000.0,24.087,2426067000.0,273349000.0,39397000.0,476384000.0,21.559,532062000.0
33,ENDP,MRT,2013-03-31,2013-03-31,2013-03-31,2021-08-06,-9166000.0,6352502000.0,6760931750.0,1799019000.0,4553483000.0,0.412,10.02,-93116000.0,340517000.0,340517000.0,1025242000.0,-586893000.0,1.265,4.649,3078030000.0,71968000.0,3006062000.0,3078030000.0,0.0,285386000.0,0.0,0.0,0.0,-445268000.0,-159882000.0,-0.057,-159882000.0,-445268000.0,-625482000.0,-5.51,-5.52,-5.51,1114371000.0,1487083750.0,1114371000.0,6037535318.0,-14.0,-37.762,595078000.0,5.351,1.0,1758355000.0,0.632,4075761000.0,180214000.0,3592071000.0,3678407750.0,384757000.0,2539000.0,0.0,2539000.0,5180765000.0,1422183000.0,3758582000.0,3413506318.0,92214000.0,-6820000.0,-226336000.0,-244993000.0,0.0,-504375000.0,-91836000.0,18800000.0,688194000.0,231000.0,-637643000.0,-637643000.0,-637643000.0,-10937000.0,50750000.0,-0.229,2150709000.0,-392354000.0,272377000.0,0.0,3.063,-5.353,-5.583,382245000.0,0.0,30.76,1.226,1.229,711193000.0,826922000.0,2783597000.0,2783597000.0,169220000.0,-0.094,-0.429,-0.121,-0.16,60159000.0,837117000.0,1.0,110972247.0,111216000,113189000.0,25.029,2276741000.0,317742000.0,12161000.0,493152000.0,20.471,376836000.0
34,ENDP,MRT,2012-12-31,2012-12-31,2012-12-31,2021-08-06,-6802000.0,6568559000.0,6894608750.0,2213095000.0,4355464000.0,0.408,9.271,-98392000.0,529689000.0,529689000.0,1135681000.0,-688021000.0,1.264,5.066,3167187000.0,132156000.0,3035031000.0,3167187000.0,0.0,285524000.0,0.0,0.0,0.0,-593918000.0,-308394000.0,-0.11,-308394000.0,-593918000.0,-776752000.0,-6.4,-6.4,-6.4,1072856000.0,1680774250.0,1072856000.0,5930282827.0,-10.0,-19.23,635487000.0,5.492,1.0,1680055000.0,0.597,3900858000.0,182834000.0,3554011000.0,3750528500.0,344935000.0,1746000.0,0.0,1746000.0,5435353000.0,1751188000.0,3684165000.0,2992734827.0,296000.0,-3175000.0,-249938000.0,-363899000.0,0.0,-645547000.0,-88467000.0,18800000.0,733879000.0,431000.0,-740337000.0,-740337000.0,-740337000.0,-5987000.0,52316000.0,-0.263,2220429000.0,-540374000.0,412065000.0,0.0,2.79,-4.042,-4.098,359293000.0,0.0,26.23,1.063,1.078,650547000.0,811573000.0,2815736000.0,2815736000.0,219139000.0,-0.107,-0.44,-0.158,-0.211,59395000.0,864339000.0,1.0,114095441.0,115719000,115719000.0,24.333,2667701000.0,335427000.0,-36415000.0,496778000.0,23.053,461907000.0
35,ENDP,MRT,2012-09-30,2012-09-30,2012-09-30,2021-08-06,-7504000.0,7020791000.0,7075614750.0,1712499000.0,5308292000.0,0.399,16.102,-108342000.0,256917000.0,256917000.0,1131310000.0,65668000.0,1.263,2.725,3194465000.0,124947000.0,3069518000.0,3194465000.0,0.0,280007000.0,0.0,0.0,0.0,204329000.0,484336000.0,0.171,484336000.0,204329000.0,15061000.0,0.1,0.09,0.1,1868200000.0,1906982750.0,1868200000.0,6605979157.0,32.0,13.639,472374000.0,4.071,1.0,1693198000.0,0.599,4854475000.0,189268000.0,3748232000.0,3880429250.0,363747000.0,2631000.0,0.0,2631000.0,5090274000.0,1355632000.0,3734642000.0,3707819157.0,-162754000.0,-27588000.0,-128903000.0,-475775000.0,0.0,-657809000.0,-86061000.0,55569000.0,580716000.0,400000.0,12523000.0,12523000.0,12523000.0,-47707000.0,53145000.0,0.004,1472845000.0,220353000.0,258960000.0,0.0,1.985,296.081,317.2,333119000.0,0.0,31.72,1.313,1.303,759594000.0,1527839000.0,2824508000.0,2824508000.0,236051000.0,0.002,0.007,0.053,0.072,56733000.0,900564000.0,1.0,116892155.0,116022000,119579000.0,24.345,2166316000.0,304086000.0,2538000.0,581975000.0,18.672,356867000.0
36,ENDP,MRT,2012-06-30,2012-06-30,2012-06-30,2021-08-06,-11464000.0,7101875000.0,7160627750.0,1738448000.0,5363427000.0,0.396,16.18,-80847000.0,391946000.0,391946000.0,1139215000.0,53788000.0,1.378,2.72,3290106000.0,115966000.0,3174140000.0,3290106000.0,0.0,279238000.0,0.0,0.0,0.0,204226000.0,483464000.0,0.171,483464000.0,204226000.0,7671000.0,-0.01,-0.02,-0.01,1892908000.0,1921054750.0,1892908000.0,6681445366.0,33.0,13.82,583294000.0,4.986,1.0,1693889000.0,0.598,4918708000.0,196555000.0,3819317000.0,4024407750.0,327603000.0,1691000.0,0.0,1691000.0,5149255000.0,1262010000.0,3887245000.0,3630534366.0,-229923000.0,-36994000.0,-33657000.0,-771194000.0,0.0,-857284000.0,-37669000.0,85172000.0,664141000.0,889000.0,-637000.0,-637000.0,-637000.0,-47707000.0,54425000.0,0.0,1474148000.0,219741000.0,284484000.0,0.0,1.918,-5699.426,-3098.0,319543000.0,0.0,30.98,1.281,1.279,721850000.0,1474030000.0,2833104000.0,2833104000.0,230983000.0,0.0,0.0,0.051,0.072,60931000.0,934477000.0,1.0,117189618.0,116992000,121080000.0,24.216,2183167000.0,260843000.0,8308000.0,551128000.0,18.661,476438000.0
37,ENDP,MRT,2012-03-31,2012-03-31,2012-03-31,2021-08-06,-7194000.0,6887210000.0,7295864500.0,1473410000.0,5413800000.0,0.364,16.139,-74117000.0,248303000.0,248303000.0,1081342000.0,99245000.0,1.364,2.614,3299214000.0,102199000.0,3197015000.0,3299214000.0,0.0,256630000.0,0.0,0.0,0.0,259923000.0,516553000.0,0.195,516553000.0,259923000.0,83793000.0,0.38,0.34,0.38,1889133000.0,1915866750.0,1889133000.0,7485096413.0,29.0,14.49,483878000.0,4.134,1.0,1574185000.0,0.593,4976964000.0,176130000.0,3880554000.0,4144394750.0,288875000.0,18899000.0,0.0,18899000.0,4937325000.0,1080603000.0,3856722000.0,4520122413.0,-316859000.0,-2379175000.0,-22658000.0,1674708000.0,0.0,1519398000.0,-2394742000.0,65850000.0,557995000.0,490000.0,44481000.0,44481000.0,44481000.0,-47707000.0,54764000.0,0.017,1289860000.0,284325000.0,248583000.0,0.0,2.393,101.619,101.921,300052000.0,0.0,38.73,1.702,1.707,657135000.0,1464565000.0,2655527000.0,2655527000.0,226396000.0,0.006,0.023,0.063,0.098,53412000.0,878988000.0,1.0,116708557.0,117052000,117052000.0,22.687,1910246000.0,233507000.0,39312000.0,573760000.0,16.32,392807000.0
38,ENDP,MRT,2011-12-31,2011-12-31,2011-12-31,2021-08-06,-9436000.0,7292583000.0,6575585750.0,1788096000.0,5504487000.0,0.384,16.946,-57757000.0,547620000.0,547620000.0,948080000.0,242065000.0,1.594,2.656,3512594000.0,88265000.0,3424329000.0,3512594000.0,0.0,237414000.0,0.0,0.0,0.0,447721000.0,685135000.0,0.271,685135000.0,447721000.0,299697000.0,1.61,1.55,1.61,1977690000.0,1894174750.0,1977690000.0,7254206649.0,16.0,10.588,644358000.0,5.521,1.0,1576840000.0,0.625,5062165000.0,148024000.0,4073614000.0,3554003000.0,262419000.0,19105000.0,0.0,19105000.0,5252992000.0,1121778000.0,4131214000.0,4034359649.0,81406000.0,-2380407000.0,-5748000.0,1890140000.0,0.0,1752681000.0,-2374092000.0,66372000.0,702115000.0,702000.0,187613000.0,187613000.0,187613000.0,-47707000.0,54452000.0,0.074,1110455000.0,466385000.0,260385000.0,0.0,2.04,21.504,21.447,297731000.0,0.0,34.53,1.598,1.596,733222000.0,1551910000.0,2524920000.0,2524920000.0,179838000.0,0.029,0.099,0.126,0.177,46247000.0,783920000.0,1.0,116836364.0,116706000,121178000.0,21.635,2230418000.0,215103000.0,112084000.0,653049000.0,19.111,666318000.0
39,ENDP,MRT,2011-09-30,2011-09-30,2011-09-30,2021-08-06,-7298000.0,7360843000.0,5730537250.0,1677104000.0,5683739000.0,0.425,16.475,-46679000.0,419671000.0,419671000.0,939975000.0,297885000.0,1.688,2.792,3639518000.0,74334000.0,3565184000.0,3639518000.0,0.0,207732000.0,0.0,0.0,0.0,486672000.0,694404000.0,0.285,694404000.0,486672000.0,375696000.0,2.1,2.02,2.1,1924488000.0,1835150000.0,1924488000.0,6671597474.0,14.0,9.608,542514000.0,4.644,1.0,1497930000.0,0.614,5262908000.0,110976000.0,4324146000.0,2919193500.0,282540000.0,61406000.0,41010000.0,20396000.0,5373278000.0,993636000.0,4379642000.0,3263293474.0,-354404000.0,-3127720000.0,-767000.0,2349146000.0,0.0,2204069000.0,-3148063000.0,29036000.0,589193000.0,397000.0,244004000.0,244004000.0,244004000.0,0.0,53881000.0,0.1,948829000.0,549101000.0,243647000.0,0.0,1.696,13.374,13.329,273488000.0,0.0,27.99,1.339,1.341,721984000.0,1515316000.0,2437905000.0,2437905000.0,166110000.0,0.043,0.133,0.167,0.2,40614000.0,725081000.0,1.0,116587834.0,116816000,120847000.0,20.87,2097935000.0,182475000.0,131692000.0,742212000.0,17.959,683468000.0
40,ENDP,MRT,2011-06-30,2011-06-30,2011-06-30,2021-08-06,-1543000.0,7642822000.0,4581265000.0,1893634000.0,5749188000.0,0.463,16.048,-36693000.0,621869000.0,621869000.0,771723000.0,311052000.0,1.316,3.05,4030173000.0,601498000.0,3428675000.0,4030173000.0,0.0,163188000.0,0.0,0.0,0.0,459899000.0,623087000.0,0.294,623087000.0,459899000.0,388736000.0,2.22,2.14,2.22,1872156000.0,1761154500.0,1872156000.0,5188156990.0,11.0,8.327,454910000.0,3.899,1.0,1351207000.0,0.636,5312597000.0,71163000.0,4299265000.0,1967592000.0,303658000.0,92208000.0,71003000.0,21205000.0,5709788000.0,1439264000.0,4270524000.0,4681673990.0,-370402000.0,-3448010000.0,-4852000.0,2707042000.0,0.0,2557593000.0,-3419702000.0,67701000.0,491603000.0,104000.0,257561000.0,257561000.0,257561000.0,0.0,53491000.0,0.121,829269000.0,521938000.0,273962000.0,0.0,2.501,18.177,18.095,271833000.0,0.0,40.17,2.205,2.207,654056000.0,1474667000.0,2122930000.0,2122930000.0,153671000.0,0.056,0.146,0.234,0.217,31529000.0,618538000.0,1.0,116546527.0,116663000,122686000.0,18.197,2330225000.0,208857000.0,131175000.0,748215000.0,19.974,454370000.0
41,ENDP,MRT,2011-03-31,2011-03-31,2011-03-31,2021-08-06,-1011000.0,4006095000.0,3319608750.0,1498174000.0,2507921000.0,0.576,15.49,-28931000.0,565162000.0,565162000.0,642242000.0,294960000.0,1.901,1.189,1071645000.0,27525000.0,1044120000.0,1071645000.0,0.0,134624000.0,0.0,0.0,0.0,440782000.0,575406000.0,0.301,575406000.0,440782000.0,385195000.0,2.19,2.14,2.19,1802365000.0,1685982250.0,1802365000.0,5080243830.0,12.0,8.829,446368000.0,3.836,1.0,1269601000.0,0.664,2205499000.0,55587000.0,1518987000.0,1037225000.0,205296000.0,23701000.0,0.0,23701000.0,2142372000.0,788092000.0,1354280000.0,4475663830.0,-254810000.0,-1106272000.0,-15748000.0,275540000.0,0.0,208795000.0,-938904000.0,196699000.0,475299000.0,0.0,254438000.0,254438000.0,254438000.0,0.0,40522000.0,0.133,788297000.0,481304000.0,265516000.0,0.0,2.483,17.59,17.425,213452000.0,0.0,38.16,2.341,2.322,549281000.0,1420084000.0,1911843000.0,1911843000.0,157487000.0,0.077,0.151,0.425,0.231,26754000.0,573656000.0,1.0,117286788.0,116354000,120761000.0,16.431,1800596000.0,148890000.0,130757000.0,224616000.0,15.475,710082000.0
42,ENDP,MRT,2010-12-31,2010-12-31,2010-12-31,2021-08-06,-1161000.0,3912389000.0,2952997750.0,1359534000.0,2552855000.0,0.581,14.993,-19535000.0,466214000.0,466214000.0,504757000.0,287020000.0,1.848,1.211,1070794000.0,24993000.0,1045801000.0,1070794000.0,0.0,108404000.0,0.0,0.0,0.0,439285000.0,547689000.0,0.319,547689000.0,439285000.0,392684000.0,2.23,2.2,2.23,1741591000.0,1618985250.0,1741591000.0,3695940577.0,8.0,6.748,434111000.0,3.737,1.0,1211472000.0,0.706,2246765000.0,46601000.0,1534376000.0,826748750.0,178805000.0,23509000.0,0.0,23509000.0,2109060000.0,735828000.0,1373232000.0,4127733577.0,-242248000.0,-1105040000.0,-38091000.0,279642000.0,0.0,200429000.0,-896323000.0,228652000.0,453646000.0,0.0,259006000.0,259006000.0,259006000.0,0.0,28014000.0,0.151,744173000.0,467299000.0,241114000.0,0.0,2.37,15.937,16.013,215295000.0,0.0,35.71,2.405,2.417,547807000.0,1364297000.0,1716229000.0,1716229000.0,144525000.0,0.088,0.16,0.531,0.256,23129000.0,547605000.0,1.0,115590411.0,116164000,117951000.0,14.774,1665624000.0,143867000.0,133678000.0,217334000.0,14.339,623706000.0
43,ENDP,MRT,2010-09-30,2010-09-30,2010-09-30,2021-08-06,-1943000.0,2763754000.0,2597101250.0,1410697000.0,1353057000.0,0.615,14.103,-15918000.0,774075000.0,774075000.0,434882000.0,329135000.0,2.344,0.66,342282000.0,64563000.0,277719000.0,342282000.0,0.0,93758000.0,0.0,0.0,0.0,466110000.0,559868000.0,0.351,559868000.0,466110000.0,423838000.0,2.68,2.67,2.68,1628506000.0,1557940250.0,1628506000.0,3175588980.0,7.0,5.672,343457000.0,2.974,1.0,1161563000.0,0.728,1212451000.0,42272000.0,517740000.0,622339000.0,94792000.0,22432000.0,250000.0,22182000.0,1074559000.0,601770000.0,472789000.0,3836389980.0,317322000.0,-158349000.0,-49640000.0,-39123000.0,0.0,-106545000.0,64492000.0,243244000.0,359375000.0,0.0,313869000.0,313869000.0,313869000.0,0.0,15266000.0,0.197,680187000.0,481376000.0,157781000.0,0.0,2.356,12.223,12.403,74985000.0,0.0,33.24,2.403,2.404,419120000.0,1271313000.0,1596445000.0,1596445000.0,153974000.0,0.121,0.201,0.749,0.292,21948000.0,549405000.0,1.0,115414861.0,115469000,116597000.0,13.826,1551303000.0,103416000.0,109969000.0,27374000.0,13.435,808927000.0
44,ENDP,MRT,2010-06-30,2010-06-30,2010-06-30,2021-08-06,-1979000.0,2596197000.0,2531229750.0,1628392000.0,967805000.0,0.598,13.54,-12569000.0,992271000.0,992271000.0,398269000.0,309085000.0,3.305,0.652,331470000.0,0.0,331470000.0,331470000.0,0.0,88689000.0,0.0,0.0,0.0,454918000.0,543607000.0,0.359,543607000.0,454918000.0,415421000.0,2.63,2.63,2.63,1571467000.0,1486843000.0,1571467000.0,2043879400.0,4.0,3.76,318621000.0,2.745,1.0,1115100000.0,0.737,864872000.0,39497000.0,577797000.0,637267500.0,85280000.0,22010000.0,0.0,22010000.0,1024730000.0,492727000.0,532003000.0,2536929400.0,497282000.0,174187000.0,-46111000.0,-117163000.0,0.0,-167942000.0,334034000.0,176901000.0,331190000.0,0.0,309085000.0,309085000.0,309085000.0,0.0,0.0,0.204,664207000.0,450893000.0,178751000.0,0.0,1.614,8.208,8.297,44962000.0,0.0,21.82,1.676,1.673,354361000.0,1217106000.0,1513369000.0,1513369000.0,182219000.0,0.122,0.208,0.714,0.301,22375000.0,551511000.0,1.0,116266242.0,116060000,116660000.0,13.04,1731325000.0,107778000.0,106336000.0,50467000.0,14.917,1135665000.0
45,ENDP,MRT,2010-03-31,2010-03-31,2010-03-31,2021-08-06,-1413000.0,2539651000.0,2530061750.0,1370292000.0,1169359000.0,0.589,13.076,-11171000.0,819972000.0,819972000.0,386122000.0,287654000.0,2.889,0.655,326922000.0,0.0,326922000.0,326922000.0,0.0,86987000.0,0.0,0.0,0.0,427543000.0,514530000.0,0.345,514530000.0,427543000.0,387614000.0,2.45,2.45,2.45,1534377000.0,1415874000.0,1534377000.0,2391081008.0,6.0,4.647,358609000.0,3.056,1.0,1103831000.0,0.741,895158000.0,39929000.0,677082000.0,647418750.0,87050000.0,220783000.0,28749000.0,192034000.0,1005274000.0,474361000.0,530913000.0,2778524008.0,425815000.0,174187000.0,-25818000.0,-120760000.0,0.0,-151321000.0,207356000.0,48825000.0,369780000.0,0.0,287654000.0,287654000.0,287654000.0,0.0,0.0,0.193,680313000.0,423518000.0,171030000.0,0.0,1.811,9.659,9.669,46243000.0,0.0,23.69,1.865,1.866,324324000.0,1165646000.0,1489953000.0,1489953000.0,186071000.0,0.114,0.203,0.66,0.287,21689000.0,547852000.0,1.0,117286788.0,117347000,118031000.0,12.697,1644493000.0,92137000.0,99960000.0,69607000.0,14.014,895931000.0
46,ENDP,MRT,2009-12-31,2009-12-31,2009-12-31,2021-08-06,-1881000.0,2488803000.0,2535374750.0,1280581000.0,1208222000.0,0.576,12.786,-12415000.0,709977000.0,709977000.0,375058000.0,266336000.0,2.712,0.662,322534000.0,0.0,322534000.0,322534000.0,0.0,80381000.0,0.0,0.0,0.0,397378000.0,477759000.0,0.327,477759000.0,397378000.0,359660000.0,2.27,2.27,2.27,1497411000.0,1345162500.0,1497411000.0,2090627502.0,5.0,4.376,282991000.0,2.416,1.0,1085783000.0,0.743,912443000.0,37718000.0,716737000.0,643991000.0,84893000.0,252726000.0,40934000.0,211792000.0,991392000.0,472180000.0,519212000.0,2406159502.0,-67231000.0,-250359000.0,8037000.0,-120720000.0,0.0,-117128000.0,-245509000.0,21750000.0,295406000.0,0.0,266336000.0,266336000.0,266336000.0,0.0,0.0,0.182,692430000.0,393353000.0,176076000.0,0.0,1.607,9.034,9.04,47529000.0,0.0,20.52,1.647,1.645,323501000.0,1105291000.0,1460841000.0,1460841000.0,185317000.0,0.105,0.198,0.617,0.272,19844000.0,534523000.0,1.0,117259235.0,117112000,117515000.0,12.474,1576360000.0,104195000.0,93324000.0,58678000.0,13.46,808401000.0
47,ENDP,MRT,2009-09-30,2009-09-30,2009-09-30,2021-08-06,-1889000.0,2500268000.0,2390357250.0,1178915000.0,1321353000.0,0.593,11.468,-8769000.0,633710000.0,633710000.0,352066000.0,191174000.0,1.935,0.86,318178000.0,0.0,318178000.0,318178000.0,0.0,70560000.0,0.0,0.0,0.0,342667000.0,413227000.0,0.292,413227000.0,342667000.0,312269000.0,1.62,1.62,1.62,1344117000.0,1272587500.0,1344117000.0,2413203509.0,7.0,5.84,337764000.0,2.882,1.0,1064705000.0,0.752,997880000.0,30398000.0,577454000.0,615702500.0,97133000.0,265450000.0,20080000.0,245370000.0,1156151000.0,609402000.0,546749000.0,2651768509.0,-176206000.0,-425359000.0,-2665000.0,-121484000.0,0.0,-123611000.0,-399128000.0,35000000.0,346533000.0,0.0,191174000.0,191174000.0,191174000.0,0.0,0.0,0.135,726063000.0,338642000.0,172279000.0,0.0,1.973,13.871,13.969,46341000.0,0.0,22.63,1.872,1.872,307375000.0,957443000.0,1416771000.0,1416771000.0,164579000.0,0.08,0.15,0.557,0.242,18221000.0,519808000.0,1.0,117179342.0,117207000,117643000.0,12.088,1502388000.0,107148000.0,121095000.0,91863000.0,12.818,569513000.0
48,ENDP,MRT,2009-06-30,2009-06-30,2009-06-30,2021-08-06,-2264000.0,2591525000.0,2228783000.0,1228026000.0,1363499000.0,0.616,10.99,-10055000.0,673495000.0,673495000.0,325786000.0,207746000.0,1.777,1.013,434930000.0,68380000.0,366550000.0,434930000.0,0.0,61165000.0,0.0,0.0,0.0,360452000.0,421617000.0,0.307,421617000.0,360452000.0,338857000.0,1.75,1.75,1.75,1287591000.0,1195525500.0,1287591000.0,1958621764.0,5.0,4.645,367441000.0,3.136,1.0,1046726000.0,0.763,1043501000.0,21595000.0,618402000.0,672434000.0,98926000.0,267078000.0,25658000.0,241420000.0,1303934000.0,691057000.0,612877000.0,2099423764.0,-70188000.0,-424546000.0,-41568000.0,-4639000.0,0.0,-45692000.0,-401992000.0,32609000.0,377496000.0,0.0,207746000.0,207746000.0,207746000.0,0.0,0.0,0.151,686274000.0,360452000.0,151956000.0,0.0,1.631,10.106,10.24,48520000.0,0.0,17.92,1.53,1.53,310754000.0,908021000.0,1372512000.0,1372512000.0,127054000.0,0.093,0.174,0.536,0.263,16131000.0,496135000.0,1.0,117155344.0,117158000,117350000.0,11.715,1548024000.0,101599000.0,131111000.0,121236000.0,13.213,536969000.0
49,ENDP,MRT,2009-03-31,2009-03-31,2009-03-31,2021-08-06,-2847000.0,2560903000.0,2023771500.0,1152758000.0,1408145000.0,0.645,10.713,-14548000.0,574962000.0,574962000.0,293710000.0,234845000.0,1.664,1.046,434160000.0,71749000.0,362411000.0,434160000.0,0.0,54056000.0,0.0,0.0,0.0,377211000.0,431267000.0,0.33,431267000.0,377211000.0,366460000.0,1.95,1.95,1.95,1251531000.0,1123518750.0,1251531000.0,1659371682.0,4.0,3.848,300657000.0,2.574,1.0,1011855000.0,0.775,1063997000.0,10751000.0,663371000.0,723688250.0,94708000.0,264677000.0,0.0,264677000.0,1309372000.0,692733000.0,616639000.0,2063369682.0,-156383000.0,-424546000.0,-365926000.0,370455000.0,0.0,-102455000.0,-369133000.0,69961000.0,315205000.0,0.0,234845000.0,234845000.0,234845000.0,0.0,0.0,0.18,634644000.0,377211000.0,149652000.0,0.0,1.649,8.786,9.067,50006000.0,0.0,17.68,1.58,1.582,361709000.0,877992000.0,1305565000.0,1305565000.0,105043000.0,0.116,0.209,0.521,0.289,14723000.0,493067000.0,1.0,116706430.0,116822000,117209000.0,11.176,1496906000.0,102779000.0,131615000.0,157668000.0,12.814,460025000.0
50,ENDP,MRT,2008-12-31,2008-12-31,2008-12-31,2021-08-06,-1656000.0,1908733000.0,1828251500.0,1183694000.0,725039000.0,0.689,9.794,-17401000.0,775693000.0,775693000.0,267235000.0,255336000.0,3.063,0.581,243150000.0,0.0,243150000.0,243150000.0,0.0,46445000.0,0.0,0.0,0.0,385721000.0,432166000.0,0.343,432166000.0,385721000.0,391828000.0,2.07,2.06,2.07,1207111000.0,1145962000.0,1207111000.0,3212538922.0,8.0,7.434,338226000.0,2.744,1.0,993301000.0,0.788,386134000.0,-6107000.0,603583000.0,664426500.0,80656000.0,273025000.0,6500000.0,266525000.0,701622000.0,386473000.0,315149000.0,3474139922.0,425368000.0,-15000000.0,-372210000.0,370115000.0,0.0,-110066000.0,179807000.0,297208000.0,355627000.0,0.0,255336000.0,255336000.0,255336000.0,0.0,0.0,0.203,607580000.0,385721000.0,160468000.0,0.0,2.878,13.606,12.502,44378000.0,0.0,25.88,2.756,2.53,246326000.0,838955000.0,1260536000.0,1260536000.0,110211000.0,0.14,0.223,0.581,0.306,17119000.0,488063000.0,1.0,134240337.0,123248000,123720000.0,10.228,1522599000.0,50004000.0,136492000.0,1270000.0,12.354,797221000.0
51,ENDP,MRT,2008-09-30,2008-09-30,2008-09-30,2021-08-06,-25278000.0,1853971000.0,1776727750.0,1090321000.0,763650000.0,0.685,8.673,-20512000.0,632959000.0,632959000.0,252599000.0,233248000.0,2.787,0.79,371358000.0,0.0,371358000.0,371358000.0,0.0,36776000.0,0.0,0.0,0.0,318478000.0,355254000.0,0.292,355254000.0,318478000.0,362286000.0,1.83,1.83,1.83,1035869000.0,1167256750.0,1035869000.0,2211373080.0,7.0,6.225,285908000.0,2.394,1.0,965183000.0,0.793,396817000.0,-43808000.0,804380000.0,689362500.0,91628000.0,281268000.0,26511000.0,254757000.0,818102000.0,391173000.0,426929000.0,2405770080.0,358075000.0,-15000000.0,-361480000.0,370595000.0,0.0,-117927000.0,169582000.0,291190000.0,306420000.0,0.0,233248000.0,233248000.0,233248000.0,0.0,0.0,0.192,621600000.0,343583000.0,135799000.0,0.0,2.322,10.314,10.929,43169000.0,0.0,20.0,1.976,1.962,253087000.0,770418000.0,1217782000.0,1217782000.0,136836000.0,0.131,0.2,0.462,0.262,16701000.0,477225000.0,1.0,120288504.0,119439000,119954000.0,10.196,1457154000.0,110869000.0,129038000.0,29318000.0,12.2,699148000.0
52,ENDP,MRT,2008-06-30,2008-06-30,2008-06-30,2021-08-06,-26925000.0,1771479000.0,1714228000.0,1001194000.0,770285000.0,0.683,8.128,-24586000.0,565177000.0,565177000.0,232581000.0,226401000.0,2.879,0.772,370780000.0,0.0,370780000.0,370780000.0,0.0,29404000.0,0.0,0.0,0.0,301274000.0,330678000.0,0.283,330678000.0,301274000.0,346440000.0,1.72,1.72,1.72,999564000.0,1217577000.0,999564000.0,2395227584.0,8.0,7.243,258756000.0,2.104,1.0,937903000.0,0.801,405891000.0,-45166000.0,823419000.0,669938250.0,89406000.0,297989000.0,34636000.0,263353000.0,771915000.0,347772000.0,424143000.0,2945767584.0,119348000.0,-15000000.0,-321634000.0,370405000.0,0.0,-77440000.0,-86554000.0,39128000.0,283342000.0,0.0,226401000.0,226401000.0,226401000.0,0.0,0.0,0.193,621300000.0,316603000.0,150264000.0,0.0,2.947,13.011,14.064,46411000.0,0.0,24.19,2.517,2.542,234153000.0,702172000.0,1170484000.0,1170484000.0,142961000.0,0.132,0.186,0.45,0.257,15653000.0,470809000.0,1.0,121776254.0,122985000,123531000.0,9.517,1365588000.0,106409000.0,120039000.0,3919000.0,11.104,653422000.0
53,ENDP,MRT,2008-03-31,2008-03-31,2008-03-31,2021-08-06,-12029000.0,1778823000.0,1653257500.0,985925000.0,792898000.0,0.678,9.999,-22920000.0,550540000.0,550540000.0,224278000.0,229819000.0,2.603,0.326,0.0,0.0,0.0,0.0,0.0,20796000.0,0.0,0.0,0.0,312720000.0,333516000.0,0.297,333516000.0,312720000.0,357458000.0,1.71,1.71,1.71,1341304000.0,1260211000.0,1341304000.0,2861106132.0,9.0,8.579,289814000.0,2.161,1.0,897192000.0,0.8,423174000.0,-44738000.0,426324000.0,585236000.0,82210000.0,351602000.0,40205000.0,311397000.0,437519000.0,378785000.0,58734000.0,3211431132.0,-180317000.0,-15000000.0,6671000.0,-1070000.0,0.0,-10895000.0,-482156000.0,-359236000.0,312734000.0,0.0,229819000.0,229819000.0,229819000.0,0.0,0.0,0.205,577407000.0,319785000.0,151328000.0,0.0,2.394,13.974,14.0,46879000.0,0.0,23.94,2.864,2.864,231263000.0,643147000.0,1121470000.0,1121470000.0,144084000.0,0.139,0.182,0.534,0.279,15257000.0,432750000.0,1.0,134144993.0,134141000,134652000.0,8.36,1355649000.0,65391000.0,127639000.0,38300000.0,10.106,607140000.0
54,ENDP,MRT,2007-12-31,2007-12-31,2007-12-31,2021-08-06,3025000.0,1702638000.0,1564003250.0,1065447000.0,637191000.0,0.694,9.651,-19845000.0,350325000.0,350325000.0,217369000.0,227440000.0,2.684,0.318,0.0,0.0,0.0,0.0,0.0,17405000.0,0.0,0.0,0.0,317824000.0,335229000.0,0.309,335229000.0,317824000.0,353250000.0,1.7,1.69,1.7,1292290000.0,1199876250.0,1292290000.0,3301886987.0,10.0,9.85,345897000.0,2.583,1.0,868239000.0,0.8,252028000.0,-35426000.0,703327000.0,510085000.0,69228000.0,642696000.0,313386000.0,329310000.0,410348000.0,396958000.0,13390000.0,3576770987.0,-277760000.0,0.0,7731000.0,-1118000.0,0.0,-28974000.0,-614528000.0,-594683000.0,365742000.0,0.0,227440000.0,227440000.0,227440000.0,0.0,0.0,0.21,550415000.0,317824000.0,178869000.0,0.0,2.768,15.726,15.688,44920000.0,0.0,26.67,3.295,3.29,249784000.0,583619000.0,1085608000.0,1085608000.0,138255000.0,0.145,0.19,0.623,0.293,13928000.0,411869000.0,1.0,134112148.0,133903000,134525000.0,8.107,1450610000.0,60396000.0,125810000.0,17140000.0,10.833,668489000.0
55,ENDP,MRT,2007-09-30,2007-09-30,2007-09-30,2021-08-06,2103000.0,1603972000.0,1487516000.0,1236275000.0,367697000.0,0.699,9.238,-20068000.0,274884000.0,274884000.0,220662000.0,191616000.0,3.553,0.297,0.0,0.0,0.0,0.0,0.0,17550000.0,0.0,0.0,0.0,310694000.0,328244000.0,0.315,328244000.0,310694000.0,309267000.0,1.43,1.43,1.43,1237150000.0,1137050750.0,1237150000.0,3710547974.0,12.0,11.304,337154000.0,2.518,1.0,819835000.0,0.788,254469000.0,1427000.0,726683000.0,377098250.0,74509000.0,658016000.0,608000000.0,50016000.0,366822000.0,347936000.0,18886000.0,4156376974.0,-399766000.0,-20473000.0,9236000.0,-1277000.0,0.0,-101603000.0,-655385000.0,-615940000.0,357222000.0,0.0,191616000.0,191616000.0,191616000.0,0.0,0.0,0.184,541716000.0,278119000.0,183774000.0,0.0,3.36,21.691,21.685,44783000.0,0.0,31.01,3.995,3.991,214252000.0,533021000.0,1040497000.0,1040497000.0,110910000.0,0.129,0.169,0.824,0.299,33882000.0,386441000.0,1.0,134033440.0,133915000,134611000.0,7.77,1349503000.0,50950000.0,117651000.0,12260000.0,10.077,888339000.0
56,ENDP,MRT,2007-06-30,2007-06-30,2007-06-30,2021-08-06,559000.0,1527597000.0,1452298000.0,1167356000.0,360241000.0,0.68,8.744,-16564000.0,445829000.0,445829000.0,214059000.0,177360000.0,3.422,0.306,0.0,0.0,0.0,0.0,0.0,17118000.0,0.0,0.0,0.0,293208000.0,310326000.0,0.314,310326000.0,293208000.0,291824000.0,1.33,1.32,1.33,1170100000.0,1084448750.0,1170100000.0,3848205489.0,13.0,12.401,328765000.0,2.457,1.0,774093000.0,0.783,256021000.0,1384000.0,484610000.0,215516000.0,72904000.0,411083000.0,360925000.0,50158000.0,357497000.0,341137000.0,16360000.0,4579062489.0,-166875000.0,-20473000.0,10773000.0,-1571000.0,0.0,-98951000.0,-413253000.0,-363412000.0,345329000.0,0.0,177360000.0,177360000.0,177360000.0,0.0,0.0,0.179,510535000.0,263558000.0,160410000.0,0.0,3.913,25.818,25.737,43304000.0,0.0,34.23,4.634,4.636,222118000.0,473874000.0,988152000.0,988152000.0,97076000.0,0.122,0.164,1.36,0.297,33976000.0,364458000.0,1.0,133773371.0,133820000,134504000.0,7.384,1271576000.0,54552000.0,114464000.0,21621000.0,9.502,826219000.0
57,ENDP,MRT,2007-03-31,2007-03-31,2007-03-31,2021-08-06,852000.0,1421806000.0,1419215250.0,1062121000.0,359685000.0,0.676,8.231,-13381000.0,730857000.0,730857000.0,209777000.0,174450000.0,3.452,0.293,0.0,0.0,0.0,0.0,0.0,17449000.0,0.0,0.0,0.0,293460000.0,310909000.0,0.324,310909000.0,293460000.0,292076000.0,1.31,1.3,1.31,1099965000.0,1035029000.0,1099965000.0,3299966239.0,11.0,10.614,295159000.0,2.209,1.0,749248000.0,0.781,257573000.0,1384000.0,125720000.0,115386750.0,67434000.0,50239000.0,0.0,50239000.0,321841000.0,307656000.0,14185000.0,3928051239.0,146954000.0,-20473000.0,7968000.0,-2116000.0,0.0,-103032000.0,-58554000.0,-2800000.0,308540000.0,0.0,174450000.0,174450000.0,174450000.0,0.0,0.0,0.182,482832000.0,266416000.0,155629000.0,0.0,3.571,22.517,22.443,39189000.0,0.0,29.4,4.096,4.097,201406000.0,413328000.0,959025000.0,959025000.0,89228000.0,0.123,0.169,2.543,0.306,33024000.0,340257000.0,1.0,133607185.0,133629000,134277000.0,7.177,1164233000.0,50913000.0,117626000.0,9059000.0,8.712,754465000.0
58,ENDP,MRT,2006-12-31,2006-12-31,2006-12-31,2021-08-06,1117000.0,1396689000.0,1399509500.0,1036014000.0,360675000.0,0.65,7.817,-13076000.0,628085000.0,628085000.0,208889000.0,137839000.0,3.064,0.342,0.0,0.0,0.0,0.0,0.0,17498000.0,0.0,0.0,0.0,235118000.0,252616000.0,0.278,252616000.0,235118000.0,233734000.0,1.03,1.03,1.03,1040988000.0,987869250.0,1040988000.0,3007506184.0,13.0,11.905,332258000.0,2.495,1.0,700770000.0,0.77,259125000.0,1384000.0,171380000.0,98159000.0,62129000.0,59682000.0,0.0,59682000.0,355701000.0,338099000.0,17602000.0,3682156184.0,127129000.0,-20473000.0,8443000.0,-2367000.0,0.0,-151756000.0,-66449000.0,0.0,345334000.0,0.0,137839000.0,137839000.0,137839000.0,0.0,0.0,0.152,490241000.0,210529000.0,161340000.0,0.0,3.537,26.713,26.777,36565000.0,0.0,27.58,4.048,4.038,279159000.0,358831000.0,909659000.0,909659000.0,86629000.0,0.098,0.14,2.395,0.258,32279000.0,346303000.0,1.0,133508201.0,133178000,133911000.0,6.83,1137564000.0,56723000.0,95895000.0,12231000.0,8.542,697915000.0
59,ENDP,MRT,2006-09-30,2006-09-30,2006-09-30,2021-08-06,796000.0,1463100000.0,1393256750.0,1073061000.0,390039000.0,0.639,7.704,-10861000.0,674650000.0,674650000.0,202605000.0,195946000.0,2.583,0.425,0.0,0.0,0.0,0.0,0.0,17003000.0,0.0,0.0,0.0,314613000.0,331616000.0,0.372,331616000.0,314613000.0,314613000.0,1.47,1.46,1.47,1026742000.0,938464750.0,1026742000.0,3724167576.0,12.0,11.23,378167000.0,2.838,1.0,688372000.0,0.773,292683000.0,0.0,80354000.0,75580250.0,68354000.0,51874000.0,0.0,51874000.0,436358000.0,415413000.0,20945000.0,4336871576.0,264163000.0,0.0,7413000.0,-2555000.0,0.0,-81104000.0,-43761000.0,0.0,389028000.0,0.0,195946000.0,195946000.0,195946000.0,0.0,0.0,0.22,395169000.0,293203000.0,241466000.0,0.0,4.224,22.133,22.143,35617000.0,0.0,32.55,4.868,4.869,259924000.0,344057000.0,890977000.0,890977000.0,80397000.0,0.141,0.209,4.163,0.353,207963000.0,313266000.0,1.0,133237222.0,133270000,134147000.0,6.686,1170417000.0,61244000.0,118667000.0,34629000.0,8.782,657648000.0
60,ENDP,MRT,2006-06-30,2006-06-30,2006-06-30,2021-08-06,578000.0,1395266000.0,1330758250.0,1005467000.0,389799000.0,0.691,7.309,-8320000.0,612704000.0,612704000.0,219598000.0,217608000.0,2.492,0.435,0.0,0.0,0.0,0.0,0.0,16511000.0,0.0,0.0,0.0,349400000.0,365911000.0,0.398,365911000.0,349400000.0,349400000.0,1.63,1.63,1.63,972421000.0,880915000.0,972421000.0,3804442514.0,11.0,10.397,452202000.0,3.399,1.0,699495000.0,0.761,294977000.0,0.0,84093000.0,87783500.0,61798000.0,50882000.0,0.0,50882000.0,422845000.0,403492000.0,19353000.0,4388345514.0,336368000.0,0.0,10267000.0,-2682000.0,0.0,-80634000.0,-43520000.0,-1700000.0,460522000.0,0.0,217608000.0,217608000.0,217608000.0,0.0,0.0,0.237,367343000.0,332152000.0,213260000.0,0.0,4.513,20.166,20.233,34681000.0,0.0,32.98,4.775,4.774,259656000.0,299166000.0,919093000.0,919093000.0,88323000.0,0.164,0.247,3.98,0.38,209461000.0,272491000.0,1.0,133060810.0,133051000,133936000.0,6.908,1100289000.0,63507000.0,131792000.0,28612000.0,8.27,601975000.0
61,ENDP,MRT,2006-03-31,2006-03-31,2006-03-31,2021-08-06,2936000.0,1342983000.0,1245212250.0,954774000.0,388209000.0,0.713,6.858,-8571000.0,583903000.0,583903000.0,211448000.0,209018000.0,2.312,0.474,0.0,0.0,0.0,0.0,0.0,15863000.0,0.0,0.0,0.0,333740000.0,349603000.0,0.394,349603000.0,333740000.0,333740000.0,1.57,1.57,1.57,911326000.0,818690500.0,911326000.0,3860246974.0,12.0,11.042,409187000.0,3.079,1.0,676005000.0,0.762,289244000.0,0.0,56809000.0,115784250.0,54714000.0,49900000.0,0.0,49900000.0,431657000.0,413027000.0,18630000.0,4361202974.0,279190000.0,0.0,10997000.0,-2659000.0,0.0,-102797000.0,-35771000.0,-1700000.0,417758000.0,0.0,209018000.0,209018000.0,209018000.0,0.0,0.0,0.236,355964000.0,320041000.0,235365000.0,0.0,4.786,20.865,20.898,35967000.0,0.0,32.81,4.914,4.913,220868000.0,241530000.0,887453000.0,887453000.0,86009000.0,0.168,0.255,2.882,0.376,208229000.0,264074000.0,1.0,132922980.0,132877000,133790000.0,6.679,1053739000.0,84389000.0,124722000.0,15185000.0,7.93,541747000.0
62,ENDP,MRT,2005-12-31,2005-12-31,2005-12-31,2021-08-06,1714000.0,1371678000.0,1147828500.0,993385000.0,378293000.0,0.715,6.377,-10484000.0,500956000.0,500956000.0,192296000.0,202295000.0,1.95,0.626,0.0,0.0,0.0,0.0,0.0,15497000.0,0.0,0.0,0.0,324244000.0,339741000.0,0.414,339741000.0,324244000.0,324244000.0,1.53,1.52,1.53,843370000.0,758584000.0,843370000.0,3605501127.0,11.0,10.612,274160000.0,2.073,1.0,627868000.0,0.766,280144000.0,0.0,81065000.0,124506500.0,50983000.0,48925000.0,0.0,48925000.0,528308000.0,509513000.0,18795000.0,4015988127.0,222922000.0,0.0,10189000.0,-2452000.0,0.0,-35038000.0,-26684000.0,-1700000.0,284644000.0,0.0,202295000.0,202295000.0,202295000.0,0.0,0.0,0.247,314619000.0,313249000.0,295237000.0,0.0,4.762,19.852,19.778,38001000.0,0.0,30.26,4.897,4.879,290826000.0,220992000.0,820164000.0,820164000.0,91837000.0,0.176,0.267,2.604,0.395,206228000.0,217267000.0,1.0,132716065.0,132242000,133289000.0,6.202,1091534000.0,136175000.0,121949000.0,14637000.0,8.254,483872000.0
63,ENDP,MRT,2005-09-30,2005-09-30,2005-09-30,2021-08-06,3400000.0,1213106000.0,1041781750.0,834374000.0,378732000.0,0.707,6.017,-10797000.0,410487000.0,410487000.0,174240000.0,158624000.0,2.131,0.523,0.0,0.0,0.0,0.0,0.0,14994000.0,0.0,0.0,0.0,255865000.0,270859000.0,0.368,270859000.0,255865000.0,255865000.0,1.19,1.19,1.19,796543000.0,711729000.0,796543000.0,3249590046.0,13.0,11.997,260311000.0,1.966,1.0,562429000.0,0.763,281953000.0,0.0,129167000.0,128708250.0,62920000.0,47960000.0,0.0,47960000.0,416563000.0,391499000.0,25064000.0,3525926046.0,225507000.0,0.0,9478000.0,-2209000.0,0.0,-19354000.0,-26247000.0,-1700000.0,271108000.0,0.0,158624000.0,158624000.0,158624000.0,0.0,0.0,0.215,314586000.0,247843000.0,103091000.0,0.0,4.427,22.228,22.412,34322000.0,0.0,26.67,4.786,4.792,258547000.0,148111000.0,736669000.0,736669000.0,83796000.0,0.152,0.223,1.988,0.347,27504000.0,210281000.0,1.0,132205701.0,132376000,133532000.0,5.565,931153000.0,92677000.0,97241000.0,117177000.0,7.034,442875000.0
64,ENDP,MRT,2005-06-30,2005-06-30,2005-06-30,2021-08-06,1733000.0,1053082000.0,964830500.0,672987000.0,380095000.0,0.676,5.482,-12699000.0,276336000.0,276336000.0,151044000.0,133448000.0,2.311,0.455,0.0,0.0,0.0,0.0,0.0,13835000.0,0.0,0.0,0.0,215176000.0,229011000.0,0.351,229011000.0,215176000.0,215176000.0,1.0,1.0,1.0,723523000.0,673599250.0,723523000.0,3162425034.0,15.0,13.809,167928000.0,1.272,1.0,500733000.0,0.768,289425000.0,0.0,196096000.0,142597000.0,70742000.0,46940000.0,0.0,46940000.0,329559000.0,291225000.0,38334000.0,3467138034.0,44649000.0,-50000000.0,3392000.0,-1950000.0,0.0,-33529000.0,-102449000.0,-500000.0,180627000.0,0.0,133448000.0,133448000.0,133448000.0,0.0,0.0,0.205,291468000.0,209265000.0,87577000.0,0.0,4.792,25.981,26.28,33437000.0,0.0,26.28,5.32,5.321,230131000.0,81558000.0,651777000.0,651777000.0,70915000.0,0.138,0.198,1.509,0.33,44556000.0,206718000.0,1.0,131930671.0,131973000,132929000.0,4.939,763657000.0,85925000.0,81728000.0,67168000.0,5.786,381762000.0
65,ENDP,MRT,2005-03-31,2005-03-31,2005-03-31,2021-08-06,360000.0,953448000.0,911602750.0,572819000.0,380629000.0,0.657,5.088,-11434000.0,304713000.0,304713000.0,137701000.0,115950000.0,2.156,0.421,0.0,0.0,0.0,0.0,0.0,12399000.0,0.0,0.0,0.0,186705000.0,199104000.0,0.332,199104000.0,186705000.0,186705000.0,0.87,0.87,0.87,670900000.0,653088500.0,670900000.0,2695709343.0,14.0,13.539,124291000.0,0.943,1.0,461664000.0,0.77,291381000.0,0.0,91698000.0,139355750.0,65839000.0,45991000.0,0.0,45991000.0,282548000.0,265656000.0,16892000.0,2973743343.0,20645000.0,-50000000.0,1435000.0,-1782000.0,0.0,-13896000.0,-101184000.0,-500000.0,135725000.0,0.0,115950000.0,115950000.0,115950000.0,0.0,0.0,0.193,278989000.0,182675000.0,83431000.0,0.0,4.432,25.647,25.92,31199000.0,0.0,22.55,4.961,4.961,128549000.0,32512000.0,599365000.0,599365000.0,72702000.0,0.127,0.178,1.34,0.312,43176000.0,193888000.0,1.0,131873319.0,131871000,132829000.0,4.545,662067000.0,65870000.0,70755000.0,44874000.0,5.021,307163000.0
66,ENDP,MRT,2004-12-31,2004-12-31,2004-12-31,2021-08-06,19000.0,947491000.0,887211500.0,567577000.0,379914000.0,0.693,4.977,-7824000.0,278034000.0,278034000.0,140989000.0,143309000.0,2.077,0.444,0.0,0.0,0.0,0.0,0.0,10630000.0,0.0,0.0,0.0,231096000.0,241726000.0,0.393,241726000.0,231096000.0,231096000.0,1.09,1.08,1.09,655950000.0,637811500.0,655950000.0,2585166397.0,11.0,10.695,162721000.0,1.235,1.0,474111000.0,0.771,298337000.0,0.0,97872000.0,140832250.0,71415000.0,45047000.0,0.0,45047000.0,291541000.0,273248000.0,18293000.0,2770146397.0,48461000.0,-50000000.0,773000.0,-1484000.0,0.0,-14260000.0,-107824000.0,-500000.0,170545000.0,0.0,143309000.0,143309000.0,143309000.0,0.0,0.0,0.233,245176000.0,228935000.0,126198000.0,0.0,4.223,19.33,19.275,28875000.0,0.0,21.01,4.504,4.502,139039000.0,18697000.0,615100000.0,615100000.0,51476000.0,0.162,0.225,1.641,0.376,43345000.0,179270000.0,1.0,131848948.0,131805000,132718000.0,4.667,649154000.0,67222000.0,87787000.0,3500000.0,4.925,294329000.0
67,ENDP,MRT,2004-09-30,2004-09-30,2004-09-30,2021-08-06,-1762000.0,905301000.0,838808750.0,518990000.0,386311000.0,0.715,4.886,-12600000.0,184980000.0,184980000.0,154777000.0,82438000.0,2.22,0.406,0.0,0.0,0.0,0.0,0.0,9051000.0,0.0,0.0,0.0,129102000.0,138153000.0,0.23,138153000.0,129102000.0,128999000.0,0.6,0.62,0.6,644024000.0,615728250.0,644024000.0,2188157640.0,17.0,15.839,107431000.0,0.815,1.0,444981000.0,0.742,301869000.0,103000.0,184722000.0,145242000.0,91926000.0,43903000.0,0.0,43903000.0,261277000.0,233730000.0,27547000.0,2419844640.0,-10450000.0,-50000000.0,248000.0,-1183000.0,0.0,-9131000.0,-121350000.0,-1000000.0,120031000.0,0.0,82438000.0,82438000.0,82438000.0,0.0,0.0,0.137,316685000.0,128296000.0,62052000.0,0.0,3.757,29.354,30.6,23959000.0,0.0,18.36,4.035,4.035,156802000.0,-10513000.0,599758000.0,599758000.0,48971000.0,0.098,0.134,0.889,0.215,129923000.0,165819000.0,1.0,131799817.0,131804000,132460000.0,4.55,603432000.0,85919000.0,46561000.0,5999000.0,4.578,285260000.0
68,ENDP,MRT,2004-06-30,2004-06-30,2004-06-30,2021-08-06,189000.0,840171000.0,785959250.0,557537000.0,282634000.0,0.749,4.867,-11453000.0,231687000.0,231687000.0,143624000.0,80985000.0,2.825,0.31,0.0,0.0,0.0,0.0,0.0,7644000.0,0.0,0.0,0.0,126688000.0,134332000.0,0.228,134332000.0,126688000.0,126573000.0,0.59,0.61,0.59,641480000.0,580700500.0,641480000.0,2806487910.0,22.0,20.892,82017000.0,0.622,1.0,445140000.0,0.756,227997000.0,115000.0,183131000.0,124048250.0,98964000.0,0.0,0.0,0.0,198691000.0,197356000.0,1335000.0,3090555910.0,63213000.0,0.0,198000.0,-904000.0,0.0,-554000.0,-29703000.0,-500000.0,93470000.0,0.0,80985000.0,80985000.0,80985000.0,0.0,0.0,0.138,318680000.0,126460000.0,68945000.0,0.0,4.818,38.162,39.746,23144000.0,0.0,23.45,5.249,5.249,139437000.0,-51890000.0,588764000.0,588764000.0,60121000.0,0.103,0.139,1.021,0.215,107572000.0,158071000.0,1.0,131793429.0,131792000,132789000.0,4.467,612174000.0,106913000.0,45588000.0,280000.0,4.645,360181000.0
69,ENDP,MRT,2004-03-31,2004-03-31,2004-03-31,2021-08-06,123000.0,855883000.0,737988750.0,571348000.0,284535000.0,0.809,4.627,-13104000.0,284068000.0,284068000.0,140967000.0,94605000.0,2.329,0.404,0.0,0.0,0.0,0.0,0.0,6747000.0,0.0,0.0,0.0,149096000.0,155843000.0,0.261,155843000.0,149096000.0,148959000.0,0.69,0.71,0.69,609792000.0,536112750.0,609792000.0,2988698092.0,20.0,19.178,206162000.0,1.564,1.0,455856000.0,0.764,228887000.0,137000.0,97604000.0,99680750.0,67794000.0,0.0,0.0,0.0,246091000.0,245324000.0,767000.0,3218271092.0,187585000.0,0.0,158000.0,-638000.0,0.0,-327000.0,-31354000.0,-500000.0,219266000.0,0.0,94605000.0,94605000.0,94605000.0,0.0,0.0,0.159,306760000.0,149096000.0,75436000.0,0.0,5.278,34.018,35.391,22113000.0,0.0,24.42,5.392,5.392,116236000.0,-83438000.0,596823000.0,596823000.0,50314000.0,0.128,0.176,1.496,0.25,106971000.0,156855000.0,1.0,131788333.0,131779000,132720000.0,4.529,626996000.0,122626000.0,54354000.0,38422000.0,4.758,326024000.0
70,ENDP,MRT,2003-12-31,2003-12-31,2003-12-31,2021-08-06,-720000.0,753880000.0,667603250.0,473596000.0,280284000.0,0.892,4.42,-11344000.0,229573000.0,229573000.0,135671000.0,69790000.0,2.551,0.328,0.0,0.0,0.0,0.0,0.0,6272000.0,0.0,0.0,0.0,109256000.0,115528000.0,0.194,115528000.0,109256000.0,108998000.0,0.54,0.53,0.54,567617000.0,487909750.0,567617000.0,2355632670.0,22.0,20.39,206100000.0,1.605,1.0,459937000.0,0.772,223122000.0,258000.0,115511000.0,103035000.0,50450000.0,0.0,0.0,0.0,186263000.0,185674000.0,589000.0,2551062670.0,172671000.0,0.0,0.0,-583000.0,0.0,-429000.0,-44344000.0,-500000.0,217444000.0,0.0,69790000.0,69790000.0,69790000.0,0.0,0.0,0.117,350681000.0,109256000.0,65071000.0,0.0,4.494,36.553,35.852,20246000.0,0.0,19.36,4.283,4.174,101284000.0,-124612000.0,595608000.0,595608000.0,52622000.0,0.105,0.143,1.06,0.183,154994000.0,154229000.0,1.0,131769766.0,128417000,132439000.0,4.638,530758000.0,116189000.0,39208000.0,14294000.0,4.133,287922000.0
71,ENDP,MRT,2003-09-30,2003-09-30,2003-09-30,2021-08-06,-50000.0,693903000.0,607376250.0,442128000.0,251775000.0,0.934,3.824,-5045000.0,195430000.0,195430000.0,108654000.0,123195000.0,2.425,0.377,0.0,0.0,0.0,0.0,0.0,5269000.0,0.0,0.0,0.0,203715000.0,208984000.0,0.368,208984000.0,203715000.0,203461000.0,0.99,0.97,0.99,503913000.0,434178500.0,503913000.0,2526027734.0,12.0,12.087,189388000.0,1.437,1.0,458493000.0,0.808,216175000.0,254000.0,99947000.0,95609000.0,46004000.0,0.0,0.0,0.0,189990000.0,182351000.0,7639000.0,2694501734.0,158885000.0,-5000000.0,127000.0,-632000.0,0.0,-503000.0,-35045000.0,0.0,194433000.0,0.0,123195000.0,123195000.0,123195000.0,0.0,0.0,0.217,254778000.0,203715000.0,56082000.0,0.0,5.347,21.872,20.657,13620000.0,0.0,20.45,4.751,4.751,126254000.0,-92951000.0,567147000.0,567147000.0,55086000.0,0.203,0.284,2.131,0.359,43961000.0,144690000.0,1.0,131760476.0,131761000,132636000.0,4.304,477728000.0,78313000.0,80266000.0,3807000.0,3.626,259777000.0
72,ENDP,MRT,2003-06-30,2003-06-30,2003-06-30,2021-08-06,-814000.0,648289000.0,548409250.0,392228000.0,256061000.0,0.963,3.516,-4566000.0,168474000.0,168474000.0,105996000.0,64963000.0,2.211,0.4,0.0,0.0,0.0,0.0,0.0,4383000.0,0.0,0.0,0.0,118028000.0,122411000.0,0.232,122411000.0,118028000.0,116755000.0,0.51,0.49,0.51,463129000.0,392667750.0,463129000.0,2110028603.0,18.0,17.237,180163000.0,1.368,1.0,422350000.0,0.799,216728000.0,1273000.0,85661000.0,97756500.0,39696000.0,0.0,0.0,0.0,185160000.0,177426000.0,7734000.0,2206511603.0,16639000.0,-19190000.0,30000.0,-119370000.0,0.0,-119334000.0,-48756000.0,0.0,184729000.0,0.0,64963000.0,64963000.0,64963000.0,0.0,0.0,0.123,304322000.0,118028000.0,57447000.0,0.0,4.764,33.966,32.843,12707000.0,0.0,16.75,4.176,4.176,119417000.0,-132875000.0,528346000.0,528346000.0,49787000.0,0.118,0.165,1.207,0.223,84367000.0,137679000.0,1.0,131732036.0,131734000,132667000.0,4.011,431561000.0,81387000.0,51792000.0,25524000.0,3.276,214802000.0
73,ENDP,MRT,2003-03-31,2003-03-31,2003-03-31,2021-08-06,-1762000.0,574341000.0,525366250.0,318431000.0,255910000.0,0.922,3.527,-3429000.0,96483000.0,96483000.0,107543000.0,41796000.0,2.129,0.377,0.0,0.0,0.0,0.0,0.0,3709000.0,0.0,0.0,0.0,81565000.0,85274000.0,0.176,85274000.0,81565000.0,78665000.0,0.39,0.37,0.39,416980000.0,355828500.0,416980000.0,1719919954.0,21.0,20.169,142200000.0,1.203,1.0,376678000.0,0.778,217264000.0,2900000.0,111021000.0,92718000.0,33786000.0,0.0,0.0,0.0,157361000.0,149573000.0,7788000.0,1776821954.0,-21212000.0,-19190000.0,0.0,-119227000.0,0.0,-119222000.0,-47619000.0,0.0,145629000.0,0.0,41796000.0,41796000.0,41796000.0,0.0,0.0,0.086,295113000.0,81565000.0,47324000.0,0.0,4.261,42.512,34.59,11545000.0,0.0,13.49,3.669,3.293,130666000.0,-178043000.0,484221000.0,484221000.0,55491000.0,0.08,0.117,0.88,0.168,84367000.0,123440000.0,1.0,131714007.0,118217000,131987000.0,4.096,357077000.0,76997000.0,36869000.0,24402000.0,3.021,168858000.0
74,ENDP,MRT,2002-12-31,2002-12-31,2002-12-31,2021-08-06,-1176000.0,512972000.0,500649750.0,257487000.0,255485000.0,0.797,3.456,-3084000.0,56902000.0,56902000.0,98857000.0,30813000.0,1.689,0.454,0.0,0.0,0.0,0.0,0.0,3142000.0,0.0,0.0,0.0,65285000.0,68427000.0,0.172,68427000.0,65285000.0,60894000.0,0.3,0.3,0.3,352692000.0,325025500.0,352692000.0,749249201.0,11.0,10.95,106554000.0,1.044,1.0,300116000.0,0.752,217834000.0,4391000.0,85807000.0,83892500.0,35516000.0,0.0,0.0,0.0,160280000.0,152429000.0,7851000.0,785794201.0,-38455000.0,-19190000.0,0.0,-119093000.0,0.0,-125819000.0,-22274000.0,0.0,109638000.0,0.0,30813000.0,30813000.0,30813000.0,0.0,0.0,0.077,234831000.0,65285000.0,75443000.0,0.0,2.228,25.502,25.663,11810000.0,0.0,7.699,1.97,1.97,119496000.0,-194402000.0,398973000.0,398973000.0,56823000.0,0.062,0.095,0.778,0.164,35853000.0,110907000.0,1.0,102064450.0,102064000,102126000.0,3.909,295138000.0,62403000.0,30081000.0,8359000.0,2.892,105058000.0
75,ENDP,MRT,2002-09-30,2002-09-30,2002-09-30,2021-08-06,0.0,458035000.0,490155500.0,228196000.0,229839000.0,0.743,3.31,-3839000.0,36545000.0,36545000.0,91676000.0,17027000.0,1.903,0.356,0.0,0.0,0.0,0.0,0.0,14232000.0,0.0,0.0,0.0,33346000.0,47578000.0,0.131,47578000.0,33346000.0,24883000.0,0.19,0.19,0.19,337870000.0,310633000.0,337870000.0,813331758.0,24.0,17.095,91879000.0,0.9,1.0,272278000.0,0.748,193019000.0,8463000.0,108537000.0,86507750.0,33259000.0,0.0,0.0,0.0,120165000.0,119934000.0,231000.0,870609758.0,-52764000.0,-14190000.0,96238000.0,-219965000.0,0.0,-130453000.0,-18029000.0,0.0,95718000.0,0.0,17027000.0,17027000.0,17027000.0,0.0,0.0,0.047,238932000.0,33346000.0,46977000.0,0.0,2.577,51.131,44.895,10477000.0,0.0,8.53,2.392,2.392,111203000.0,-216146000.0,363954000.0,363954000.0,57488000.0,0.035,0.055,0.385,0.092,40406000.0,104472000.0,1.0,102064450.0,102064000,102064000.0,3.566,265016000.0,67252000.0,7856000.0,2681000.0,2.597,108262000.0
76,ENDP,MRT,2002-06-30,2002-06-30,2002-06-30,2021-08-06,0.0,556117000.0,489692250.0,334242000.0,221875000.0,0.653,3.094,-5373000.0,151985000.0,151985000.0,87906000.0,2342000.0,1.392,0.761,94707000.0,94707000.0,0.0,94707000.0,0.0,25934000.0,0.0,0.0,0.0,23246000.0,49180000.0,0.154,49180000.0,23246000.0,13128000.0,0.0,0.0,0.0,315772000.0,273897000.0,315772000.0,689574150.0,30.0,14.021,99802000.0,0.978,1.0,231762000.0,0.725,193204000.0,10118000.0,65507000.0,115199250.0,29061000.0,0.0,0.0,0.0,240345000.0,240128000.0,217000.0,714451150.0,84808000.0,0.0,96242000.0,-104506000.0,0.0,-14994000.0,-5373000.0,0.0,105175000.0,0.0,2342000.0,2342000.0,2342000.0,0.0,0.0,0.007,208516000.0,23246000.0,35855000.0,,2.263,305.06,,9590000.0,0.0,7.0,2.235,2.235,113862000.0,-197839000.0,319668000.0,319668000.0,50022000.0,0.005,0.009,0.202,0.073,37253000.0,95307000.0,1.0,102064450.0,102064000,102271000.0,3.132,362913000.0,53453000.0,10786000.0,17620000.0,3.556,94114000.0
77,ENDP,MRT,2002-03-31,2002-03-31,2002-03-31,2021-08-06,0.0,475475000.0,460952250.0,250279000.0,225196000.0,0.607,2.878,-5386000.0,117845000.0,117845000.0,81133000.0,-16928000.0,1.379,0.619,92968000.0,92968000.0,0.0,92968000.0,0.0,37620000.0,0.0,0.0,0.0,-6797000.0,30823000.0,0.11,30823000.0,-6797000.0,-18169000.0,-0.19,-0.19,-0.19,293768000.0,241620500.0,293768000.0,1026597895.0,-151.0,33.306,79022000.0,0.774,1.0,198490000.0,0.71,193390000.0,11372000.0,75719000.0,149876250.0,30565000.0,0.0,0.0,0.0,181707000.0,181489000.0,218000.0,1030845895.0,38640000.0,0.0,96238000.0,-129890000.0,0.0,-40382000.0,-5386000.0,0.0,84408000.0,0.0,-16928000.0,-16928000.0,-16928000.0,0.0,0.0,-0.061,205287000.0,-6797000.0,28595000.0,0.0,3.509,-60.896,-53.158,9364000.0,0.0,10.1,3.687,3.687,69953000.0,-219839000.0,279623000.0,279623000.0,43216000.0,-0.037,-0.07,-0.045,-0.024,37253000.0,87198000.0,1.0,102063950.0,102064000,102281000.0,2.74,282085000.0,48485000.0,-1241000.0,233000.0,2.764,68790000.0
78,ENDP,MRT,2001-12-31,2001-12-31,2001-12-31,2021-08-06,0.0,470995000.0,454320000.0,240925000.0,230070000.0,0.555,3.225,-6546000.0,95507000.0,95507000.0,74891000.0,-36542000.0,1.371,0.596,91259000.0,91259000.0,0.0,91259000.0,0.0,49234000.0,0.0,0.0,0.0,-27898000.0,21336000.0,0.085,21336000.0,-27898000.0,-41188000.0,-0.4,-0.4,-0.4,295122000.0,214162250.0,295122000.0,1274486546.0,-46.0,59.734,73940000.0,0.808,1.0,177088000.0,0.703,194813000.0,13290000.0,96268000.0,180580500.0,27766000.0,0.0,0.0,0.0,175873000.0,175666000.0,207000.0,1173289546.0,36161000.0,0.0,96238000.0,-134017000.0,0.0,-37779000.0,-6546000.0,0.0,80486000.0,0.0,-36542000.0,-36542000.0,-36542000.0,0.0,0.0,-0.145,204986000.0,-27898000.0,30705000.0,0.0,3.976,-32.108,-29.175,9883000.0,0.0,11.67,4.656,4.238,85329000.0,-225215000.0,251979000.0,251979000.0,38994000.0,-0.08,-0.171,-0.154,-0.111,37253000.0,79505000.0,1.0,100538950.0,91505000,91505000.0,2.754,276182000.0,50366000.0,-4646000.0,3526000.0,3.018,65259000.0
79,ENDP,MRT,2001-09-30,2001-09-30,2001-09-30,2021-08-06,0.0,456182000.0,453531250.0,193877000.0,262305000.0,0.554,2.142,-5591000.0,89459000.0,89459000.0,73757000.0,-47806000.0,2.189,1.389,190656000.0,16140000.0,174516000.0,190656000.0,0.0,49753000.0,0.0,0.0,0.0,-31126000.0,18627000.0,0.074,18627000.0,-31126000.0,-43984000.0,-0.46,-0.46,-0.46,190926000.0,189925000.0,190926000.0,1071388608.0,-34.0,57.518,76490000.0,0.858,1.0,177343000.0,0.706,245519000.0,12858000.0,223303000.0,212054500.0,20257000.0,0.0,0.0,0.0,265256000.0,88557000.0,176699000.0,967157608.0,40394000.0,0.0,7000.0,-36096000.0,0.0,-36096000.0,-5591000.0,0.0,82081000.0,0.0,-47806000.0,-47806000.0,-47806000.0,0.0,0.0,-0.19,208469000.0,-31126000.0,21370000.0,0.0,5.066,-20.231,-23.587,9086000.0,0.0,10.85,3.852,3.852,79419000.0,-233173000.0,251100000.0,251100000.0,35397000.0,-0.105,-0.252,-0.147,-0.124,31771000.0,70766000.0,1.0,89138950.0,89139000,89139000.0,2.817,210663000.0,4140000.0,3822000.0,185000.0,2.363,105320000.0
80,ENDP,MRT,2001-06-30,2001-06-30,2001-06-30,2021-08-06,0.0,441157000.0,452671250.0,166605000.0,274552000.0,0.521,2.094,-3027000.0,67177000.0,67177000.0,68389000.0,-151361000.0,2.072,1.363,171408000.0,15333000.0,156075000.0,171408000.0,0.0,48074000.0,0.0,0.0,0.0,-132380000.0,-84306000.0,-0.358,-84306000.0,-132380000.0,-146224000.0,-1.68,-1.68,-1.68,186666000.0,188738250.0,186666000.0,904359318.0,-7.0,-10.727,53380000.0,0.599,1.0,167345000.0,0.71,260766000.0,13844000.0,204215000.0,212838250.0,23438000.0,0.0,0.0,0.0,254491000.0,80407000.0,174084000.0,787988318.0,37169000.0,19611000.0,0.0,-35822000.0,0.0,-35822000.0,16584000.0,0.0,56407000.0,0.0,-151361000.0,-151361000.0,-151361000.0,0.0,0.0,-0.642,299725000.0,-132380000.0,17678000.0,0.0,4.221,-5.206,-5.262,6742000.0,0.0,8.84,3.343,3.343,71084000.0,-200180000.0,235734000.0,235734000.0,35826000.0,-0.334,-0.802,-0.622,-0.562,-5482000.0,65742000.0,1.0,89138950.0,89139000,89213000.0,2.645,180391000.0,3055000.0,5137000.0,1008000.0,2.024,86198000.0
81,ENDP,MRT,2001-03-31,2001-03-31,2001-03-31,2021-08-06,0.0,448946000.0,426307500.0,165760000.0,283186000.0,0.492,2.063,-2573000.0,79205000.0,79205000.0,63628000.0,-153484000.0,1.761,1.441,195576000.0,37342000.0,158234000.0,195576000.0,0.0,37873000.0,0.0,0.0,0.0,-134284000.0,-96411000.0,-0.46,-96411000.0,-134284000.0,-149006000.0,-1.7,-1.7,-1.7,183935000.0,162669250.0,183935000.0,763151650.0,-6.0,-7.916,47105000.0,0.528,1.0,146183000.0,0.697,272663000.0,14722000.0,198536000.0,219854250.0,29920000.0,0.0,0.0,0.0,265011000.0,94118000.0,170893000.0,623972650.0,48854000.0,19611000.0,0.0,-17862000.0,0.0,-17862000.0,17038000.0,0.0,49678000.0,0.0,-153484000.0,-153484000.0,-153484000.0,0.0,0.0,-0.732,280467000.0,-134284000.0,16719000.0,0.0,3.392,-4.065,-4.118,6479000.0,0.0,7.0,2.974,2.974,51597000.0,-202911000.0,209811000.0,209811000.0,32158000.0,-0.36,-0.944,-0.611,-0.64,-5482000.0,60354000.0,1.0,89138950.0,89139000,89139000.0,2.354,176283000.0,3075000.0,4478000.0,0.0,1.978,71642000.0
82,ENDP,MRT,2000-12-31,2000-12-31,2000-12-31,2021-08-06,0.0,467840000.0,395383000.0,173054000.0,294786000.0,0.499,2.494,-1534000.0,59346000.0,59346000.0,63041000.0,-156840000.0,1.725,1.361,198525000.0,36371000.0,162154000.0,198525000.0,0.0,27624000.0,0.0,0.0,0.0,-147902000.0,-120278000.0,-0.609,-120278000.0,-147902000.0,-163021000.0,-1.97,-1.97,-1.97,198173000.0,137131000.0,198173000.0,686553700.0,-5.0,-5.708,33535000.0,0.422,1.0,134388000.0,0.681,284560000.0,15119000.0,222164000.0,228862500.0,29746000.0,0.0,0.0,0.0,269667000.0,100295000.0,169372000.0,534833700.0,37168000.0,19611000.0,7000.0,-15985000.0,0.0,-15978000.0,18077000.0,0.0,35069000.0,0.0,-156840000.0,-156840000.0,-156840000.0,0.0,0.0,-0.794,282290000.0,-147902000.0,15855000.0,0.0,2.699,-3.41,-3.046,5742000.0,0.0,6.0,2.709,2.415,78312000.0,-188673000.0,197429000.0,197429000.0,26012000.0,-0.397,-1.144,-0.646,-0.749,15300000.0,56537000.0,1.0,89138950.0,79454000,79454000.0,2.485,183280000.0,3040000.0,-6181000.0,2549000.0,2.307,72759000.0
83,ENDP,MRT,2000-09-30,2000-09-30,2000-09-30,2021-08-06,0.0,452742000.0,360782000.0,143231000.0,309511000.0,0.474,2.169,-2347000.0,49065000.0,49065000.0,61046000.0,-146652000.0,1.798,1.432,200785000.0,15538000.0,185247000.0,200785000.0,0.0,17277000.0,0.0,0.0,0.0,-137212000.0,-119935000.0,-0.701,-119935000.0,-137212000.0,-152542000.0,-1.73,-1.73,-1.73,186179000.0,107234500.0,186179000.0,1027898516.0,-7.0,-8.57,21875000.0,0.255,1.0,110040000.0,0.643,298348000.0,15330000.0,226438000.0,232732500.0,31048000.0,0.0,0.0,0.0,266563000.0,79676000.0,186887000.0,874720516.0,28657000.0,19611000.0,-6000.0,-12830000.0,0.0,-12829000.0,17264000.0,0.0,24222000.0,0.0,-146652000.0,-146652000.0,-146652000.0,0.0,0.0,-0.857,247252000.0,-137212000.0,22599000.0,0.0,4.698,-5.965,-5.672,5604000.0,0.0,9.813,5.113,4.924,59225000.0,-185367000.0,171086000.0,171086000.0,19278000.0,-0.406,-1.368,-0.59,-0.802,20782000.0,53880000.0,1.0,89138950.0,85848000,85848000.0,1.993,154394000.0,2757000.0,-5890000.0,0.0,1.798,63555000.0
84,ENDP,MRT,2000-06-30,2000-06-30,2000-06-30,2021-08-06,0.0,335702000.0,,122111000.0,213591000.0,,1.155,-2086000.0,29858000.0,29858000.0,60470000.0,-10009000.0,1.794,3.075,183036000.0,14567000.0,168469000.0,183036000.0,0.0,8674000.0,0.0,,0.0,-611000.0,8063000.0,0.053,8063000.0,-611000.0,-15900000.0,-0.14,-0.14,-0.14,82390000.0,,82390000.0,,,,18058000.0,0.253,1.0,92324000.0,0.604,188526000.0,15289000.0,232279000.0,,32343000.0,0.0,0.0,0.0,253312000.0,68075000.0,185237000.0,,8373000.0,0.0,-11000.0,-9674000.0,0.0,-9685000.0,-2086000.0,0.0,20144000.0,0.0,-10009000.0,-10009000.0,-10009000.0,0.0,0.0,-0.066,92935000.0,-611000.0,21776000.0,0.0,,,,5448000.0,0.0,,,,43789000.0,-48819000.0,152794000.0,152794000.0,13029000.0,,,,-0.004,20782000.0,49198000.0,1.0,89138950.0,71328424,71328424.0,2.142,147176000.0,28482000.0,-5891000.0,0.0,2.063,54036000.0
85,ENDP,MRT,2000-03-31,2000-03-31,2000-03-31,2021-08-06,0.0,325248000.0,,105546000.0,219702000.0,,1.147,-8501000.0,30201000.0,30201000.0,56885000.0,-13255000.0,1.763,2.977,189699000.0,17862000.0,171837000.0,189699000.0,0.0,8580000.0,0.0,,0.0,-6264000.0,2316000.0,0.017,2316000.0,-6264000.0,-21186000.0,-0.19,-0.19,-0.19,81782000.0,,81782000.0,,,,13116000.0,0.184,1.0,80100000.0,0.585,190304000.0,14922000.0,234569000.0,,26540000.0,0.0,0.0,0.0,243466000.0,59873000.0,183593000.0,,10855000.0,0.0,-11000.0,-2250000.0,0.0,-2261000.0,-8501000.0,0.0,21617000.0,0.0,-13255000.0,-13255000.0,-13255000.0,0.0,0.0,-0.097,86364000.0,-6264000.0,10897000.0,0.0,,,,5539000.0,0.0,,,,36643000.0,-49427000.0,136985000.0,136985000.0,10418000.0,,,,-0.046,20782000.0,45331000.0,1.0,89138950.0,71324957,71324957.0,1.921,134944000.0,28847000.0,-7931000.0,0.0,1.892,45673000.0
86,ENDP,MRT,1999-12-31,1999-12-31,1999-12-31,2021-08-06,0.0,329436000.0,308527000.0,118427000.0,211009000.0,0.449,1.102,-9074000.0,22028000.0,22028000.0,58263000.0,3260000.0,1.719,3.192,191203000.0,15985000.0,175218000.0,191203000.0,0.0,8309000.0,0.0,,0.0,19680000.0,27989000.0,0.202,27989000.0,19680000.0,5333000.0,0.05,0.05,0.05,78587000.0,76972500.0,78587000.0,,,,4692000.0,0.066,1.0,80283000.0,0.579,192081000.0,14347000.0,237644000.0,227555500.0,21269000.0,0.0,0.0,0.0,250849000.0,68886000.0,181963000.0,,4661000.0,0.0,-31000.0,0.0,0.0,-31000.0,-9074000.0,0.0,13766000.0,0.0,3260000.0,3260000.0,3260000.0,0.0,0.0,0.024,60603000.0,19680000.0,19185000.0,0.0,,,,5712000.0,0.0,,,,62254000.0,-31833000.0,138546000.0,138546000.0,9373000.0,0.011,0.042,0.086,0.142,0.0,42921000.0,1.0,89138950.0,71332000,71332000.0,1.942,137355000.0,18156000.0,2073000.0,75000.0,1.926,49541000.0
87,ENDP,MRT,1999-09-30,1999-09-30,1999-09-30,2021-08-06,,,,,,,,,,,,,,,,,,,,,,,0.0,,,,,,,,,,,,,,,,,,1.0,,,,,,,,,,,,,,,,,,,,,,,,,,,,,,,,,,,,,,,,,,,,,,,,,,,,,,1.0,,71333558,,,,,,,,
88,ENDP,MRT,1999-06-30,1999-06-30,1999-06-30,2021-08-06,,,,,,,,,,,,,,,,,,,,,,,0.0,,,,,,,,,,,,,,,,,,1.0,,,,,,,,,,,,,,,,,,,,,,,,,,,,,,,,,,,,,,,,,,,,,,,,,,,,,,1.0,,71333979,,,,,,,,
89,ENDP,MRT,1999-03-31,1999-03-31,1999-03-31,2021-08-06,,,,,,,,,,,,,,,,,,,,,,,0.0,,,,,,,,,,,,,,,,,,1.0,,,,,,,,,,,,,,,,,,,,,,,,,,,,,,,,,,,,,,,,,,,,,,,,,,,,,,1.0,,71615075,,,,,,,,
90,ENDP,MRT,1998-12-31,1998-12-31,1998-12-31,2021-08-06,0.0,287618000.0,,73040000.0,214578000.0,,1.057,-3537000.0,17367000.0,17367000.0,54731000.0,201000.0,2.065,2.817,170544000.0,0.0,170544000.0,170544000.0,0.0,7373000.0,0.0,,0.0,14833000.0,22206000.0,0.205,22206000.0,14833000.0,382000.0,0.0,0.0,0.0,75358000.0,,75358000.0,,,,17395000.0,0.244,1.0,53639000.0,0.495,187964000.0,14451000.0,217467000.0,,14461000.0,0.0,0.0,0.0,212260000.0,35364000.0,176896000.0,,2846000.0,0.0,451000.0,-15000000.0,0.0,-14549000.0,-3537000.0,0.0,20932000.0,0.0,201000.0,201000.0,201000.0,0.0,0.0,0.002,38806000.0,14833000.0,11951000.0,,,,,5014000.0,0.0,,,,33009000.0,-35093000.0,108370000.0,108370000.0,5893000.0,,,,0.137,0.0,25540000.0,1.0,,71307302,71307302.0,1.52,99654000.0,20154000.0,181000.0,0.0,1.398,37676000.0
91,ENDP,MRT,1997-12-31,1997-12-31,1997-12-31,2021-08-06,,,,,,,,-1076000.0,,,29779000.0,-35294000.0,,,,,,,,2340000.0,,,0.0,-50260000.0,-47920000.0,-1.215,-47920000.0,-50260000.0,-55612000.0,-0.495,-0.495,-0.495,,,,,,,14089000.0,0.198,1.0,9652000.0,0.245,,5352000.0,,,,,,,,,,,14521000.0,-267378000.0,110000000.0,165000000.0,0.0,267810000.0,-268454000.0,0.0,15165000.0,0.0,-35294000.0,-35294000.0,-35294000.0,0.0,0.0,-0.895,59912000.0,-50260000.0,,0.0,,,,,0.0,,,,,,39431000.0,39431000.0,2865000.0,,,,-1.275,0.0,8707000.0,1.0,,71328400,71328400.0,0.553,,,-20318000.0,,,
