None,ticker,dimension,calendardate,datekey,reportperiod,lastupdated,accoci,assets,assetsavg,assetsc,assetsnc,assetturnover,bvps,capex,cashneq,cashnequsd,cor,consolinc,currentratio,de,debt,debtc,debtnc,debtusd,deferredrev,depamor,deposits,divyield,dps,ebit,ebitda,ebitdamargin,ebitdausd,ebitusd,ebt,eps,epsdil,epsusd,equity,equityavg,equityusd,ev,evebit,evebitda,fcf,fcfps,fxusd,gp,grossmargin,intangibles,intexp,invcap,invcapavg,inventory,investments,investmentsc,investmentsnc,liabilities,liabilitiesc,liabilitiesnc,marketcap,ncf,ncfbus,ncfcommon,ncfdebt,ncfdiv,ncff,ncfi,ncfinv,ncfo,ncfx,netinc,netinccmn,netinccmnusd,netincdis,netincnci,netmargin,opex,opinc,payables,payoutratio,pb,pe,pe1,ppnenet,prefdivis,price,ps,ps1,receivables,retearn,revenue,revenueusd,rnd,roa,roe,roic,ros,sbcomp,sgna,sharefactor,sharesbas,shareswa,shareswadil,sps,tangibles,taxassets,taxexp,taxliabilities,tbvps,workingcapital
0,ETN,MRY,2020-12-31,2020-12-31,2020-12-31,2021-08-03,-4195000000.0,31824000000.0,31000500000.0,9178000000.0,22646000000.0,0.576,37.121,-389000000.0,438000000.0,438000000.0,12408000000.0,1415000000.0,1.561,1.129,8384000000.0,1048000000.0,7336000000.0,8384000000.0,0.0,811000000.0,0.0,0.03,3.65,1890000000.0,2701000000.0,0.151,2701000000.0,1890000000.0,1741000000.0,3.51,3.49,3.51,14930000000.0,14459750000.0,14930000000.0,55982804000.0,30.0,20.727,2555000000.0,6.353,1.0,5450000000.0,0.305,17078000000.0,149000000.0,16811000000.0,16839000000.0,2109000000.0,664000000.0,664000000.0,0.0,16851000000.0,5881000000.0,10970000000.0,47887804000.0,68000000.0,1208000000.0,-1608000000.0,-503000000.0,-1175000000.0,-3258000000.0,397000000.0,-441000000.0,2944000000.0,-15000000.0,1410000000.0,1410000000.0,1410000000.0,0.0,5000000.0,0.079,3626000000.0,1824000000.0,1987000000.0,1.04,3.207,33.963,34.228,3392000000.0,0.0,120.14,2.682,2.706,2904000000.0,6794000000.0,17858000000.0,17858000000.0,551000000.0,0.045,0.098,0.112,0.106,0.0,3075000000.0,1.0,398600000.0,402200000.0,404000000.0,44.401,14746000000.0,426000000.0,331000000.0,277000000.0,36.663,3297000000.0
1,ETN,MRY,2019-12-31,2019-12-31,2019-12-31,2021-08-03,-4290000000.0,32805000000.0,32148250000.0,8728000000.0,24077000000.0,0.665,38.382,-587000000.0,370000000.0,370000000.0,14338000000.0,2213000000.0,1.701,1.037,8653000000.0,503000000.0,8150000000.0,8653000000.0,0.0,884000000.0,0.0,0.03,2.84,2788000000.0,3672000000.0,0.172,3672000000.0,2788000000.0,2589000000.0,5.28,5.25,5.28,16082000000.0,16117250000.0,16082000000.0,46962248000.0,17.0,12.789,2864000000.0,6.835,1.0,7052000000.0,0.33,18094000000.0,199000000.0,17862000000.0,17079500000.0,2805000000.0,221000000.0,221000000.0,0.0,16672000000.0,5132000000.0,11540000000.0,39157248000.0,87000000.0,-1216000000.0,-1029000000.0,725000000.0,-1201000000.0,-1494000000.0,-1866000000.0,-70000000.0,3451000000.0,-4000000.0,2211000000.0,2211000000.0,2211000000.0,0.0,2000000.0,0.103,4189000000.0,2863000000.0,2114000000.0,0.538,2.435,17.71,17.939,3932000000.0,0.0,94.72,1.831,1.855,3437000000.0,8170000000.0,21390000000.0,21390000000.0,606000000.0,0.069,0.137,0.163,0.13,0.0,3583000000.0,1.0,413400000.0,419000000.0,420800000.0,51.05,14711000000.0,372000000.0,378000000.0,396000000.0,35.11,3596000000.0
2,ETN,MRY,2018-12-31,2018-12-31,2018-12-31,2021-08-03,-4145000000.0,31092000000.0,31813250000.0,7590000000.0,23502000000.0,0.679,37.087,-565000000.0,283000000.0,283000000.0,14511000000.0,2146000000.0,1.473,0.928,7521000000.0,753000000.0,6768000000.0,7521000000.0,0.0,903000000.0,0.0,0.038,2.64,2681000000.0,3584000000.0,0.166,3584000000.0,2681000000.0,2423000000.0,4.93,4.91,4.93,16107000000.0,16703500000.0,16107000000.0,36675244000.0,14.0,10.233,2093000000.0,4.819,1.0,7098000000.0,0.328,18174000000.0,258000000.0,15002000000.0,15326250000.0,2785000000.0,157000000.0,157000000.0,0.0,14950000000.0,5154000000.0,9796000000.0,29757244000.0,-278000000.0,0.0,-1271000000.0,-164000000.0,-1149000000.0,-2581000000.0,-398000000.0,355000000.0,2658000000.0,43000000.0,2145000000.0,2145000000.0,2145000000.0,0.0,1000000.0,0.099,4407000000.0,2691000000.0,2130000000.0,0.535,1.847,13.873,13.927,3467000000.0,0.0,68.66,1.377,1.38,3858000000.0,8161000000.0,21609000000.0,21609000000.0,584000000.0,0.067,0.128,0.175,0.124,0.0,3548000000.0,1.0,433400000.0,434300000.0,436900000.0,49.756,12918000000.0,293000000.0,278000000.0,349000000.0,29.744,2436000000.0
3,ETN,MRY,2017-12-31,2017-12-31,2017-12-31,2021-08-03,-3404000000.0,32623000000.0,31828500000.0,8337000000.0,24286000000.0,0.641,38.814,-520000000.0,561000000.0,561000000.0,13756000000.0,2986000000.0,1.643,0.889,7751000000.0,584000000.0,7167000000.0,7751000000.0,0.0,914000000.0,0.0,0.03,2.4,3613000000.0,4527000000.0,0.222,4527000000.0,3613000000.0,3367000000.0,6.71,6.68,6.71,17253000000.0,16138750000.0,17253000000.0,42792806000.0,12.0,9.453,2146000000.0,4.828,1.0,6648000000.0,0.326,18833000000.0,246000000.0,15905000000.0,15142750000.0,2620000000.0,534000000.0,534000000.0,0.0,15333000000.0,5075000000.0,10258000000.0,34811806000.0,18000000.0,607000000.0,-850000000.0,-554000000.0,-1068000000.0,-2442000000.0,-217000000.0,-298000000.0,2666000000.0,11000000.0,2985000000.0,2985000000.0,2985000000.0,0.0,1000000.0,0.146,4110000000.0,2538000000.0,2166000000.0,0.358,2.018,11.662,11.775,3502000000.0,0.0,79.01,1.706,1.721,3943000000.0,8669000000.0,20404000000.0,20404000000.0,584000000.0,0.094,0.185,0.239,0.177,0.0,3526000000.0,1.0,440600000.0,444500000.0,447000000.0,45.903,13790000000.0,253000000.0,382000000.0,538000000.0,31.024,3262000000.0
4,ETN,MRY,2016-12-31,2016-12-31,2016-12-31,2021-08-03,-4448000000.0,30476000000.0,31112500000.0,7033000000.0,23443000000.0,0.635,32.866,-497000000.0,543000000.0,543000000.0,13396000000.0,1919000000.0,1.282,1.035,8277000000.0,1566000000.0,6711000000.0,8277000000.0,0.0,929000000.0,0.0,0.034,2.28,2348000000.0,3277000000.0,0.166,3277000000.0,2348000000.0,2115000000.0,4.21,4.2,4.21,14954000000.0,15299250000.0,14954000000.0,38242553000.0,16.0,11.67,2073000000.0,4.556,1.0,6351000000.0,0.322,18715000000.0,233000000.0,14010000000.0,14997250000.0,2346000000.0,203000000.0,203000000.0,0.0,15478000000.0,5485000000.0,9993000000.0,30304553000.0,275000000.0,0.0,-730000000.0,-22000000.0,-1037000000.0,-1738000000.0,-529000000.0,-40000000.0,2570000000.0,-28000000.0,1916000000.0,1916000000.0,1916000000.0,0.0,3000000.0,0.097,4051000000.0,2300000000.0,1718000000.0,0.542,2.027,15.817,15.936,3443000000.0,0.0,67.09,1.535,1.546,3560000000.0,7555000000.0,19747000000.0,19747000000.0,587000000.0,0.062,0.125,0.157,0.119,0.0,3464000000.0,1.0,451700000.0,455000000.0,456500000.0,43.4,11761000000.0,325000000.0,199000000.0,321000000.0,25.848,1548000000.0
5,ETN,MRY,2015-12-31,2015-12-31,2015-12-31,2021-08-03,-3863000000.0,30996000000.0,32118000000.0,6616000000.0,24380000000.0,0.649,32.623,-506000000.0,268000000.0,268000000.0,14304000000.0,1974000000.0,1.43,1.038,8414000000.0,668000000.0,7746000000.0,8414000000.0,0.0,925000000.0,0.0,0.042,2.2,2363000000.0,3288000000.0,0.158,3288000000.0,2363000000.0,2131000000.0,4.23,4.22,4.23,15186000000.0,15378750000.0,15186000000.0,32338112000.0,14.0,9.835,1903000000.0,4.088,1.0,6551000000.0,0.314,19493000000.0,232000000.0,15024000000.0,15633250000.0,2323000000.0,177000000.0,177000000.0,0.0,15765000000.0,4625000000.0,11140000000.0,24084112000.0,-513000000.0,-71000000.0,-682000000.0,-602000000.0,-1026000000.0,-2305000000.0,-575000000.0,37000000.0,2409000000.0,-42000000.0,1972000000.0,1972000000.0,1972000000.0,0.0,2000000.0,0.095,4186000000.0,2365000000.0,1758000000.0,0.52,1.586,12.213,12.303,3565000000.0,0.0,52.04,1.155,1.162,3479000000.0,7346000000.0,20855000000.0,20855000000.0,625000000.0,0.061,0.128,0.151,0.113,0.0,3596000000.0,1.0,462800000.0,465500000.0,467100000.0,44.801,11503000000.0,362000000.0,159000000.0,390000000.0,24.711,1991000000.0
6,ETN,MRY,2014-12-31,2014-12-31,2014-12-31,2021-08-03,-2899000000.0,33529000000.0,34572000000.0,8100000000.0,25429000000.0,0.652,33.297,-632000000.0,781000000.0,781000000.0,15646000000.0,1803000000.0,1.513,1.121,9034000000.0,1010000000.0,8024000000.0,9034000000.0,0.0,983000000.0,0.0,0.029,1.96,1978000000.0,2961000000.0,0.131,2961000000.0,1978000000.0,1751000000.0,3.78,3.76,3.78,15786000000.0,16598000000.0,15786000000.0,40598816000.0,21.0,13.711,1246000000.0,2.628,1.0,6906000000.0,0.306,20449000000.0,227000000.0,15978000000.0,16743250000.0,2428000000.0,245000000.0,245000000.0,0.0,17690000000.0,5355000000.0,12335000000.0,32253816000.0,-134000000.0,284000000.0,-650000000.0,-582000000.0,-929000000.0,-2130000000.0,143000000.0,522000000.0,1878000000.0,-25000000.0,1793000000.0,1793000000.0,1793000000.0,0.0,10000000.0,0.08,4918000000.0,1988000000.0,1940000000.0,0.519,2.043,17.989,17.979,3750000000.0,0.0,67.96,1.43,1.429,3667000000.0,7078000000.0,22552000000.0,22552000000.0,647000000.0,0.052,0.108,0.118,0.088,-20000000.0,3810000000.0,1.0,474600000.0,474100000.0,476800000.0,47.568,13080000000.0,821000000.0,-42000000.0,901000000.0,27.589,2745000000.0
7,ETN,MRY,2013-12-31,2013-12-31,2013-12-31,2021-08-03,-1560000000.0,35491000000.0,35259250000.0,8731000000.0,26760000000.0,0.625,35.461,-614000000.0,915000000.0,915000000.0,15369000000.0,1873000000.0,1.777,1.109,9549000000.0,580000000.0,8969000000.0,9549000000.0,0.0,997000000.0,0.0,0.022,1.68,2143000000.0,3140000000.0,0.142,3140000000.0,2143000000.0,1872000000.0,3.93,3.9,3.93,16791000000.0,15854250000.0,16791000000.0,45169940000.0,21.0,14.385,1671000000.0,3.529,1.0,6677000000.0,0.303,21681000000.0,271000000.0,17530000000.0,18031500000.0,2382000000.0,794000000.0,794000000.0,0.0,18628000000.0,4914000000.0,13714000000.0,36118940000.0,338000000.0,768000000.0,0.0,-1087000000.0,-796000000.0,-1736000000.0,-202000000.0,-288000000.0,2285000000.0,-9000000.0,1861000000.0,1861000000.0,1861000000.0,0.0,12000000.0,0.084,4522000000.0,2155000000.0,1960000000.0,0.427,2.151,19.408,19.369,3833000000.0,0.0,76.12,1.638,1.635,3648000000.0,6866000000.0,22046000000.0,22046000000.0,644000000.0,0.053,0.117,0.119,0.097,-32000000.0,3886000000.0,1.0,474500000.0,473500000.0,476700000.0,46.56,13810000000.0,817000000.0,11000000.0,1313000000.0,29.166,3817000000.0
8,ETN,MRY,2012-12-31,2012-12-31,2012-12-31,2021-08-03,-1964000000.0,35810000000.0,22789250000.0,7900000000.0,27910000000.0,0.716,43.453,-593000000.0,577000000.0,577000000.0,11448000000.0,1220000000.0,1.432,1.365,10836000000.0,1071000000.0,9765000000.0,10836000000.0,0.0,598000000.0,0.0,0.028,1.52,1456000000.0,2054000000.0,0.126,2054000000.0,1456000000.0,1248000000.0,3.54,3.46,3.54,15113000000.0,9800750000.0,15113000000.0,21987422000.0,15.0,10.705,1071000000.0,3.079,1.0,4863000000.0,0.298,22023000000.0,208000000.0,18531000000.0,12482750000.0,2336000000.0,527000000.0,527000000.0,0.0,20632000000.0,5515000000.0,15117000000.0,18307422000.0,192000000.0,-6933000000.0,159000000.0,5715000000.0,-512000000.0,5480000000.0,-6972000000.0,603000000.0,1664000000.0,20000000.0,1217000000.0,1217000000.0,1217000000.0,0.0,3000000.0,0.075,3333000000.0,1530000000.0,1879000000.0,0.429,1.211,15.043,15.305,3786000000.0,0.0,54.18,1.122,1.155,3474000000.0,5805000000.0,16311000000.0,16311000000.0,439000000.0,0.053,0.124,0.117,0.089,-21000000.0,2894000000.0,1.0,337900000.0,347800000.0,350900000.0,46.898,13787000000.0,918000000.0,31000000.0,1548000000.0,39.641,2385000000.0
9,ETN,MRY,2011-12-31,2011-12-31,2011-12-31,2021-08-03,-1964000000.0,17873000000.0,17739500000.0,5826000000.0,12047000000.0,0.905,22.078,-568000000.0,385000000.0,385000000.0,11261000000.0,1352000000.0,1.602,1.39,3773000000.0,407000000.0,3366000000.0,3773000000.0,0.0,556000000.0,0.0,0.031,1.36,1669000000.0,2225000000.0,0.139,2225000000.0,1669000000.0,1551000000.0,3.98,3.93,3.98,7469000000.0,7781750000.0,7469000000.0,18044726000.0,11.0,8.11,680000000.0,2.01,1.0,4788000000.0,0.298,7729000000.0,118000000.0,9895000000.0,9762000000.0,1701000000.0,699000000.0,699000000.0,0.0,10381000000.0,3637000000.0,6744000000.0,14547726000.0,52000000.0,-310000000.0,-343000000.0,300000000.0,-462000000.0,-381000000.0,-800000000.0,103000000.0,1248000000.0,-15000000.0,1350000000.0,1350000000.0,1350000000.0,0.0,2000000.0,0.084,3155000000.0,1633000000.0,1491000000.0,0.342,1.948,10.776,10.937,2602000000.0,0.0,43.53,0.906,0.918,2444000000.0,5103000000.0,16049000000.0,16049000000.0,417000000.0,0.076,0.173,0.171,0.104,-57000000.0,2738000000.0,1.0,334200000.0,338300000.0,342800000.0,47.44,10144000000.0,1532000000.0,201000000.0,442000000.0,29.985,2189000000.0
10,ETN,MRY,2010-12-31,2010-12-31,2010-12-31,2021-08-03,-1348000000.0,17252000000.0,16510250000.0,5506000000.0,11746000000.0,0.831,21.943,-394000000.0,333000000.0,333000000.0,9633000000.0,937000000.0,1.703,1.338,3458000000.0,76000000.0,3382000000.0,3458000000.0,0.0,551000000.0,0.0,0.021,1.08,1164000000.0,1715000000.0,0.125,1715000000.0,1164000000.0,1028000000.0,2.76,2.73,2.76,7362000000.0,6955500000.0,7362000000.0,20193133000.0,17.0,11.774,888000000.0,2.647,1.0,4082000000.0,0.298,7726000000.0,136000000.0,9418000000.0,8997000000.0,1564000000.0,838000000.0,838000000.0,0.0,9849000000.0,3233000000.0,6616000000.0,17084133000.0,-7000000.0,-222000000.0,0.0,-47000000.0,-363000000.0,-261000000.0,-1012000000.0,-392000000.0,1282000000.0,-16000000.0,929000000.0,929000000.0,929000000.0,0.0,8000000.0,0.068,2911000000.0,1171000000.0,1408000000.0,0.391,2.321,18.39,18.389,2477000000.0,0.0,50.755,1.246,1.242,2239000000.0,4455000000.0,13715000000.0,13715000000.0,425000000.0,0.056,0.134,0.129,0.085,0.0,2486000000.0,1.0,336600000.0,335500000.0,339500000.0,40.879,9526000000.0,1304000000.0,99000000.0,487000000.0,28.393,2273000000.0
11,ETN,MRY,2009-12-31,2009-12-31,2009-12-31,2021-08-03,-1208000000.0,16282000000.0,16242250000.0,4524000000.0,11758000000.0,0.731,20.37,-195000000.0,340000000.0,340000000.0,8782000000.0,385000000.0,1.682,1.396,3467000000.0,118000000.0,3349000000.0,3467000000.0,0.0,573000000.0,0.0,0.031,1.0,451000000.0,1024000000.0,0.086,1024000000.0,451000000.0,301000000.0,1.16,1.14,1.16,6777000000.0,6612500000.0,6777000000.0,14139196000.0,31.0,13.808,1213000000.0,3.646,1.0,3091000000.0,0.26,7876000000.0,150000000.0,8844000000.0,9146500000.0,1326000000.0,433000000.0,433000000.0,0.0,9464000000.0,2689000000.0,6775000000.0,10548196000.0,152000000.0,-10000000.0,0.0,-753000000.0,-334000000.0,-1061000000.0,-225000000.0,-64000000.0,1408000000.0,30000000.0,383000000.0,383000000.0,383000000.0,0.0,2000000.0,0.032,2638000000.0,453000000.0,1057000000.0,0.862,1.556,27.541,27.422,2445000000.0,0.0,31.81,0.888,0.891,1899000000.0,3893000000.0,11873000000.0,11873000000.0,395000000.0,0.024,0.058,0.049,0.038,-4000000.0,2252000000.0,1.0,331600000.0,332700000.0,335800000.0,35.687,8406000000.0,1350000000.0,-82000000.0,550000000.0,25.266,1835000000.0
12,ETN,MRY,2008-12-31,2008-12-31,2008-12-31,2021-08-03,-1538000000.0,16655000000.0,16547750000.0,4795000000.0,11860000000.0,0.929,19.716,-448000000.0,188000000.0,188000000.0,11191000000.0,1070000000.0,1.28,1.629,4271000000.0,1081000000.0,3190000000.0,4271000000.0,0.0,571000000.0,0.0,0.04,1.0,1288000000.0,1859000000.0,0.121,1859000000.0,1288000000.0,1131000000.0,3.3,3.26,3.3,6317000000.0,6547500000.0,6317000000.0,12378179000.0,10.0,6.659,993000000.0,3.099,1.0,4185000000.0,0.272,7750000000.0,157000000.0,9243000000.0,8959500000.0,1554000000.0,342000000.0,342000000.0,0.0,10290000000.0,3745000000.0,6545000000.0,8197179000.0,46000000.0,-2807000000.0,1422000000.0,667000000.0,-320000000.0,1815000000.0,-3190000000.0,100000000.0,1441000000.0,-20000000.0,1058000000.0,1058000000.0,1058000000.0,-3000000.0,12000000.0,0.069,2930000000.0,1255000000.0,1121000000.0,0.303,1.298,7.748,7.532,2639000000.0,0.0,24.855,0.533,0.518,2295000000.0,3917000000.0,15376000000.0,15376000000.0,417000000.0,0.064,0.162,0.144,0.084,0.0,2513000000.0,1.0,329800000.0,320400000.0,324600000.0,47.99,8905000000.0,1210000000.0,73000000.0,543000000.0,27.793,1050000000.0
13,ETN,MRY,2007-12-31,2007-12-31,2007-12-31,2021-08-03,-423000000.0,13430000000.0,12707000000.0,4767000000.0,8663000000.0,1.026,17.556,-354000000.0,142000000.0,142000000.0,9382000000.0,1008000000.0,1.303,1.597,3417000000.0,985000000.0,2432000000.0,3417000000.0,0.0,439000000.0,0.0,0.018,0.86,1223000000.0,1662000000.0,0.128,1662000000.0,1223000000.0,1076000000.0,3.375,3.31,3.375,5172000000.0,4660000000.0,5172000000.0,17064310000.0,14.0,10.267,804000000.0,2.729,1.0,3651000000.0,0.28,5539000000.0,147000000.0,7507000000.0,7543750000.0,1483000000.0,504000000.0,504000000.0,0.0,8258000000.0,3659000000.0,4599000000.0,14135310000.0,28000000.0,-1314000000.0,-199000000.0,735000000.0,-251000000.0,320000000.0,-1456000000.0,247000000.0,1158000000.0,6000000.0,994000000.0,994000000.0,994000000.0,0.0,14000000.0,0.076,2474000000.0,1177000000.0,1170000000.0,0.255,2.733,14.221,14.363,2333000000.0,0.0,48.475,1.085,1.096,2208000000.0,3257000000.0,13033000000.0,13033000000.0,335000000.0,0.078,0.213,0.162,0.094,0.0,2139000000.0,1.0,291600000.0,294600000.0,300600000.0,44.24,7891000000.0,789000000.0,82000000.0,224000000.0,26.785,1108000000.0
14,ETN,MRY,2006-12-31,2006-12-31,2006-12-31,2021-08-03,-849000000.0,11417000000.0,11061750000.0,4408000000.0,7009000000.0,1.106,13.668,-360000000.0,114000000.0,114000000.0,8949000000.0,950000000.0,1.34,1.781,2586000000.0,812000000.0,1774000000.0,2586000000.0,0.0,434000000.0,0.0,0.02,0.74,1127000000.0,1561000000.0,0.128,1561000000.0,1127000000.0,1022000000.0,3.16,3.11,3.16,4106000000.0,4197500000.0,4106000000.0,13540860000.0,12.0,8.674,1071000000.0,3.565,1.0,3283000000.0,0.268,4003000000.0,105000000.0,6596000000.0,6099750000.0,1293000000.0,671000000.0,671000000.0,0.0,7311000000.0,3290000000.0,4021000000.0,11195860000.0,4000000.0,-191000000.0,-278000000.0,54000000.0,-220000000.0,-416000000.0,-1011000000.0,-418000000.0,1431000000.0,0.0,950000000.0,950000000.0,950000000.0,-53000000.0,0.0,0.078,2254000000.0,1029000000.0,1050000000.0,0.234,2.727,11.785,11.889,2271000000.0,0.0,37.57,0.915,0.923,1928000000.0,2796000000.0,12232000000.0,12232000000.0,315000000.0,0.086,0.226,0.185,0.092,0.0,1939000000.0,1.0,298000000.0,300400000.0,305800000.0,40.719,7414000000.0,1002000000.0,72000000.0,0.0,24.68,1118000000.0
15,ETN,MRY,2005-12-31,2005-12-31,2005-12-31,2021-08-03,-649000000.0,10218000000.0,9687000000.0,3578000000.0,6640000000.0,1.123,12.577,-363000000.0,110000000.0,110000000.0,7830000000.0,805000000.0,1.206,1.705,2464000000.0,634000000.0,1830000000.0,2464000000.0,0.0,409000000.0,0.0,0.018,0.62,1076000000.0,1485000000.0,0.137,1485000000.0,1076000000.0,986000000.0,2.68,2.615,2.68,3778000000.0,3622500000.0,3778000000.0,11979320000.0,11.0,8.067,772000000.0,2.57,1.0,3044000000.0,0.28,3765000000.0,90000000.0,5839000000.0,5744000000.0,1099000000.0,226000000.0,226000000.0,0.0,6440000000.0,2968000000.0,3472000000.0,9929320000.0,25000000.0,-911000000.0,-382000000.0,722000000.0,-184000000.0,158000000.0,-1268000000.0,-4000000.0,1135000000.0,0.0,805000000.0,805000000.0,805000000.0,-22000000.0,0.0,0.074,1990000000.0,1054000000.0,810000000.0,0.231,2.628,12.335,12.517,2175000000.0,0.0,33.545,0.913,0.927,1785000000.0,2376000000.0,10874000000.0,10874000000.0,279000000.0,0.083,0.222,0.187,0.099,0.0,1746000000.0,1.0,296000000.0,300400000.0,308000000.0,36.198,6453000000.0,943000000.0,181000000.0,305000000.0,21.481,610000000.0
16,ETN,MRY,2004-12-31,2004-12-31,2004-12-31,2021-08-03,-538000000.0,9075000000.0,8676500000.0,3182000000.0,5893000000.0,1.119,11.777,-330000000.0,85000000.0,85000000.0,7002000000.0,648000000.0,1.404,1.517,1773000000.0,39000000.0,1734000000.0,1773000000.0,0.0,400000000.0,0.0,0.015,0.54,855000000.0,1255000000.0,0.129,1255000000.0,855000000.0,776000000.0,2.12,2.065,2.12,3606000000.0,3300750000.0,3606000000.0,12849484000.0,15.0,10.239,508000000.0,1.659,1.0,2710000000.0,0.279,3077000000.0,79000000.0,5419000000.0,5177000000.0,966000000.0,211000000.0,211000000.0,0.0,5469000000.0,2267000000.0,3202000000.0,10991484000.0,24000000.0,-627000000.0,-112000000.0,-206000000.0,-163000000.0,-481000000.0,-333000000.0,606000000.0,838000000.0,0.0,648000000.0,648000000.0,648000000.0,-8000000.0,0.0,0.067,1842000000.0,868000000.0,776000000.0,0.255,3.048,16.962,17.066,2147000000.0,0.0,36.18,1.132,1.141,1612000000.0,2112000000.0,9712000000.0,9712000000.0,259000000.0,0.075,0.196,0.165,0.088,0.0,1583000000.0,1.0,303800000.0,306200000.0,314200000.0,31.718,5998000000.0,885000000.0,128000000.0,283000000.0,19.589,915000000.0
17,ETN,MRY,2003-12-31,2003-12-31,2003-12-31,2021-08-03,-585000000.0,8223000000.0,7761000000.0,3093000000.0,5130000000.0,1.039,10.538,-273000000.0,61000000.0,61000000.0,5897000000.0,386000000.0,1.455,1.638,1953000000.0,302000000.0,1651000000.0,1953000000.0,0.0,394000000.0,0.0,0.017,0.46,595000000.0,989000000.0,0.123,989000000.0,595000000.0,508000000.0,1.305,1.28,1.305,3117000000.0,2811500000.0,3117000000.0,10076480000.0,17.0,10.189,601000000.0,2.032,1.0,2164000000.0,0.268,2636000000.0,87000000.0,5353000000.0,5317000000.0,721000000.0,804000000.0,804000000.0,0.0,5106000000.0,2126000000.0,2980000000.0,8206480000.0,-14000000.0,-252000000.0,409000000.0,-194000000.0,-134000000.0,81000000.0,-969000000.0,-436000000.0,874000000.0,0.0,386000000.0,386000000.0,386000000.0,0.0,0.0,0.048,1574000000.0,590000000.0,526000000.0,0.352,2.633,21.26,20.686,2076000000.0,0.0,26.995,1.018,0.991,1190000000.0,1816000000.0,8061000000.0,8061000000.0,223000000.0,0.05,0.137,0.112,0.074,0.0,1351000000.0,1.0,304000000.0,295800000.0,301000000.0,27.252,5587000000.0,610000000.0,122000000.0,298000000.0,18.888,967000000.0
18,ETN,MRY,2002-12-31,2002-12-31,2002-12-31,2021-08-03,-699000000.0,7138000000.0,7453250000.0,2457000000.0,4681000000.0,0.967,8.152,-228000000.0,75000000.0,75000000.0,5272000000.0,281000000.0,1.417,2.101,2088000000.0,201000000.0,1887000000.0,2088000000.0,0.0,376000000.0,0.0,0.023,0.44,503000000.0,879000000.0,0.122,879000000.0,503000000.0,399000000.0,0.995,0.98,0.995,2302000000.0,2498750000.0,2302000000.0,7159755000.0,14.0,8.145,672000000.0,2.38,1.0,1937000000.0,0.269,2420000000.0,104000000.0,4997000000.0,5175500000.0,698000000.0,353000000.0,353000000.0,0.0,4836000000.0,1734000000.0,3102000000.0,5506755000.0,-37000000.0,-61000000.0,45000000.0,-444000000.0,-123000000.0,-522000000.0,-415000000.0,-135000000.0,900000000.0,0.0,281000000.0,281000000.0,281000000.0,0.0,0.0,0.039,1420000000.0,517000000.0,488000000.0,0.442,2.392,19.597,19.626,1955000000.0,0.0,19.527,0.764,0.765,1032000000.0,1568000000.0,7209000000.0,7209000000.0,203000000.0,0.038,0.112,0.097,0.07,0.0,1217000000.0,1.0,282000000.0,282400000.0,286800000.0,25.528,4718000000.0,487000000.0,118000000.0,225000000.0,16.707,723000000.0
19,ETN,MRY,2001-12-31,2001-12-31,2001-12-31,2021-08-03,-299000000.0,7646000000.0,7899750000.0,2387000000.0,5259000000.0,0.924,8.916,-295000000.0,112000000.0,112000000.0,5503000000.0,169000000.0,1.43,2.089,2440000000.0,188000000.0,2252000000.0,2440000000.0,0.0,355000000.0,0.0,0.024,0.44,420000000.0,775000000.0,0.106,775000000.0,420000000.0,278000000.0,0.61,0.6,0.61,2475000000.0,2453500000.0,2475000000.0,7461613000.0,18.0,9.628,470000000.0,1.693,1.0,1796000000.0,0.246,2435000000.0,142000000.0,5870000000.0,6034000000.0,681000000.0,199000000.0,199000000.0,0.0,5171000000.0,1669000000.0,3502000000.0,5156613000.0,30000000.0,368000000.0,25000000.0,-581000000.0,-120000000.0,-676000000.0,-59000000.0,-154000000.0,765000000.0,0.0,169000000.0,169000000.0,169000000.0,0.0,0.0,0.023,1448000000.0,348000000.0,418000000.0,0.721,2.083,30.513,30.496,2050000000.0,0.0,18.602,0.706,0.708,1070000000.0,1447000000.0,7299000000.0,7299000000.0,228000000.0,0.021,0.069,0.07,0.058,0.0,1220000000.0,1.0,277200000.0,277600000.0,282000000.0,26.293,5211000000.0,153000000.0,109000000.0,838000000.0,18.772,718000000.0
20,ETN,MRY,2000-12-31,2000-12-31,2000-12-31,2021-08-03,-267000000.0,8180000000.0,8520000000.0,2571000000.0,5609000000.0,0.975,8.391,-386000000.0,82000000.0,82000000.0,6092000000.0,453000000.0,1.22,2.394,3004000000.0,557000000.0,2447000000.0,3004000000.0,0.0,364000000.0,0.0,0.023,0.44,819000000.0,1183000000.0,0.142,1183000000.0,819000000.0,642000000.0,1.577,1.56,1.577,2410000000.0,2678250000.0,2410000000.0,7880300000.0,10.0,6.661,133000000.0,0.463,1.0,2217000000.0,0.267,2582000000.0,177000000.0,6413000000.0,6488750000.0,872000000.0,44000000.0,44000000.0,0.0,5770000000.0,2107000000.0,3663000000.0,5263300000.0,3000000.0,356000000.0,-406000000.0,145000000.0,-127000000.0,-388000000.0,-24000000.0,40000000.0,519000000.0,0.0,453000000.0,453000000.0,453000000.0,-90000000.0,0.0,0.055,1568000000.0,649000000.0,396000000.0,0.279,2.184,11.619,11.92,2274000000.0,0.0,18.797,0.633,0.65,1219000000.0,1410000000.0,8309000000.0,8309000000.0,269000000.0,0.053,0.169,0.126,0.099,0.0,1299000000.0,1.0,280000000.0,287200000.0,290400000.0,28.931,5598000000.0,147000000.0,189000000.0,729000000.0,19.492,464000000.0
21,ETN,MRY,1999-12-31,1999-12-31,1999-12-31,2021-08-03,-220000000.0,8342000000.0,7679000000.0,2552000000.0,5790000000.0,1.042,9.048,-480000000.0,79000000.0,79000000.0,5792000000.0,617000000.0,0.994,2.179,2885000000.0,970000000.0,1915000000.0,2885000000.0,0.0,332000000.0,0.0,0.024,0.44,1109000000.0,1441000000.0,0.18,1441000000.0,1109000000.0,957000000.0,2.127,2.09,2.127,2624000000.0,2304250000.0,2624000000.0,8421568000.0,8.0,5.844,228000000.0,0.786,1.0,2213000000.0,0.276,2451000000.0,152000000.0,6129000000.0,5826500000.0,876000000.0,83000000.0,83000000.0,0.0,5718000000.0,2568000000.0,3150000000.0,5345568000.0,2000000.0,-1058000000.0,176000000.0,919000000.0,-128000000.0,967000000.0,-1621000000.0,-34000000.0,708000000.0,0.0,617000000.0,617000000.0,617000000.0,-14000000.0,0.0,0.077,1510000000.0,703000000.0,487000000.0,0.207,2.037,8.664,8.537,2294000000.0,0.0,18.157,0.668,0.658,1165000000.0,1804000000.0,8005000000.0,8005000000.0,262000000.0,0.08,0.268,0.19,0.139,0.0,1248000000.0,1.0,294400000.0,290000000.0,294800000.0,27.603,5891000000.0,875000000.0,340000000.0,824000000.0,20.314,-16000000.0
22,ETN,MRY,1998-12-31,1998-12-31,1998-12-31,2021-08-03,-110000000.0,5665000000.0,5445750000.0,1982000000.0,3683000000.0,1.168,7.202,-468000000.0,80000000.0,80000000.0,4528000000.0,349000000.0,1.307,1.754,1524000000.0,333000000.0,1191000000.0,1524000000.0,0.0,254000000.0,0.0,0.025,0.44,623000000.0,877000000.0,0.138,877000000.0,623000000.0,535000000.0,1.222,1.2,1.222,2057000000.0,1973250000.0,2057000000.0,6590266000.0,11.0,7.515,155000000.0,0.543,1.0,1830000000.0,0.288,1239000000.0,88000000.0,4354000000.0,4373500000.0,707000000.0,42000000.0,42000000.0,0.0,3608000000.0,1516000000.0,2092000000.0,5047266000.0,25000000.0,258000000.0,-349000000.0,124000000.0,-126000000.0,-351000000.0,-266000000.0,0.0,623000000.0,0.0,349000000.0,349000000.0,349000000.0,81000000.0,0.0,0.055,1226000000.0,604000000.0,445000000.0,0.36,2.454,14.462,14.462,1837000000.0,0.0,17.672,0.794,0.794,885000000.0,1321000000.0,6358000000.0,6358000000.0,252000000.0,0.064,0.177,0.142,0.098,0.0,974000000.0,1.0,285600000.0,285600000.0,290800000.0,22.262,4426000000.0,759000000.0,186000000.0,418000000.0,15.497,466000000.0
23,ETN,MRY,1997-12-31,1997-12-31,1997-12-31,2021-08-03,-148000000.0,5606000000.0,5456500000.0,2055000000.0,3551000000.0,1.386,6.742,-438000000.0,53000000.0,53000000.0,5456000000.0,410000000.0,1.514,1.707,1376000000.0,104000000.0,1272000000.0,1376000000.0,0.0,342000000.0,0.0,0.019,0.43,693000000.0,1035000000.0,0.137,1035000000.0,693000000.0,614000000.0,1.335,1.31,1.335,2071000000.0,2115500000.0,2071000000.0,,,,325000000.0,1.058,1.0,2107000000.0,0.279,966000000.0,79000000.0,4606000000.0,4392500000.0,734000000.0,37000000.0,37000000.0,0.0,3535000000.0,1357000000.0,2178000000.0,6408803488.0,31000000.0,-58000000.0,-315000000.0,211000000.0,-133000000.0,-201000000.0,-531000000.0,0.0,763000000.0,0.0,410000000.0,410000000.0,410000000.0,0.0,0.0,0.054,1492000000.0,615000000.0,519000000.0,0.322,3.095,15.631,16.713,1759000000.0,0.0,22.312,0.847,0.906,958000000.0,1385000000.0,7563000000.0,7563000000.0,319000000.0,0.075,0.194,0.158,0.092,0.0,1088000000.0,1.0,287229288.0,307200000.0,312800000.0,24.619,4640000000.0,163000000.0,204000000.0,76000000.0,15.104,698000000.0
24,ETN,MRY,1996-12-31,1996-12-31,1996-12-31,2021-08-03,-68000000.0,5307000000.0,,2017000000.0,3290000000.0,,6.977,-347000000.0,22000000.0,22000000.0,5171000000.0,349000000.0,1.64,1.457,1092000000.0,30000000.0,1062000000.0,1092000000.0,0.0,320000000.0,0.0,0.023,0.4,564000000.0,884000000.0,0.127,884000000.0,564000000.0,485000000.0,1.125,1.115,1.125,2160000000.0,,2160000000.0,,,,359000000.0,1.16,1.0,1790000000.0,0.257,968000000.0,79000000.0,4179000000.0,,729000000.0,38000000.0,38000000.0,0.0,3147000000.0,1230000000.0,1917000000.0,,-34000000.0,-151000000.0,-45000000.0,-66000000.0,-124000000.0,-235000000.0,-505000000.0,0.0,706000000.0,0.0,349000000.0,349000000.0,349000000.0,0.0,0.0,0.05,1262000000.0,528000000.0,512000000.0,0.356,,,15.5,1792000000.0,0.0,17.438,,0.776,985000000.0,1402000000.0,6961000000.0,6961000000.0,267000000.0,,,,0.081,0.0,995000000.0,1.0,,309600000.0,312800000.0,22.484,4339000000.0,165000000.0,136000000.0,97000000.0,14.015,787000000.0
25,ETN,MRY,1995-12-31,1995-12-31,1995-12-31,2021-08-03,,,,,,,,-399000000.0,,,5028000000.0,399000000.0,,,,,,,,281000000.0,,0.028,0.375,678000000.0,959000000.0,0.141,959000000.0,678000000.0,592000000.0,1.282,1.27,1.282,,,,,,,248000000.0,,1.0,1794000000.0,0.263,,86000000.0,,,,,,,,,,,38000000.0,-132000000.0,-29000000.0,44000000.0,-117000000.0,-102000000.0,-507000000.0,0.0,647000000.0,0.0,399000000.0,399000000.0,399000000.0,0.0,0.0,0.058,1154000000.0,640000000.0,,0.293,,,10.458,,0.0,13.408,,,,,6822000000.0,6822000000.0,227000000.0,,,,0.099,0.0,927000000.0,1.0,,,,,,,193000000.0,,,
0,ETN,MRQ,2021-06-30,2021-06-30,2021-06-30,2021-08-03,-4031000000.0,36804000000.0,,9789000000.0,27015000000.0,,38.636,-153000000.0,279000000.0,279000000.0,3545000000.0,506000000.0,1.099,1.386,12468000000.0,3381000000.0,9087000000.0,12468000000.0,0.0,229000000.0,0.0,0.02,0.76,657000000.0,886000000.0,0.17,886000000.0,657000000.0,620000000.0,1.27,1.26,1.27,15408000000.0,,15408000000.0,69181730000.0,29.0,21.379,484000000.0,1.214,1.0,1670000000.0,0.32,21075000000.0,37000000.0,19012000000.0,,2668000000.0,261000000.0,261000000.0,0.0,21354000000.0,8906000000.0,12448000000.0,59049730000.0,-75000000.0,-2922000000.0,-17000000.0,1911000000.0,-313000000.0,1578000000.0,-2282000000.0,681000000.0,637000000.0,-2000000.0,506000000.0,506000000.0,506000000.0,0.0,0.0,0.097,1030000000.0,640000000.0,2484000000.0,0.598,3.832,31.326,31.394,3528000000.0,0.0,148.18,3.088,3.091,3341000000.0,7068000000.0,5215000000.0,5215000000.0,154000000.0,,,,,0.0,876000000.0,1.0,398500000.0,398800000.0,401400000.0,13.077,15729000000.0,445000000.0,114000000.0,494000000.0,39.441,883000000.0
1,ETN,MRQ,2021-03-31,2021-03-31,2021-03-31,2021-08-03,-4225000000.0,34080000000.0,,9905000000.0,24175000000.0,,37.648,-119000000.0,354000000.0,354000000.0,3184000000.0,459000000.0,1.505,1.27,10486000000.0,1476000000.0,9010000000.0,10486000000.0,0.0,208000000.0,0.0,0.027,0.76,575000000.0,783000000.0,0.167,783000000.0,575000000.0,537000000.0,1.15,1.14,1.15,14995000000.0,,14995000000.0,62995268000.0,35.0,23.953,141000000.0,0.354,1.0,1508000000.0,0.321,18479000000.0,38000000.0,19152000000.0,,2399000000.0,945000000.0,945000000.0,0.0,19043000000.0,6581000000.0,12462000000.0,55049268000.0,-84000000.0,-1700000000.0,-59000000.0,2258000000.0,-300000000.0,1875000000.0,-2201000000.0,-280000000.0,260000000.0,-11000000.0,458000000.0,458000000.0,458000000.0,0.0,1000000.0,0.098,943000000.0,565000000.0,2172000000.0,0.661,3.671,38.496,38.626,3351000000.0,0.0,138.28,3.099,3.101,3065000000.0,6883000000.0,4692000000.0,4692000000.0,148000000.0,,,,,0.0,795000000.0,1.0,398100000.0,398300000.0,400900000.0,11.78,15601000000.0,436000000.0,79000000.0,445000000.0,39.169,3324000000.0
2,ETN,MRQ,2020-12-31,2020-12-31,2020-12-31,2021-08-03,-4195000000.0,31824000000.0,,9178000000.0,22646000000.0,,37.428,-98000000.0,438000000.0,438000000.0,3178000000.0,476000000.0,1.561,1.129,8384000000.0,1048000000.0,7336000000.0,8384000000.0,0.0,208000000.0,0.0,0.03,0.73,588000000.0,796000000.0,0.17,796000000.0,588000000.0,552000000.0,1.19,1.18,1.19,14930000000.0,,14930000000.0,55982804000.0,30.0,20.727,845000000.0,2.118,1.0,1509000000.0,0.322,17078000000.0,36000000.0,16811000000.0,,2109000000.0,664000000.0,664000000.0,0.0,16851000000.0,5881000000.0,10970000000.0,47887804000.0,9000000.0,0.0,-144000000.0,-243000000.0,-291000000.0,-639000000.0,-312000000.0,-320000000.0,943000000.0,15000000.0,475000000.0,475000000.0,475000000.0,0.0,1000000.0,0.101,905000000.0,604000000.0,1987000000.0,0.613,3.207,33.963,34.228,3392000000.0,0.0,120.14,2.682,2.706,2904000000.0,6794000000.0,4687000000.0,4687000000.0,140000000.0,,,,,0.0,765000000.0,1.0,398600000.0,398900000.0,401300000.0,11.75,14746000000.0,426000000.0,77000000.0,277000000.0,36.967,3297000000.0
3,ETN,MRQ,2020-09-30,2020-09-30,2020-09-30,2021-08-03,-4533000000.0,30985000000.0,,8671000000.0,22314000000.0,,36.154,-89000000.0,429000000.0,429000000.0,3051000000.0,447000000.0,1.494,1.138,8524000000.0,1253000000.0,7271000000.0,8524000000.0,0.0,206000000.0,0.0,0.036,0.73,565000000.0,771000000.0,0.17,771000000.0,565000000.0,524000000.0,1.11,1.11,1.11,14476000000.0,,14476000000.0,49118203000.0,26.0,18.232,832000000.0,2.078,1.0,1475000000.0,0.326,16856000000.0,41000000.0,16419000000.0,,2096000000.0,334000000.0,334000000.0,0.0,16467000000.0,5805000000.0,10662000000.0,40822203000.0,137000000.0,-5000000.0,-164000000.0,-139000000.0,-292000000.0,-585000000.0,-191000000.0,-125000000.0,921000000.0,-8000000.0,446000000.0,446000000.0,446000000.0,0.0,1000000.0,0.099,886000000.0,589000000.0,1788000000.0,0.658,2.82,29.432,29.921,3337000000.0,0.0,102.03,2.218,2.219,2876000000.0,6741000000.0,4526000000.0,4526000000.0,132000000.0,,,,,0.0,754000000.0,1.0,400100000.0,400400000.0,402300000.0,11.304,14129000000.0,376000000.0,78000000.0,306000000.0,35.287,2866000000.0
4,ETN,MRQ,2020-06-30,2020-06-30,2020-06-30,2021-08-03,-4809000000.0,30348000000.0,,8213000000.0,22135000000.0,,35.435,-90000000.0,292000000.0,292000000.0,2877000000.0,54000000.0,1.496,1.136,8588000000.0,1362000000.0,7226000000.0,8588000000.0,0.0,198000000.0,0.0,0.041,1.46,82000000.0,280000000.0,0.073,280000000.0,82000000.0,44000000.0,0.13,0.13,0.13,14188000000.0,,14188000000.0,43516000000.0,21.0,14.939,667000000.0,1.666,1.0,979000000.0,0.254,16738000000.0,38000000.0,16417000000.0,,2138000000.0,204000000.0,204000000.0,0.0,16113000000.0,5489000000.0,10624000000.0,34992000000.0,53000000.0,-9000000.0,0.0,-200000000.0,-301000000.0,-504000000.0,-200000000.0,-26000000.0,757000000.0,1000000.0,51000000.0,51000000.0,51000000.0,0.0,3000000.0,0.013,817000000.0,162000000.0,1620000000.0,11.231,2.466,22.693,23.39,3323000000.0,0.0,87.48,1.823,1.825,2647000000.0,6767000000.0,3856000000.0,3856000000.0,126000000.0,,,,,0.0,691000000.0,1.0,400000000.0,400400000.0,401300000.0,9.63,13610000000.0,356000000.0,-7000000.0,310000000.0,33.991,2724000000.0
5,ETN,MRQ,2020-03-31,2020-03-31,2020-03-31,2021-08-03,-4966000000.0,30845000000.0,,8670000000.0,22175000000.0,,34.803,-112000000.0,239000000.0,239000000.0,3302000000.0,438000000.0,1.754,1.162,8763000000.0,587000000.0,8176000000.0,8763000000.0,0.0,199000000.0,0.0,0.037,0.73,655000000.0,854000000.0,0.178,854000000.0,655000000.0,621000000.0,1.07,1.07,1.07,14245000000.0,,14245000000.0,40400046000.0,15.0,11.093,211000000.0,0.516,1.0,1487000000.0,0.311,16716000000.0,34000000.0,17709000000.0,,2346000000.0,178000000.0,178000000.0,0.0,16557000000.0,4944000000.0,11613000000.0,32117046000.0,-131000000.0,1207000000.0,-1300000000.0,79000000.0,-291000000.0,-1530000000.0,1100000000.0,30000000.0,323000000.0,-23000000.0,438000000.0,438000000.0,438000000.0,0.0,0.0,0.091,1018000000.0,469000000.0,1785000000.0,0.682,2.255,15.1,15.174,3373000000.0,0.0,77.69,1.539,1.523,2951000000.0,7007000000.0,4789000000.0,4789000000.0,153000000.0,,,,,0.0,865000000.0,1.0,413400000.0,409300000.0,411100000.0,11.7,14129000000.0,346000000.0,183000000.0,354000000.0,34.52,3726000000.0
6,ETN,MRQ,2019-12-31,2019-12-31,2019-12-31,2021-08-03,-4290000000.0,32805000000.0,,8728000000.0,24077000000.0,,38.855,-146000000.0,370000000.0,370000000.0,3556000000.0,453000000.0,1.701,1.037,8653000000.0,503000000.0,8150000000.0,8653000000.0,0.0,216000000.0,0.0,0.03,0.71,573000000.0,789000000.0,0.151,789000000.0,573000000.0,531000000.0,1.1,1.09,1.1,16082000000.0,,16082000000.0,46962248000.0,17.0,12.789,791000000.0,1.911,1.0,1682000000.0,0.321,18094000000.0,42000000.0,17862000000.0,,2805000000.0,221000000.0,221000000.0,0.0,16672000000.0,5132000000.0,11540000000.0,39157248000.0,-179000000.0,-939000000.0,-51000000.0,250000000.0,-294000000.0,-71000000.0,-1034000000.0,62000000.0,937000000.0,-11000000.0,452000000.0,452000000.0,452000000.0,0.0,1000000.0,0.086,1026000000.0,656000000.0,2114000000.0,0.645,2.435,17.71,17.939,3932000000.0,0.0,94.72,1.831,1.855,3437000000.0,8170000000.0,5238000000.0,5238000000.0,152000000.0,,,,,0.0,874000000.0,1.0,413400000.0,413900000.0,415700000.0,12.655,14711000000.0,372000000.0,79000000.0,396000000.0,35.542,3596000000.0
7,ETN,MRQ,2019-09-30,2019-09-30,2019-09-30,2021-08-03,-4367000000.0,31895000000.0,,8012000000.0,23883000000.0,,38.041,-143000000.0,549000000.0,549000000.0,3512000000.0,602000000.0,1.719,1.009,8354000000.0,8000000.0,8346000000.0,8354000000.0,0.0,226000000.0,0.0,0.034,0.71,764000000.0,990000000.0,0.186,990000000.0,764000000.0,717000000.0,1.44,1.44,1.44,15848000000.0,,15848000000.0,42908000000.0,14.0,11.047,940000000.0,2.256,1.0,1802000000.0,0.339,17994000000.0,47000000.0,17045000000.0,,2901000000.0,281000000.0,281000000.0,0.0,15995000000.0,4661000000.0,11334000000.0,34923000000.0,137000000.0,-34000000.0,-538000000.0,0.0,-298000000.0,-824000000.0,-122000000.0,89000000.0,1083000000.0,0.0,601000000.0,601000000.0,601000000.0,0.0,1000000.0,0.113,1032000000.0,770000000.0,2290000000.0,0.493,2.204,14.612,14.743,3927000000.0,0.0,83.15,1.616,1.603,3787000000.0,8062000000.0,5314000000.0,5314000000.0,147000000.0,,,,,0.0,885000000.0,1.0,420000000.0,416600000.0,418400000.0,12.756,13901000000.0,294000000.0,116000000.0,309000000.0,33.368,3351000000.0
8,ETN,MRQ,2019-06-30,2019-06-30,2019-06-30,2021-08-03,-4108000000.0,32244000000.0,,8126000000.0,24118000000.0,,38.676,-149000000.0,412000000.0,412000000.0,3697000000.0,636000000.0,1.826,0.974,8397000000.0,7000000.0,8390000000.0,8397000000.0,0.0,221000000.0,0.0,0.033,0.71,788000000.0,1009000000.0,0.182,1009000000.0,788000000.0,738000000.0,1.51,1.5,1.51,16306000000.0,,16306000000.0,42805768000.0,16.0,11.815,731000000.0,1.734,1.0,1836000000.0,0.332,18229000000.0,50000000.0,17550000000.0,,2853000000.0,385000000.0,385000000.0,0.0,15883000000.0,4450000000.0,11433000000.0,35235768000.0,109000000.0,-243000000.0,-260000000.0,448000000.0,-307000000.0,-128000000.0,-642000000.0,-237000000.0,880000000.0,-1000000.0,636000000.0,636000000.0,636000000.0,0.0,0.0,0.115,1058000000.0,778000000.0,2268000000.0,0.47,2.161,15.98,16.14,3929000000.0,0.0,83.28,1.623,1.617,3944000000.0,8300000000.0,5533000000.0,5533000000.0,151000000.0,,,,,0.0,907000000.0,1.0,423100000.0,421600000.0,423100000.0,13.124,14015000000.0,303000000.0,102000000.0,389000000.0,33.242,3676000000.0
9,ETN,MRQ,2019-03-31,2019-03-31,2019-03-31,2021-08-03,-4078000000.0,31649000000.0,,7744000000.0,23905000000.0,,38.285,-149000000.0,303000000.0,303000000.0,3573000000.0,522000000.0,1.465,0.948,7873000000.0,783000000.0,7090000000.0,7873000000.0,0.0,221000000.0,0.0,0.033,0.71,663000000.0,884000000.0,0.167,884000000.0,663000000.0,603000000.0,1.23,1.23,1.23,16233000000.0,,16233000000.0,41363216000.0,15.0,11.483,402000000.0,0.948,1.0,1732000000.0,0.326,18072000000.0,60000000.0,15861000000.0,,2897000000.0,143000000.0,143000000.0,0.0,15382000000.0,5286000000.0,10096000000.0,34125216000.0,20000000.0,0.0,-180000000.0,27000000.0,-302000000.0,-471000000.0,-68000000.0,16000000.0,551000000.0,8000000.0,522000000.0,522000000.0,522000000.0,0.0,0.0,0.098,1073000000.0,659000000.0,2274000000.0,0.577,2.102,15.661,15.952,3893000000.0,0.0,80.56,1.575,1.577,3865000000.0,8225000000.0,5305000000.0,5305000000.0,156000000.0,,,,,0.0,917000000.0,1.0,423600000.0,424000000.0,425900000.0,12.512,13577000000.0,309000000.0,81000000.0,360000000.0,32.021,2458000000.0
10,ETN,MRQ,2018-12-31,2018-12-31,2018-12-31,2021-08-03,-4145000000.0,31092000000.0,,7590000000.0,23502000000.0,,37.476,-154000000.0,283000000.0,283000000.0,3670000000.0,632000000.0,1.473,0.928,7521000000.0,753000000.0,6768000000.0,7521000000.0,0.0,223000000.0,0.0,0.038,0.66,778000000.0,1001000000.0,0.183,1001000000.0,778000000.0,725000000.0,1.46,1.46,1.46,16107000000.0,,16107000000.0,36675244000.0,14.0,10.233,666000000.0,1.55,1.0,1789000000.0,0.328,18174000000.0,53000000.0,15002000000.0,,2785000000.0,157000000.0,157000000.0,0.0,14950000000.0,5154000000.0,9796000000.0,29757244000.0,-44000000.0,0.0,-671000000.0,242000000.0,-285000000.0,-713000000.0,-142000000.0,26000000.0,820000000.0,-9000000.0,631000000.0,631000000.0,631000000.0,0.0,1000000.0,0.116,1014000000.0,775000000.0,2130000000.0,0.452,1.847,13.873,13.927,3467000000.0,0.0,68.66,1.377,1.38,3858000000.0,8161000000.0,5459000000.0,5459000000.0,145000000.0,,,,,0.0,869000000.0,1.0,433400000.0,429800000.0,432400000.0,12.701,12918000000.0,293000000.0,94000000.0,349000000.0,30.056,2436000000.0
11,ETN,MRQ,2018-09-30,2018-09-30,2018-09-30,2021-08-03,0.0,31628000000.0,,7867000000.0,23761000000.0,,38.648,-131000000.0,327000000.0,327000000.0,3597000000.0,416000000.0,1.494,0.886,7245000000.0,508000000.0,6737000000.0,7245000000.0,0.0,223000000.0,0.0,0.03,0.66,506000000.0,729000000.0,0.135,729000000.0,506000000.0,439000000.0,0.96,0.95,0.96,16754000000.0,,16754000000.0,45009109000.0,17.0,12.816,869000000.0,2.005,1.0,1815000000.0,0.335,18334000000.0,67000000.0,14945000000.0,,2835000000.0,178000000.0,178000000.0,0.0,14839000000.0,5267000000.0,9572000000.0,37580109000.0,71000000.0,0.0,0.0,-420000000.0,-286000000.0,-700000000.0,-219000000.0,45000000.0,1000000000.0,-10000000.0,416000000.0,416000000.0,416000000.0,0.0,0.0,0.077,1302000000.0,513000000.0,2165000000.0,0.688,2.243,17.495,17.664,3446000000.0,0.0,86.73,1.759,1.76,4027000000.0,,5412000000.0,5412000000.0,138000000.0,,,,,0.0,889000000.0,1.0,433300000.0,433500000.0,436300000.0,12.484,13294000000.0,241000000.0,23000000.0,347000000.0,30.667,2600000000.0
12,ETN,MRQ,2018-06-30,2018-06-30,2018-06-30,2021-08-03,0.0,31865000000.0,,7913000000.0,23952000000.0,,38.35,-149000000.0,256000000.0,256000000.0,3671000000.0,611000000.0,1.469,0.907,7685000000.0,932000000.0,6753000000.0,7685000000.0,0.0,227000000.0,0.0,0.034,0.66,761000000.0,988000000.0,0.18,988000000.0,761000000.0,693000000.0,1.4,1.39,1.4,16690000000.0,,16690000000.0,40243802000.0,10.0,8.439,350000000.0,0.804,1.0,1816000000.0,0.331,18477000000.0,68000000.0,15430000000.0,,2753000000.0,236000000.0,236000000.0,0.0,15140000000.0,5387000000.0,9753000000.0,32683802000.0,-61000000.0,0.0,-300000000.0,-132000000.0,-294000000.0,-725000000.0,100000000.0,253000000.0,499000000.0,65000000.0,610000000.0,610000000.0,610000000.0,0.0,1000000.0,0.111,1046000000.0,770000000.0,2192000000.0,0.471,1.958,10.432,10.512,3462000000.0,0.0,74.74,1.544,1.537,4092000000.0,,5487000000.0,5487000000.0,145000000.0,,,,,0.0,901000000.0,1.0,437300000.0,435200000.0,437300000.0,12.608,13388000000.0,296000000.0,83000000.0,486000000.0,30.763,2526000000.0
13,ETN,MRQ,2018-03-31,2018-03-31,2018-03-31,2021-08-03,0.0,32668000000.0,,8129000000.0,24539000000.0,,39.341,-131000000.0,317000000.0,317000000.0,3573000000.0,487000000.0,1.506,0.89,7877000000.0,1032000000.0,6845000000.0,7877000000.0,0.0,230000000.0,0.0,0.031,0.66,636000000.0,866000000.0,0.165,866000000.0,636000000.0,566000000.0,1.11,1.1,1.11,17263000000.0,,17263000000.0,42366382000.0,11.0,9.131,208000000.0,0.474,1.0,1678000000.0,0.32,18904000000.0,70000000.0,15928000000.0,,2745000000.0,510000000.0,510000000.0,0.0,15367000000.0,5396000000.0,9971000000.0,35176382000.0,-244000000.0,0.0,-300000000.0,146000000.0,-284000000.0,-443000000.0,-137000000.0,31000000.0,339000000.0,-3000000.0,488000000.0,488000000.0,488000000.0,0.0,-1000000.0,0.093,1043000000.0,635000000.0,2203000000.0,0.595,2.038,11.575,11.632,3543000000.0,0.0,79.91,1.691,1.685,4005000000.0,,5251000000.0,5251000000.0,156000000.0,,,,,0.0,889000000.0,1.0,440200000.0,438800000.0,441700000.0,11.967,13764000000.0,356000000.0,78000000.0,557000000.0,31.367,2733000000.0
14,ETN,MRQ,2017-12-31,2017-12-31,2017-12-31,2021-08-03,-3404000000.0,32623000000.0,,8337000000.0,24286000000.0,,39.185,-169000000.0,561000000.0,561000000.0,3535000000.0,634000000.0,1.643,0.889,7751000000.0,584000000.0,7167000000.0,7751000000.0,0.0,229000000.0,0.0,0.03,0.6,700000000.0,929000000.0,0.178,929000000.0,700000000.0,635000000.0,1.44,1.44,1.44,17253000000.0,,17253000000.0,42792806000.0,12.0,9.453,710000000.0,1.613,1.0,1678000000.0,0.322,18833000000.0,65000000.0,15905000000.0,,2620000000.0,534000000.0,534000000.0,0.0,15333000000.0,5075000000.0,10258000000.0,34811806000.0,-230000000.0,7000000.0,-61000000.0,-1001000000.0,-265000000.0,-1327000000.0,218000000.0,323000000.0,879000000.0,0.0,634000000.0,634000000.0,634000000.0,0.0,0.0,0.122,1001000000.0,677000000.0,2166000000.0,0.417,2.018,11.662,11.775,3502000000.0,0.0,79.01,1.706,1.721,3943000000.0,8669000000.0,5213000000.0,5213000000.0,144000000.0,,,,,0.0,857000000.0,1.0,440600000.0,440300000.0,443100000.0,11.84,13790000000.0,253000000.0,1000000.0,538000000.0,31.32,3262000000.0
15,ETN,MRQ,2017-09-30,2017-09-30,2017-09-30,2021-08-03,0.0,32725000000.0,,8449000000.0,24276000000.0,,37.49,-105000000.0,791000000.0,791000000.0,3466000000.0,1401000000.0,1.432,0.97,8772000000.0,1499000000.0,7273000000.0,8772000000.0,0.0,232000000.0,0.0,0.031,0.6,1754000000.0,1986000000.0,0.381,1986000000.0,1754000000.0,1694000000.0,3.16,3.14,3.16,16593000000.0,,16593000000.0,42449192000.0,12.0,9.576,645000000.0,1.457,1.0,1745000000.0,0.335,18899000000.0,60000000.0,15907000000.0,,2457000000.0,843000000.0,843000000.0,0.0,16089000000.0,5900000000.0,10189000000.0,34156192000.0,479000000.0,600000000.0,-324000000.0,158000000.0,-266000000.0,-426000000.0,151000000.0,-312000000.0,750000000.0,4000000.0,1401000000.0,1401000000.0,1401000000.0,0.0,0.0,0.269,1049000000.0,696000000.0,2039000000.0,0.19,2.058,11.989,11.998,3486000000.0,0.0,76.79,1.703,1.694,3962000000.0,,5211000000.0,5211000000.0,147000000.0,,,,,0.0,902000000.0,1.0,444800000.0,442600000.0,445200000.0,11.774,13826000000.0,264000000.0,293000000.0,327000000.0,31.238,2549000000.0
16,ETN,MRQ,2017-06-30,2017-06-30,2017-06-30,2021-08-03,0.0,31355000000.0,,7487000000.0,23868000000.0,,34.847,-130000000.0,312000000.0,312000000.0,3448000000.0,517000000.0,1.187,1.013,8605000000.0,2341000000.0,6264000000.0,8605000000.0,0.0,228000000.0,0.0,0.03,0.6,631000000.0,859000000.0,0.167,859000000.0,631000000.0,571000000.0,1.16,1.15,1.16,15552000000.0,,15552000000.0,42804359000.0,18.0,12.92,444000000.0,0.995,1.0,1684000000.0,0.328,18888000000.0,60000000.0,14451000000.0,,2393000000.0,525000000.0,525000000.0,0.0,15761000000.0,6309000000.0,9452000000.0,34813359000.0,90000000.0,0.0,-210000000.0,349000000.0,-274000000.0,-126000000.0,-357000000.0,-216000000.0,574000000.0,-1000000.0,516000000.0,516000000.0,516000000.0,0.0,1000000.0,0.101,1041000000.0,643000000.0,1885000000.0,0.517,2.239,17.663,17.729,3530000000.0,0.0,77.83,1.755,1.751,3813000000.0,,5132000000.0,5132000000.0,150000000.0,,,,,0.0,891000000.0,1.0,447300000.0,446300000.0,448600000.0,11.499,12467000000.0,443000000.0,55000000.0,316000000.0,27.934,1178000000.0
17,ETN,MRQ,2017-03-31,2017-03-31,2017-03-31,2021-08-03,0.0,30611000000.0,,6975000000.0,23636000000.0,,33.772,-116000000.0,222000000.0,222000000.0,3307000000.0,434000000.0,1.255,1.017,8213000000.0,1536000000.0,6677000000.0,8213000000.0,0.0,225000000.0,0.0,0.031,0.6,528000000.0,753000000.0,0.155,753000000.0,528000000.0,467000000.0,0.97,0.96,0.97,15157000000.0,,15157000000.0,41079255000.0,17.0,12.46,347000000.0,0.773,1.0,1541000000.0,0.318,18737000000.0,61000000.0,14308000000.0,,2344000000.0,301000000.0,301000000.0,0.0,15412000000.0,5557000000.0,9855000000.0,33345255000.0,-321000000.0,0.0,-255000000.0,-60000000.0,-263000000.0,-563000000.0,-229000000.0,-93000000.0,463000000.0,8000000.0,434000000.0,434000000.0,434000000.0,0.0,0.0,0.09,1013000000.0,528000000.0,1891000000.0,0.619,2.2,17.135,17.204,3481000000.0,0.0,74.15,1.686,1.682,3673000000.0,,4848000000.0,4848000000.0,143000000.0,,,,,0.0,876000000.0,1.0,449700000.0,448800000.0,451000000.0,10.802,11874000000.0,439000000.0,33000000.0,319000000.0,26.457,1418000000.0
18,ETN,MRQ,2016-12-31,2016-12-31,2016-12-31,2021-08-03,-4448000000.0,30476000000.0,,7033000000.0,23443000000.0,,33.194,-151000000.0,543000000.0,543000000.0,3315000000.0,502000000.0,1.282,1.035,8277000000.0,1566000000.0,6711000000.0,8277000000.0,0.0,229000000.0,0.0,0.034,0.57,606000000.0,835000000.0,0.172,835000000.0,606000000.0,546000000.0,1.11,1.11,1.11,14954000000.0,,14954000000.0,38242553000.0,16.0,11.67,487000000.0,1.081,1.0,1552000000.0,0.319,18715000000.0,60000000.0,14010000000.0,,2346000000.0,203000000.0,203000000.0,0.0,15478000000.0,5485000000.0,9993000000.0,30304553000.0,49000000.0,-1000000.0,-163000000.0,11000000.0,-257000000.0,-395000000.0,-158000000.0,-11000000.0,638000000.0,-36000000.0,498000000.0,498000000.0,498000000.0,0.0,4000000.0,0.102,965000000.0,587000000.0,1718000000.0,0.514,2.027,15.817,15.936,3443000000.0,0.0,67.09,1.535,1.546,3560000000.0,7555000000.0,4867000000.0,4867000000.0,143000000.0,,,,,0.0,822000000.0,1.0,451700000.0,450500000.0,452300000.0,10.804,11761000000.0,325000000.0,48000000.0,321000000.0,26.107,1548000000.0
19,ETN,MRQ,2016-09-30,2016-09-30,2016-09-30,2021-08-03,0.0,31237000000.0,,7087000000.0,24150000000.0,,33.937,-100000000.0,494000000.0,494000000.0,3371000000.0,522000000.0,1.542,1.025,8432000000.0,551000000.0,7881000000.0,8432000000.0,0.0,233000000.0,0.0,0.034,0.57,633000000.0,866000000.0,0.174,866000000.0,633000000.0,574000000.0,1.15,1.15,1.15,15404000000.0,,15404000000.0,37969337000.0,16.0,11.601,699000000.0,1.54,1.0,1616000000.0,0.324,19123000000.0,59000000.0,15457000000.0,,2328000000.0,213000000.0,213000000.0,0.0,15791000000.0,4595000000.0,11196000000.0,29878337000.0,171000000.0,0.0,-272000000.0,56000000.0,-259000000.0,-461000000.0,-167000000.0,-67000000.0,799000000.0,0.0,523000000.0,523000000.0,523000000.0,0.0,-1000000.0,0.105,999000000.0,617000000.0,1790000000.0,0.496,1.94,15.377,15.498,3506000000.0,0.0,65.71,1.499,1.496,3659000000.0,,4987000000.0,4987000000.0,146000000.0,,,,,0.0,853000000.0,1.0,454700000.0,453900000.0,455600000.0,10.987,12114000000.0,412000000.0,51000000.0,366000000.0,26.689,2492000000.0
20,ETN,MRQ,2016-06-30,2016-06-30,2016-06-30,2021-08-03,0.0,31154000000.0,,6826000000.0,24328000000.0,,33.523,-135000000.0,323000000.0,323000000.0,3419000000.0,492000000.0,1.417,1.031,8414000000.0,809000000.0,7605000000.0,8414000000.0,0.0,234000000.0,0.0,0.038,0.57,609000000.0,843000000.0,0.166,843000000.0,609000000.0,552000000.0,1.08,1.07,1.08,15320000000.0,,15320000000.0,35668340000.0,16.0,11.195,610000000.0,1.335,1.0,1661000000.0,0.327,19245000000.0,57000000.0,15184000000.0,,2323000000.0,146000000.0,146000000.0,0.0,15790000000.0,4816000000.0,10974000000.0,27356340000.0,-10000000.0,0.0,-195000000.0,-266000000.0,-265000000.0,-705000000.0,-45000000.0,91000000.0,745000000.0,-5000000.0,491000000.0,491000000.0,491000000.0,0.0,1000000.0,0.097,1046000000.0,615000000.0,1802000000.0,0.528,1.786,14.66,14.748,3551000000.0,0.0,59.73,1.357,1.354,3628000000.0,,5080000000.0,5080000000.0,149000000.0,,,,,0.0,897000000.0,1.0,458000000.0,457000000.0,458300000.0,11.116,11909000000.0,413000000.0,61000000.0,365000000.0,26.059,2010000000.0
21,ETN,MRQ,2016-03-31,2016-03-31,2016-03-31,2021-08-03,0.0,31583000000.0,,7013000000.0,24570000000.0,,33.84,-111000000.0,333000000.0,333000000.0,3291000000.0,403000000.0,1.396,1.032,8645000000.0,1073000000.0,7572000000.0,8645000000.0,0.0,233000000.0,0.0,0.035,0.57,500000000.0,733000000.0,0.152,733000000.0,500000000.0,443000000.0,0.88,0.88,0.88,15519000000.0,,15519000000.0,36889784000.0,16.0,11.407,277000000.0,0.604,1.0,1522000000.0,0.316,19535000000.0,57000000.0,15338000000.0,,2391000000.0,240000000.0,240000000.0,0.0,16020000000.0,5022000000.0,10998000000.0,28708784000.0,65000000.0,1000000.0,-100000000.0,177000000.0,-256000000.0,-177000000.0,-159000000.0,-53000000.0,388000000.0,13000000.0,404000000.0,404000000.0,404000000.0,0.0,-1000000.0,0.084,1023000000.0,499000000.0,1795000000.0,0.648,1.85,15.031,15.221,3583000000.0,0.0,62.56,1.404,1.403,3581000000.0,,4813000000.0,4813000000.0,149000000.0,,,,,0.0,892000000.0,1.0,458900000.0,458600000.0,459800000.0,10.495,12048000000.0,380000000.0,39000000.0,395000000.0,26.271,1991000000.0
22,ETN,MRQ,2015-12-31,2015-12-31,2015-12-31,2021-08-03,-3863000000.0,30996000000.0,,6616000000.0,24380000000.0,,32.899,-138000000.0,268000000.0,268000000.0,3439000000.0,527000000.0,1.43,1.038,8414000000.0,668000000.0,7746000000.0,8414000000.0,0.0,233000000.0,0.0,0.042,0.55,598000000.0,831000000.0,0.164,831000000.0,598000000.0,541000000.0,1.13,1.13,1.13,15186000000.0,,15186000000.0,32338112000.0,14.0,9.835,642000000.0,1.391,1.0,1618000000.0,0.32,19493000000.0,57000000.0,15024000000.0,,2323000000.0,177000000.0,177000000.0,0.0,15765000000.0,4625000000.0,11140000000.0,24084112000.0,-150000000.0,-34000000.0,-228000000.0,-198000000.0,-255000000.0,-716000000.0,-202000000.0,-39000000.0,780000000.0,-12000000.0,525000000.0,525000000.0,525000000.0,0.0,2000000.0,0.104,1018000000.0,600000000.0,1758000000.0,0.487,1.586,12.213,12.303,3565000000.0,0.0,52.04,1.155,1.162,3479000000.0,7346000000.0,5057000000.0,5057000000.0,153000000.0,,,,,0.0,873000000.0,1.0,462800000.0,461600000.0,462900000.0,10.955,11503000000.0,362000000.0,16000000.0,390000000.0,24.92,1991000000.0
23,ETN,MRQ,2015-09-30,2015-09-30,2015-09-30,2021-08-03,0.0,32201000000.0,,7579000000.0,24622000000.0,,33.038,-122000000.0,418000000.0,418000000.0,3597000000.0,445000000.0,1.486,1.093,8672000000.0,842000000.0,7830000000.0,8672000000.0,0.0,232000000.0,0.0,0.042,0.55,547000000.0,779000000.0,0.15,779000000.0,547000000.0,488000000.0,0.96,0.96,0.96,15366000000.0,,15366000000.0,32430750000.0,13.0,9.664,851000000.0,1.83,1.0,1606000000.0,0.309,19679000000.0,59000000.0,15676000000.0,,2395000000.0,150000000.0,150000000.0,0.0,16788000000.0,5100000000.0,11688000000.0,23982750000.0,115000000.0,0.0,-284000000.0,-137000000.0,-257000000.0,-677000000.0,-166000000.0,-33000000.0,973000000.0,-15000000.0,446000000.0,446000000.0,446000000.0,0.0,-1000000.0,0.086,1060000000.0,546000000.0,1997000000.0,0.573,1.561,11.826,11.848,3590000000.0,0.0,51.3,1.123,1.117,3656000000.0,,5203000000.0,5203000000.0,156000000.0,,,,,0.0,907000000.0,1.0,467500000.0,465100000.0,466400000.0,11.187,12522000000.0,796000000.0,42000000.0,820000000.0,26.923,2479000000.0
24,ETN,MRQ,2015-06-30,2015-06-30,2015-06-30,2021-08-03,0.0,32579000000.0,,7644000000.0,24935000000.0,,33.689,-141000000.0,303000000.0,303000000.0,3675000000.0,535000000.0,1.512,1.065,8751000000.0,981000000.0,7770000000.0,8751000000.0,0.0,234000000.0,0.0,0.031,0.55,657000000.0,891000000.0,0.166,891000000.0,657000000.0,598000000.0,1.14,1.14,1.14,15753000000.0,,15753000000.0,40201579000.0,16.0,11.434,438000000.0,0.937,1.0,1697000000.0,0.316,19980000000.0,59000000.0,15991000000.0,,2439000000.0,127000000.0,127000000.0,0.0,16776000000.0,5056000000.0,11720000000.0,31524579000.0,-360000000.0,1000000.0,0.0,-530000000.0,-263000000.0,-785000000.0,-154000000.0,10000000.0,579000000.0,0.0,535000000.0,535000000.0,535000000.0,0.0,0.0,0.1,1059000000.0,638000000.0,1931000000.0,0.482,2.001,14.434,14.545,3680000000.0,0.0,67.49,1.44,1.442,3840000000.0,,5372000000.0,5372000000.0,158000000.0,,,,,0.0,901000000.0,1.0,467100000.0,467600000.0,469200000.0,11.488,12599000000.0,803000000.0,63000000.0,876000000.0,26.944,2588000000.0
25,ETN,MRQ,2015-03-31,2015-03-31,2015-03-31,2021-08-03,0.0,32696000000.0,,7940000000.0,24756000000.0,,32.507,-105000000.0,663000000.0,663000000.0,3593000000.0,467000000.0,1.401,1.146,9340000000.0,1511000000.0,7829000000.0,9340000000.0,0.0,226000000.0,0.0,0.03,0.55,561000000.0,787000000.0,0.151,787000000.0,561000000.0,504000000.0,1.0,0.99,1.0,15210000000.0,,15210000000.0,40042126000.0,20.0,13.41,-28000000.0,-0.06,1.0,1630000000.0,0.312,19865000000.0,57000000.0,15842000000.0,,2424000000.0,139000000.0,139000000.0,0.0,17432000000.0,5666000000.0,11766000000.0,31789126000.0,-118000000.0,-38000000.0,-170000000.0,263000000.0,-251000000.0,-127000000.0,-53000000.0,99000000.0,77000000.0,-15000000.0,466000000.0,466000000.0,466000000.0,0.0,1000000.0,0.089,1068000000.0,562000000.0,1969000000.0,0.55,2.09,17.467,17.601,3634000000.0,0.0,67.94,1.427,1.427,3733000000.0,,5223000000.0,5223000000.0,158000000.0,,,,,0.0,915000000.0,1.0,467900000.0,467900000.0,470000000.0,11.163,12831000000.0,796000000.0,38000000.0,881000000.0,27.423,2274000000.0
26,ETN,MRQ,2014-12-31,2014-12-31,2014-12-31,2021-08-03,-2899000000.0,33529000000.0,,8100000000.0,25429000000.0,,33.594,-254000000.0,781000000.0,781000000.0,3847000000.0,585000000.0,1.513,1.121,9034000000.0,1010000000.0,8024000000.0,9034000000.0,0.0,240000000.0,0.0,0.029,0.49,659000000.0,899000000.0,0.162,899000000.0,659000000.0,605000000.0,1.23,1.23,1.23,15786000000.0,,15786000000.0,40598816000.0,21.0,13.711,690000000.0,1.468,1.0,1718000000.0,0.309,20449000000.0,54000000.0,15978000000.0,,2428000000.0,245000000.0,245000000.0,0.0,17690000000.0,5355000000.0,12335000000.0,32253816000.0,126000000.0,2000000.0,-383000000.0,-2000000.0,-229000000.0,-650000000.0,-150000000.0,77000000.0,944000000.0,-18000000.0,581000000.0,581000000.0,581000000.0,0.0,4000000.0,0.104,1055000000.0,663000000.0,1940000000.0,0.398,2.043,17.989,17.979,3750000000.0,0.0,67.96,1.43,1.429,3667000000.0,7078000000.0,5565000000.0,5565000000.0,154000000.0,,,,,0.0,903000000.0,1.0,474600000.0,469900000.0,472600000.0,11.843,13080000000.0,821000000.0,24000000.0,901000000.0,27.836,2745000000.0
27,ETN,MRQ,2014-09-30,2014-09-30,2014-09-30,2021-08-03,0.0,34239000000.0,,8431000000.0,25808000000.0,,34.935,-142000000.0,655000000.0,655000000.0,3916000000.0,605000000.0,1.691,1.061,9000000000.0,413000000.0,8587000000.0,9000000000.0,0.0,244000000.0,0.0,0.03,0.49,695000000.0,939000000.0,0.164,939000000.0,695000000.0,639000000.0,1.27,1.26,1.27,16587000000.0,,16587000000.0,38559783000.0,21.0,13.737,147000000.0,0.31,1.0,1812000000.0,0.316,20827000000.0,56000000.0,16771000000.0,,2498000000.0,335000000.0,335000000.0,0.0,17594000000.0,4986000000.0,12608000000.0,30157783000.0,24000000.0,9000000.0,-168000000.0,-4000000.0,-233000000.0,-402000000.0,145000000.0,283000000.0,289000000.0,-8000000.0,602000000.0,602000000.0,602000000.0,0.0,3000000.0,0.105,1114000000.0,698000000.0,2038000000.0,0.386,1.818,17.834,17.801,3702000000.0,0.0,63.37,1.34,1.336,3972000000.0,,5728000000.0,5728000000.0,163000000.0,,,,,0.0,961000000.0,1.0,475900000.0,474800000.0,477200000.0,12.064,13412000000.0,822000000.0,37000000.0,1035000000.0,28.248,3445000000.0
28,ETN,MRQ,2014-06-30,2014-06-30,2014-06-30,2021-08-03,0.0,35258000000.0,,8838000000.0,26420000000.0,,35.684,-126000000.0,631000000.0,631000000.0,4025000000.0,172000000.0,1.594,1.073,9033000000.0,418000000.0,8615000000.0,9033000000.0,0.0,250000000.0,0.0,0.024,0.49,111000000.0,361000000.0,0.063,361000000.0,111000000.0,56000000.0,0.36,0.36,0.36,16982000000.0,,16982000000.0,45322706000.0,27.0,16.799,507000000.0,1.065,1.0,1742000000.0,0.302,21353000000.0,55000000.0,16764000000.0,,2534000000.0,634000000.0,634000000.0,0.0,18216000000.0,5543000000.0,12673000000.0,36791706000.0,-153000000.0,270000000.0,-99000000.0,-319000000.0,-238000000.0,-635000000.0,-156000000.0,-269000000.0,633000000.0,5000000.0,171000000.0,171000000.0,171000000.0,0.0,1000000.0,0.03,1630000000.0,112000000.0,2044000000.0,1.361,2.167,23.009,22.902,3793000000.0,0.0,77.18,1.643,1.64,4010000000.0,,5767000000.0,5767000000.0,168000000.0,,,,,0.0,984000000.0,1.0,476700000.0,475900000.0,478500000.0,12.118,13905000000.0,794000000.0,-115000000.0,1047000000.0,29.218,3295000000.0
29,ETN,MRQ,2014-03-31,2014-03-31,2014-03-31,2021-08-03,0.0,35262000000.0,,8683000000.0,26579000000.0,,35.807,-110000000.0,784000000.0,784000000.0,3858000000.0,441000000.0,1.807,1.065,9315000000.0,324000000.0,8991000000.0,9315000000.0,0.0,249000000.0,0.0,0.023,0.49,513000000.0,762000000.0,0.139,762000000.0,513000000.0,451000000.0,0.92,0.92,0.92,17037000000.0,,17037000000.0,44338536000.0,20.0,13.925,-98000000.0,-0.206,1.0,1634000000.0,0.298,21528000000.0,62000000.0,17460000000.0,,2532000000.0,360000000.0,360000000.0,0.0,18151000000.0,4805000000.0,13346000000.0,35704536000.0,-131000000.0,3000000.0,0.0,-257000000.0,-229000000.0,-443000000.0,304000000.0,431000000.0,12000000.0,-4000000.0,439000000.0,439000000.0,439000000.0,0.0,2000000.0,0.08,1119000000.0,515000000.0,2076000000.0,0.533,2.096,18.577,18.548,3806000000.0,0.0,75.12,1.606,1.608,3889000000.0,,5492000000.0,5492000000.0,162000000.0,,,,,-20000000.0,962000000.0,1.0,475300000.0,475800000.0,478800000.0,11.543,13734000000.0,811000000.0,12000000.0,1296000000.0,28.865,3878000000.0
30,ETN,MRQ,2013-12-31,2013-12-31,2013-12-31,2021-08-03,-1560000000.0,35491000000.0,,8731000000.0,26760000000.0,,35.372,-242000000.0,915000000.0,915000000.0,3881000000.0,482000000.0,1.777,1.109,9549000000.0,580000000.0,8969000000.0,9549000000.0,0.0,257000000.0,0.0,0.022,0.42,488000000.0,745000000.0,0.135,745000000.0,488000000.0,426000000.0,1.01,1.0,1.01,16791000000.0,,16791000000.0,45169940000.0,21.0,14.385,630000000.0,1.327,1.0,1646000000.0,0.298,21681000000.0,62000000.0,17530000000.0,,2382000000.0,794000000.0,794000000.0,0.0,18628000000.0,4914000000.0,13714000000.0,36118940000.0,273000000.0,7000000.0,0.0,-81000000.0,-199000000.0,-251000000.0,-345000000.0,-103000000.0,872000000.0,-3000000.0,479000000.0,479000000.0,479000000.0,0.0,3000000.0,0.087,1158000000.0,488000000.0,1960000000.0,0.416,2.151,19.408,19.369,3833000000.0,0.0,76.12,1.638,1.635,3648000000.0,6866000000.0,5527000000.0,5527000000.0,165000000.0,,,,,-8000000.0,1001000000.0,1.0,474500000.0,474700000.0,478200000.0,11.643,13810000000.0,817000000.0,-53000000.0,1313000000.0,29.092,3817000000.0
31,ETN,MRQ,2013-09-30,2013-09-30,2013-09-30,2021-08-03,0.0,35312000000.0,,8766000000.0,26546000000.0,,33.905,-121000000.0,642000000.0,642000000.0,3883000000.0,514000000.0,1.734,1.194,9693000000.0,664000000.0,9029000000.0,9693000000.0,0.0,250000000.0,0.0,0.024,0.42,580000000.0,830000000.0,0.148,830000000.0,580000000.0,517000000.0,1.08,1.07,1.08,16071000000.0,,16071000000.0,41754276000.0,23.0,15.079,583000000.0,1.23,1.0,1724000000.0,0.307,21507000000.0,63000000.0,17802000000.0,,2403000000.0,698000000.0,698000000.0,0.0,19195000000.0,5054000000.0,14141000000.0,32623276000.0,14000000.0,0.0,0.0,-57000000.0,-200000000.0,-235000000.0,-463000000.0,-333000000.0,704000000.0,8000000.0,510000000.0,510000000.0,510000000.0,0.0,4000000.0,0.091,1133000000.0,591000000.0,1976000000.0,0.389,2.03,20.899,20.367,3757000000.0,0.0,68.84,1.565,1.565,3950000000.0,,5607000000.0,5607000000.0,166000000.0,,,,,-2000000.0,967000000.0,1.0,473900000.0,474000000.0,477200000.0,11.829,13805000000.0,732000000.0,7000000.0,1513000000.0,29.124,3712000000.0
32,ETN,MRQ,2013-06-30,2013-06-30,2013-06-30,2021-08-03,0.0,35257000000.0,,8229000000.0,27028000000.0,,32.505,-129000000.0,628000000.0,628000000.0,3870000000.0,497000000.0,1.652,1.288,9759000000.0,690000000.0,9069000000.0,9759000000.0,0.0,245000000.0,0.0,0.024,0.42,602000000.0,847000000.0,0.151,847000000.0,602000000.0,531000000.0,1.04,1.04,1.04,15388000000.0,,15388000000.0,40621711000.0,24.0,16.275,480000000.0,1.014,1.0,1732000000.0,0.309,21235000000.0,71000000.0,18172000000.0,,2405000000.0,368000000.0,368000000.0,0.0,19826000000.0,4981000000.0,14845000000.0,31134711000.0,-11000000.0,0.0,0.0,-262000000.0,-203000000.0,-440000000.0,-167000000.0,16000000.0,609000000.0,-13000000.0,494000000.0,494000000.0,494000000.0,0.0,3000000.0,0.088,1121000000.0,611000000.0,2045000000.0,0.404,2.023,22.303,19.822,3749000000.0,0.0,65.81,1.622,1.623,3820000000.0,,5602000000.0,5602000000.0,161000000.0,,,,,-6000000.0,960000000.0,1.0,473100000.0,473400000.0,476300000.0,11.834,14022000000.0,1617000000.0,37000000.0,2301000000.0,29.62,3248000000.0
33,ETN,MRQ,2013-03-31,2013-03-31,2013-03-31,2021-08-03,0.0,34977000000.0,,8196000000.0,26781000000.0,,32.14,-122000000.0,639000000.0,639000000.0,3735000000.0,380000000.0,1.672,1.303,10126000000.0,653000000.0,9473000000.0,10126000000.0,0.0,245000000.0,0.0,0.025,0.42,473000000.0,718000000.0,0.135,718000000.0,473000000.0,398000000.0,0.8,0.79,0.8,15167000000.0,,15167000000.0,39110875000.0,26.0,17.491,-22000000.0,-0.047,1.0,1575000000.0,0.297,20939000000.0,75000000.0,18622000000.0,,2394000000.0,397000000.0,397000000.0,0.0,19767000000.0,4903000000.0,14864000000.0,28854875000.0,62000000.0,761000000.0,0.0,-687000000.0,-194000000.0,-810000000.0,773000000.0,132000000.0,100000000.0,-1000000.0,378000000.0,378000000.0,378000000.0,0.0,2000000.0,0.071,1100000000.0,475000000.0,1978000000.0,0.525,1.902,22.473,17.962,3841000000.0,0.0,61.25,1.634,1.637,3685000000.0,,5310000000.0,5310000000.0,152000000.0,,,,,-16000000.0,958000000.0,1.0,471100000.0,471900000.0,475100000.0,11.252,14038000000.0,1562000000.0,20000000.0,2007000000.0,29.748,3293000000.0
34,ETN,MRQ,2012-12-31,2012-12-31,2012-12-31,2021-08-03,-1964000000.0,35810000000.0,,7900000000.0,27910000000.0,,39.656,-236000000.0,577000000.0,577000000.0,3132000000.0,180000000.0,1.432,1.365,10836000000.0,1071000000.0,9765000000.0,10836000000.0,0.0,179000000.0,0.0,0.028,0.38,195000000.0,374000000.0,0.086,374000000.0,195000000.0,87000000.0,0.46,0.41,0.46,15113000000.0,,15113000000.0,21987422000.0,15.0,10.705,451000000.0,1.183,1.0,1201000000.0,0.277,22023000000.0,108000000.0,18531000000.0,,2336000000.0,527000000.0,527000000.0,0.0,20632000000.0,5515000000.0,15117000000.0,18307422000.0,152000000.0,-6382000000.0,159000000.0,5499000000.0,-128000000.0,5576000000.0,-6115000000.0,514000000.0,687000000.0,4000000.0,179000000.0,179000000.0,179000000.0,0.0,1000000.0,0.041,941000000.0,260000000.0,1879000000.0,0.826,1.211,15.043,15.305,3786000000.0,0.0,54.18,1.122,1.155,3474000000.0,5805000000.0,4333000000.0,4333000000.0,126000000.0,,,,,-21000000.0,815000000.0,1.0,337900000.0,381100000.0,384500000.0,11.37,13787000000.0,918000000.0,-92000000.0,1548000000.0,36.177,2385000000.0
35,ETN,MRQ,2012-09-30,2012-09-30,2012-09-30,2021-08-03,0.0,18800000000.0,,6195000000.0,12605000000.0,,24.348,-126000000.0,425000000.0,425000000.0,2747000000.0,347000000.0,1.671,1.284,4105000000.0,415000000.0,3690000000.0,4105000000.0,0.0,141000000.0,0.0,0.031,0.38,416000000.0,557000000.0,0.141,557000000.0,416000000.0,374000000.0,1.02,1.02,1.02,8220000000.0,,8220000000.0,19806352000.0,12.0,8.866,480000000.0,1.422,1.0,1203000000.0,0.305,8091000000.0,42000000.0,10681000000.0,,1801000000.0,620000000.0,620000000.0,0.0,10558000000.0,3708000000.0,6850000000.0,15958352000.0,-100000000.0,-189000000.0,0.0,-366000000.0,-129000000.0,-441000000.0,-275000000.0,54000000.0,606000000.0,10000000.0,345000000.0,345000000.0,345000000.0,0.0,2000000.0,0.087,789000000.0,414000000.0,1441000000.0,0.373,1.941,11.399,11.363,2794000000.0,0.0,47.27,0.997,0.997,2645000000.0,,3950000000.0,3950000000.0,102000000.0,,,,,0.0,687000000.0,1.0,337600000.0,337600000.0,339800000.0,11.7,10709000000.0,1064000000.0,29000000.0,569000000.0,31.721,2487000000.0
36,ETN,MRQ,2012-06-30,2012-06-30,2012-06-30,2021-08-03,0.0,18554000000.0,,6366000000.0,12188000000.0,,23.552,-126000000.0,525000000.0,525000000.0,2815000000.0,382000000.0,1.662,1.335,4373000000.0,695000000.0,3678000000.0,4373000000.0,0.0,138000000.0,0.0,0.036,0.38,449000000.0,587000000.0,0.144,587000000.0,449000000.0,419000000.0,1.13,1.12,1.13,7937000000.0,,7937000000.0,16718495000.0,10.0,7.349,343000000.0,1.018,1.0,1253000000.0,0.308,7867000000.0,30000000.0,10705000000.0,,1756000000.0,652000000.0,652000000.0,0.0,10596000000.0,3830000000.0,6766000000.0,13335495000.0,158000000.0,-362000000.0,0.0,583000000.0,-128000000.0,414000000.0,-723000000.0,-227000000.0,469000000.0,-2000000.0,382000000.0,382000000.0,382000000.0,0.0,0.0,0.094,796000000.0,457000000.0,1556000000.0,0.336,1.68,9.391,9.413,2675000000.0,0.0,39.63,0.824,0.825,2683000000.0,,4068000000.0,4068000000.0,106000000.0,,,,,0.0,690000000.0,1.0,336500000.0,337000000.0,339500000.0,12.071,10687000000.0,1024000000.0,37000000.0,416000000.0,31.712,2536000000.0
37,ETN,MRQ,2012-03-31,2012-03-31,2012-03-31,2021-08-03,0.0,17993000000.0,,5882000000.0,12111000000.0,,23.652,-105000000.0,367000000.0,367000000.0,2754000000.0,311000000.0,1.65,1.265,3750000000.0,405000000.0,3345000000.0,3750000000.0,0.0,140000000.0,0.0,0.028,0.38,396000000.0,536000000.0,0.135,536000000.0,396000000.0,368000000.0,0.93,0.91,0.93,7933000000.0,,7933000000.0,20066101000.0,12.0,8.902,-203000000.0,-0.605,1.0,1206000000.0,0.305,7797000000.0,28000000.0,10014000000.0,,1779000000.0,444000000.0,444000000.0,0.0,10039000000.0,3565000000.0,6474000000.0,16678101000.0,-18000000.0,0.0,0.0,-1000000.0,-127000000.0,-69000000.0,141000000.0,262000000.0,-98000000.0,8000000.0,311000000.0,311000000.0,311000000.0,0.0,0.0,0.079,807000000.0,399000000.0,1530000000.0,0.409,2.102,12.138,12.243,2660000000.0,0.0,49.83,1.029,1.031,2588000000.0,,3960000000.0,3960000000.0,105000000.0,,,,,0.0,702000000.0,1.0,334700000.0,335400000.0,339800000.0,11.807,10196000000.0,1057000000.0,57000000.0,450000000.0,30.4,2317000000.0
38,ETN,MRQ,2011-12-31,2011-12-31,2011-12-31,2021-08-03,-1964000000.0,17873000000.0,,5826000000.0,12047000000.0,,22.356,-184000000.0,385000000.0,385000000.0,2817000000.0,361000000.0,1.602,1.39,3773000000.0,407000000.0,3366000000.0,3773000000.0,0.0,137000000.0,0.0,0.031,0.34,417000000.0,554000000.0,0.137,554000000.0,417000000.0,391000000.0,1.08,1.07,1.08,7469000000.0,,7469000000.0,18044726000.0,11.0,8.11,375000000.0,1.122,1.0,1216000000.0,0.302,7729000000.0,26000000.0,9895000000.0,,1701000000.0,699000000.0,699000000.0,0.0,10381000000.0,3637000000.0,6744000000.0,14547726000.0,107000000.0,-12000000.0,-66000000.0,0.0,-114000000.0,-52000000.0,-391000000.0,-169000000.0,559000000.0,-9000000.0,362000000.0,362000000.0,362000000.0,0.0,-1000000.0,0.09,808000000.0,408000000.0,1491000000.0,0.315,1.948,10.776,10.937,2602000000.0,0.0,43.53,0.906,0.918,2444000000.0,5103000000.0,4033000000.0,4033000000.0,101000000.0,,,,,-57000000.0,707000000.0,1.0,334200000.0,334100000.0,338000000.0,12.071,10144000000.0,1532000000.0,29000000.0,442000000.0,30.362,2189000000.0
39,ETN,MRQ,2011-09-30,2011-09-30,2011-09-30,2021-08-03,0.0,17627000000.0,,5733000000.0,11894000000.0,,22.842,-163000000.0,278000000.0,278000000.0,2900000000.0,367000000.0,1.517,1.279,3775000000.0,407000000.0,3368000000.0,3775000000.0,0.0,139000000.0,0.0,0.037,0.34,459000000.0,598000000.0,0.145,598000000.0,459000000.0,430000000.0,1.07,1.07,1.07,7723000000.0,,7723000000.0,15594050000.0,10.0,7.311,479000000.0,1.417,1.0,1223000000.0,0.297,7824000000.0,29000000.0,9520000000.0,,1769000000.0,536000000.0,536000000.0,0.0,9881000000.0,3780000000.0,6101000000.0,12109050000.0,-4000000.0,-86000000.0,-271000000.0,-8000000.0,-116000000.0,-394000000.0,-234000000.0,21000000.0,642000000.0,-18000000.0,365000000.0,365000000.0,365000000.0,0.0,2000000.0,0.089,772000000.0,451000000.0,1527000000.0,0.318,1.568,9.55,9.517,2537000000.0,0.0,35.5,0.772,0.766,2549000000.0,,4123000000.0,4123000000.0,104000000.0,,,,,0.0,668000000.0,1.0,341100000.0,338100000.0,341900000.0,12.195,9803000000.0,971000000.0,65000000.0,456000000.0,28.994,1953000000.0
40,ETN,MRQ,2011-06-30,2011-06-30,2011-06-30,2021-08-03,0.0,18121000000.0,,5917000000.0,12204000000.0,,23.913,-133000000.0,282000000.0,282000000.0,2862000000.0,338000000.0,1.739,1.219,3767000000.0,117000000.0,3650000000.0,3767000000.0,0.0,141000000.0,0.0,0.024,0.34,425000000.0,566000000.0,0.138,566000000.0,425000000.0,394000000.0,0.99,0.97,0.99,8152000000.0,,8152000000.0,20804740000.0,14.0,10.361,218000000.0,0.639,1.0,1228000000.0,0.3,8083000000.0,31000000.0,10120000000.0,,1766000000.0,601000000.0,601000000.0,0.0,9934000000.0,3403000000.0,6531000000.0,17554740000.0,81000000.0,-212000000.0,-9000000.0,301000000.0,-116000000.0,171000000.0,-441000000.0,-97000000.0,351000000.0,0.0,336000000.0,336000000.0,336000000.0,0.0,2000000.0,0.082,805000000.0,423000000.0,1534000000.0,0.343,2.153,14.991,14.87,2589000000.0,0.0,51.45,1.16,1.159,2625000000.0,,4090000000.0,4090000000.0,107000000.0,,,,,0.0,698000000.0,1.0,341200000.0,340900000.0,345700000.0,11.998,10038000000.0,961000000.0,58000000.0,499000000.0,29.446,2514000000.0
41,ETN,MRQ,2011-03-31,2011-03-31,2011-03-31,2021-08-03,0.0,17337000000.0,,5470000000.0,11867000000.0,,22.884,-88000000.0,201000000.0,201000000.0,2682000000.0,286000000.0,1.709,1.222,3451000000.0,97000000.0,3354000000.0,3451000000.0,0.0,139000000.0,0.0,0.021,0.34,368000000.0,507000000.0,0.133,507000000.0,368000000.0,336000000.0,0.84,0.83,0.84,7783000000.0,,7783000000.0,21996776000.0,17.0,11.826,-392000000.0,-1.153,1.0,1121000000.0,0.295,7873000000.0,32000000.0,9513000000.0,,1667000000.0,496000000.0,496000000.0,0.0,9513000000.0,3201000000.0,6312000000.0,18871776000.0,-132000000.0,0.0,3000000.0,7000000.0,-116000000.0,-106000000.0,266000000.0,348000000.0,-304000000.0,12000000.0,287000000.0,287000000.0,287000000.0,0.0,-1000000.0,0.075,770000000.0,351000000.0,1456000000.0,0.405,2.425,17.787,17.656,2523000000.0,0.0,55.44,1.309,1.308,2466000000.0,,3803000000.0,3803000000.0,105000000.0,,,,,0.0,665000000.0,1.0,340400000.0,340100000.0,345700000.0,11.182,9464000000.0,960000000.0,49000000.0,495000000.0,27.827,2269000000.0
42,ETN,MRQ,2010-12-31,2010-12-31,2010-12-31,2021-08-03,-1348000000.0,17252000000.0,,5506000000.0,11746000000.0,,21.788,-187000000.0,333000000.0,333000000.0,2565000000.0,283000000.0,1.703,1.338,3458000000.0,76000000.0,3382000000.0,3458000000.0,0.0,138000000.0,0.0,0.021,0.29,324000000.0,462000000.0,0.126,462000000.0,324000000.0,290000000.0,0.83,0.83,0.83,7362000000.0,,7362000000.0,20193133000.0,17.0,11.774,368000000.0,1.089,1.0,1098000000.0,0.3,7726000000.0,34000000.0,9418000000.0,,1564000000.0,838000000.0,838000000.0,0.0,9849000000.0,3233000000.0,6616000000.0,17084133000.0,-62000000.0,-50000000.0,0.0,-24000000.0,-98000000.0,-35000000.0,-580000000.0,-345000000.0,555000000.0,-2000000.0,280000000.0,280000000.0,280000000.0,0.0,3000000.0,0.076,772000000.0,326000000.0,1408000000.0,0.349,2.321,18.39,18.389,2477000000.0,0.0,50.755,1.246,1.242,2239000000.0,4455000000.0,3663000000.0,3663000000.0,117000000.0,,,,,0.0,644000000.0,1.0,336600000.0,337900000.0,337700000.0,10.84,9526000000.0,1304000000.0,10000000.0,487000000.0,28.192,2273000000.0
43,ETN,MRQ,2010-09-30,2010-09-30,2010-09-30,2021-08-03,0.0,17015000000.0,,5353000000.0,11662000000.0,,21.501,-106000000.0,395000000.0,395000000.0,2480000000.0,269000000.0,1.616,1.355,3504000000.0,98000000.0,3406000000.0,3504000000.0,0.0,136000000.0,0.0,0.025,0.29,337000000.0,473000000.0,0.132,473000000.0,337000000.0,304000000.0,0.8,0.78,0.8,7207000000.0,,7207000000.0,17068822000.0,16.0,10.668,314000000.0,0.937,1.0,1091000000.0,0.306,7800000000.0,33000000.0,9011000000.0,,1533000000.0,493000000.0,493000000.0,0.0,9766000000.0,3313000000.0,6453000000.0,13841822000.0,146000000.0,-172000000.0,0.0,-3000000.0,-97000000.0,-76000000.0,-216000000.0,74000000.0,420000000.0,18000000.0,268000000.0,268000000.0,268000000.0,0.0,1000000.0,0.075,753000000.0,338000000.0,1353000000.0,0.362,1.921,16.095,16.017,2381000000.0,0.0,41.245,1.05,1.049,2332000000.0,,3571000000.0,3571000000.0,104000000.0,,,,,0.0,651000000.0,1.0,335600000.0,335200000.0,340600000.0,10.653,9215000000.0,2081000000.0,36000000.0,1036000000.0,27.491,2040000000.0
44,ETN,MRQ,2010-06-30,2010-06-30,2010-06-30,2021-08-03,0.0,15927000000.0,,4862000000.0,11065000000.0,,19.63,-63000000.0,249000000.0,249000000.0,2387000000.0,229000000.0,1.622,1.418,3476000000.0,98000000.0,3378000000.0,3476000000.0,0.0,136000000.0,0.0,0.031,0.25,282000000.0,418000000.0,0.124,418000000.0,282000000.0,248000000.0,0.67,0.66,0.67,6570000000.0,,6570000000.0,14258744000.0,16.0,9.647,406000000.0,1.213,1.0,991000000.0,0.293,7328000000.0,34000000.0,8828000000.0,,1386000000.0,538000000.0,538000000.0,0.0,9317000000.0,2998000000.0,6319000000.0,10967744000.0,98000000.0,0.0,0.0,3000000.0,-84000000.0,-68000000.0,-282000000.0,-217000000.0,469000000.0,-21000000.0,226000000.0,226000000.0,226000000.0,0.0,3000000.0,0.067,706000000.0,285000000.0,1229000000.0,0.373,1.669,13.972,13.894,2270000000.0,0.0,32.72,0.868,0.866,2126000000.0,,3378000000.0,3378000000.0,103000000.0,,,,,0.0,604000000.0,1.0,335200000.0,334700000.0,340400000.0,10.093,8599000000.0,2030000000.0,22000000.0,971000000.0,25.692,1864000000.0
45,ETN,MRQ,2010-03-31,2010-03-31,2010-03-31,2021-08-03,0.0,15847000000.0,,4480000000.0,11367000000.0,,19.997,-38000000.0,151000000.0,151000000.0,2201000000.0,156000000.0,1.617,1.365,3442000000.0,95000000.0,3347000000.0,3442000000.0,0.0,141000000.0,0.0,0.026,0.25,221000000.0,362000000.0,0.117,362000000.0,221000000.0,186000000.0,0.46,0.46,0.46,6683000000.0,,6683000000.0,15735128000.0,23.0,12.38,-200000000.0,-0.598,1.0,902000000.0,0.291,7637000000.0,35000000.0,8731000000.0,,1374000000.0,338000000.0,338000000.0,0.0,9125000000.0,2770000000.0,6355000000.0,12608128000.0,-189000000.0,0.0,0.0,-23000000.0,-84000000.0,-82000000.0,66000000.0,96000000.0,-162000000.0,-11000000.0,155000000.0,155000000.0,155000000.0,0.0,1000000.0,0.05,680000000.0,222000000.0,1135000000.0,0.543,1.887,21.442,21.404,2349000000.0,0.0,37.885,1.037,1.041,2052000000.0,,3103000000.0,3103000000.0,101000000.0,,,,,0.0,587000000.0,1.0,332800000.0,334200000.0,339200000.0,9.285,8210000000.0,1946000000.0,31000000.0,994000000.0,24.566,1710000000.0
46,ETN,MRQ,2009-12-31,2009-12-31,2009-12-31,2021-08-03,-1208000000.0,16282000000.0,,4524000000.0,11758000000.0,,20.574,-59000000.0,340000000.0,340000000.0,2241000000.0,212000000.0,1.682,1.396,3467000000.0,118000000.0,3349000000.0,3467000000.0,0.0,144000000.0,0.0,0.031,0.25,203000000.0,347000000.0,0.111,347000000.0,203000000.0,169000000.0,0.645,0.63,0.645,6777000000.0,,6777000000.0,14139196000.0,31.0,13.808,446000000.0,1.354,1.0,890000000.0,0.284,7876000000.0,34000000.0,8844000000.0,,1326000000.0,433000000.0,433000000.0,0.0,9464000000.0,2689000000.0,6775000000.0,10548196000.0,148000000.0,0.0,0.0,-288000000.0,-84000000.0,-360000000.0,9000000.0,28000000.0,505000000.0,-6000000.0,211000000.0,211000000.0,211000000.0,0.0,1000000.0,0.067,681000000.0,209000000.0,1057000000.0,0.388,1.556,27.541,27.422,2445000000.0,0.0,31.81,0.888,0.891,1899000000.0,3893000000.0,3131000000.0,3131000000.0,103000000.0,,,,,-4000000.0,587000000.0,1.0,331600000.0,329400000.0,334000000.0,9.505,8406000000.0,1350000000.0,-42000000.0,550000000.0,25.519,1835000000.0
47,ETN,MRQ,2009-09-30,2009-09-30,2009-09-30,2021-08-03,0.0,16495000000.0,,4588000000.0,11907000000.0,,20.841,-40000000.0,192000000.0,192000000.0,2178000000.0,194000000.0,1.523,1.363,3783000000.0,392000000.0,3391000000.0,3783000000.0,0.0,148000000.0,0.0,0.035,0.25,203000000.0,351000000.0,0.116,351000000.0,203000000.0,165000000.0,0.58,0.57,0.58,6961000000.0,,6961000000.0,13265304000.0,32.0,13.467,420000000.0,1.257,1.0,850000000.0,0.281,7974000000.0,38000000.0,9099000000.0,,1359000000.0,473000000.0,473000000.0,0.0,9488000000.0,3013000000.0,6475000000.0,9371304000.0,44000000.0,-10000000.0,-9000000.0,-283000000.0,-83000000.0,-358000000.0,-69000000.0,-25000000.0,460000000.0,11000000.0,193000000.0,193000000.0,193000000.0,0.0,1000000.0,0.064,652000000.0,198000000.0,1033000000.0,0.431,1.346,27.974,28.581,2528000000.0,0.0,28.295,0.766,0.773,2047000000.0,,3028000000.0,3028000000.0,99000000.0,,,,,0.0,553000000.0,1.0,331200000.0,334000000.0,338400000.0,9.066,8521000000.0,1922000000.0,-28000000.0,0.0,25.512,1575000000.0
48,ETN,MRQ,2009-06-30,2009-06-30,2009-06-30,2021-08-03,0.0,16191000000.0,,4477000000.0,11714000000.0,,19.913,-48000000.0,148000000.0,148000000.0,2189000000.0,31000000.0,1.464,1.429,4042000000.0,643000000.0,3399000000.0,4042000000.0,0.0,142000000.0,0.0,0.045,0.25,69000000.0,211000000.0,0.073,211000000.0,69000000.0,28000000.0,0.085,0.085,0.085,6647000000.0,,6647000000.0,11429416000.0,19.0,9.686,300000000.0,0.899,1.0,712000000.0,0.245,7857000000.0,41000000.0,9169000000.0,,1373000000.0,433000000.0,433000000.0,0.0,9500000000.0,3059000000.0,6441000000.0,7387416000.0,3000000.0,0.0,2000000.0,-119000000.0,-84000000.0,-205000000.0,-153000000.0,-120000000.0,348000000.0,13000000.0,29000000.0,29000000.0,29000000.0,0.0,2000000.0,0.01,649000000.0,63000000.0,923000000.0,2.941,1.111,16.165,16.401,2542000000.0,0.0,22.305,0.555,0.559,2015000000.0,,2901000000.0,2901000000.0,95000000.0,,,,,0.0,554000000.0,1.0,331200000.0,333800000.0,335200000.0,8.691,8334000000.0,1823000000.0,-1000000.0,0.0,24.967,1418000000.0
49,ETN,MRQ,2009-03-31,2009-03-31,2009-03-31,2021-08-03,0.0,16001000000.0,,4427000000.0,11574000000.0,,18.257,-48000000.0,145000000.0,145000000.0,2174000000.0,-52000000.0,1.511,1.631,4187000000.0,480000000.0,3707000000.0,4187000000.0,0.0,139000000.0,0.0,0.054,0.25,-24000000.0,115000000.0,0.041,115000000.0,-24000000.0,-61000000.0,-0.15,-0.15,-0.15,6065000000.0,,6065000000.0,10172272000.0,11.0,6.688,47000000.0,0.141,1.0,639000000.0,0.227,7639000000.0,37000000.0,9474000000.0,,1490000000.0,289000000.0,289000000.0,0.0,9894000000.0,2930000000.0,6964000000.0,6089272000.0,-43000000.0,0.0,7000000.0,-63000000.0,-83000000.0,-138000000.0,-12000000.0,53000000.0,95000000.0,12000000.0,-50000000.0,-50000000.0,-50000000.0,0.0,-2000000.0,-0.018,656000000.0,-17000000.0,969000000.0,-1.667,1.004,8.002,7.978,2525000000.0,0.0,18.43,0.414,0.417,2016000000.0,,2813000000.0,2813000000.0,98000000.0,,,,,0.0,558000000.0,1.0,330400000.0,332200000.0,332200000.0,8.468,8362000000.0,1897000000.0,-11000000.0,0.0,25.172,1497000000.0
50,ETN,MRQ,2008-12-31,2008-12-31,2008-12-31,2021-08-03,-1538000000.0,16655000000.0,,4795000000.0,11860000000.0,,19.073,-110000000.0,188000000.0,188000000.0,2626000000.0,165000000.0,1.28,1.629,4271000000.0,1081000000.0,3190000000.0,4271000000.0,0.0,136000000.0,0.0,0.04,0.25,172000000.0,308000000.0,0.088,308000000.0,172000000.0,134000000.0,0.475,0.475,0.475,6317000000.0,,6317000000.0,12378179000.0,10.0,6.659,534000000.0,1.612,1.0,861000000.0,0.247,7750000000.0,38000000.0,9243000000.0,,1554000000.0,342000000.0,342000000.0,0.0,10290000000.0,3745000000.0,6545000000.0,8197179000.0,7000000.0,-100000000.0,-1000000.0,-247000000.0,-82000000.0,-331000000.0,-286000000.0,-81000000.0,644000000.0,-20000000.0,163000000.0,163000000.0,163000000.0,-3000000.0,2000000.0,0.047,698000000.0,163000000.0,1121000000.0,0.526,1.298,7.748,7.532,2639000000.0,0.0,24.855,0.533,0.518,2295000000.0,3917000000.0,3487000000.0,3487000000.0,100000000.0,,,,,0.0,598000000.0,1.0,329800000.0,331200000.0,333600000.0,10.528,8905000000.0,1210000000.0,-29000000.0,543000000.0,26.887,1050000000.0
51,ETN,MRQ,2008-09-30,2008-09-30,2008-09-30,2021-08-03,0.0,16967000000.0,,5587000000.0,11380000000.0,,20.996,-121000000.0,181000000.0,181000000.0,2964000000.0,318000000.0,1.241,1.431,4362000000.0,1441000000.0,2921000000.0,4362000000.0,0.0,155000000.0,0.0,0.034,0.25,391000000.0,546000000.0,0.133,546000000.0,391000000.0,354000000.0,0.95,0.935,0.95,6979000000.0,,6979000000.0,13762116000.0,10.0,7.065,314000000.0,0.945,1.0,1150000000.0,0.28,7799000000.0,37000000.0,8847000000.0,,1795000000.0,282000000.0,282000000.0,0.0,9988000000.0,4502000000.0,5486000000.0,9337116000.0,-38000000.0,-13000000.0,-141000000.0,-275000000.0,-82000000.0,-456000000.0,-17000000.0,153000000.0,435000000.0,0.0,315000000.0,315000000.0,315000000.0,0.0,3000000.0,0.077,776000000.0,374000000.0,1424000000.0,0.263,1.338,8.112,7.612,2585000000.0,0.0,28.09,0.612,0.612,2845000000.0,,4114000000.0,4114000000.0,117000000.0,,,,,0.0,659000000.0,1.0,332400000.0,332400000.0,336800000.0,12.377,9168000000.0,1480000000.0,39000000.0,0.0,27.581,1085000000.0
52,ETN,MRQ,2008-06-30,2008-06-30,2008-06-30,2021-08-03,0.0,17923000000.0,,6063000000.0,11860000000.0,,22.934,-134000000.0,219000000.0,219000000.0,3069000000.0,337000000.0,1.297,1.424,4644000000.0,1489000000.0,3155000000.0,4644000000.0,0.0,154000000.0,0.0,0.022,0.25,398000000.0,552000000.0,0.129,552000000.0,398000000.0,354000000.0,1.035,1.015,1.035,7394000000.0,,7394000000.0,16507087000.0,12.0,8.976,245000000.0,0.76,1.0,1210000000.0,0.283,8228000000.0,44000000.0,9445000000.0,,1844000000.0,499000000.0,499000000.0,0.0,10529000000.0,4675000000.0,5854000000.0,12499087000.0,62000000.0,-2060000000.0,1540000000.0,506000000.0,-83000000.0,1962000000.0,-2279000000.0,-109000000.0,379000000.0,0.0,333000000.0,333000000.0,333000000.0,0.0,4000000.0,0.078,815000000.0,395000000.0,1468000000.0,0.242,1.69,11.425,11.752,2699000000.0,0.0,42.485,0.865,0.948,3029000000.0,,4279000000.0,4279000000.0,111000000.0,,,,,0.0,704000000.0,1.0,294200000.0,322400000.0,327200000.0,13.272,9695000000.0,1405000000.0,21000000.0,0.0,30.071,1388000000.0
53,ETN,MRQ,2008-03-31,2008-03-31,2008-03-31,2021-08-03,0.0,14646000000.0,,5249000000.0,9397000000.0,,18.619,-83000000.0,157000000.0,157000000.0,2532000000.0,250000000.0,1.232,1.663,4165000000.0,1461000000.0,2704000000.0,4165000000.0,0.0,126000000.0,0.0,0.022,0.25,327000000.0,453000000.0,0.13,453000000.0,327000000.0,289000000.0,0.835,0.82,0.835,5500000000.0,,5500000000.0,14946655000.0,12.0,8.751,-100000000.0,-0.339,1.0,964000000.0,0.276,6089000000.0,38000000.0,8303000000.0,,1634000000.0,426000000.0,426000000.0,0.0,9146000000.0,4262000000.0,4884000000.0,11671655000.0,15000000.0,-634000000.0,24000000.0,683000000.0,-73000000.0,640000000.0,-608000000.0,137000000.0,-17000000.0,0.0,247000000.0,247000000.0,247000000.0,-3000000.0,3000000.0,0.071,641000000.0,323000000.0,1319000000.0,0.299,2.122,11.591,11.665,2473000000.0,0.0,39.835,0.87,0.877,2561000000.0,,3496000000.0,3496000000.0,89000000.0,,,,,0.0,552000000.0,1.0,293000000.0,295400000.0,301000000.0,11.835,8557000000.0,1306000000.0,42000000.0,0.0,28.968,987000000.0
54,ETN,MRQ,2007-12-31,2007-12-31,2007-12-31,2021-08-03,-423000000.0,13430000000.0,,4767000000.0,8663000000.0,,17.556,-126000000.0,142000000.0,142000000.0,2428000000.0,270000000.0,1.303,1.597,3417000000.0,985000000.0,2432000000.0,3417000000.0,0.0,95000000.0,0.0,0.018,0.215,302000000.0,397000000.0,0.118,397000000.0,302000000.0,263000000.0,0.87,0.855,0.87,5172000000.0,,5172000000.0,17064310000.0,14.0,10.267,299000000.0,1.015,1.0,946000000.0,0.28,5539000000.0,39000000.0,7507000000.0,,1483000000.0,504000000.0,504000000.0,0.0,8258000000.0,3659000000.0,4599000000.0,14135310000.0,-29000000.0,-639000000.0,11000000.0,281000000.0,-63000000.0,225000000.0,-685000000.0,85000000.0,425000000.0,6000000.0,256000000.0,256000000.0,256000000.0,31000000.0,14000000.0,0.076,642000000.0,304000000.0,1170000000.0,0.247,2.733,14.221,14.363,2333000000.0,0.0,48.475,1.085,1.096,2208000000.0,3257000000.0,3374000000.0,3374000000.0,84000000.0,,,,,0.0,574000000.0,1.0,291600000.0,294600000.0,301200000.0,11.453,7891000000.0,789000000.0,7000000.0,224000000.0,26.785,1108000000.0
55,ETN,MRQ,2007-09-30,2007-09-30,2007-09-30,2021-08-03,0.0,12739000000.0,,4826000000.0,7913000000.0,,16.133,-85000000.0,171000000.0,171000000.0,2381000000.0,258000000.0,1.531,1.686,3100000000.0,553000000.0,2547000000.0,3100000000.0,0.0,117000000.0,0.0,0.017,0.215,320000000.0,437000000.0,0.133,437000000.0,320000000.0,283000000.0,0.875,0.855,0.875,4743000000.0,,4743000000.0,17595128000.0,15.0,10.735,410000000.0,1.395,1.0,917000000.0,0.278,4877000000.0,37000000.0,7638000000.0,,1399000000.0,568000000.0,568000000.0,0.0,7996000000.0,3153000000.0,4843000000.0,14430128000.0,59000000.0,119000000.0,-12000000.0,-219000000.0,-62000000.0,-286000000.0,-150000000.0,-160000000.0,495000000.0,0.0,258000000.0,258000000.0,258000000.0,-20000000.0,0.0,0.078,632000000.0,285000000.0,1126000000.0,0.246,3.042,14.74,14.938,2252000000.0,0.0,49.52,1.134,1.144,2220000000.0,,3298000000.0,3298000000.0,86000000.0,,,,,0.0,530000000.0,1.0,291400000.0,294000000.0,300800000.0,11.218,7862000000.0,1252000000.0,25000000.0,0.0,26.741,1673000000.0
56,ETN,MRQ,2007-06-30,2007-06-30,2007-06-30,2021-08-03,0.0,12419000000.0,,4535000000.0,7884000000.0,,15.085,-76000000.0,112000000.0,112000000.0,2346000000.0,246000000.0,1.431,1.793,3277000000.0,759000000.0,2518000000.0,3277000000.0,0.0,118000000.0,0.0,0.018,0.215,303000000.0,421000000.0,0.13,421000000.0,303000000.0,262000000.0,0.835,0.82,0.835,4447000000.0,,4447000000.0,16808500000.0,15.0,10.545,276000000.0,0.936,1.0,902000000.0,0.278,4864000000.0,41000000.0,7551000000.0,,1382000000.0,382000000.0,382000000.0,0.0,7972000000.0,3169000000.0,4803000000.0,13624500000.0,6000000.0,-61000000.0,-105000000.0,-10000000.0,-63000000.0,-171000000.0,-175000000.0,-61000000.0,352000000.0,0.0,246000000.0,246000000.0,246000000.0,-6000000.0,0.0,0.076,613000000.0,289000000.0,1081000000.0,0.257,3.064,14.06,14.242,2270000000.0,0.0,46.5,1.089,1.096,2208000000.0,,3248000000.0,3248000000.0,85000000.0,,,,,0.0,528000000.0,1.0,293000000.0,294800000.0,300600000.0,11.018,7555000000.0,1201000000.0,16000000.0,0.0,25.628,1366000000.0
57,ETN,MRQ,2007-03-31,2007-03-31,2007-03-31,2021-08-03,0.0,12240000000.0,,4405000000.0,7835000000.0,,14.492,-67000000.0,106000000.0,106000000.0,2227000000.0,234000000.0,1.405,1.861,3290000000.0,737000000.0,2553000000.0,3290000000.0,0.0,109000000.0,0.0,0.019,0.215,298000000.0,407000000.0,0.131,407000000.0,298000000.0,268000000.0,0.795,0.78,0.795,4278000000.0,,4278000000.0,14688472000.0,13.0,9.279,-181000000.0,-0.613,1.0,886000000.0,0.285,4810000000.0,30000000.0,7479000000.0,,1389000000.0,313000000.0,313000000.0,0.0,7962000000.0,3135000000.0,4827000000.0,12216472000.0,-8000000.0,-733000000.0,-93000000.0,683000000.0,-63000000.0,552000000.0,-446000000.0,383000000.0,-114000000.0,0.0,234000000.0,234000000.0,234000000.0,-5000000.0,0.0,0.075,587000000.0,299000000.0,1060000000.0,0.27,2.856,12.517,12.796,2275000000.0,0.0,41.78,0.986,0.996,2139000000.0,,3113000000.0,3113000000.0,80000000.0,,,,,0.0,507000000.0,1.0,292400000.0,295200000.0,300000000.0,10.545,7430000000.0,1208000000.0,34000000.0,0.0,25.169,1270000000.0
58,ETN,MRQ,2006-12-31,2006-12-31,2006-12-31,2021-08-03,-849000000.0,11417000000.0,,4408000000.0,7009000000.0,,13.806,-137000000.0,114000000.0,114000000.0,2274000000.0,241000000.0,1.34,1.781,2586000000.0,812000000.0,1774000000.0,2586000000.0,0.0,112000000.0,0.0,0.02,0.195,262000000.0,374000000.0,0.122,374000000.0,262000000.0,238000000.0,0.81,0.8,0.81,4106000000.0,,4106000000.0,13540860000.0,12.0,8.674,278000000.0,0.935,1.0,794000000.0,0.259,4003000000.0,24000000.0,6596000000.0,,1293000000.0,671000000.0,671000000.0,0.0,7311000000.0,3290000000.0,4021000000.0,11195860000.0,-15000000.0,-8000000.0,-232000000.0,75000000.0,-58000000.0,-209000000.0,-221000000.0,-85000000.0,415000000.0,0.0,241000000.0,241000000.0,241000000.0,-4000000.0,0.0,0.079,571000000.0,223000000.0,1050000000.0,0.241,2.727,11.785,11.889,2271000000.0,0.0,37.57,0.915,0.923,1928000000.0,2796000000.0,3068000000.0,3068000000.0,72000000.0,,,,,0.0,499000000.0,1.0,298000000.0,297400000.0,302800000.0,10.316,7414000000.0,1002000000.0,-3000000.0,0.0,24.929,1118000000.0
59,ETN,MRQ,2006-09-30,2006-09-30,2006-09-30,2021-08-03,0.0,11254000000.0,,4401000000.0,6853000000.0,,14.578,-84000000.0,129000000.0,129000000.0,2289000000.0,248000000.0,1.293,1.565,2474000000.0,704000000.0,1770000000.0,2474000000.0,0.0,108000000.0,0.0,0.02,0.195,284000000.0,392000000.0,0.127,392000000.0,284000000.0,259000000.0,0.825,0.81,0.825,4388000000.0,,4388000000.0,12624500000.0,11.0,8.108,364000000.0,1.209,1.0,794000000.0,0.258,3989000000.0,25000000.0,6205000000.0,,1239000000.0,572000000.0,572000000.0,0.0,6866000000.0,3405000000.0,3461000000.0,10327500000.0,4000000.0,-39000000.0,-65000000.0,22000000.0,-58000000.0,-100000000.0,-344000000.0,-212000000.0,448000000.0,0.0,248000000.0,248000000.0,248000000.0,-38000000.0,0.0,0.08,551000000.0,243000000.0,1022000000.0,0.236,2.354,11.238,11.268,2202000000.0,0.0,34.425,0.87,0.873,2025000000.0,,3083000000.0,3083000000.0,84000000.0,,,,,0.0,467000000.0,1.0,300000000.0,301000000.0,306000000.0,10.243,7265000000.0,1098000000.0,11000000.0,269000000.0,24.136,996000000.0
60,ETN,MRQ,2006-06-30,2006-06-30,2006-06-30,2021-08-03,0.0,10885000000.0,,4119000000.0,6766000000.0,,14.005,-77000000.0,125000000.0,125000000.0,2262000000.0,253000000.0,1.184,1.562,2422000000.0,908000000.0,1514000000.0,2422000000.0,0.0,108000000.0,0.0,0.018,0.175,302000000.0,410000000.0,0.131,410000000.0,302000000.0,274000000.0,0.835,0.82,0.835,4249000000.0,,4249000000.0,13852080000.0,12.0,9.001,364000000.0,1.2,1.0,863000000.0,0.276,3916000000.0,28000000.0,5787000000.0,,1186000000.0,354000000.0,354000000.0,0.0,6636000000.0,3479000000.0,3157000000.0,11325080000.0,17000000.0,-1000000.0,-40000000.0,-231000000.0,-52000000.0,-317000000.0,-107000000.0,-13000000.0,441000000.0,0.0,253000000.0,253000000.0,253000000.0,-5000000.0,0.0,0.081,566000000.0,297000000.0,1012000000.0,0.21,2.665,13.017,13.022,2220000000.0,0.0,37.7,0.98,0.99,2035000000.0,,3125000000.0,3125000000.0,80000000.0,,,,,0.0,495000000.0,1.0,300400000.0,303400000.0,308600000.0,10.3,6969000000.0,1049000000.0,21000000.0,293000000.0,22.97,640000000.0
61,ETN,MRQ,2006-03-31,2006-03-31,2006-03-31,2021-08-03,0.0,10691000000.0,,3965000000.0,6726000000.0,,13.454,-62000000.0,108000000.0,108000000.0,2149000000.0,208000000.0,1.129,1.642,2635000000.0,1074000000.0,1561000000.0,2635000000.0,0.0,106000000.0,0.0,0.018,0.175,281000000.0,387000000.0,0.129,387000000.0,281000000.0,253000000.0,0.69,0.68,0.69,4047000000.0,,4047000000.0,13219233000.0,12.0,8.714,65000000.0,0.216,1.0,842000000.0,0.282,3896000000.0,28000000.0,5811000000.0,,1157000000.0,334000000.0,334000000.0,0.0,6644000000.0,3511000000.0,3133000000.0,10865233000.0,-2000000.0,-143000000.0,59000000.0,188000000.0,-52000000.0,210000000.0,-339000000.0,-108000000.0,127000000.0,0.0,208000000.0,208000000.0,208000000.0,-2000000.0,0.0,0.07,559000000.0,283000000.0,878000000.0,0.254,2.685,13.154,13.219,2204000000.0,0.0,36.485,0.965,0.974,1971000000.0,,2991000000.0,2991000000.0,80000000.0,,,,,0.0,479000000.0,1.0,297800000.0,300800000.0,306200000.0,9.943,6795000000.0,1021000000.0,45000000.0,298000000.0,22.59,454000000.0
62,ETN,MRQ,2005-12-31,2005-12-31,2005-12-31,2021-08-03,-649000000.0,10218000000.0,,3578000000.0,6640000000.0,,12.703,-131000000.0,110000000.0,110000000.0,1936000000.0,210000000.0,1.206,1.705,2464000000.0,634000000.0,1830000000.0,2464000000.0,0.0,109000000.0,0.0,0.018,0.155,259000000.0,368000000.0,0.138,368000000.0,259000000.0,237000000.0,0.705,0.69,0.705,3778000000.0,,3778000000.0,11979320000.0,11.0,8.067,293000000.0,0.985,1.0,736000000.0,0.275,3765000000.0,22000000.0,5839000000.0,,1099000000.0,226000000.0,226000000.0,0.0,6440000000.0,2968000000.0,3472000000.0,9929320000.0,18000000.0,-592000000.0,14000000.0,329000000.0,-46000000.0,299000000.0,-705000000.0,16000000.0,424000000.0,0.0,210000000.0,210000000.0,210000000.0,-15000000.0,0.0,0.079,478000000.0,258000000.0,810000000.0,0.22,2.628,12.335,12.517,2175000000.0,0.0,33.545,0.913,0.927,1785000000.0,2376000000.0,2672000000.0,2672000000.0,68000000.0,,,,,0.0,445000000.0,1.0,296000000.0,297400000.0,305600000.0,8.985,6453000000.0,943000000.0,27000000.0,305000000.0,21.698,610000000.0
63,ETN,MRQ,2005-09-30,2005-09-30,2005-09-30,2021-08-03,0.0,9749000000.0,,3626000000.0,6123000000.0,,12.391,-88000000.0,92000000.0,92000000.0,1983000000.0,199000000.0,1.284,1.638,2142000000.0,417000000.0,1725000000.0,2142000000.0,0.0,101000000.0,0.0,0.019,0.155,273000000.0,374000000.0,0.135,374000000.0,273000000.0,249000000.0,0.665,0.65,0.665,3695000000.0,,3695000000.0,11450270000.0,11.0,7.996,208000000.0,0.698,1.0,784000000.0,0.283,3358000000.0,24000000.0,5618000000.0,,1065000000.0,247000000.0,247000000.0,0.0,6054000000.0,2823000000.0,3231000000.0,9367270000.0,-38000000.0,-239000000.0,20000000.0,-71000000.0,-45000000.0,-96000000.0,-238000000.0,86000000.0,296000000.0,0.0,199000000.0,199000000.0,199000000.0,-2000000.0,0.0,0.072,512000000.0,272000000.0,799000000.0,0.233,2.535,12.04,12.364,2100000000.0,0.0,31.775,0.869,0.879,1861000000.0,,2767000000.0,2767000000.0,74000000.0,,,,,0.0,438000000.0,1.0,294800000.0,298200000.0,304800000.0,9.279,6391000000.0,1026000000.0,50000000.0,357000000.0,21.432,803000000.0
64,ETN,MRQ,2005-06-30,2005-06-30,2005-06-30,2021-08-03,0.0,9507000000.0,,3563000000.0,5944000000.0,,11.646,-78000000.0,130000000.0,130000000.0,2039000000.0,209000000.0,1.383,1.725,2213000000.0,272000000.0,1941000000.0,2213000000.0,0.0,99000000.0,0.0,0.019,0.155,289000000.0,388000000.0,0.137,388000000.0,289000000.0,267000000.0,0.7,0.685,0.7,3489000000.0,,3489000000.0,11036930000.0,11.0,7.946,244000000.0,0.814,1.0,795000000.0,0.281,3185000000.0,22000000.0,5828000000.0,,1031000000.0,315000000.0,315000000.0,0.0,6018000000.0,2577000000.0,3441000000.0,9026930000.0,40000000.0,-11000000.0,-194000000.0,105000000.0,-46000000.0,-135000000.0,-147000000.0,-65000000.0,322000000.0,0.0,209000000.0,209000000.0,209000000.0,0.0,0.0,0.074,515000000.0,280000000.0,768000000.0,0.221,2.587,12.052,12.15,2075000000.0,0.0,29.95,0.855,0.85,1759000000.0,,2834000000.0,2834000000.0,69000000.0,,,,,0.0,446000000.0,1.0,301400000.0,299600000.0,306800000.0,9.459,6322000000.0,1012000000.0,58000000.0,300000000.0,21.101,986000000.0
65,ETN,MRQ,2005-03-31,2005-03-31,2005-03-31,2021-08-03,0.0,9274000000.0,,3403000000.0,5871000000.0,,11.522,-66000000.0,90000000.0,90000000.0,1913000000.0,187000000.0,1.348,1.629,2100000000.0,366000000.0,1734000000.0,2100000000.0,0.0,100000000.0,0.0,0.017,0.155,258000000.0,358000000.0,0.135,358000000.0,258000000.0,236000000.0,0.61,0.595,0.61,3528000000.0,,3528000000.0,11687660000.0,13.0,8.848,27000000.0,0.088,1.0,741000000.0,0.279,3068000000.0,22000000.0,5691000000.0,,1018000000.0,253000000.0,253000000.0,0.0,5746000000.0,2525000000.0,3221000000.0,9999660000.0,5000000.0,-69000000.0,-222000000.0,359000000.0,-47000000.0,90000000.0,-178000000.0,-41000000.0,93000000.0,0.0,187000000.0,187000000.0,187000000.0,0.0,0.0,0.07,488000000.0,253000000.0,751000000.0,0.254,2.834,14.265,14.248,2105000000.0,0.0,32.7,0.987,0.989,1709000000.0,,2654000000.0,2654000000.0,69000000.0,,,,,0.0,419000000.0,1.0,305800000.0,306200000.0,314400000.0,8.668,6206000000.0,1031000000.0,49000000.0,265000000.0,20.268,878000000.0
66,ETN,MRQ,2004-12-31,2004-12-31,2004-12-31,2021-08-03,-538000000.0,9075000000.0,,3182000000.0,5893000000.0,,11.708,-131000000.0,85000000.0,85000000.0,1819000000.0,183000000.0,1.404,1.517,1773000000.0,39000000.0,1734000000.0,1773000000.0,0.0,102000000.0,0.0,0.015,0.135,210000000.0,312000000.0,0.123,312000000.0,210000000.0,189000000.0,0.595,0.58,0.595,3606000000.0,,3606000000.0,12849484000.0,15.0,10.239,130000000.0,0.422,1.0,709000000.0,0.28,3077000000.0,21000000.0,5419000000.0,,966000000.0,211000000.0,211000000.0,0.0,5469000000.0,2267000000.0,3202000000.0,10991484000.0,2000000.0,0.0,41000000.0,-197000000.0,-41000000.0,-197000000.0,-62000000.0,64000000.0,261000000.0,0.0,183000000.0,183000000.0,183000000.0,-8000000.0,0.0,0.072,490000000.0,219000000.0,776000000.0,0.227,3.048,16.962,17.066,2147000000.0,0.0,36.18,1.132,1.141,1612000000.0,2112000000.0,2528000000.0,2528000000.0,63000000.0,,,,,0.0,427000000.0,1.0,303800000.0,308000000.0,316000000.0,8.208,5998000000.0,885000000.0,6000000.0,283000000.0,19.474,915000000.0
67,ETN,MRQ,2004-09-30,2004-09-30,2004-09-30,2021-08-03,0.0,8883000000.0,,3225000000.0,5658000000.0,,11.027,-69000000.0,83000000.0,83000000.0,1836000000.0,170000000.0,1.278,1.636,1941000000.0,294000000.0,1647000000.0,1941000000.0,0.0,100000000.0,0.0,0.017,0.135,231000000.0,331000000.0,0.13,331000000.0,231000000.0,211000000.0,0.56,0.545,0.56,3370000000.0,,3370000000.0,11427615000.0,14.0,9.499,151000000.0,0.494,1.0,707000000.0,0.278,3064000000.0,20000000.0,5153000000.0,,930000000.0,267000000.0,267000000.0,0.0,5513000000.0,2524000000.0,2989000000.0,9606615000.0,-3000000.0,-77000000.0,13000000.0,5000000.0,-40000000.0,-22000000.0,-201000000.0,-61000000.0,220000000.0,0.0,170000000.0,170000000.0,170000000.0,0.0,0.0,0.067,478000000.0,229000000.0,761000000.0,0.241,2.851,16.592,16.687,2057000000.0,0.0,31.705,1.037,1.046,1649000000.0,,2543000000.0,2543000000.0,72000000.0,,,,,0.0,406000000.0,1.0,303000000.0,305600000.0,313800000.0,8.321,5819000000.0,833000000.0,41000000.0,295000000.0,19.041,701000000.0
68,ETN,MRQ,2004-06-30,2004-06-30,2004-06-30,2021-08-03,0.0,8555000000.0,,3073000000.0,5482000000.0,,10.467,-81000000.0,86000000.0,86000000.0,1726000000.0,161000000.0,1.251,1.687,1907000000.0,293000000.0,1614000000.0,1907000000.0,0.0,98000000.0,0.0,0.016,0.135,222000000.0,320000000.0,0.133,320000000.0,222000000.0,203000000.0,0.53,0.515,0.53,3184000000.0,,3184000000.0,11646844000.0,16.0,10.298,249000000.0,0.819,1.0,677000000.0,0.282,3035000000.0,19000000.0,4885000000.0,,877000000.0,203000000.0,203000000.0,0.0,5371000000.0,2456000000.0,2915000000.0,9749844000.0,21000000.0,-534000000.0,29000000.0,-11000000.0,-41000000.0,-23000000.0,-286000000.0,312000000.0,330000000.0,0.0,161000000.0,161000000.0,161000000.0,0.0,0.0,0.067,453000000.0,224000000.0,821000000.0,0.255,3.062,18.895,19.154,2059000000.0,0.0,32.37,1.114,1.125,1579000000.0,,2403000000.0,2403000000.0,64000000.0,,,,,0.0,389000000.0,1.0,301200000.0,304200000.0,312400000.0,7.899,5520000000.0,716000000.0,42000000.0,268000000.0,18.146,617000000.0
69,ETN,MRQ,2004-03-31,2004-03-31,2004-03-31,2021-08-03,0.0,8193000000.0,,3059000000.0,5134000000.0,,9.938,-49000000.0,65000000.0,65000000.0,1621000000.0,134000000.0,1.383,1.692,1962000000.0,300000000.0,1662000000.0,1962000000.0,0.0,100000000.0,0.0,0.017,0.135,192000000.0,292000000.0,0.13,292000000.0,192000000.0,173000000.0,0.435,0.425,0.435,3043000000.0,,3043000000.0,10542803598.0,16.0,9.946,-22000000.0,-0.072,1.0,617000000.0,0.276,2627000000.0,19000000.0,5251000000.0,,751000000.0,514000000.0,514000000.0,0.0,5150000000.0,2212000000.0,2938000000.0,8650803598.0,4000000.0,-16000000.0,-195000000.0,-3000000.0,-41000000.0,-239000000.0,216000000.0,291000000.0,27000000.0,0.0,134000000.0,134000000.0,134000000.0,0.0,0.0,0.06,421000000.0,196000000.0,630000000.0,0.31,2.843,19.31,18.983,2030000000.0,0.0,28.095,1.033,1.027,1399000000.0,,2238000000.0,2238000000.0,60000000.0,,,,,0.0,361000000.0,1.0,307912568.0,306200000.0,314200000.0,7.309,5566000000.0,807000000.0,39000000.0,295000000.0,18.178,847000000.0
70,ETN,MRQ,2003-12-31,2003-12-31,2003-12-31,2021-08-03,-585000000.0,8223000000.0,,3093000000.0,5130000000.0,,10.206,-96000000.0,61000000.0,61000000.0,1505000000.0,114000000.0,1.455,1.638,1953000000.0,302000000.0,1651000000.0,1953000000.0,0.0,96000000.0,0.0,0.017,0.12,164000000.0,260000000.0,0.125,260000000.0,164000000.0,145000000.0,0.375,0.365,0.375,3117000000.0,,3117000000.0,10076480000.0,17.0,10.189,261000000.0,0.855,1.0,578000000.0,0.277,2636000000.0,19000000.0,5353000000.0,,721000000.0,804000000.0,804000000.0,0.0,5106000000.0,2126000000.0,2980000000.0,8206480000.0,-11000000.0,4000000.0,29000000.0,6000000.0,-36000000.0,-1000000.0,-367000000.0,-274000000.0,357000000.0,0.0,114000000.0,114000000.0,114000000.0,0.0,0.0,0.055,411000000.0,167000000.0,526000000.0,0.32,2.633,21.26,20.686,2076000000.0,0.0,26.995,1.018,0.991,1190000000.0,1816000000.0,2083000000.0,2083000000.0,55000000.0,,,,,0.0,356000000.0,1.0,304000000.0,305400000.0,313000000.0,6.821,5587000000.0,610000000.0,31000000.0,298000000.0,18.294,967000000.0
71,ETN,MRQ,2003-09-30,2003-09-30,2003-09-30,2021-08-03,0.0,7903000000.0,,2949000000.0,4954000000.0,,9.694,-67000000.0,72000000.0,72000000.0,1479000000.0,107000000.0,1.646,1.685,1942000000.0,41000000.0,1901000000.0,1942000000.0,0.0,97000000.0,0.0,0.02,0.12,162000000.0,259000000.0,0.128,259000000.0,162000000.0,142000000.0,0.35,0.345,0.35,2943000000.0,,2943000000.0,8534362000.0,16.0,9.079,195000000.0,0.642,1.0,547000000.0,0.27,2506000000.0,20000000.0,5475000000.0,,735000000.0,522000000.0,522000000.0,0.0,4960000000.0,1792000000.0,3168000000.0,6655362000.0,-15000000.0,-30000000.0,53000000.0,-25000000.0,-36000000.0,-8000000.0,-269000000.0,-178000000.0,262000000.0,0.0,107000000.0,107000000.0,107000000.0,0.0,0.0,0.053,384000000.0,163000000.0,504000000.0,0.343,2.261,19.632,19.05,2059000000.0,0.0,22.155,0.858,0.868,1314000000.0,,2026000000.0,2026000000.0,57000000.0,,,,,0.0,327000000.0,1.0,300400000.0,303600000.0,309000000.0,6.673,5397000000.0,695000000.0,35000000.0,912000000.0,17.777,1157000000.0
72,ETN,MRQ,2003-06-30,2003-06-30,2003-06-30,2021-08-03,0.0,7656000000.0,,2746000000.0,4910000000.0,,9.676,-67000000.0,87000000.0,87000000.0,1498000000.0,93000000.0,1.632,1.728,1966000000.0,53000000.0,1913000000.0,1966000000.0,0.0,103000000.0,0.0,0.022,0.11,146000000.0,249000000.0,0.123,249000000.0,146000000.0,122000000.0,0.32,0.32,0.32,2806000000.0,,2806000000.0,7593449000.0,14.0,8.139,192000000.0,0.662,1.0,529000000.0,0.261,2462000000.0,24000000.0,5390000000.0,,753000000.0,342000000.0,342000000.0,0.0,4850000000.0,1683000000.0,3167000000.0,5573449000.0,28000000.0,-7000000.0,321000000.0,-146000000.0,-31000000.0,144000000.0,-375000000.0,-298000000.0,259000000.0,0.0,93000000.0,93000000.0,93000000.0,0.0,0.0,0.046,395000000.0,134000000.0,473000000.0,0.344,1.986,17.149,17.194,2071000000.0,0.0,19.652,0.738,0.754,1269000000.0,,2027000000.0,2027000000.0,56000000.0,,,,,0.0,339000000.0,1.0,283600000.0,290000000.0,294000000.0,6.99,5194000000.0,295000000.0,29000000.0,853000000.0,17.91,1063000000.0
73,ETN,MRQ,2003-03-31,2003-03-31,2003-03-31,2021-08-03,0.0,7262000000.0,,2409000000.0,4853000000.0,,8.363,-43000000.0,59000000.0,59000000.0,1415000000.0,72000000.0,1.344,2.051,2079000000.0,205000000.0,1874000000.0,2079000000.0,0.0,98000000.0,0.0,0.025,0.11,123000000.0,221000000.0,0.115,221000000.0,123000000.0,99000000.0,0.255,0.25,0.255,2380000000.0,,2380000000.0,6964057782.0,13.0,7.488,-47000000.0,-0.165,1.0,510000000.0,0.265,2440000000.0,24000000.0,5050000000.0,,777000000.0,43000000.0,43000000.0,0.0,4882000000.0,1792000000.0,3090000000.0,4951057782.0,-16000000.0,-219000000.0,6000000.0,-29000000.0,-31000000.0,-54000000.0,42000000.0,314000000.0,-4000000.0,0.0,72000000.0,72000000.0,72000000.0,0.0,0.0,0.037,384000000.0,126000000.0,473000000.0,0.431,2.08,15.472,15.435,2047000000.0,0.0,17.488,0.668,0.672,1231000000.0,,1925000000.0,1925000000.0,55000000.0,,,,,0.0,329000000.0,1.0,283119816.0,284600000.0,288400000.0,6.764,4822000000.0,299000000.0,27000000.0,804000000.0,16.943,617000000.0
74,ETN,MRQ,2002-12-31,2002-12-31,2002-12-31,2021-08-03,-699000000.0,7138000000.0,,2457000000.0,4681000000.0,,8.117,-89000000.0,75000000.0,75000000.0,1306000000.0,67000000.0,1.417,2.101,2088000000.0,201000000.0,1887000000.0,2088000000.0,0.0,95000000.0,0.0,0.023,0.11,116000000.0,211000000.0,0.119,211000000.0,116000000.0,92000000.0,0.238,0.235,0.238,2302000000.0,,2302000000.0,7159755000.0,14.0,8.145,168000000.0,0.592,1.0,469000000.0,0.264,2420000000.0,24000000.0,4997000000.0,,698000000.0,353000000.0,353000000.0,0.0,4836000000.0,1734000000.0,3102000000.0,5506755000.0,-14000000.0,-145000000.0,4000000.0,34000000.0,-31000000.0,7000000.0,-278000000.0,-58000000.0,257000000.0,0.0,67000000.0,67000000.0,67000000.0,0.0,0.0,0.038,347000000.0,122000000.0,488000000.0,0.462,2.392,19.597,19.626,1955000000.0,0.0,19.527,0.764,0.765,1032000000.0,1568000000.0,1775000000.0,1775000000.0,47000000.0,,,,,0.0,300000000.0,1.0,282000000.0,283600000.0,286800000.0,6.259,4718000000.0,487000000.0,25000000.0,225000000.0,16.636,723000000.0
75,ETN,MRQ,2002-09-30,2002-09-30,2002-09-30,2021-08-03,0.0,7470000000.0,,2463000000.0,5007000000.0,,9.198,-52000000.0,379000000.0,379000000.0,1316000000.0,93000000.0,1.35,1.868,2032000000.0,199000000.0,1833000000.0,2032000000.0,0.0,94000000.0,0.0,0.028,0.11,158000000.0,252000000.0,0.138,252000000.0,158000000.0,132000000.0,0.33,0.325,0.33,2605000000.0,,2605000000.0,6449670000.0,14.0,7.827,276000000.0,0.975,1.0,514000000.0,0.281,2398000000.0,26000000.0,4901000000.0,,634000000.0,0.0,0.0,0.0,4865000000.0,1824000000.0,3041000000.0,4493670000.0,25000000.0,94000000.0,1000000.0,-276000000.0,-31000000.0,-306000000.0,3000000.0,-34000000.0,328000000.0,0.0,93000000.0,93000000.0,93000000.0,0.0,0.0,0.051,353000000.0,161000000.0,368000000.0,0.333,1.725,18.417,18.358,1898000000.0,0.0,15.935,0.63,0.633,1139000000.0,,1830000000.0,1830000000.0,51000000.0,,,,,0.0,302000000.0,1.0,282000000.0,283200000.0,287600000.0,6.462,5072000000.0,311000000.0,39000000.0,855000000.0,17.91,639000000.0
76,ETN,MRQ,2002-06-30,2002-06-30,2002-06-30,2021-08-03,0.0,7655000000.0,,2500000000.0,5155000000.0,,9.127,-47000000.0,322000000.0,322000000.0,1364000000.0,88000000.0,1.323,1.966,2278000000.0,344000000.0,1934000000.0,2278000000.0,0.0,92000000.0,0.0,0.024,0.11,154000000.0,246000000.0,0.131,246000000.0,154000000.0,127000000.0,0.31,0.302,0.31,2581000000.0,,2581000000.0,7186050000.0,18.0,9.531,185000000.0,0.654,1.0,517000000.0,0.275,2444000000.0,27000000.0,5277000000.0,,669000000.0,0.0,0.0,0.0,5074000000.0,1890000000.0,3184000000.0,5107050000.0,-30000000.0,-10000000.0,16000000.0,-113000000.0,-31000000.0,-128000000.0,-134000000.0,-75000000.0,232000000.0,0.0,88000000.0,88000000.0,88000000.0,0.0,0.0,0.047,355000000.0,162000000.0,374000000.0,0.355,1.979,26.738,26.629,1974000000.0,0.0,18.188,0.725,0.73,1171000000.0,,1881000000.0,1881000000.0,50000000.0,,,,,0.0,305000000.0,1.0,280800000.0,282800000.0,288400000.0,6.651,5211000000.0,338000000.0,39000000.0,855000000.0,18.426,610000000.0
77,ETN,MRQ,2002-03-31,2002-03-31,2002-03-31,2021-08-03,0.0,7550000000.0,,2371000000.0,5179000000.0,,8.941,-40000000.0,262000000.0,262000000.0,1286000000.0,33000000.0,1.421,2.012,2341000000.0,197000000.0,2144000000.0,2341000000.0,0.0,95000000.0,0.0,0.022,0.11,75000000.0,170000000.0,0.099,170000000.0,75000000.0,48000000.0,0.12,0.117,0.12,2507000000.0,,2507000000.0,7969666943.0,23.0,11.241,43000000.0,0.153,1.0,437000000.0,0.254,2433000000.0,27000000.0,5527000000.0,,668000000.0,0.0,0.0,0.0,5043000000.0,1669000000.0,3374000000.0,5641666943.0,-18000000.0,0.0,24000000.0,-89000000.0,-30000000.0,-95000000.0,-6000000.0,32000000.0,83000000.0,0.0,33000000.0,33000000.0,33000000.0,0.0,0.0,0.019,365000000.0,72000000.0,356000000.0,0.917,2.25,37.116,36.943,1999000000.0,0.0,20.245,0.801,0.806,1096000000.0,,1723000000.0,1723000000.0,55000000.0,,,,,0.0,310000000.0,1.0,278669644.0,280400000.0,284800000.0,6.145,5117000000.0,345000000.0,15000000.0,815000000.0,18.249,702000000.0
78,ETN,MRQ,2001-12-31,2001-12-31,2001-12-31,2021-08-03,-299000000.0,7646000000.0,,2387000000.0,5259000000.0,,8.877,-92000000.0,112000000.0,112000000.0,1280000000.0,30000000.0,1.43,2.089,2440000000.0,188000000.0,2252000000.0,2440000000.0,0.0,88000000.0,0.0,0.024,0.11,68000000.0,156000000.0,0.092,156000000.0,68000000.0,39000000.0,0.108,0.107,0.108,2475000000.0,,2475000000.0,7461613000.0,18.0,9.628,178000000.0,0.638,1.0,415000000.0,0.245,2435000000.0,29000000.0,5870000000.0,,681000000.0,199000000.0,199000000.0,0.0,5171000000.0,1669000000.0,3502000000.0,5156613000.0,12000000.0,-2000000.0,11000000.0,-70000000.0,-30000000.0,-89000000.0,-169000000.0,-84000000.0,270000000.0,0.0,30000000.0,30000000.0,30000000.0,0.0,0.0,0.018,347000000.0,68000000.0,418000000.0,1.019,2.083,30.513,30.496,2050000000.0,0.0,18.602,0.706,0.708,1070000000.0,1447000000.0,1695000000.0,1695000000.0,51000000.0,,,,,0.0,296000000.0,1.0,277200000.0,278800000.0,282000000.0,6.08,5211000000.0,153000000.0,9000000.0,838000000.0,18.691,718000000.0
79,ETN,MRQ,2001-09-30,2001-09-30,2001-09-30,2021-08-03,0.0,7893000000.0,,2587000000.0,5306000000.0,,8.815,-64000000.0,211000000.0,211000000.0,1326000000.0,40000000.0,1.376,2.216,2516000000.0,189000000.0,2327000000.0,2516000000.0,0.0,88000000.0,0.0,0.03,0.11,94000000.0,182000000.0,0.104,182000000.0,94000000.0,61000000.0,0.145,0.142,0.145,2454000000.0,,2454000000.0,6551174000.0,13.0,7.513,130000000.0,0.467,1.0,424000000.0,0.242,2446000000.0,33000000.0,5872000000.0,,739000000.0,0.0,0.0,0.0,5439000000.0,1880000000.0,3559000000.0,4109174000.0,-5000000.0,82000000.0,-7000000.0,-178000000.0,-30000000.0,-215000000.0,16000000.0,-10000000.0,194000000.0,0.0,40000000.0,40000000.0,40000000.0,0.0,0.0,0.023,356000000.0,68000000.0,329000000.0,0.759,1.674,18.427,18.275,2055000000.0,0.0,14.803,0.544,0.546,1171000000.0,,1750000000.0,1750000000.0,56000000.0,,,,,0.0,300000000.0,1.0,277600000.0,278400000.0,283600000.0,6.286,5447000000.0,1271000000.0,21000000.0,932000000.0,19.565,707000000.0
80,ETN,MRQ,2001-06-30,2001-06-30,2001-06-30,2021-08-03,0.0,7867000000.0,,2539000000.0,5328000000.0,,8.854,-76000000.0,207000000.0,207000000.0,1400000000.0,49000000.0,1.522,2.201,2649000000.0,105000000.0,2544000000.0,2649000000.0,0.0,89000000.0,0.0,0.025,0.11,112000000.0,201000000.0,0.107,201000000.0,112000000.0,74000000.0,0.175,0.172,0.175,2458000000.0,,2458000000.0,7432890000.0,13.0,7.824,116000000.0,0.418,1.0,471000000.0,0.252,2474000000.0,38000000.0,6167000000.0,,781000000.0,0.0,0.0,0.0,5409000000.0,1668000000.0,3741000000.0,4829890000.0,-15000000.0,33000000.0,25000000.0,-302000000.0,-30000000.0,-318000000.0,111000000.0,152000000.0,192000000.0,0.0,49000000.0,49000000.0,49000000.0,0.0,0.0,0.026,356000000.0,115000000.0,332000000.0,0.629,1.965,17.5,17.756,2105000000.0,0.0,17.525,0.618,0.623,1215000000.0,,1871000000.0,1871000000.0,53000000.0,,,,,0.0,303000000.0,1.0,275600000.0,277600000.0,282800000.0,6.74,5393000000.0,1085000000.0,25000000.0,800000000.0,19.427,871000000.0
81,ETN,MRQ,2001-03-31,2001-03-31,2001-03-31,2021-08-03,0.0,8193000000.0,,2828000000.0,5365000000.0,,8.793,-63000000.0,377000000.0,377000000.0,1497000000.0,50000000.0,1.364,2.376,2980000000.0,482000000.0,2498000000.0,2980000000.0,0.0,90000000.0,0.0,0.026,0.11,146000000.0,236000000.0,0.119,236000000.0,146000000.0,104000000.0,0.182,0.18,0.182,2427000000.0,,2427000000.0,7610877471.0,10.0,6.995,46000000.0,0.167,1.0,486000000.0,0.245,2495000000.0,42000000.0,6227000000.0,,840000000.0,0.0,0.0,0.0,5766000000.0,2074000000.0,3692000000.0,4688877471.0,38000000.0,255000000.0,-4000000.0,-31000000.0,-30000000.0,-54000000.0,-17000000.0,-212000000.0,109000000.0,0.0,50000000.0,50000000.0,50000000.0,0.0,0.0,0.025,389000000.0,97000000.0,460000000.0,0.604,1.932,12.605,13.073,2130000000.0,0.0,17.125,0.578,0.583,1272000000.0,,1983000000.0,1983000000.0,68000000.0,,,,,0.0,321000000.0,1.0,273803064.0,276000000.0,280400000.0,7.185,5698000000.0,1079000000.0,54000000.0,790000000.0,20.645,754000000.0
82,ETN,MRQ,2000-12-31,2000-12-31,2000-12-31,2021-08-03,-267000000.0,8180000000.0,,2571000000.0,5609000000.0,,8.682,-157000000.0,82000000.0,82000000.0,1455000000.0,84000000.0,1.22,2.394,3004000000.0,557000000.0,2447000000.0,3004000000.0,0.0,96000000.0,0.0,0.023,0.11,157000000.0,253000000.0,0.13,253000000.0,157000000.0,111000000.0,0.307,0.305,0.307,2410000000.0,,2410000000.0,7880300000.0,10.0,6.661,18000000.0,0.065,1.0,493000000.0,0.253,2582000000.0,46000000.0,6413000000.0,,872000000.0,44000000.0,44000000.0,0.0,5770000000.0,2107000000.0,3663000000.0,5263300000.0,58000000.0,44000000.0,-125000000.0,163000000.0,-31000000.0,7000000.0,-116000000.0,9000000.0,175000000.0,0.0,84000000.0,84000000.0,84000000.0,-26000000.0,0.0,0.043,383000000.0,110000000.0,396000000.0,0.358,2.184,11.619,11.92,2274000000.0,0.0,18.797,0.633,0.65,1219000000.0,1410000000.0,1948000000.0,1948000000.0,63000000.0,,,,,0.0,320000000.0,1.0,280000000.0,277600000.0,279600000.0,7.017,5598000000.0,147000000.0,27000000.0,729000000.0,20.166,464000000.0
83,ETN,MRQ,2000-09-30,2000-09-30,2000-09-30,2021-08-03,0.0,8684000000.0,,,,,9.972,-81000000.0,201000000.0,201000000.0,1492000000.0,93000000.0,,2.024,2818000000.0,371000000.0,2447000000.0,2818000000.0,0.0,89000000.0,0.0,0.029,0.11,171000000.0,260000000.0,0.129,260000000.0,171000000.0,129000000.0,0.323,0.32,0.323,2872000000.0,,2872000000.0,7262827000.0,7.0,5.416,73000000.0,0.253,1.0,516000000.0,0.257,2631000000.0,42000000.0,6622000000.0,,981000000.0,0.0,,,5812000000.0,2048000000.0,3764000000.0,4492827000.0,-50000000.0,270000000.0,-185000000.0,-67000000.0,-32000000.0,-290000000.0,161000000.0,-21000000.0,154000000.0,0.0,93000000.0,93000000.0,93000000.0,-24000000.0,0.0,0.046,373000000.0,143000000.0,452000000.0,0.341,1.564,7.576,7.564,2276000000.0,0.0,15.408,0.549,0.543,1356000000.0,,2008000000.0,2008000000.0,68000000.0,,,,,0.0,305000000.0,1.0,291600000.0,288000000.0,291200000.0,6.972,6053000000.0,1239000000.0,36000000.0,848000000.0,21.017,
84,ETN,MRQ,2000-06-30,2000-06-30,2000-06-30,2021-08-03,0.0,8614000000.0,,2966000000.0,5648000000.0,,9.454,-83000000.0,145000000.0,145000000.0,1564000000.0,145000000.0,1.389,2.112,2915000000.0,425000000.0,2490000000.0,2915000000.0,0.0,86000000.0,0.0,0.026,0.11,253000000.0,339000000.0,0.156,339000000.0,253000000.0,208000000.0,0.497,0.49,0.497,2768000000.0,,2768000000.0,7800900000.0,6.0,5.079,159000000.0,0.543,1.0,605000000.0,0.279,2607000000.0,45000000.0,6642000000.0,,965000000.0,0.0,0.0,0.0,5846000000.0,2135000000.0,3711000000.0,4870900000.0,9000000.0,21000000.0,0.0,-113000000.0,-32000000.0,-139000000.0,-76000000.0,3000000.0,242000000.0,0.0,145000000.0,145000000.0,145000000.0,-22000000.0,0.0,0.067,404000000.0,201000000.0,526000000.0,0.221,1.76,7.121,7.143,2285000000.0,0.0,16.75,0.58,0.584,1426000000.0,,2169000000.0,2169000000.0,70000000.0,,,,,0.0,334000000.0,1.0,290800000.0,292800000.0,296400000.0,7.408,6007000000.0,1186000000.0,63000000.0,728000000.0,20.516,831000000.0
85,ETN,MRQ,2000-03-31,2000-03-31,2000-03-31,2021-08-03,0.0,8602000000.0,,2920000000.0,5682000000.0,,9.132,-65000000.0,101000000.0,101000000.0,1581000000.0,131000000.0,1.113,2.23,3031000000.0,927000000.0,2104000000.0,3031000000.0,0.0,93000000.0,0.0,0.023,0.11,238000000.0,331000000.0,0.152,331000000.0,238000000.0,194000000.0,0.45,0.443,0.45,2663000000.0,,2663000000.0,8475908528.0,7.0,5.497,-117000000.0,-0.401,1.0,603000000.0,0.276,2630000000.0,44000000.0,6278000000.0,,975000000.0,0.0,0.0,0.0,5939000000.0,2624000000.0,3315000000.0,5671908528.0,-14000000.0,21000000.0,-96000000.0,162000000.0,-32000000.0,34000000.0,7000000.0,49000000.0,-52000000.0,0.0,131000000.0,131000000.0,131000000.0,-18000000.0,0.0,0.06,408000000.0,195000000.0,1697000000.0,0.244,2.13,8.542,8.545,2320000000.0,0.0,19.5,0.665,0.667,1406000000.0,,2184000000.0,2184000000.0,68000000.0,,,,,0.0,340000000.0,1.0,290867104.0,291600000.0,295200000.0,7.49,5972000000.0,1170000000.0,63000000.0,540000000.0,20.48,296000000.0
86,ETN,MRQ,1999-12-31,1999-12-31,1999-12-31,2021-08-03,-220000000.0,8342000000.0,,2552000000.0,5790000000.0,,8.937,-167000000.0,79000000.0,79000000.0,1365000000.0,224000000.0,0.994,2.179,2885000000.0,970000000.0,1915000000.0,2885000000.0,0.0,9000000.0,0.0,0.024,0.11,402000000.0,411000000.0,0.226,411000000.0,402000000.0,362000000.0,0.767,0.752,0.767,2624000000.0,,2624000000.0,8421568000.0,8.0,5.844,88000000.0,0.3,1.0,452000000.0,0.249,2451000000.0,40000000.0,6129000000.0,,876000000.0,83000000.0,83000000.0,0.0,5718000000.0,2568000000.0,3150000000.0,5345568000.0,47000000.0,541000000.0,29000000.0,-270000000.0,-32000000.0,-295000000.0,139000000.0,-49000000.0,255000000.0,0.0,224000000.0,224000000.0,224000000.0,-14000000.0,0.0,0.123,302000000.0,150000000.0,487000000.0,0.143,2.037,8.664,8.537,2294000000.0,0.0,18.157,0.668,0.658,1165000000.0,1804000000.0,1817000000.0,1817000000.0,32000000.0,,,,,0.0,270000000.0,1.0,294400000.0,293600000.0,298400000.0,6.189,5891000000.0,875000000.0,138000000.0,824000000.0,20.065,-16000000.0
87,ETN,MRQ,1999-09-30,1999-09-30,1999-09-30,2021-08-03,0.0,8369000000.0,,2773000000.0,5596000000.0,,8.367,-130000000.0,71000000.0,71000000.0,1612000000.0,184000000.0,0.984,2.416,3147000000.0,1201000000.0,1946000000.0,3147000000.0,0.0,122000000.0,0.0,0.02,0.11,333000000.0,455000000.0,0.204,455000000.0,333000000.0,286000000.0,0.63,0.615,0.63,2450000000.0,,2450000000.0,9773582000.0,11.0,8.145,172000000.0,0.587,1.0,615000000.0,0.276,2446000000.0,47000000.0,6182000000.0,,950000000.0,0.0,0.0,0.0,5919000000.0,2817000000.0,3102000000.0,6231582000.0,9000000.0,-6000000.0,147000000.0,-442000000.0,-33000000.0,-317000000.0,24000000.0,15000000.0,302000000.0,0.0,184000000.0,184000000.0,184000000.0,0.0,0.0,0.083,431000000.0,184000000.0,1616000000.0,0.175,2.544,13.401,13.361,2405000000.0,0.0,21.578,0.828,0.839,1400000000.0,,2227000000.0,2227000000.0,82000000.0,,,,,0.0,349000000.0,1.0,288800000.0,292800000.0,299600000.0,7.606,5923000000.0,1097000000.0,102000000.0,493000000.0,20.229,-44000000.0
88,ETN,MRQ,1999-06-30,1999-06-30,1999-06-30,2021-08-03,0.0,8341000000.0,,,,,7.409,-106000000.0,44000000.0,44000000.0,1643000000.0,125000000.0,,2.925,3586000000.0,1578000000.0,2008000000.0,3586000000.0,0.0,115000000.0,0.0,0.019,0.11,230000000.0,345000000.0,0.15,345000000.0,230000000.0,186000000.0,0.435,0.427,0.435,2125000000.0,,2125000000.0,8171600000.0,13.0,8.796,52000000.0,0.181,1.0,657000000.0,0.286,2463000000.0,44000000.0,6359000000.0,,982000000.0,0.0,,,6216000000.0,3061000000.0,3155000000.0,6605600000.0,6000000.0,-1582000000.0,0.0,1563000000.0,-31000000.0,1550000000.0,-1702000000.0,0.0,158000000.0,0.0,125000000.0,125000000.0,125000000.0,0.0,0.0,0.054,431000000.0,226000000.0,1483000000.0,0.253,3.109,19.486,19.328,2393000000.0,0.0,23.0,0.955,0.953,1429000000.0,,2300000000.0,2300000000.0,77000000.0,,,,,0.0,354000000.0,1.0,287200000.0,286800000.0,291200000.0,8.02,5878000000.0,1030000000.0,61000000.0,0.0,20.495,
89,ETN,MRQ,1999-03-31,1999-03-31,1999-03-31,2021-08-03,0.0,5664000000.0,,2062000000.0,3602000000.0,,7.086,-77000000.0,20000000.0,20000000.0,1172000000.0,84000000.0,1.306,1.807,1586000000.0,398000000.0,1188000000.0,1586000000.0,0.0,86000000.0,0.0,0.025,0.11,144000000.0,230000000.0,0.138,230000000.0,144000000.0,123000000.0,0.295,0.292,0.295,2018000000.0,,2018000000.0,6572334854.0,11.0,7.732,-84000000.0,-0.295,1.0,489000000.0,0.294,1015000000.0,21000000.0,4636000000.0,,714000000.0,20000000.0,20000000.0,0.0,3646000000.0,1579000000.0,2067000000.0,5128334854.0,-60000000.0,-11000000.0,0.0,68000000.0,-32000000.0,29000000.0,-82000000.0,0.0,-7000000.0,0.0,84000000.0,84000000.0,84000000.0,0.0,0.0,0.051,346000000.0,143000000.0,1181000000.0,0.373,2.541,15.635,15.476,1781000000.0,0.0,17.875,0.81,0.804,1018000000.0,,1661000000.0,1661000000.0,71000000.0,,,,,0.0,275000000.0,1.0,286899852.0,284800000.0,288800000.0,5.832,4649000000.0,1096000000.0,39000000.0,0.0,16.324,483000000.0
90,ETN,MRQ,1998-12-31,1998-12-31,1998-12-31,2021-08-03,-110000000.0,5665000000.0,,1982000000.0,3683000000.0,,7.233,-197000000.0,80000000.0,80000000.0,929000000.0,72000000.0,1.307,1.754,1524000000.0,333000000.0,1191000000.0,1524000000.0,0.0,9000000.0,0.0,0.025,0.11,161000000.0,170000000.0,0.127,170000000.0,161000000.0,140000000.0,0.255,0.252,0.255,2057000000.0,,2057000000.0,6590266000.0,11.0,7.515,130000000.0,0.457,1.0,410000000.0,0.306,1239000000.0,21000000.0,4354000000.0,,707000000.0,42000000.0,42000000.0,0.0,3608000000.0,1516000000.0,2092000000.0,5047266000.0,31000000.0,-2000000.0,0.0,-70000000.0,-32000000.0,-119000000.0,-196000000.0,0.0,327000000.0,0.0,72000000.0,72000000.0,72000000.0,81000000.0,0.0,0.054,203000000.0,207000000.0,445000000.0,0.431,2.454,14.462,14.462,1837000000.0,0.0,17.672,0.794,0.794,885000000.0,1321000000.0,1339000000.0,1339000000.0,3000000.0,,,,,0.0,200000000.0,1.0,285600000.0,284400000.0,287200000.0,4.708,4426000000.0,759000000.0,68000000.0,418000000.0,15.563,466000000.0
91,ETN,MRQ,1998-09-30,1998-09-30,1998-09-30,2021-08-03,0.0,5493000000.0,,2061000000.0,3432000000.0,,7.06,-121000000.0,47000000.0,47000000.0,1192000000.0,58000000.0,1.303,1.736,1590000000.0,396000000.0,1194000000.0,1590000000.0,0.0,82000000.0,0.0,0.028,0.11,102000000.0,184000000.0,0.114,184000000.0,102000000.0,79000000.0,0.205,0.2,0.205,2008000000.0,,2008000000.0,6003066000.0,9.0,5.926,103000000.0,0.362,1.0,428000000.0,0.264,1052000000.0,23000000.0,4402000000.0,,687000000.0,44000000.0,44000000.0,0.0,3485000000.0,1582000000.0,1903000000.0,4476066000.0,3000000.0,-20000000.0,-2000000.0,15000000.0,-31000000.0,-17000000.0,-204000000.0,0.0,224000000.0,0.0,58000000.0,58000000.0,58000000.0,0.0,0.0,0.036,332000000.0,96000000.0,1186000000.0,0.537,2.229,11.025,11.275,1712000000.0,0.0,15.672,0.644,0.641,1001000000.0,,1620000000.0,1620000000.0,85000000.0,,,,,0.0,247000000.0,1.0,285600000.0,284400000.0,289200000.0,5.696,4441000000.0,950000000.0,21000000.0,0.0,15.615,479000000.0
92,ETN,MRQ,1998-06-30,1998-06-30,1998-06-30,2021-08-03,0.0,5302000000.0,,2020000000.0,3282000000.0,,6.864,-92000000.0,44000000.0,44000000.0,1200000000.0,114000000.0,1.393,1.716,1571000000.0,379000000.0,1192000000.0,1571000000.0,0.0,82000000.0,0.0,0.023,0.11,184000000.0,266000000.0,0.155,266000000.0,184000000.0,161000000.0,0.4,0.393,0.4,1952000000.0,,1952000000.0,7084350000.0,10.0,6.885,-21000000.0,-0.074,1.0,512000000.0,0.299,1017000000.0,23000000.0,4362000000.0,,684000000.0,18000000.0,18000000.0,0.0,3350000000.0,1450000000.0,1900000000.0,5551350000.0,-2000000.0,62000000.0,-9000000.0,-9000000.0,-31000000.0,-45000000.0,-28000000.0,0.0,71000000.0,0.0,114000000.0,114000000.0,114000000.0,0.0,0.0,0.067,346000000.0,166000000.0,1071000000.0,0.275,2.844,13.809,14.292,1616000000.0,0.0,19.438,0.764,0.761,999000000.0,,1712000000.0,1712000000.0,82000000.0,,,,,0.0,264000000.0,1.0,285600000.0,284400000.0,291200000.0,6.02,4285000000.0,924000000.0,47000000.0,0.0,15.067,570000000.0
93,ETN,MRQ,1998-03-31,1998-03-31,1998-03-31,2021-08-03,0.0,5323000000.0,,2034000000.0,3289000000.0,,6.514,-58000000.0,46000000.0,46000000.0,1207000000.0,105000000.0,1.403,1.837,1579000000.0,288000000.0,1291000000.0,1579000000.0,0.0,81000000.0,0.0,0.018,0.11,176000000.0,257000000.0,0.152,257000000.0,176000000.0,155000000.0,0.362,0.355,0.362,1876000000.0,,1876000000.0,8158338981.0,12.0,7.792,-57000000.0,-0.198,1.0,480000000.0,0.285,1030000000.0,21000000.0,4376000000.0,,693000000.0,29000000.0,29000000.0,0.0,3447000000.0,1450000000.0,1997000000.0,6835338981.0,-7000000.0,218000000.0,-338000000.0,188000000.0,-32000000.0,-170000000.0,162000000.0,0.0,1000000.0,0.0,105000000.0,105000000.0,105000000.0,0.0,0.0,0.062,345000000.0,135000000.0,1162000000.0,0.304,3.644,16.51,17.37,1612000000.0,0.0,23.797,0.916,0.919,991000000.0,,1687000000.0,1687000000.0,82000000.0,,,,,0.0,263000000.0,1.0,287229288.0,288000000.0,294800000.0,5.858,4293000000.0,922000000.0,50000000.0,0.0,14.906,584000000.0
94,ETN,MRQ,1997-12-31,1997-12-31,1997-12-31,2021-08-03,-148000000.0,5606000000.0,,2055000000.0,3551000000.0,,6.821,-176000000.0,53000000.0,53000000.0,1388000000.0,129000000.0,1.514,1.707,1376000000.0,104000000.0,1272000000.0,1376000000.0,0.0,92000000.0,0.0,0.019,0.11,214000000.0,306000000.0,0.158,306000000.0,214000000.0,192000000.0,0.422,0.415,0.422,2071000000.0,,2071000000.0,,,,90000000.0,0.296,1.0,546000000.0,0.282,966000000.0,22000000.0,4606000000.0,,734000000.0,37000000.0,37000000.0,0.0,3535000000.0,1357000000.0,2178000000.0,6408803488.0,29000000.0,324000000.0,-283000000.0,-128000000.0,-34000000.0,-409000000.0,172000000.0,34000000.0,266000000.0,0.0,129000000.0,129000000.0,129000000.0,0.0,0.0,0.067,371000000.0,175000000.0,519000000.0,0.261,3.095,15.631,16.713,1759000000.0,0.0,22.312,0.847,0.906,958000000.0,1385000000.0,1934000000.0,1934000000.0,84000000.0,,,,,0.0,287000000.0,1.0,287229288.0,303600000.0,310400000.0,6.37,4640000000.0,163000000.0,63000000.0,76000000.0,15.283,698000000.0
95,ETN,MRQ,1997-09-30,1997-09-30,1997-09-30,2021-08-03,,,,,,,,-110000000.0,,,1390000000.0,54000000.0,,,,,,,,85000000.0,,0.018,0.11,115000000.0,200000000.0,0.104,200000000.0,115000000.0,95000000.0,0.175,0.172,0.175,,,,,,,167000000.0,0.542,1.0,541000000.0,0.28,,20000000.0,,,,,,,,,,,1000000.0,-382000000.0,-25000000.0,340000000.0,-34000000.0,281000000.0,-557000000.0,-34000000.0,277000000.0,0.0,54000000.0,54000000.0,54000000.0,0.0,0.0,0.028,438000000.0,103000000.0,,0.629,,,,,0.0,23.095,,,,,1931000000.0,1931000000.0,81000000.0,,,,,0.0,272000000.0,1.0,,308400000.0,314800000.0,6.261,,,41000000.0,,,
96,ETN,MRQ,1997-06-30,1997-06-30,1997-06-30,2021-08-03,,,,,,,,-105000000.0,,,1371000000.0,126000000.0,,,,,,,,83000000.0,,0.019,0.11,201000000.0,284000000.0,0.149,284000000.0,201000000.0,182000000.0,0.41,0.403,0.41,,,,,,,81000000.0,0.263,1.0,538000000.0,0.282,,19000000.0,,,,,,,,,,,-2000000.0,0.0,-1000000.0,-67000000.0,-34000000.0,-102000000.0,-86000000.0,0.0,186000000.0,0.0,126000000.0,126000000.0,126000000.0,0.0,0.0,0.066,351000000.0,187000000.0,,0.268,,,,,0.0,21.845,,,,,1909000000.0,1909000000.0,79000000.0,,,,,0.0,272000000.0,1.0,,308400000.0,313200000.0,6.19,,,56000000.0,,,
97,ETN,MRQ,1997-03-31,1997-03-31,1997-03-31,2021-08-03,,,,,,,,-47000000.0,,,1307000000.0,101000000.0,,,,,,,,82000000.0,,0.023,0.1,165000000.0,247000000.0,0.138,247000000.0,165000000.0,145000000.0,0.328,0.323,0.328,,,,,,,-13000000.0,-0.042,1.0,482000000.0,0.269,,20000000.0,,,,,,,,,,,3000000.0,0.0,-6000000.0,66000000.0,-31000000.0,29000000.0,-60000000.0,0.0,34000000.0,0.0,101000000.0,101000000.0,101000000.0,0.0,0.0,0.056,332000000.0,150000000.0,,0.305,,,,,0.0,17.657,,,,,1789000000.0,1789000000.0,75000000.0,,,,,0.0,257000000.0,1.0,,308400000.0,312800000.0,5.801,,,44000000.0,,,
98,ETN,MRQ,1996-12-31,1996-12-31,1996-12-31,2021-08-03,-68000000.0,5307000000.0,,2017000000.0,3290000000.0,,6.977,,22000000.0,22000000.0,,,1.64,1.457,1092000000.0,30000000.0,1062000000.0,1092000000.0,0.0,,0.0,0.023,0.1,,,,,,,,,,2160000000.0,,2160000000.0,,,,,,1.0,,,968000000.0,,4179000000.0,,729000000.0,38000000.0,38000000.0,0.0,3147000000.0,1230000000.0,1917000000.0,,,,,,,,,,,,,,,,,,,,512000000.0,,,,15.5,1792000000.0,,17.438,,0.776,985000000.0,1402000000.0,,,,,,,,,,1.0,,309600000.0,,,4339000000.0,165000000.0,,97000000.0,14.015,787000000.0
0,ETN,MRT,2021-06-30,2021-06-30,2021-06-30,2021-08-03,-4031000000.0,36804000000.0,33423250000.0,9789000000.0,27015000000.0,0.572,38.636,-459000000.0,279000000.0,279000000.0,12958000000.0,1888000000.0,1.099,1.386,12468000000.0,3381000000.0,9087000000.0,12468000000.0,0.0,851000000.0,0.0,0.02,2.98,2385000000.0,3236000000.0,0.169,3236000000.0,2385000000.0,2233000000.0,4.72,4.69,4.72,15408000000.0,14952250000.0,15408000000.0,69181730000.0,29.0,21.379,2302000000.0,5.772,1.0,6162000000.0,0.322,21075000000.0,152000000.0,19012000000.0,17848500000.0,2668000000.0,261000000.0,261000000.0,0.0,21354000000.0,8906000000.0,12448000000.0,59049730000.0,-13000000.0,-4627000000.0,-384000000.0,3787000000.0,-1196000000.0,2229000000.0,-4986000000.0,-44000000.0,2761000000.0,-6000000.0,1885000000.0,1885000000.0,1885000000.0,0.0,3000000.0,0.099,3764000000.0,2398000000.0,2484000000.0,0.631,3.832,31.326,31.394,3528000000.0,0.0,148.18,3.088,3.091,3341000000.0,7068000000.0,19120000000.0,19120000000.0,574000000.0,0.056,0.126,0.134,0.125,0.0,3190000000.0,1.0,398500000.0,398800000.0,401400000.0,47.944,15729000000.0,445000000.0,348000000.0,494000000.0,39.441,883000000.0
1,ETN,MRT,2021-03-31,2021-03-31,2021-03-31,2021-08-03,-4225000000.0,34080000000.0,31809250000.0,9905000000.0,24175000000.0,0.558,37.648,-396000000.0,354000000.0,354000000.0,12290000000.0,1436000000.0,1.505,1.27,10486000000.0,1476000000.0,9010000000.0,10486000000.0,0.0,820000000.0,0.0,0.027,3.68,1810000000.0,2630000000.0,0.148,2630000000.0,1810000000.0,1657000000.0,3.58,3.56,3.58,14995000000.0,14647250000.0,14995000000.0,62995268000.0,35.0,23.953,2485000000.0,6.239,1.0,5471000000.0,0.308,18479000000.0,153000000.0,19152000000.0,17199750000.0,2399000000.0,945000000.0,945000000.0,0.0,19043000000.0,6581000000.0,12462000000.0,55049268000.0,115000000.0,-1714000000.0,-367000000.0,1676000000.0,-1184000000.0,147000000.0,-2904000000.0,-751000000.0,2881000000.0,-3000000.0,1430000000.0,1430000000.0,1430000000.0,0.0,6000000.0,0.081,3551000000.0,1920000000.0,2172000000.0,1.028,3.671,38.496,38.626,3351000000.0,0.0,138.28,3.099,3.101,3065000000.0,6883000000.0,17761000000.0,17761000000.0,546000000.0,0.045,0.098,0.105,0.102,0.0,3005000000.0,1.0,398100000.0,398300000.0,400900000.0,44.592,15601000000.0,436000000.0,227000000.0,445000000.0,39.169,3324000000.0
2,ETN,MRT,2020-12-31,2020-12-31,2020-12-31,2021-08-03,-4195000000.0,31824000000.0,31000500000.0,9178000000.0,22646000000.0,0.576,37.121,-389000000.0,438000000.0,438000000.0,12408000000.0,1415000000.0,1.561,1.129,8384000000.0,1048000000.0,7336000000.0,8384000000.0,0.0,811000000.0,0.0,0.03,3.65,1890000000.0,2701000000.0,0.151,2701000000.0,1890000000.0,1741000000.0,3.51,3.49,3.51,14930000000.0,14459750000.0,14930000000.0,55982804000.0,30.0,20.727,2555000000.0,6.353,1.0,5450000000.0,0.305,17078000000.0,149000000.0,16811000000.0,16839000000.0,2109000000.0,664000000.0,664000000.0,0.0,16851000000.0,5881000000.0,10970000000.0,47887804000.0,68000000.0,1208000000.0,-1608000000.0,-503000000.0,-1175000000.0,-3258000000.0,397000000.0,-441000000.0,2944000000.0,-15000000.0,1410000000.0,1410000000.0,1410000000.0,0.0,5000000.0,0.079,3626000000.0,1824000000.0,1987000000.0,1.04,3.207,33.963,34.228,3392000000.0,0.0,120.14,2.682,2.706,2904000000.0,6794000000.0,17858000000.0,17858000000.0,551000000.0,0.045,0.098,0.112,0.106,0.0,3075000000.0,1.0,398600000.0,402200000.0,404000000.0,44.401,14746000000.0,426000000.0,331000000.0,277000000.0,36.663,3297000000.0
3,ETN,MRT,2020-09-30,2020-09-30,2020-09-30,2021-08-03,-4533000000.0,30985000000.0,31245750000.0,8671000000.0,22314000000.0,0.589,36.154,-437000000.0,429000000.0,429000000.0,12786000000.0,1392000000.0,1.494,1.138,8524000000.0,1253000000.0,7271000000.0,8524000000.0,0.0,819000000.0,0.0,0.036,3.63,1875000000.0,2694000000.0,0.146,2694000000.0,1875000000.0,1720000000.0,3.41,3.4,3.41,14476000000.0,14747750000.0,14476000000.0,49118203000.0,26.0,18.232,2501000000.0,6.246,1.0,5623000000.0,0.305,16856000000.0,155000000.0,16419000000.0,17101750000.0,2096000000.0,334000000.0,334000000.0,0.0,16467000000.0,5805000000.0,10662000000.0,40822203000.0,-120000000.0,254000000.0,-1515000000.0,-10000000.0,-1178000000.0,-2690000000.0,-325000000.0,-59000000.0,2938000000.0,-41000000.0,1387000000.0,1387000000.0,1387000000.0,0.0,5000000.0,0.075,3747000000.0,1876000000.0,1788000000.0,1.065,2.82,29.432,29.921,3337000000.0,0.0,102.03,2.218,2.219,2876000000.0,6741000000.0,18409000000.0,18409000000.0,563000000.0,0.044,0.094,0.11,0.102,0.0,3184000000.0,1.0,400100000.0,400400000.0,402300000.0,45.977,14129000000.0,376000000.0,333000000.0,306000000.0,35.287,2866000000.0
4,ETN,MRT,2020-06-30,2020-06-30,2020-06-30,2021-08-03,-4809000000.0,30348000000.0,31473250000.0,8213000000.0,22135000000.0,0.61,35.435,-491000000.0,292000000.0,292000000.0,13247000000.0,1547000000.0,1.496,1.136,8588000000.0,1362000000.0,7226000000.0,8588000000.0,0.0,839000000.0,0.0,0.041,3.61,2074000000.0,2913000000.0,0.152,2913000000.0,2074000000.0,1913000000.0,3.74,3.73,3.74,14188000000.0,15090750000.0,14188000000.0,43516000000.0,21.0,14.939,2609000000.0,6.516,1.0,5950000000.0,0.31,16738000000.0,161000000.0,16417000000.0,17258250000.0,2138000000.0,204000000.0,204000000.0,0.0,16113000000.0,5489000000.0,10624000000.0,34992000000.0,-120000000.0,225000000.0,-1889000000.0,129000000.0,-1184000000.0,-2929000000.0,-256000000.0,155000000.0,3100000000.0,-33000000.0,1542000000.0,1542000000.0,1542000000.0,0.0,5000000.0,0.08,3893000000.0,2057000000.0,1620000000.0,0.965,2.466,22.693,23.39,3323000000.0,0.0,87.48,1.823,1.825,2647000000.0,6767000000.0,19197000000.0,19197000000.0,578000000.0,0.049,0.102,0.12,0.108,0.0,3315000000.0,1.0,400000000.0,400400000.0,401300000.0,47.945,13610000000.0,356000000.0,371000000.0,310000000.0,33.991,2724000000.0
5,ETN,MRT,2020-03-31,2020-03-31,2020-03-31,2021-08-03,-4966000000.0,30845000000.0,31947250000.0,8670000000.0,22175000000.0,0.653,34.803,-550000000.0,239000000.0,239000000.0,14067000000.0,2129000000.0,1.754,1.162,8763000000.0,587000000.0,8176000000.0,8763000000.0,0.0,862000000.0,0.0,0.037,2.86,2780000000.0,3642000000.0,0.174,3642000000.0,2780000000.0,2607000000.0,5.12,5.1,5.12,14245000000.0,15620250000.0,14245000000.0,40400046000.0,15.0,11.093,2673000000.0,6.531,1.0,6807000000.0,0.326,16716000000.0,173000000.0,17709000000.0,17541500000.0,2346000000.0,178000000.0,178000000.0,0.0,16557000000.0,4944000000.0,11613000000.0,32117046000.0,-64000000.0,-9000000.0,-2149000000.0,777000000.0,-1190000000.0,-2553000000.0,-698000000.0,-56000000.0,3223000000.0,-35000000.0,2127000000.0,2127000000.0,2127000000.0,0.0,2000000.0,0.102,4134000000.0,2673000000.0,1785000000.0,0.559,2.255,15.1,15.174,3373000000.0,0.0,77.69,1.539,1.523,2951000000.0,7007000000.0,20874000000.0,20874000000.0,603000000.0,0.067,0.136,0.158,0.133,0.0,3531000000.0,1.0,413400000.0,409300000.0,411100000.0,50.999,14129000000.0,346000000.0,480000000.0,354000000.0,34.52,3726000000.0
6,ETN,MRT,2019-12-31,2019-12-31,2019-12-31,2021-08-03,-4290000000.0,32805000000.0,32148250000.0,8728000000.0,24077000000.0,0.665,38.382,-587000000.0,370000000.0,370000000.0,14338000000.0,2213000000.0,1.701,1.037,8653000000.0,503000000.0,8150000000.0,8653000000.0,0.0,884000000.0,0.0,0.03,2.84,2788000000.0,3672000000.0,0.172,3672000000.0,2788000000.0,2589000000.0,5.28,5.25,5.28,16082000000.0,16117250000.0,16082000000.0,46962248000.0,17.0,12.789,2864000000.0,6.835,1.0,7052000000.0,0.33,18094000000.0,199000000.0,17862000000.0,17079500000.0,2805000000.0,221000000.0,221000000.0,0.0,16672000000.0,5132000000.0,11540000000.0,39157248000.0,87000000.0,-1216000000.0,-1029000000.0,725000000.0,-1201000000.0,-1494000000.0,-1866000000.0,-70000000.0,3451000000.0,-4000000.0,2211000000.0,2211000000.0,2211000000.0,0.0,2000000.0,0.103,4189000000.0,2863000000.0,2114000000.0,0.538,2.435,17.71,17.939,3932000000.0,0.0,94.72,1.831,1.855,3437000000.0,8170000000.0,21390000000.0,21390000000.0,606000000.0,0.069,0.137,0.163,0.13,0.0,3583000000.0,1.0,413400000.0,419000000.0,420800000.0,51.05,14711000000.0,372000000.0,378000000.0,396000000.0,35.11,3596000000.0
7,ETN,MRT,2019-09-30,2019-09-30,2019-09-30,2021-08-03,-4367000000.0,31895000000.0,31720000000.0,8012000000.0,23883000000.0,0.681,38.041,-595000000.0,549000000.0,549000000.0,14452000000.0,2392000000.0,1.719,1.009,8354000000.0,8000000.0,8346000000.0,8354000000.0,0.0,891000000.0,0.0,0.034,2.79,2993000000.0,3884000000.0,0.18,3884000000.0,2993000000.0,2783000000.0,5.64,5.63,5.64,15848000000.0,16123500000.0,15848000000.0,42908000000.0,14.0,11.047,2739000000.0,6.575,1.0,7159000000.0,0.331,17994000000.0,210000000.0,17045000000.0,16364500000.0,2901000000.0,281000000.0,281000000.0,0.0,15995000000.0,4661000000.0,11334000000.0,34923000000.0,222000000.0,-277000000.0,-1649000000.0,717000000.0,-1192000000.0,-2136000000.0,-974000000.0,-106000000.0,3334000000.0,-2000000.0,2390000000.0,2390000000.0,2390000000.0,0.0,2000000.0,0.111,4177000000.0,2982000000.0,2290000000.0,0.495,2.204,14.612,14.743,3927000000.0,0.0,83.15,1.616,1.603,3787000000.0,8062000000.0,21611000000.0,21611000000.0,599000000.0,0.075,0.148,0.183,0.138,0.0,3578000000.0,1.0,420000000.0,416600000.0,418400000.0,51.875,13901000000.0,294000000.0,393000000.0,309000000.0,33.368,3351000000.0
8,ETN,MRT,2019-06-30,2019-06-30,2019-06-30,2021-08-03,-4108000000.0,32244000000.0,31653250000.0,8126000000.0,24118000000.0,0.686,38.676,-583000000.0,412000000.0,412000000.0,14537000000.0,2206000000.0,1.826,0.974,8397000000.0,7000000.0,8390000000.0,8397000000.0,0.0,888000000.0,0.0,0.033,2.74,2735000000.0,3623000000.0,0.167,3623000000.0,2735000000.0,2505000000.0,5.16,5.14,5.16,16306000000.0,16350000000.0,16306000000.0,42805768000.0,16.0,11.815,2668000000.0,6.328,1.0,7172000000.0,0.33,18229000000.0,230000000.0,17550000000.0,15839500000.0,2853000000.0,385000000.0,385000000.0,0.0,15883000000.0,4450000000.0,11433000000.0,35235768000.0,156000000.0,-243000000.0,-1111000000.0,297000000.0,-1180000000.0,-2012000000.0,-1071000000.0,-150000000.0,3251000000.0,-12000000.0,2205000000.0,2205000000.0,2205000000.0,0.0,1000000.0,0.102,4447000000.0,2725000000.0,2268000000.0,0.531,2.161,15.98,16.14,3929000000.0,0.0,83.28,1.623,1.617,3944000000.0,8300000000.0,21709000000.0,21709000000.0,590000000.0,0.07,0.135,0.173,0.126,0.0,3582000000.0,1.0,423100000.0,421600000.0,423100000.0,51.492,14015000000.0,303000000.0,300000000.0,389000000.0,33.242,3676000000.0
9,ETN,MRT,2019-03-31,2019-03-31,2019-03-31,2021-08-03,-4078000000.0,31649000000.0,31558500000.0,7744000000.0,23905000000.0,0.686,38.285,-583000000.0,303000000.0,303000000.0,14511000000.0,2181000000.0,1.465,0.948,7873000000.0,783000000.0,7090000000.0,7873000000.0,0.0,894000000.0,0.0,0.033,2.69,2708000000.0,3602000000.0,0.166,3602000000.0,2708000000.0,2460000000.0,5.05,5.03,5.05,16233000000.0,16446000000.0,16233000000.0,41363216000.0,15.0,11.483,2287000000.0,5.394,1.0,7152000000.0,0.33,18072000000.0,248000000.0,15861000000.0,15309500000.0,2897000000.0,143000000.0,143000000.0,0.0,15382000000.0,5286000000.0,10096000000.0,34125216000.0,-14000000.0,0.0,-1151000000.0,-283000000.0,-1167000000.0,-2609000000.0,-329000000.0,340000000.0,2870000000.0,54000000.0,2179000000.0,2179000000.0,2179000000.0,0.0,2000000.0,0.101,4435000000.0,2717000000.0,2274000000.0,0.533,2.102,15.661,15.952,3893000000.0,0.0,80.56,1.575,1.577,3865000000.0,8225000000.0,21663000000.0,21663000000.0,584000000.0,0.069,0.132,0.177,0.125,0.0,3576000000.0,1.0,423600000.0,424000000.0,425900000.0,51.092,13577000000.0,309000000.0,281000000.0,360000000.0,32.021,2458000000.0
10,ETN,MRT,2018-12-31,2018-12-31,2018-12-31,2021-08-03,-4145000000.0,31092000000.0,31813250000.0,7590000000.0,23502000000.0,0.679,37.087,-565000000.0,283000000.0,283000000.0,14511000000.0,2146000000.0,1.473,0.928,7521000000.0,753000000.0,6768000000.0,7521000000.0,0.0,903000000.0,0.0,0.038,2.64,2681000000.0,3584000000.0,0.166,3584000000.0,2681000000.0,2423000000.0,4.93,4.91,4.93,16107000000.0,16703500000.0,16107000000.0,36675244000.0,14.0,10.233,2093000000.0,4.819,1.0,7098000000.0,0.328,18174000000.0,258000000.0,15002000000.0,15326250000.0,2785000000.0,157000000.0,157000000.0,0.0,14950000000.0,5154000000.0,9796000000.0,29757244000.0,-278000000.0,0.0,-1271000000.0,-164000000.0,-1149000000.0,-2581000000.0,-398000000.0,355000000.0,2658000000.0,43000000.0,2145000000.0,2145000000.0,2145000000.0,0.0,1000000.0,0.099,4407000000.0,2691000000.0,2130000000.0,0.535,1.847,13.873,13.927,3467000000.0,0.0,68.66,1.377,1.38,3858000000.0,8161000000.0,21609000000.0,21609000000.0,584000000.0,0.067,0.128,0.175,0.124,0.0,3548000000.0,1.0,433400000.0,434300000.0,436900000.0,49.756,12918000000.0,293000000.0,278000000.0,349000000.0,29.744,2436000000.0
11,ETN,MRT,2018-09-30,2018-09-30,2018-09-30,2021-08-03,0.0,31628000000.0,32196000000.0,7867000000.0,23761000000.0,0.664,38.648,-580000000.0,327000000.0,327000000.0,14376000000.0,2148000000.0,1.494,0.886,7245000000.0,508000000.0,6737000000.0,7245000000.0,0.0,909000000.0,0.0,0.03,2.58,2603000000.0,3512000000.0,0.164,3512000000.0,2603000000.0,2333000000.0,4.91,4.88,4.91,16754000000.0,16990000000.0,16754000000.0,45009109000.0,17.0,12.816,2137000000.0,4.93,1.0,6987000000.0,0.327,18334000000.0,270000000.0,14945000000.0,15552000000.0,2835000000.0,178000000.0,178000000.0,0.0,14839000000.0,5267000000.0,9572000000.0,37580109000.0,-464000000.0,7000000.0,-661000000.0,-1407000000.0,-1129000000.0,-3195000000.0,-38000000.0,652000000.0,2717000000.0,52000000.0,2148000000.0,2148000000.0,2148000000.0,0.0,0.0,0.101,4392000000.0,2595000000.0,2165000000.0,0.525,2.243,17.495,17.664,3446000000.0,0.0,86.73,1.759,1.76,4027000000.0,,21363000000.0,21363000000.0,583000000.0,0.067,0.126,0.167,0.122,0.0,3536000000.0,1.0,433300000.0,433500000.0,436300000.0,49.28,13294000000.0,241000000.0,185000000.0,347000000.0,30.667,2600000000.0
12,ETN,MRT,2018-06-30,2018-06-30,2018-06-30,2021-08-03,0.0,31865000000.0,32470250000.0,7913000000.0,23952000000.0,0.652,38.35,-554000000.0,256000000.0,256000000.0,14245000000.0,3133000000.0,1.469,0.907,7685000000.0,932000000.0,6753000000.0,7685000000.0,0.0,918000000.0,0.0,0.034,2.52,3851000000.0,4769000000.0,0.225,4769000000.0,3851000000.0,3588000000.0,7.11,7.07,7.11,16690000000.0,16949750000.0,16690000000.0,40243802000.0,10.0,8.439,1913000000.0,4.396,1.0,6917000000.0,0.327,18477000000.0,263000000.0,15430000000.0,15792500000.0,2753000000.0,236000000.0,236000000.0,0.0,15140000000.0,5387000000.0,9753000000.0,32683802000.0,-56000000.0,607000000.0,-985000000.0,-829000000.0,-1109000000.0,-2921000000.0,332000000.0,295000000.0,2467000000.0,66000000.0,3133000000.0,3133000000.0,3133000000.0,0.0,0.0,0.148,4139000000.0,2778000000.0,2192000000.0,0.354,1.958,10.432,10.512,3462000000.0,0.0,74.74,1.544,1.537,4092000000.0,,21162000000.0,21162000000.0,592000000.0,0.096,0.185,0.244,0.182,0.0,3549000000.0,1.0,437300000.0,435200000.0,437300000.0,48.626,13388000000.0,296000000.0,455000000.0,486000000.0,30.763,2526000000.0
13,ETN,MRT,2018-03-31,2018-03-31,2018-03-31,2021-08-03,0.0,32668000000.0,32342750000.0,8129000000.0,24539000000.0,0.643,39.341,-535000000.0,317000000.0,317000000.0,14022000000.0,3039000000.0,1.506,0.89,7877000000.0,1032000000.0,6845000000.0,7877000000.0,0.0,919000000.0,0.0,0.031,2.46,3721000000.0,4640000000.0,0.223,4640000000.0,3721000000.0,3466000000.0,6.87,6.83,6.87,17263000000.0,16665250000.0,17263000000.0,42366382000.0,11.0,9.131,2007000000.0,4.574,1.0,6785000000.0,0.326,18904000000.0,255000000.0,15928000000.0,15547750000.0,2745000000.0,510000000.0,510000000.0,0.0,15367000000.0,5396000000.0,9971000000.0,35176382000.0,95000000.0,607000000.0,-895000000.0,-348000000.0,-1089000000.0,-2322000000.0,-125000000.0,-174000000.0,2542000000.0,0.0,3039000000.0,3039000000.0,3039000000.0,0.0,0.0,0.146,4134000000.0,2651000000.0,2203000000.0,0.358,2.038,11.575,11.632,3543000000.0,0.0,79.91,1.691,1.685,4005000000.0,,20807000000.0,20807000000.0,597000000.0,0.094,0.182,0.239,0.179,0.0,3539000000.0,1.0,440200000.0,438800000.0,441700000.0,47.418,13764000000.0,356000000.0,427000000.0,557000000.0,31.367,2733000000.0
14,ETN,MRT,2017-12-31,2017-12-31,2017-12-31,2021-08-03,-3404000000.0,32623000000.0,31828500000.0,8337000000.0,24286000000.0,0.641,38.814,-520000000.0,561000000.0,561000000.0,13756000000.0,2986000000.0,1.643,0.889,7751000000.0,584000000.0,7167000000.0,7751000000.0,0.0,914000000.0,0.0,0.03,2.4,3613000000.0,4527000000.0,0.222,4527000000.0,3613000000.0,3367000000.0,6.71,6.68,6.71,17253000000.0,16138750000.0,17253000000.0,42792806000.0,12.0,9.453,2146000000.0,4.828,1.0,6648000000.0,0.326,18833000000.0,246000000.0,15905000000.0,15142750000.0,2620000000.0,534000000.0,534000000.0,0.0,15333000000.0,5075000000.0,10258000000.0,34811806000.0,18000000.0,607000000.0,-850000000.0,-554000000.0,-1068000000.0,-2442000000.0,-217000000.0,-298000000.0,2666000000.0,11000000.0,2985000000.0,2985000000.0,2985000000.0,0.0,1000000.0,0.146,4110000000.0,2538000000.0,2166000000.0,0.358,2.018,11.662,11.775,3502000000.0,0.0,79.01,1.706,1.721,3943000000.0,8669000000.0,20404000000.0,20404000000.0,584000000.0,0.094,0.185,0.239,0.177,0.0,3526000000.0,1.0,440600000.0,444500000.0,447000000.0,45.903,13790000000.0,253000000.0,382000000.0,538000000.0,31.024,3262000000.0
15,ETN,MRT,2017-09-30,2017-09-30,2017-09-30,2021-08-03,0.0,32725000000.0,31291750000.0,8449000000.0,24276000000.0,0.641,37.49,-502000000.0,791000000.0,791000000.0,13536000000.0,2854000000.0,1.432,0.97,8772000000.0,1499000000.0,7273000000.0,8772000000.0,0.0,914000000.0,0.0,0.031,2.37,3519000000.0,4433000000.0,0.221,4433000000.0,3519000000.0,3278000000.0,6.4,6.36,6.4,16593000000.0,15564000000.0,16593000000.0,42449192000.0,12.0,9.576,1923000000.0,4.345,1.0,6522000000.0,0.325,18899000000.0,241000000.0,15907000000.0,14669000000.0,2457000000.0,843000000.0,843000000.0,0.0,16089000000.0,5900000000.0,10189000000.0,34156192000.0,297000000.0,599000000.0,-952000000.0,458000000.0,-1060000000.0,-1510000000.0,-593000000.0,-632000000.0,2425000000.0,-25000000.0,2849000000.0,2849000000.0,2849000000.0,0.0,5000000.0,0.142,4068000000.0,2454000000.0,2039000000.0,0.37,2.058,11.989,11.998,3486000000.0,0.0,76.79,1.703,1.694,3962000000.0,,20058000000.0,20058000000.0,583000000.0,0.091,0.183,0.24,0.175,0.0,3491000000.0,1.0,444800000.0,442600000.0,445200000.0,45.319,13826000000.0,264000000.0,429000000.0,327000000.0,31.238,2549000000.0
16,ETN,MRT,2017-06-30,2017-06-30,2017-06-30,2021-08-03,0.0,31355000000.0,30919750000.0,7487000000.0,23868000000.0,0.641,34.847,-497000000.0,312000000.0,312000000.0,13441000000.0,1975000000.0,1.187,1.013,8605000000.0,2341000000.0,6264000000.0,8605000000.0,0.0,915000000.0,0.0,0.03,2.34,2398000000.0,3313000000.0,0.167,3313000000.0,2398000000.0,2158000000.0,4.39,4.37,4.39,15552000000.0,15266750000.0,15552000000.0,42804359000.0,18.0,12.92,1977000000.0,4.43,1.0,6393000000.0,0.322,18888000000.0,240000000.0,14451000000.0,14556500000.0,2393000000.0,525000000.0,525000000.0,0.0,15761000000.0,6309000000.0,9452000000.0,34813359000.0,-11000000.0,-1000000.0,-900000000.0,356000000.0,-1053000000.0,-1545000000.0,-911000000.0,-387000000.0,2474000000.0,-29000000.0,1971000000.0,1971000000.0,1971000000.0,0.0,4000000.0,0.099,4018000000.0,2375000000.0,1885000000.0,0.533,2.239,17.663,17.729,3530000000.0,0.0,77.83,1.755,1.751,3813000000.0,,19834000000.0,19834000000.0,582000000.0,0.064,0.129,0.165,0.121,0.0,3442000000.0,1.0,447300000.0,446300000.0,448600000.0,44.441,12467000000.0,443000000.0,187000000.0,316000000.0,27.934,1178000000.0
17,ETN,MRT,2017-03-31,2017-03-31,2017-03-31,2021-08-03,0.0,30611000000.0,30869500000.0,6975000000.0,23636000000.0,0.641,33.772,-502000000.0,222000000.0,222000000.0,13412000000.0,1950000000.0,1.255,1.017,8213000000.0,1536000000.0,6677000000.0,8213000000.0,0.0,921000000.0,0.0,0.031,2.31,2376000000.0,3297000000.0,0.167,3297000000.0,2376000000.0,2139000000.0,4.31,4.29,4.31,15157000000.0,15208750000.0,15157000000.0,41079255000.0,17.0,12.46,2143000000.0,4.775,1.0,6370000000.0,0.322,18737000000.0,237000000.0,14308000000.0,14739750000.0,2344000000.0,301000000.0,301000000.0,0.0,15412000000.0,5557000000.0,9855000000.0,33345255000.0,-111000000.0,-1000000.0,-885000000.0,-259000000.0,-1044000000.0,-2124000000.0,-599000000.0,-80000000.0,2645000000.0,-33000000.0,1946000000.0,1946000000.0,1946000000.0,0.0,4000000.0,0.098,4023000000.0,2347000000.0,1891000000.0,0.536,2.2,17.135,17.204,3481000000.0,0.0,74.15,1.686,1.682,3673000000.0,,19782000000.0,19782000000.0,581000000.0,0.063,0.128,0.161,0.12,0.0,3448000000.0,1.0,449700000.0,448800000.0,451000000.0,44.078,11874000000.0,439000000.0,193000000.0,319000000.0,26.457,1418000000.0
18,ETN,MRT,2016-12-31,2016-12-31,2016-12-31,2021-08-03,-4448000000.0,30476000000.0,31112500000.0,7033000000.0,23443000000.0,0.635,32.866,-497000000.0,543000000.0,543000000.0,13396000000.0,1919000000.0,1.282,1.035,8277000000.0,1566000000.0,6711000000.0,8277000000.0,0.0,929000000.0,0.0,0.034,2.28,2348000000.0,3277000000.0,0.166,3277000000.0,2348000000.0,2115000000.0,4.21,4.2,4.21,14954000000.0,15299250000.0,14954000000.0,38242553000.0,16.0,11.67,2073000000.0,4.556,1.0,6351000000.0,0.322,18715000000.0,233000000.0,14010000000.0,14997250000.0,2346000000.0,203000000.0,203000000.0,0.0,15478000000.0,5485000000.0,9993000000.0,30304553000.0,275000000.0,0.0,-730000000.0,-22000000.0,-1037000000.0,-1738000000.0,-529000000.0,-40000000.0,2570000000.0,-28000000.0,1916000000.0,1916000000.0,1916000000.0,0.0,3000000.0,0.097,4051000000.0,2300000000.0,1718000000.0,0.542,2.027,15.817,15.936,3443000000.0,0.0,67.09,1.535,1.546,3560000000.0,7555000000.0,19747000000.0,19747000000.0,587000000.0,0.062,0.125,0.157,0.119,0.0,3464000000.0,1.0,451700000.0,455000000.0,456500000.0,43.4,11761000000.0,325000000.0,199000000.0,321000000.0,25.848,1548000000.0
19,ETN,MRT,2016-09-30,2016-09-30,2016-09-30,2021-08-03,0.0,31237000000.0,31242500000.0,7087000000.0,24150000000.0,0.638,33.937,-484000000.0,494000000.0,494000000.0,13520000000.0,1944000000.0,1.542,1.025,8432000000.0,551000000.0,7881000000.0,8432000000.0,0.0,933000000.0,0.0,0.034,2.26,2340000000.0,3273000000.0,0.164,3273000000.0,2340000000.0,2110000000.0,4.24,4.23,4.24,15404000000.0,15357250000.0,15404000000.0,37969337000.0,16.0,11.601,2228000000.0,4.909,1.0,6417000000.0,0.322,19123000000.0,230000000.0,15457000000.0,15250750000.0,2328000000.0,213000000.0,213000000.0,0.0,15791000000.0,4595000000.0,11196000000.0,29878337000.0,76000000.0,-33000000.0,-795000000.0,-231000000.0,-1035000000.0,-2059000000.0,-573000000.0,-68000000.0,2712000000.0,-4000000.0,1943000000.0,1943000000.0,1943000000.0,0.0,1000000.0,0.097,4086000000.0,2331000000.0,1790000000.0,0.533,1.94,15.377,15.498,3506000000.0,0.0,65.71,1.499,1.496,3659000000.0,,19937000000.0,19937000000.0,597000000.0,0.062,0.127,0.153,0.117,0.0,3515000000.0,1.0,454700000.0,453900000.0,455600000.0,43.924,12114000000.0,412000000.0,167000000.0,366000000.0,26.689,2492000000.0
20,ETN,MRT,2016-06-30,2016-06-30,2016-06-30,2021-08-03,0.0,31154000000.0,31483500000.0,6826000000.0,24328000000.0,0.64,33.523,-506000000.0,323000000.0,323000000.0,13746000000.0,1867000000.0,1.417,1.031,8414000000.0,809000000.0,7605000000.0,8414000000.0,0.0,932000000.0,0.0,0.038,2.24,2254000000.0,3186000000.0,0.158,3186000000.0,2254000000.0,2024000000.0,4.05,4.04,4.05,15320000000.0,15347750000.0,15320000000.0,35668340000.0,16.0,11.195,2380000000.0,5.208,1.0,6407000000.0,0.318,19245000000.0,230000000.0,15184000000.0,15305500000.0,2323000000.0,146000000.0,146000000.0,0.0,15790000000.0,4816000000.0,10974000000.0,27356340000.0,20000000.0,-33000000.0,-807000000.0,-424000000.0,-1033000000.0,-2275000000.0,-572000000.0,-34000000.0,2886000000.0,-19000000.0,1866000000.0,1866000000.0,1866000000.0,0.0,1000000.0,0.093,4147000000.0,2260000000.0,1802000000.0,0.553,1.786,14.66,14.748,3551000000.0,0.0,59.73,1.357,1.354,3628000000.0,,20153000000.0,20153000000.0,607000000.0,0.059,0.122,0.147,0.112,0.0,3569000000.0,1.0,458000000.0,457000000.0,458300000.0,44.098,11909000000.0,413000000.0,158000000.0,365000000.0,26.059,2010000000.0
21,ETN,MRT,2016-03-31,2016-03-31,2016-03-31,2021-08-03,0.0,31583000000.0,31839750000.0,7013000000.0,24570000000.0,0.642,33.84,-512000000.0,333000000.0,333000000.0,14002000000.0,1910000000.0,1.396,1.032,8645000000.0,1073000000.0,7572000000.0,8645000000.0,0.0,932000000.0,0.0,0.035,2.22,2302000000.0,3234000000.0,0.158,3234000000.0,2302000000.0,2070000000.0,4.11,4.11,4.11,15519000000.0,15456000000.0,15519000000.0,36889784000.0,16.0,11.407,2208000000.0,4.815,1.0,6443000000.0,0.315,19535000000.0,232000000.0,15338000000.0,15507250000.0,2391000000.0,240000000.0,240000000.0,0.0,16020000000.0,5022000000.0,10998000000.0,28708784000.0,-330000000.0,-32000000.0,-612000000.0,-688000000.0,-1031000000.0,-2355000000.0,-681000000.0,-115000000.0,2720000000.0,-14000000.0,1910000000.0,1910000000.0,1910000000.0,0.0,0.0,0.093,4160000000.0,2283000000.0,1795000000.0,0.54,1.85,15.031,15.221,3583000000.0,0.0,62.56,1.404,1.403,3581000000.0,,20445000000.0,20445000000.0,616000000.0,0.06,0.124,0.148,0.113,0.0,3573000000.0,1.0,458900000.0,458600000.0,459800000.0,44.581,12048000000.0,380000000.0,160000000.0,395000000.0,26.271,1991000000.0
22,ETN,MRT,2015-12-31,2015-12-31,2015-12-31,2021-08-03,-3863000000.0,30996000000.0,32118000000.0,6616000000.0,24380000000.0,0.649,32.623,-506000000.0,268000000.0,268000000.0,14304000000.0,1974000000.0,1.43,1.038,8414000000.0,668000000.0,7746000000.0,8414000000.0,0.0,925000000.0,0.0,0.042,2.2,2363000000.0,3288000000.0,0.158,3288000000.0,2363000000.0,2131000000.0,4.23,4.22,4.23,15186000000.0,15378750000.0,15186000000.0,32338112000.0,14.0,9.835,1903000000.0,4.088,1.0,6551000000.0,0.314,19493000000.0,232000000.0,15024000000.0,15633250000.0,2323000000.0,177000000.0,177000000.0,0.0,15765000000.0,4625000000.0,11140000000.0,24084112000.0,-513000000.0,-71000000.0,-682000000.0,-602000000.0,-1026000000.0,-2305000000.0,-575000000.0,37000000.0,2409000000.0,-42000000.0,1972000000.0,1972000000.0,1972000000.0,0.0,2000000.0,0.095,4186000000.0,2365000000.0,1758000000.0,0.52,1.586,12.213,12.303,3565000000.0,0.0,52.04,1.155,1.162,3479000000.0,7346000000.0,20855000000.0,20855000000.0,625000000.0,0.061,0.128,0.151,0.113,0.0,3596000000.0,1.0,462800000.0,465500000.0,467100000.0,44.801,11503000000.0,362000000.0,159000000.0,390000000.0,24.711,1991000000.0
23,ETN,MRT,2015-09-30,2015-09-30,2015-09-30,2021-08-03,0.0,32201000000.0,32751250000.0,7579000000.0,24622000000.0,0.652,33.038,-622000000.0,418000000.0,418000000.0,14712000000.0,2032000000.0,1.486,1.093,8672000000.0,842000000.0,7830000000.0,8672000000.0,0.0,932000000.0,0.0,0.042,2.14,2424000000.0,3356000000.0,0.157,3356000000.0,2424000000.0,2195000000.0,4.33,4.32,4.33,15366000000.0,15528750000.0,15366000000.0,32430750000.0,13.0,9.664,1951000000.0,4.195,1.0,6651000000.0,0.311,19679000000.0,229000000.0,15676000000.0,15871750000.0,2395000000.0,150000000.0,150000000.0,0.0,16788000000.0,5100000000.0,11688000000.0,23982750000.0,-237000000.0,-35000000.0,-837000000.0,-406000000.0,-1000000000.0,-2239000000.0,-523000000.0,153000000.0,2573000000.0,-48000000.0,2028000000.0,2028000000.0,2028000000.0,0.0,4000000.0,0.095,4242000000.0,2409000000.0,1997000000.0,0.494,1.561,11.826,11.848,3590000000.0,0.0,51.3,1.123,1.117,3656000000.0,,21363000000.0,21363000000.0,626000000.0,0.062,0.131,0.153,0.113,0.0,3626000000.0,1.0,467500000.0,465100000.0,466400000.0,45.932,12522000000.0,796000000.0,167000000.0,820000000.0,26.923,2479000000.0
24,ETN,MRT,2015-06-30,2015-06-30,2015-06-30,2021-08-03,0.0,32579000000.0,33260750000.0,7644000000.0,24935000000.0,0.658,33.689,-642000000.0,303000000.0,303000000.0,15031000000.0,2192000000.0,1.512,1.065,8751000000.0,981000000.0,7770000000.0,8751000000.0,0.0,944000000.0,0.0,0.031,2.08,2572000000.0,3516000000.0,0.161,3516000000.0,2572000000.0,2346000000.0,4.64,4.62,4.64,15753000000.0,15834000000.0,15753000000.0,40201579000.0,16.0,11.434,1247000000.0,2.667,1.0,6857000000.0,0.313,19980000000.0,226000000.0,15991000000.0,16145500000.0,2439000000.0,127000000.0,127000000.0,0.0,16776000000.0,5056000000.0,11720000000.0,31524579000.0,-328000000.0,-26000000.0,-721000000.0,-273000000.0,-976000000.0,-1964000000.0,-212000000.0,469000000.0,1889000000.0,-41000000.0,2184000000.0,2184000000.0,2184000000.0,0.0,8000000.0,0.1,4296000000.0,2561000000.0,1931000000.0,0.448,2.001,14.434,14.545,3680000000.0,0.0,67.49,1.44,1.442,3840000000.0,,21888000000.0,21888000000.0,633000000.0,0.066,0.138,0.159,0.118,0.0,3680000000.0,1.0,467100000.0,467600000.0,469200000.0,46.809,12599000000.0,803000000.0,162000000.0,876000000.0,26.944,2588000000.0
25,ETN,MRT,2015-03-31,2015-03-31,2015-03-31,2021-08-03,0.0,32696000000.0,33930500000.0,7940000000.0,24756000000.0,0.657,32.507,-627000000.0,663000000.0,663000000.0,15381000000.0,1829000000.0,1.401,1.146,9340000000.0,1511000000.0,7829000000.0,9340000000.0,0.0,960000000.0,0.0,0.03,2.02,2026000000.0,2986000000.0,0.134,2986000000.0,2026000000.0,1804000000.0,3.86,3.84,3.86,15210000000.0,16141250000.0,15210000000.0,40042126000.0,20.0,13.41,1316000000.0,2.813,1.0,6902000000.0,0.31,19865000000.0,222000000.0,15842000000.0,16338750000.0,2424000000.0,139000000.0,139000000.0,0.0,17432000000.0,5666000000.0,11766000000.0,31789126000.0,-121000000.0,243000000.0,-820000000.0,-62000000.0,-951000000.0,-1814000000.0,-214000000.0,190000000.0,1943000000.0,-36000000.0,1820000000.0,1820000000.0,1820000000.0,0.0,9000000.0,0.082,4867000000.0,2035000000.0,1969000000.0,0.523,2.09,17.467,17.601,3634000000.0,0.0,67.94,1.427,1.427,3733000000.0,,22283000000.0,22283000000.0,643000000.0,0.054,0.113,0.124,0.091,0.0,3763000000.0,1.0,467900000.0,467900000.0,470000000.0,47.623,12831000000.0,796000000.0,-16000000.0,881000000.0,27.423,2274000000.0
26,ETN,MRT,2014-12-31,2014-12-31,2014-12-31,2021-08-03,-2899000000.0,33529000000.0,34572000000.0,8100000000.0,25429000000.0,0.652,33.297,-632000000.0,781000000.0,781000000.0,15646000000.0,1803000000.0,1.513,1.121,9034000000.0,1010000000.0,8024000000.0,9034000000.0,0.0,983000000.0,0.0,0.029,1.96,1978000000.0,2961000000.0,0.131,2961000000.0,1978000000.0,1751000000.0,3.78,3.76,3.78,15786000000.0,16598000000.0,15786000000.0,40598816000.0,21.0,13.711,1246000000.0,2.628,1.0,6906000000.0,0.306,20449000000.0,227000000.0,15978000000.0,16743250000.0,2428000000.0,245000000.0,245000000.0,0.0,17690000000.0,5355000000.0,12335000000.0,32253816000.0,-134000000.0,284000000.0,-650000000.0,-582000000.0,-929000000.0,-2130000000.0,143000000.0,522000000.0,1878000000.0,-25000000.0,1793000000.0,1793000000.0,1793000000.0,0.0,10000000.0,0.08,4918000000.0,1988000000.0,1940000000.0,0.519,2.043,17.989,17.979,3750000000.0,0.0,67.96,1.43,1.429,3667000000.0,7078000000.0,22552000000.0,22552000000.0,647000000.0,0.052,0.108,0.118,0.088,-20000000.0,3810000000.0,1.0,474600000.0,474100000.0,476800000.0,47.568,13080000000.0,821000000.0,-42000000.0,901000000.0,27.589,2745000000.0
27,ETN,MRT,2014-09-30,2014-09-30,2014-09-30,2021-08-03,0.0,34239000000.0,35062500000.0,8431000000.0,25808000000.0,0.642,34.935,-620000000.0,655000000.0,655000000.0,15680000000.0,1700000000.0,1.691,1.061,9000000000.0,413000000.0,8587000000.0,9000000000.0,0.0,1000000000.0,0.0,0.03,1.89,1807000000.0,2807000000.0,0.125,2807000000.0,1807000000.0,1572000000.0,3.56,3.54,3.56,16587000000.0,16849250000.0,16587000000.0,38559783000.0,21.0,13.737,1186000000.0,2.498,1.0,6834000000.0,0.304,20827000000.0,235000000.0,16771000000.0,17131250000.0,2498000000.0,335000000.0,335000000.0,0.0,17594000000.0,4986000000.0,12608000000.0,30157783000.0,13000000.0,289000000.0,-267000000.0,-661000000.0,-899000000.0,-1731000000.0,-52000000.0,342000000.0,1806000000.0,-10000000.0,1691000000.0,1691000000.0,1691000000.0,0.0,9000000.0,0.075,5021000000.0,1813000000.0,2038000000.0,0.531,1.818,17.834,17.801,3702000000.0,0.0,63.37,1.34,1.336,3972000000.0,,22514000000.0,22514000000.0,658000000.0,0.048,0.1,0.105,0.08,-28000000.0,3908000000.0,1.0,475900000.0,474800000.0,477200000.0,47.418,13412000000.0,822000000.0,-119000000.0,1035000000.0,28.248,3445000000.0
28,ETN,MRT,2014-06-30,2014-06-30,2014-06-30,2021-08-03,0.0,35258000000.0,35330750000.0,8838000000.0,26420000000.0,0.634,35.684,-599000000.0,631000000.0,631000000.0,15647000000.0,1609000000.0,1.594,1.073,9033000000.0,418000000.0,8615000000.0,9033000000.0,0.0,1006000000.0,0.0,0.024,1.82,1692000000.0,2698000000.0,0.12,2698000000.0,1692000000.0,1450000000.0,3.37,3.35,3.37,16982000000.0,16720250000.0,16982000000.0,45322706000.0,27.0,16.799,1622000000.0,3.408,1.0,6746000000.0,0.301,21353000000.0,242000000.0,16764000000.0,17389000000.0,2534000000.0,634000000.0,634000000.0,0.0,18216000000.0,5543000000.0,12673000000.0,36791706000.0,3000000.0,280000000.0,-99000000.0,-714000000.0,-866000000.0,-1564000000.0,-660000000.0,-274000000.0,2221000000.0,6000000.0,1599000000.0,1599000000.0,1599000000.0,0.0,10000000.0,0.071,5040000000.0,1706000000.0,2044000000.0,0.54,2.167,23.009,22.902,3793000000.0,0.0,77.18,1.643,1.64,4010000000.0,,22393000000.0,22393000000.0,661000000.0,0.045,0.096,0.097,0.076,-30000000.0,3914000000.0,1.0,476700000.0,475900000.0,478500000.0,47.054,13905000000.0,794000000.0,-149000000.0,1047000000.0,29.218,3295000000.0
29,ETN,MRT,2014-03-31,2014-03-31,2014-03-31,2021-08-03,0.0,35262000000.0,35330500000.0,8683000000.0,26579000000.0,0.629,35.807,-602000000.0,784000000.0,784000000.0,15492000000.0,1934000000.0,1.807,1.065,9315000000.0,324000000.0,8991000000.0,9315000000.0,0.0,1001000000.0,0.0,0.023,1.75,2183000000.0,3184000000.0,0.143,3184000000.0,2183000000.0,1925000000.0,4.05,4.03,4.05,17037000000.0,16321750000.0,17037000000.0,44338536000.0,20.0,13.925,1595000000.0,3.352,1.0,6736000000.0,0.303,21528000000.0,258000000.0,17460000000.0,17741000000.0,2532000000.0,360000000.0,360000000.0,0.0,18151000000.0,4805000000.0,13346000000.0,35704536000.0,145000000.0,10000000.0,0.0,-657000000.0,-831000000.0,-1369000000.0,-671000000.0,11000000.0,2197000000.0,-12000000.0,1922000000.0,1922000000.0,1922000000.0,0.0,12000000.0,0.086,4531000000.0,2205000000.0,2076000000.0,0.432,2.096,18.577,18.548,3806000000.0,0.0,75.12,1.606,1.608,3889000000.0,,22228000000.0,22228000000.0,654000000.0,0.054,0.118,0.123,0.098,-36000000.0,3890000000.0,1.0,475300000.0,475800000.0,478800000.0,46.717,13734000000.0,811000000.0,3000000.0,1296000000.0,28.865,3878000000.0
30,ETN,MRT,2013-12-31,2013-12-31,2013-12-31,2021-08-03,-1560000000.0,35491000000.0,35259250000.0,8731000000.0,26760000000.0,0.625,35.461,-614000000.0,915000000.0,915000000.0,15369000000.0,1873000000.0,1.777,1.109,9549000000.0,580000000.0,8969000000.0,9549000000.0,0.0,997000000.0,0.0,0.022,1.68,2143000000.0,3140000000.0,0.142,3140000000.0,2143000000.0,1872000000.0,3.93,3.9,3.93,16791000000.0,15854250000.0,16791000000.0,45169940000.0,21.0,14.385,1671000000.0,3.529,1.0,6677000000.0,0.303,21681000000.0,271000000.0,17530000000.0,18031500000.0,2382000000.0,794000000.0,794000000.0,0.0,18628000000.0,4914000000.0,13714000000.0,36118940000.0,338000000.0,768000000.0,0.0,-1087000000.0,-796000000.0,-1736000000.0,-202000000.0,-288000000.0,2285000000.0,-9000000.0,1861000000.0,1861000000.0,1861000000.0,0.0,12000000.0,0.084,4522000000.0,2155000000.0,1960000000.0,0.427,2.151,19.408,19.369,3833000000.0,0.0,76.12,1.638,1.635,3648000000.0,6866000000.0,22046000000.0,22046000000.0,644000000.0,0.053,0.117,0.119,0.097,-32000000.0,3886000000.0,1.0,474500000.0,473500000.0,476700000.0,46.56,13810000000.0,817000000.0,11000000.0,1313000000.0,29.166,3817000000.0
31,ETN,MRT,2013-09-30,2013-09-30,2013-09-30,2021-08-03,0.0,35312000000.0,35339000000.0,8766000000.0,26546000000.0,0.59,33.905,-608000000.0,642000000.0,642000000.0,14620000000.0,1571000000.0,1.734,1.194,9693000000.0,664000000.0,9029000000.0,9693000000.0,0.0,919000000.0,0.0,0.024,1.64,1850000000.0,2769000000.0,0.133,2769000000.0,1850000000.0,1533000000.0,3.38,3.31,3.38,16071000000.0,15434750000.0,16071000000.0,41754276000.0,23.0,15.079,1492000000.0,3.148,1.0,6232000000.0,0.299,21507000000.0,317000000.0,17802000000.0,18281750000.0,2403000000.0,698000000.0,698000000.0,0.0,19195000000.0,5054000000.0,14141000000.0,32623276000.0,217000000.0,-5621000000.0,159000000.0,4493000000.0,-725000000.0,4091000000.0,-5972000000.0,329000000.0,2100000000.0,-2000000.0,1561000000.0,1561000000.0,1561000000.0,0.0,10000000.0,0.075,4295000000.0,1937000000.0,1976000000.0,0.485,2.03,20.899,20.367,3757000000.0,0.0,68.84,1.565,1.565,3950000000.0,,20852000000.0,20852000000.0,605000000.0,0.044,0.101,0.101,0.089,-45000000.0,3700000000.0,1.0,473900000.0,474000000.0,477200000.0,43.992,13805000000.0,732000000.0,-28000000.0,1513000000.0,29.124,3712000000.0
32,ETN,MRT,2013-06-30,2013-06-30,2013-06-30,2021-08-03,0.0,35257000000.0,31211000000.0,8229000000.0,27028000000.0,0.615,32.505,-613000000.0,628000000.0,628000000.0,13484000000.0,1404000000.0,1.652,1.288,9759000000.0,690000000.0,9069000000.0,9759000000.0,0.0,810000000.0,0.0,0.024,1.6,1686000000.0,2496000000.0,0.13,2496000000.0,1686000000.0,1390000000.0,3.32,3.26,3.32,15388000000.0,13472000000.0,15388000000.0,40621711000.0,24.0,16.275,1389000000.0,2.934,1.0,5711000000.0,0.298,21235000000.0,296000000.0,18172000000.0,16501500000.0,2405000000.0,368000000.0,368000000.0,0.0,19826000000.0,4981000000.0,14845000000.0,31134711000.0,103000000.0,-5810000000.0,159000000.0,4184000000.0,-654000000.0,3885000000.0,-5784000000.0,716000000.0,2002000000.0,0.0,1396000000.0,1396000000.0,1396000000.0,0.0,8000000.0,0.073,3951000000.0,1760000000.0,2045000000.0,0.482,2.023,22.303,19.822,3749000000.0,0.0,65.81,1.622,1.623,3820000000.0,,19195000000.0,19195000000.0,541000000.0,0.045,0.104,0.102,0.088,-43000000.0,3420000000.0,1.0,473100000.0,473400000.0,476300000.0,40.547,14022000000.0,1617000000.0,-6000000.0,2301000000.0,29.62,3248000000.0
33,ETN,MRT,2013-03-31,2013-03-31,2013-03-31,2021-08-03,0.0,34977000000.0,27035250000.0,8196000000.0,26781000000.0,0.653,32.14,-610000000.0,639000000.0,639000000.0,12429000000.0,1289000000.0,1.672,1.303,10126000000.0,653000000.0,9473000000.0,10126000000.0,0.0,703000000.0,0.0,0.025,1.56,1533000000.0,2236000000.0,0.127,2236000000.0,1533000000.0,1278000000.0,3.41,3.34,3.41,15167000000.0,11609250000.0,15167000000.0,39110875000.0,26.0,17.491,1252000000.0,2.653,1.0,5232000000.0,0.296,20939000000.0,255000000.0,18622000000.0,14634750000.0,2394000000.0,397000000.0,397000000.0,0.0,19767000000.0,4903000000.0,14864000000.0,28854875000.0,272000000.0,-6172000000.0,159000000.0,5029000000.0,-579000000.0,4739000000.0,-6340000000.0,473000000.0,1862000000.0,11000000.0,1284000000.0,1284000000.0,1284000000.0,0.0,5000000.0,0.073,3626000000.0,1606000000.0,1978000000.0,0.457,1.902,22.473,17.962,3841000000.0,0.0,61.25,1.634,1.637,3685000000.0,,17661000000.0,17661000000.0,486000000.0,0.047,0.111,0.105,0.087,-37000000.0,3150000000.0,1.0,471100000.0,471900000.0,475100000.0,37.425,14038000000.0,1562000000.0,-6000000.0,2007000000.0,29.748,3293000000.0
34,ETN,MRT,2012-12-31,2012-12-31,2012-12-31,2021-08-03,-1964000000.0,35810000000.0,22789250000.0,7900000000.0,27910000000.0,0.716,43.453,-593000000.0,577000000.0,577000000.0,11448000000.0,1220000000.0,1.432,1.365,10836000000.0,1071000000.0,9765000000.0,10836000000.0,0.0,598000000.0,0.0,0.028,1.52,1456000000.0,2054000000.0,0.126,2054000000.0,1456000000.0,1248000000.0,3.54,3.46,3.54,15113000000.0,9800750000.0,15113000000.0,21987422000.0,15.0,10.705,1071000000.0,3.079,1.0,4863000000.0,0.298,22023000000.0,208000000.0,18531000000.0,12482750000.0,2336000000.0,527000000.0,527000000.0,0.0,20632000000.0,5515000000.0,15117000000.0,18307422000.0,192000000.0,-6933000000.0,159000000.0,5715000000.0,-512000000.0,5480000000.0,-6972000000.0,603000000.0,1664000000.0,20000000.0,1217000000.0,1217000000.0,1217000000.0,0.0,3000000.0,0.075,3333000000.0,1530000000.0,1879000000.0,0.429,1.211,15.043,15.305,3786000000.0,0.0,54.18,1.122,1.155,3474000000.0,5805000000.0,16311000000.0,16311000000.0,439000000.0,0.053,0.124,0.117,0.089,-21000000.0,2894000000.0,1.0,337900000.0,347800000.0,350900000.0,46.898,13787000000.0,918000000.0,31000000.0,1548000000.0,39.641,2385000000.0
35,ETN,MRT,2012-09-30,2012-09-30,2012-09-30,2021-08-03,0.0,18800000000.0,18305000000.0,6195000000.0,12605000000.0,0.875,24.348,-541000000.0,425000000.0,425000000.0,11133000000.0,1401000000.0,1.671,1.284,4105000000.0,415000000.0,3690000000.0,4105000000.0,0.0,556000000.0,0.0,0.031,1.48,1678000000.0,2234000000.0,0.14,2234000000.0,1678000000.0,1552000000.0,4.16,4.12,4.16,8220000000.0,7889750000.0,8220000000.0,19806352000.0,12.0,8.866,995000000.0,2.947,1.0,4878000000.0,0.305,8091000000.0,126000000.0,10681000000.0,10323750000.0,1801000000.0,620000000.0,620000000.0,0.0,10558000000.0,3708000000.0,6850000000.0,15958352000.0,147000000.0,-563000000.0,-66000000.0,216000000.0,-498000000.0,-148000000.0,-1248000000.0,-80000000.0,1536000000.0,7000000.0,1400000000.0,1400000000.0,1400000000.0,0.0,1000000.0,0.087,3200000000.0,1678000000.0,1441000000.0,0.356,1.941,11.399,11.363,2794000000.0,0.0,47.27,0.997,0.997,2645000000.0,,16011000000.0,16011000000.0,414000000.0,0.076,0.177,0.163,0.105,-57000000.0,2786000000.0,1.0,337600000.0,337600000.0,339800000.0,47.426,10709000000.0,1064000000.0,152000000.0,569000000.0,31.721,2487000000.0
36,ETN,MRT,2012-06-30,2012-06-30,2012-06-30,2021-08-03,0.0,18554000000.0,18011750000.0,6366000000.0,12188000000.0,0.899,23.552,-578000000.0,525000000.0,525000000.0,11286000000.0,1421000000.0,1.662,1.335,4373000000.0,695000000.0,3678000000.0,4373000000.0,0.0,554000000.0,0.0,0.036,1.44,1721000000.0,2275000000.0,0.141,2275000000.0,1721000000.0,1608000000.0,4.21,4.17,4.21,7937000000.0,7765500000.0,7937000000.0,16718495000.0,10.0,7.349,994000000.0,2.95,1.0,4898000000.0,0.303,7867000000.0,113000000.0,10705000000.0,10033500000.0,1756000000.0,652000000.0,652000000.0,0.0,10596000000.0,3830000000.0,6766000000.0,13335495000.0,243000000.0,-460000000.0,-337000000.0,574000000.0,-485000000.0,-101000000.0,-1207000000.0,-113000000.0,1572000000.0,-21000000.0,1420000000.0,1420000000.0,1420000000.0,0.0,1000000.0,0.088,3183000000.0,1715000000.0,1556000000.0,0.342,1.68,9.391,9.413,2675000000.0,0.0,39.63,0.824,0.825,2683000000.0,,16184000000.0,16184000000.0,416000000.0,0.079,0.183,0.172,0.106,-57000000.0,2767000000.0,1.0,336500000.0,337000000.0,339500000.0,48.024,10687000000.0,1024000000.0,188000000.0,416000000.0,31.712,2536000000.0
37,ETN,MRT,2012-03-31,2012-03-31,2012-03-31,2021-08-03,0.0,17993000000.0,17903500000.0,5882000000.0,12111000000.0,0.905,23.652,-585000000.0,367000000.0,367000000.0,11333000000.0,1377000000.0,1.65,1.265,3750000000.0,405000000.0,3345000000.0,3750000000.0,0.0,557000000.0,0.0,0.028,1.4,1697000000.0,2254000000.0,0.139,2254000000.0,1697000000.0,1583000000.0,4.07,4.02,4.07,7933000000.0,7819250000.0,7933000000.0,20066101000.0,12.0,8.902,869000000.0,2.591,1.0,4873000000.0,0.301,7797000000.0,114000000.0,10014000000.0,9887250000.0,1779000000.0,444000000.0,444000000.0,0.0,10039000000.0,3565000000.0,6474000000.0,16678101000.0,166000000.0,-310000000.0,-346000000.0,292000000.0,-473000000.0,-344000000.0,-925000000.0,17000000.0,1454000000.0,-19000000.0,1374000000.0,1374000000.0,1374000000.0,0.0,3000000.0,0.085,3192000000.0,1681000000.0,1530000000.0,0.344,2.102,12.138,12.243,2660000000.0,0.0,49.83,1.029,1.031,2588000000.0,,16206000000.0,16206000000.0,417000000.0,0.077,0.176,0.172,0.105,-57000000.0,2775000000.0,1.0,334700000.0,335400000.0,339800000.0,48.318,10196000000.0,1057000000.0,209000000.0,450000000.0,30.4,2317000000.0
38,ETN,MRT,2011-12-31,2011-12-31,2011-12-31,2021-08-03,-1964000000.0,17873000000.0,17739500000.0,5826000000.0,12047000000.0,0.905,22.078,-568000000.0,385000000.0,385000000.0,11261000000.0,1352000000.0,1.602,1.39,3773000000.0,407000000.0,3366000000.0,3773000000.0,0.0,556000000.0,0.0,0.031,1.36,1669000000.0,2225000000.0,0.139,2225000000.0,1669000000.0,1551000000.0,3.98,3.93,3.98,7469000000.0,7781750000.0,7469000000.0,18044726000.0,11.0,8.11,680000000.0,2.01,1.0,4788000000.0,0.298,7729000000.0,118000000.0,9895000000.0,9762000000.0,1701000000.0,699000000.0,699000000.0,0.0,10381000000.0,3637000000.0,6744000000.0,14547726000.0,52000000.0,-310000000.0,-343000000.0,300000000.0,-462000000.0,-381000000.0,-800000000.0,103000000.0,1248000000.0,-15000000.0,1350000000.0,1350000000.0,1350000000.0,0.0,2000000.0,0.084,3155000000.0,1633000000.0,1491000000.0,0.342,1.948,10.776,10.937,2602000000.0,0.0,43.53,0.906,0.918,2444000000.0,5103000000.0,16049000000.0,16049000000.0,417000000.0,0.076,0.173,0.171,0.104,-57000000.0,2738000000.0,1.0,334200000.0,338300000.0,342800000.0,47.44,10144000000.0,1532000000.0,201000000.0,442000000.0,29.985,2189000000.0
39,ETN,MRT,2011-09-30,2011-09-30,2011-09-30,2021-08-03,0.0,17627000000.0,17584250000.0,5733000000.0,11894000000.0,0.892,22.842,-571000000.0,278000000.0,278000000.0,11009000000.0,1274000000.0,1.517,1.279,3775000000.0,407000000.0,3368000000.0,3775000000.0,0.0,557000000.0,0.0,0.037,1.31,1576000000.0,2133000000.0,0.136,2133000000.0,1576000000.0,1450000000.0,3.73,3.7,3.73,7723000000.0,7755000000.0,7723000000.0,15594050000.0,10.0,7.311,673000000.0,1.991,1.0,4670000000.0,0.298,7824000000.0,126000000.0,9520000000.0,9642750000.0,1769000000.0,536000000.0,536000000.0,0.0,9881000000.0,3780000000.0,6101000000.0,12109050000.0,-117000000.0,-348000000.0,-277000000.0,276000000.0,-446000000.0,-364000000.0,-989000000.0,-73000000.0,1244000000.0,-8000000.0,1268000000.0,1268000000.0,1268000000.0,0.0,6000000.0,0.081,3119000000.0,1551000000.0,1527000000.0,0.351,1.568,9.55,9.517,2537000000.0,0.0,35.5,0.772,0.766,2549000000.0,,15679000000.0,15679000000.0,433000000.0,0.072,0.164,0.163,0.101,0.0,2675000000.0,1.0,341100000.0,338100000.0,341900000.0,46.374,9803000000.0,971000000.0,182000000.0,456000000.0,28.994,1953000000.0
40,ETN,MRT,2011-06-30,2011-06-30,2011-06-30,2021-08-03,0.0,18121000000.0,17431250000.0,5917000000.0,12204000000.0,0.868,23.913,-514000000.0,282000000.0,282000000.0,10589000000.0,1176000000.0,1.739,1.219,3767000000.0,117000000.0,3650000000.0,3767000000.0,0.0,554000000.0,0.0,0.024,1.26,1454000000.0,2008000000.0,0.133,2008000000.0,1454000000.0,1324000000.0,3.46,3.41,3.46,8152000000.0,7626000000.0,8152000000.0,20804740000.0,14.0,10.361,508000000.0,1.49,1.0,4538000000.0,0.3,8083000000.0,130000000.0,10120000000.0,9515500000.0,1766000000.0,601000000.0,601000000.0,0.0,9934000000.0,3403000000.0,6531000000.0,17554740000.0,33000000.0,-434000000.0,-6000000.0,281000000.0,-427000000.0,-46000000.0,-971000000.0,-20000000.0,1022000000.0,28000000.0,1171000000.0,1171000000.0,1171000000.0,0.0,5000000.0,0.077,3100000000.0,1438000000.0,1534000000.0,0.364,2.153,14.991,14.87,2589000000.0,0.0,51.45,1.16,1.159,2625000000.0,,15127000000.0,15127000000.0,433000000.0,0.067,0.154,0.153,0.096,0.0,2658000000.0,1.0,341200000.0,340900000.0,345700000.0,44.374,10038000000.0,961000000.0,153000000.0,499000000.0,29.446,2514000000.0
41,ETN,MRT,2011-03-31,2011-03-31,2011-03-31,2021-08-03,0.0,17337000000.0,16882750000.0,5470000000.0,11867000000.0,0.854,22.884,-444000000.0,201000000.0,201000000.0,10114000000.0,1067000000.0,1.709,1.222,3451000000.0,97000000.0,3354000000.0,3451000000.0,0.0,549000000.0,0.0,0.021,1.17,1311000000.0,1860000000.0,0.129,1860000000.0,1311000000.0,1178000000.0,3.14,3.1,3.14,7783000000.0,7230500000.0,7783000000.0,21996776000.0,17.0,11.826,696000000.0,2.046,1.0,4301000000.0,0.298,7873000000.0,133000000.0,9513000000.0,9192500000.0,1667000000.0,496000000.0,496000000.0,0.0,9513000000.0,3201000000.0,6312000000.0,18871776000.0,50000000.0,-222000000.0,3000000.0,-17000000.0,-395000000.0,-285000000.0,-812000000.0,-140000000.0,1140000000.0,7000000.0,1061000000.0,1061000000.0,1061000000.0,0.0,6000000.0,0.074,3001000000.0,1300000000.0,1456000000.0,0.373,2.425,17.787,17.656,2523000000.0,0.0,55.44,1.309,1.308,2466000000.0,,14415000000.0,14415000000.0,429000000.0,0.063,0.147,0.143,0.091,0.0,2564000000.0,1.0,340400000.0,340100000.0,345700000.0,42.385,9464000000.0,960000000.0,117000000.0,495000000.0,27.827,2269000000.0
42,ETN,MRT,2010-12-31,2010-12-31,2010-12-31,2021-08-03,-1348000000.0,17252000000.0,16510250000.0,5506000000.0,11746000000.0,0.831,21.943,-394000000.0,333000000.0,333000000.0,9633000000.0,937000000.0,1.703,1.338,3458000000.0,76000000.0,3382000000.0,3458000000.0,0.0,551000000.0,0.0,0.021,1.08,1164000000.0,1715000000.0,0.125,1715000000.0,1164000000.0,1028000000.0,2.76,2.73,2.76,7362000000.0,6955500000.0,7362000000.0,20193133000.0,17.0,11.774,888000000.0,2.647,1.0,4082000000.0,0.298,7726000000.0,136000000.0,9418000000.0,8997000000.0,1564000000.0,838000000.0,838000000.0,0.0,9849000000.0,3233000000.0,6616000000.0,17084133000.0,-7000000.0,-222000000.0,0.0,-47000000.0,-363000000.0,-261000000.0,-1012000000.0,-392000000.0,1282000000.0,-16000000.0,929000000.0,929000000.0,929000000.0,0.0,8000000.0,0.068,2911000000.0,1171000000.0,1408000000.0,0.391,2.321,18.39,18.389,2477000000.0,0.0,50.755,1.246,1.242,2239000000.0,4455000000.0,13715000000.0,13715000000.0,425000000.0,0.056,0.134,0.129,0.085,0.0,2486000000.0,1.0,336600000.0,335500000.0,339500000.0,40.879,9526000000.0,1304000000.0,99000000.0,487000000.0,28.393,2273000000.0
43,ETN,MRT,2010-09-30,2010-09-30,2010-09-30,2021-08-03,0.0,17015000000.0,16267750000.0,5353000000.0,11662000000.0,0.81,21.501,-266000000.0,395000000.0,395000000.0,9309000000.0,866000000.0,1.616,1.355,3504000000.0,98000000.0,3406000000.0,3504000000.0,0.0,557000000.0,0.0,0.025,1.04,1043000000.0,1600000000.0,0.121,1600000000.0,1043000000.0,907000000.0,2.575,2.53,2.575,7207000000.0,6809250000.0,7207000000.0,17068822000.0,16.0,10.668,966000000.0,2.882,1.0,3874000000.0,0.294,7800000000.0,136000000.0,9011000000.0,8853500000.0,1533000000.0,493000000.0,493000000.0,0.0,9766000000.0,3313000000.0,6453000000.0,13841822000.0,203000000.0,-172000000.0,0.0,-311000000.0,-349000000.0,-586000000.0,-423000000.0,-19000000.0,1232000000.0,-20000000.0,860000000.0,860000000.0,860000000.0,0.0,6000000.0,0.065,2820000000.0,1054000000.0,1353000000.0,0.404,1.921,16.095,16.017,2381000000.0,0.0,41.245,1.05,1.049,2332000000.0,,13183000000.0,13183000000.0,411000000.0,0.053,0.126,0.118,0.079,-4000000.0,2429000000.0,1.0,335600000.0,335200000.0,340600000.0,39.329,9215000000.0,2081000000.0,47000000.0,1036000000.0,27.491,2040000000.0
44,ETN,MRT,2010-06-30,2010-06-30,2010-06-30,2021-08-03,0.0,15927000000.0,16137750000.0,4862000000.0,11065000000.0,0.783,19.63,-200000000.0,249000000.0,249000000.0,9007000000.0,791000000.0,1.622,1.418,3476000000.0,98000000.0,3378000000.0,3476000000.0,0.0,569000000.0,0.0,0.031,1.0,909000000.0,1478000000.0,0.117,1478000000.0,909000000.0,768000000.0,2.355,2.32,2.355,6570000000.0,6747750000.0,6570000000.0,14258744000.0,16.0,9.647,1072000000.0,3.203,1.0,3633000000.0,0.287,7328000000.0,141000000.0,8828000000.0,8875500000.0,1386000000.0,538000000.0,538000000.0,0.0,9317000000.0,2998000000.0,6319000000.0,10967744000.0,101000000.0,-10000000.0,-9000000.0,-591000000.0,-335000000.0,-868000000.0,-276000000.0,-118000000.0,1272000000.0,-27000000.0,785000000.0,785000000.0,785000000.0,0.0,6000000.0,0.062,2719000000.0,914000000.0,1229000000.0,0.425,1.669,13.972,13.894,2270000000.0,0.0,32.72,0.868,0.866,2126000000.0,,12640000000.0,12640000000.0,406000000.0,0.049,0.116,0.102,0.072,-4000000.0,2331000000.0,1.0,335200000.0,334700000.0,340400000.0,37.765,8599000000.0,2030000000.0,-17000000.0,971000000.0,25.692,1864000000.0
45,ETN,MRT,2010-03-31,2010-03-31,2010-03-31,2021-08-03,0.0,15847000000.0,16203750000.0,4480000000.0,11367000000.0,0.751,19.997,-185000000.0,151000000.0,151000000.0,8809000000.0,593000000.0,1.617,1.365,3442000000.0,95000000.0,3347000000.0,3442000000.0,0.0,575000000.0,0.0,0.026,1.0,696000000.0,1271000000.0,0.104,1271000000.0,696000000.0,548000000.0,1.77,1.745,1.77,6683000000.0,6767000000.0,6683000000.0,15735128000.0,23.0,12.38,966000000.0,2.89,1.0,3354000000.0,0.276,7637000000.0,148000000.0,8731000000.0,8960750000.0,1374000000.0,338000000.0,338000000.0,0.0,9125000000.0,2770000000.0,6355000000.0,12608128000.0,6000000.0,-10000000.0,-7000000.0,-713000000.0,-335000000.0,-1005000000.0,-147000000.0,-21000000.0,1151000000.0,7000000.0,588000000.0,588000000.0,588000000.0,0.0,5000000.0,0.048,2662000000.0,692000000.0,1135000000.0,0.565,1.887,21.442,21.404,2349000000.0,0.0,37.885,1.037,1.041,2052000000.0,,12163000000.0,12163000000.0,398000000.0,0.036,0.087,0.078,0.057,-4000000.0,2281000000.0,1.0,332800000.0,334200000.0,339200000.0,36.394,8210000000.0,1946000000.0,-40000000.0,994000000.0,24.566,1710000000.0
46,ETN,MRT,2009-12-31,2009-12-31,2009-12-31,2021-08-03,-1208000000.0,16282000000.0,16242250000.0,4524000000.0,11758000000.0,0.731,20.37,-195000000.0,340000000.0,340000000.0,8782000000.0,385000000.0,1.682,1.396,3467000000.0,118000000.0,3349000000.0,3467000000.0,0.0,573000000.0,0.0,0.031,1.0,451000000.0,1024000000.0,0.086,1024000000.0,451000000.0,301000000.0,1.16,1.14,1.16,6777000000.0,6612500000.0,6777000000.0,14139196000.0,31.0,13.808,1213000000.0,3.646,1.0,3091000000.0,0.26,7876000000.0,150000000.0,8844000000.0,9146500000.0,1326000000.0,433000000.0,433000000.0,0.0,9464000000.0,2689000000.0,6775000000.0,10548196000.0,152000000.0,-10000000.0,0.0,-753000000.0,-334000000.0,-1061000000.0,-225000000.0,-64000000.0,1408000000.0,30000000.0,383000000.0,383000000.0,383000000.0,0.0,2000000.0,0.032,2638000000.0,453000000.0,1057000000.0,0.862,1.556,27.541,27.422,2445000000.0,0.0,31.81,0.888,0.891,1899000000.0,3893000000.0,11873000000.0,11873000000.0,395000000.0,0.024,0.058,0.049,0.038,-4000000.0,2252000000.0,1.0,331600000.0,332700000.0,335800000.0,35.687,8406000000.0,1350000000.0,-82000000.0,550000000.0,25.266,1835000000.0
47,ETN,MRT,2009-09-30,2009-09-30,2009-09-30,2021-08-03,0.0,16495000000.0,16335500000.0,4588000000.0,11907000000.0,0.749,20.841,-246000000.0,192000000.0,192000000.0,9167000000.0,338000000.0,1.523,1.363,3783000000.0,392000000.0,3391000000.0,3783000000.0,0.0,565000000.0,0.0,0.035,1.0,420000000.0,985000000.0,0.081,985000000.0,420000000.0,266000000.0,0.99,0.98,0.99,6961000000.0,6497500000.0,6961000000.0,13265304000.0,32.0,13.467,1301000000.0,3.895,1.0,3062000000.0,0.25,7974000000.0,154000000.0,9099000000.0,9246250000.0,1359000000.0,473000000.0,473000000.0,0.0,9488000000.0,3013000000.0,6475000000.0,9371304000.0,11000000.0,-110000000.0,-1000000.0,-712000000.0,-332000000.0,-1032000000.0,-520000000.0,-173000000.0,1547000000.0,16000000.0,335000000.0,335000000.0,335000000.0,-3000000.0,3000000.0,0.027,2655000000.0,407000000.0,1033000000.0,1.01,1.346,27.974,28.581,2528000000.0,0.0,28.295,0.766,0.773,2047000000.0,,12229000000.0,12229000000.0,392000000.0,0.021,0.052,0.045,0.034,0.0,2263000000.0,1.0,331200000.0,334000000.0,338400000.0,36.614,8521000000.0,1922000000.0,-69000000.0,0.0,25.512,1575000000.0
48,ETN,MRT,2009-06-30,2009-06-30,2009-06-30,2021-08-03,0.0,16191000000.0,16453500000.0,4477000000.0,11714000000.0,0.809,19.913,-327000000.0,148000000.0,148000000.0,9953000000.0,462000000.0,1.464,1.429,4042000000.0,643000000.0,3399000000.0,4042000000.0,0.0,572000000.0,0.0,0.045,1.0,608000000.0,1180000000.0,0.089,1180000000.0,608000000.0,455000000.0,1.36,1.345,1.36,6647000000.0,6502000000.0,6647000000.0,11429416000.0,19.0,9.686,1195000000.0,3.58,1.0,3362000000.0,0.252,7857000000.0,153000000.0,9169000000.0,9183250000.0,1373000000.0,433000000.0,433000000.0,0.0,9500000000.0,3059000000.0,6441000000.0,7387416000.0,-71000000.0,-113000000.0,-133000000.0,-704000000.0,-331000000.0,-1130000000.0,-468000000.0,5000000.0,1522000000.0,5000000.0,457000000.0,457000000.0,457000000.0,-3000000.0,5000000.0,0.034,2779000000.0,583000000.0,923000000.0,0.735,1.111,16.165,16.401,2542000000.0,0.0,22.305,0.555,0.559,2015000000.0,,13315000000.0,13315000000.0,410000000.0,0.028,0.07,0.066,0.046,0.0,2369000000.0,1.0,331200000.0,333800000.0,335200000.0,39.889,8334000000.0,1823000000.0,-2000000.0,0.0,24.967,1418000000.0
49,ETN,MRT,2009-03-31,2009-03-31,2009-03-31,2021-08-03,0.0,16001000000.0,16886500000.0,4427000000.0,11574000000.0,0.87,18.257,-413000000.0,145000000.0,145000000.0,10833000000.0,768000000.0,1.511,1.631,4187000000.0,480000000.0,3707000000.0,4187000000.0,0.0,584000000.0,0.0,0.054,1.0,937000000.0,1521000000.0,0.104,1521000000.0,937000000.0,781000000.0,2.31,2.275,2.31,6065000000.0,6688750000.0,6065000000.0,10172272000.0,11.0,6.688,1140000000.0,3.432,1.0,3860000000.0,0.263,7639000000.0,156000000.0,9474000000.0,9252250000.0,1490000000.0,289000000.0,289000000.0,0.0,9894000000.0,2930000000.0,6964000000.0,6089272000.0,-12000000.0,-2173000000.0,1405000000.0,-79000000.0,-330000000.0,1037000000.0,-2594000000.0,16000000.0,1553000000.0,-8000000.0,761000000.0,761000000.0,761000000.0,-3000000.0,7000000.0,0.052,2945000000.0,915000000.0,969000000.0,0.433,1.004,8.002,7.978,2525000000.0,0.0,18.43,0.414,0.417,2016000000.0,,14693000000.0,14693000000.0,426000000.0,0.045,0.114,0.101,0.064,0.0,2519000000.0,1.0,330400000.0,332200000.0,332200000.0,44.229,8362000000.0,1897000000.0,20000000.0,0.0,25.172,1497000000.0
50,ETN,MRT,2008-12-31,2008-12-31,2008-12-31,2021-08-03,-1538000000.0,16655000000.0,16547750000.0,4795000000.0,11860000000.0,0.929,19.716,-448000000.0,188000000.0,188000000.0,11191000000.0,1070000000.0,1.28,1.629,4271000000.0,1081000000.0,3190000000.0,4271000000.0,0.0,571000000.0,0.0,0.04,1.0,1288000000.0,1859000000.0,0.121,1859000000.0,1288000000.0,1131000000.0,3.3,3.26,3.3,6317000000.0,6547500000.0,6317000000.0,12378179000.0,10.0,6.659,993000000.0,3.099,1.0,4185000000.0,0.272,7750000000.0,157000000.0,9243000000.0,8959500000.0,1554000000.0,342000000.0,342000000.0,0.0,10290000000.0,3745000000.0,6545000000.0,8197179000.0,46000000.0,-2807000000.0,1422000000.0,667000000.0,-320000000.0,1815000000.0,-3190000000.0,100000000.0,1441000000.0,-20000000.0,1058000000.0,1058000000.0,1058000000.0,-3000000.0,12000000.0,0.069,2930000000.0,1255000000.0,1121000000.0,0.303,1.298,7.748,7.532,2639000000.0,0.0,24.855,0.533,0.518,2295000000.0,3917000000.0,15376000000.0,15376000000.0,417000000.0,0.064,0.162,0.144,0.084,0.0,2513000000.0,1.0,329800000.0,320400000.0,324600000.0,47.99,8905000000.0,1210000000.0,73000000.0,543000000.0,27.793,1050000000.0
51,ETN,MRT,2008-09-30,2008-09-30,2008-09-30,2021-08-03,0.0,16967000000.0,15741500000.0,5587000000.0,11380000000.0,0.97,20.996,-464000000.0,181000000.0,181000000.0,10993000000.0,1175000000.0,1.241,1.431,4362000000.0,1441000000.0,2921000000.0,4362000000.0,0.0,530000000.0,0.0,0.034,0.965,1418000000.0,1948000000.0,0.128,1948000000.0,1418000000.0,1260000000.0,3.69,3.625,3.69,6979000000.0,6261250000.0,6979000000.0,13762116000.0,10.0,7.065,758000000.0,2.28,1.0,4270000000.0,0.28,7799000000.0,158000000.0,8847000000.0,8525500000.0,1795000000.0,282000000.0,282000000.0,0.0,9988000000.0,4502000000.0,5486000000.0,9337116000.0,10000000.0,-3346000000.0,1434000000.0,1195000000.0,-301000000.0,2371000000.0,-3589000000.0,266000000.0,1222000000.0,6000000.0,1151000000.0,1151000000.0,1151000000.0,28000000.0,24000000.0,0.075,2874000000.0,1396000000.0,1424000000.0,0.262,1.338,8.112,7.612,2585000000.0,0.0,28.09,0.612,0.612,2845000000.0,,15263000000.0,15263000000.0,401000000.0,0.073,0.184,0.166,0.093,0.0,2489000000.0,1.0,332400000.0,332400000.0,336800000.0,45.918,9168000000.0,1480000000.0,109000000.0,0.0,27.581,1085000000.0
52,ETN,MRT,2008-06-30,2008-06-30,2008-06-30,2021-08-03,0.0,17923000000.0,14684500000.0,6063000000.0,11860000000.0,0.984,22.934,-428000000.0,219000000.0,219000000.0,10410000000.0,1115000000.0,1.297,1.424,4644000000.0,1489000000.0,3155000000.0,4644000000.0,0.0,492000000.0,0.0,0.022,0.93,1347000000.0,1839000000.0,0.127,1839000000.0,1347000000.0,1189000000.0,3.615,3.545,3.615,7394000000.0,5702250000.0,7394000000.0,16507087000.0,12.0,8.976,854000000.0,2.649,1.0,4037000000.0,0.279,8228000000.0,158000000.0,9445000000.0,8223250000.0,1844000000.0,499000000.0,499000000.0,0.0,10529000000.0,4675000000.0,5854000000.0,12499087000.0,107000000.0,-3214000000.0,1563000000.0,1251000000.0,-281000000.0,2541000000.0,-3722000000.0,-47000000.0,1282000000.0,6000000.0,1094000000.0,1094000000.0,1094000000.0,8000000.0,21000000.0,0.076,2730000000.0,1307000000.0,1468000000.0,0.257,1.69,11.425,11.752,2699000000.0,0.0,42.485,0.865,0.948,3029000000.0,,14447000000.0,14447000000.0,370000000.0,0.075,0.192,0.164,0.093,0.0,2360000000.0,1.0,294200000.0,322400000.0,327200000.0,44.811,9695000000.0,1405000000.0,95000000.0,0.0,30.071,1388000000.0
53,ETN,MRT,2008-03-31,2008-03-31,2008-03-31,2021-08-03,0.0,14646000000.0,13308500000.0,5249000000.0,9397000000.0,1.008,18.619,-370000000.0,157000000.0,157000000.0,9687000000.0,1024000000.0,1.232,1.663,4165000000.0,1461000000.0,2704000000.0,4165000000.0,0.0,456000000.0,0.0,0.022,0.895,1252000000.0,1708000000.0,0.127,1708000000.0,1252000000.0,1097000000.0,3.415,3.35,3.415,5500000000.0,4965500000.0,5500000000.0,14946655000.0,12.0,8.751,885000000.0,2.996,1.0,3729000000.0,0.278,6089000000.0,155000000.0,8303000000.0,7749750000.0,1634000000.0,426000000.0,426000000.0,0.0,9146000000.0,4262000000.0,4884000000.0,11671655000.0,51000000.0,-1215000000.0,-82000000.0,735000000.0,-261000000.0,408000000.0,-1618000000.0,1000000.0,1255000000.0,6000000.0,1007000000.0,1007000000.0,1007000000.0,2000000.0,17000000.0,0.075,2528000000.0,1201000000.0,1319000000.0,0.262,2.122,11.591,11.665,2473000000.0,0.0,39.835,0.87,0.877,2561000000.0,,13416000000.0,13416000000.0,344000000.0,0.076,0.203,0.162,0.093,0.0,2184000000.0,1.0,293000000.0,295400000.0,301000000.0,45.416,8557000000.0,1306000000.0,90000000.0,0.0,28.968,987000000.0
54,ETN,MRT,2007-12-31,2007-12-31,2007-12-31,2021-08-03,-423000000.0,13430000000.0,12707000000.0,4767000000.0,8663000000.0,1.026,17.556,-354000000.0,142000000.0,142000000.0,9382000000.0,1008000000.0,1.303,1.597,3417000000.0,985000000.0,2432000000.0,3417000000.0,0.0,439000000.0,0.0,0.018,0.86,1223000000.0,1662000000.0,0.128,1662000000.0,1223000000.0,1076000000.0,3.375,3.31,3.375,5172000000.0,4660000000.0,5172000000.0,17064310000.0,14.0,10.267,804000000.0,2.729,1.0,3651000000.0,0.28,5539000000.0,147000000.0,7507000000.0,7543750000.0,1483000000.0,504000000.0,504000000.0,0.0,8258000000.0,3659000000.0,4599000000.0,14135310000.0,28000000.0,-1314000000.0,-199000000.0,735000000.0,-251000000.0,320000000.0,-1456000000.0,247000000.0,1158000000.0,6000000.0,994000000.0,994000000.0,994000000.0,0.0,14000000.0,0.076,2474000000.0,1177000000.0,1170000000.0,0.255,2.733,14.221,14.363,2333000000.0,0.0,48.475,1.085,1.096,2208000000.0,3257000000.0,13033000000.0,13033000000.0,335000000.0,0.078,0.213,0.162,0.094,0.0,2139000000.0,1.0,291600000.0,294600000.0,300600000.0,44.24,7891000000.0,789000000.0,82000000.0,224000000.0,26.785,1108000000.0
55,ETN,MRT,2007-09-30,2007-09-30,2007-09-30,2021-08-03,0.0,12739000000.0,12203750000.0,4826000000.0,7913000000.0,1.043,16.133,-365000000.0,171000000.0,171000000.0,9228000000.0,979000000.0,1.531,1.686,3100000000.0,553000000.0,2547000000.0,3100000000.0,0.0,456000000.0,0.0,0.017,0.84,1183000000.0,1639000000.0,0.129,1639000000.0,1183000000.0,1051000000.0,3.315,3.255,3.315,4743000000.0,4393500000.0,4743000000.0,17595128000.0,15.0,10.735,783000000.0,2.663,1.0,3499000000.0,0.275,4877000000.0,132000000.0,7638000000.0,7316000000.0,1399000000.0,568000000.0,568000000.0,0.0,7996000000.0,3153000000.0,4843000000.0,14430128000.0,42000000.0,-683000000.0,-442000000.0,529000000.0,-246000000.0,-114000000.0,-992000000.0,77000000.0,1148000000.0,0.0,979000000.0,979000000.0,979000000.0,-35000000.0,0.0,0.077,2403000000.0,1096000000.0,1126000000.0,0.253,3.042,14.74,14.938,2252000000.0,0.0,49.52,1.134,1.144,2220000000.0,,12727000000.0,12727000000.0,323000000.0,0.08,0.223,0.162,0.093,0.0,2064000000.0,1.0,291400000.0,294000000.0,300800000.0,43.289,7862000000.0,1252000000.0,72000000.0,0.0,26.741,1673000000.0
56,ETN,MRT,2007-06-30,2007-06-30,2007-06-30,2021-08-03,0.0,12419000000.0,11832500000.0,4535000000.0,7884000000.0,1.057,15.085,-364000000.0,112000000.0,112000000.0,9136000000.0,969000000.0,1.431,1.793,3277000000.0,759000000.0,2518000000.0,3277000000.0,0.0,447000000.0,0.0,0.018,0.82,1147000000.0,1594000000.0,0.127,1594000000.0,1147000000.0,1027000000.0,3.265,3.21,3.265,4447000000.0,4304750000.0,4447000000.0,16808500000.0,15.0,10.545,737000000.0,2.5,1.0,3376000000.0,0.27,4864000000.0,120000000.0,7551000000.0,6957750000.0,1382000000.0,382000000.0,382000000.0,0.0,7972000000.0,3169000000.0,4803000000.0,13624500000.0,-13000000.0,-841000000.0,-495000000.0,770000000.0,-242000000.0,72000000.0,-1186000000.0,25000000.0,1101000000.0,0.0,969000000.0,969000000.0,969000000.0,-53000000.0,0.0,0.077,2322000000.0,1054000000.0,1081000000.0,0.251,3.064,14.06,14.242,2270000000.0,0.0,46.5,1.089,1.096,2208000000.0,,12512000000.0,12512000000.0,321000000.0,0.082,0.225,0.165,0.092,0.0,2001000000.0,1.0,293000000.0,294800000.0,300600000.0,42.442,7555000000.0,1201000000.0,58000000.0,0.0,25.628,1366000000.0
57,ETN,MRT,2007-03-31,2007-03-31,2007-03-31,2021-08-03,0.0,12240000000.0,11449000000.0,4405000000.0,7835000000.0,1.082,14.492,-365000000.0,106000000.0,106000000.0,9052000000.0,976000000.0,1.405,1.861,3290000000.0,737000000.0,2553000000.0,3290000000.0,0.0,437000000.0,0.0,0.019,0.78,1146000000.0,1583000000.0,0.128,1583000000.0,1146000000.0,1039000000.0,3.265,3.21,3.265,4278000000.0,4255250000.0,4278000000.0,14688472000.0,13.0,9.279,825000000.0,2.795,1.0,3337000000.0,0.269,4810000000.0,107000000.0,7479000000.0,6516750000.0,1389000000.0,313000000.0,313000000.0,0.0,7962000000.0,3135000000.0,4827000000.0,12216472000.0,-2000000.0,-781000000.0,-430000000.0,549000000.0,-231000000.0,-74000000.0,-1118000000.0,73000000.0,1190000000.0,0.0,976000000.0,976000000.0,976000000.0,-52000000.0,0.0,0.079,2275000000.0,1062000000.0,1060000000.0,0.239,2.856,12.517,12.796,2275000000.0,0.0,41.78,0.986,0.996,2139000000.0,,12389000000.0,12389000000.0,316000000.0,0.085,0.229,0.176,0.093,0.0,1968000000.0,1.0,292400000.0,295200000.0,300000000.0,41.968,7430000000.0,1208000000.0,63000000.0,0.0,25.169,1270000000.0
58,ETN,MRT,2006-12-31,2006-12-31,2006-12-31,2021-08-03,-849000000.0,11417000000.0,11061750000.0,4408000000.0,7009000000.0,1.106,13.668,-360000000.0,114000000.0,114000000.0,8949000000.0,950000000.0,1.34,1.781,2586000000.0,812000000.0,1774000000.0,2586000000.0,0.0,434000000.0,0.0,0.02,0.74,1127000000.0,1561000000.0,0.128,1561000000.0,1127000000.0,1022000000.0,3.16,3.11,3.16,4106000000.0,4197500000.0,4106000000.0,13540860000.0,12.0,8.674,1071000000.0,3.565,1.0,3283000000.0,0.268,4003000000.0,105000000.0,6596000000.0,6099750000.0,1293000000.0,671000000.0,671000000.0,0.0,7311000000.0,3290000000.0,4021000000.0,11195860000.0,4000000.0,-191000000.0,-278000000.0,54000000.0,-220000000.0,-416000000.0,-1011000000.0,-418000000.0,1431000000.0,0.0,950000000.0,950000000.0,950000000.0,-53000000.0,0.0,0.078,2254000000.0,1029000000.0,1050000000.0,0.234,2.727,11.785,11.889,2271000000.0,0.0,37.57,0.915,0.923,1928000000.0,2796000000.0,12232000000.0,12232000000.0,315000000.0,0.086,0.226,0.185,0.092,0.0,1939000000.0,1.0,298000000.0,300400000.0,305800000.0,40.719,7414000000.0,1002000000.0,72000000.0,0.0,24.68,1118000000.0
59,ETN,MRT,2006-09-30,2006-09-30,2006-09-30,2021-08-03,0.0,11254000000.0,10762000000.0,4401000000.0,6853000000.0,1.103,14.578,-354000000.0,129000000.0,129000000.0,8636000000.0,919000000.0,1.293,1.565,2474000000.0,704000000.0,1770000000.0,2474000000.0,0.0,431000000.0,0.0,0.02,0.7,1126000000.0,1557000000.0,0.131,1557000000.0,1126000000.0,1023000000.0,3.055,3.0,3.055,4388000000.0,4115500000.0,4388000000.0,12624500000.0,11.0,8.108,1086000000.0,3.608,1.0,3235000000.0,0.273,3989000000.0,103000000.0,6205000000.0,5910500000.0,1239000000.0,572000000.0,572000000.0,0.0,6866000000.0,3405000000.0,3461000000.0,10327500000.0,37000000.0,-775000000.0,-32000000.0,308000000.0,-208000000.0,92000000.0,-1495000000.0,-317000000.0,1440000000.0,0.0,919000000.0,919000000.0,919000000.0,-60000000.0,0.0,0.077,2154000000.0,1081000000.0,1022000000.0,0.229,2.354,11.238,11.268,2202000000.0,0.0,34.425,0.87,0.873,2025000000.0,,11871000000.0,11871000000.0,312000000.0,0.085,0.223,0.191,0.095,0.0,1886000000.0,1.0,300000000.0,301000000.0,306000000.0,39.439,7265000000.0,1098000000.0,104000000.0,269000000.0,24.136,996000000.0
60,ETN,MRT,2006-06-30,2006-06-30,2006-06-30,2021-08-03,0.0,10885000000.0,10385750000.0,4119000000.0,6766000000.0,1.113,14.005,-358000000.0,125000000.0,125000000.0,8330000000.0,870000000.0,1.184,1.562,2422000000.0,908000000.0,1514000000.0,2422000000.0,0.0,424000000.0,0.0,0.018,0.66,1115000000.0,1539000000.0,0.133,1539000000.0,1115000000.0,1013000000.0,2.895,2.84,2.895,4249000000.0,3942250000.0,4249000000.0,13852080000.0,12.0,9.001,930000000.0,3.065,1.0,3225000000.0,0.279,3916000000.0,102000000.0,5787000000.0,5763750000.0,1186000000.0,354000000.0,354000000.0,0.0,6636000000.0,3479000000.0,3157000000.0,11325080000.0,-5000000.0,-975000000.0,53000000.0,215000000.0,-195000000.0,96000000.0,-1389000000.0,-19000000.0,1288000000.0,0.0,870000000.0,870000000.0,870000000.0,-24000000.0,0.0,0.075,2115000000.0,1110000000.0,1012000000.0,0.228,2.665,13.017,13.022,2220000000.0,0.0,37.7,0.98,0.99,2035000000.0,,11555000000.0,11555000000.0,302000000.0,0.084,0.221,0.193,0.096,0.0,1857000000.0,1.0,300400000.0,303400000.0,308600000.0,38.085,6969000000.0,1049000000.0,143000000.0,293000000.0,22.97,640000000.0
61,ETN,MRT,2006-03-31,2006-03-31,2006-03-31,2021-08-03,0.0,10691000000.0,10041250000.0,3965000000.0,6726000000.0,1.122,13.454,-359000000.0,108000000.0,108000000.0,8107000000.0,826000000.0,1.129,1.642,2635000000.0,1074000000.0,1561000000.0,2635000000.0,0.0,415000000.0,0.0,0.018,0.64,1102000000.0,1517000000.0,0.135,1517000000.0,1102000000.0,1006000000.0,2.76,2.705,2.76,4047000000.0,3752250000.0,4047000000.0,13219233000.0,12.0,8.714,810000000.0,2.693,1.0,3157000000.0,0.28,3896000000.0,96000000.0,5811000000.0,5774000000.0,1157000000.0,334000000.0,334000000.0,0.0,6644000000.0,3511000000.0,3133000000.0,10865233000.0,18000000.0,-985000000.0,-101000000.0,551000000.0,-189000000.0,278000000.0,-1429000000.0,-71000000.0,1169000000.0,0.0,826000000.0,826000000.0,826000000.0,-19000000.0,0.0,0.073,2064000000.0,1093000000.0,878000000.0,0.232,2.685,13.154,13.219,2204000000.0,0.0,36.485,0.965,0.974,1971000000.0,,11264000000.0,11264000000.0,291000000.0,0.082,0.22,0.191,0.098,0.0,1808000000.0,1.0,297800000.0,300800000.0,306200000.0,37.447,6795000000.0,1021000000.0,180000000.0,298000000.0,22.59,454000000.0
62,ETN,MRT,2005-12-31,2005-12-31,2005-12-31,2021-08-03,-649000000.0,10218000000.0,9687000000.0,3578000000.0,6640000000.0,1.123,12.577,-363000000.0,110000000.0,110000000.0,7830000000.0,805000000.0,1.206,1.705,2464000000.0,634000000.0,1830000000.0,2464000000.0,0.0,409000000.0,0.0,0.018,0.62,1076000000.0,1485000000.0,0.137,1485000000.0,1076000000.0,986000000.0,2.68,2.615,2.68,3778000000.0,3622500000.0,3778000000.0,11979320000.0,11.0,8.067,772000000.0,2.57,1.0,3044000000.0,0.28,3765000000.0,90000000.0,5839000000.0,5744000000.0,1099000000.0,226000000.0,226000000.0,0.0,6440000000.0,2968000000.0,3472000000.0,9929320000.0,25000000.0,-911000000.0,-382000000.0,722000000.0,-184000000.0,158000000.0,-1268000000.0,-4000000.0,1135000000.0,0.0,805000000.0,805000000.0,805000000.0,-22000000.0,0.0,0.074,1990000000.0,1054000000.0,810000000.0,0.231,2.628,12.335,12.517,2175000000.0,0.0,33.545,0.913,0.927,1785000000.0,2376000000.0,10874000000.0,10874000000.0,279000000.0,0.083,0.222,0.187,0.099,0.0,1746000000.0,1.0,296000000.0,300400000.0,308000000.0,36.198,6453000000.0,943000000.0,181000000.0,305000000.0,21.481,610000000.0
63,ETN,MRT,2005-09-30,2005-09-30,2005-09-30,2021-08-03,0.0,9749000000.0,9401250000.0,3626000000.0,6123000000.0,1.147,12.391,-363000000.0,92000000.0,92000000.0,7754000000.0,778000000.0,1.284,1.638,2142000000.0,417000000.0,1725000000.0,2142000000.0,0.0,402000000.0,0.0,0.019,0.6,1030000000.0,1432000000.0,0.133,1432000000.0,1030000000.0,941000000.0,2.57,2.51,2.57,3695000000.0,3579500000.0,3695000000.0,11450270000.0,11.0,7.996,609000000.0,2.042,1.0,3029000000.0,0.281,3358000000.0,89000000.0,5618000000.0,5639000000.0,1065000000.0,247000000.0,247000000.0,0.0,6054000000.0,2823000000.0,3231000000.0,9367270000.0,9000000.0,-319000000.0,-355000000.0,196000000.0,-179000000.0,-338000000.0,-625000000.0,44000000.0,972000000.0,0.0,778000000.0,778000000.0,778000000.0,-10000000.0,0.0,0.072,2005000000.0,1024000000.0,799000000.0,0.233,2.535,12.04,12.364,2100000000.0,0.0,31.775,0.869,0.879,1861000000.0,,10783000000.0,10783000000.0,275000000.0,0.083,0.217,0.183,0.096,0.0,1730000000.0,1.0,294800000.0,298200000.0,304800000.0,36.16,6391000000.0,1026000000.0,163000000.0,357000000.0,21.432,803000000.0
64,ETN,MRT,2005-06-30,2005-06-30,2005-06-30,2021-08-03,0.0,9507000000.0,9184750000.0,3563000000.0,5944000000.0,1.15,11.646,-344000000.0,130000000.0,130000000.0,7607000000.0,749000000.0,1.383,1.725,2213000000.0,272000000.0,1941000000.0,2213000000.0,0.0,401000000.0,0.0,0.019,0.58,988000000.0,1389000000.0,0.132,1389000000.0,988000000.0,903000000.0,2.465,2.405,2.465,3489000000.0,3498250000.0,3489000000.0,11036930000.0,11.0,7.946,552000000.0,1.842,1.0,2952000000.0,0.28,3185000000.0,85000000.0,5828000000.0,5522750000.0,1031000000.0,315000000.0,315000000.0,0.0,6018000000.0,2577000000.0,3441000000.0,9026930000.0,44000000.0,-157000000.0,-362000000.0,272000000.0,-174000000.0,-264000000.0,-588000000.0,-103000000.0,896000000.0,0.0,749000000.0,749000000.0,749000000.0,-8000000.0,0.0,0.071,1971000000.0,981000000.0,768000000.0,0.235,2.587,12.052,12.15,2075000000.0,0.0,29.95,0.855,0.85,1759000000.0,,10559000000.0,10559000000.0,273000000.0,0.082,0.214,0.179,0.094,0.0,1698000000.0,1.0,301400000.0,299600000.0,306800000.0,35.244,6322000000.0,1012000000.0,154000000.0,300000000.0,21.101,986000000.0
65,ETN,MRT,2005-03-31,2005-03-31,2005-03-31,2021-08-03,0.0,9274000000.0,8946750000.0,3403000000.0,5871000000.0,1.132,11.522,-347000000.0,90000000.0,90000000.0,7294000000.0,701000000.0,1.348,1.629,2100000000.0,366000000.0,1734000000.0,2100000000.0,0.0,400000000.0,0.0,0.017,0.56,921000000.0,1321000000.0,0.13,1321000000.0,921000000.0,839000000.0,2.295,2.235,2.295,3528000000.0,3422000000.0,3528000000.0,11687660000.0,13.0,8.848,557000000.0,1.819,1.0,2834000000.0,0.28,3068000000.0,82000000.0,5691000000.0,5287000000.0,1018000000.0,253000000.0,253000000.0,0.0,5746000000.0,2525000000.0,3221000000.0,9999660000.0,25000000.0,-680000000.0,-139000000.0,156000000.0,-169000000.0,-152000000.0,-727000000.0,274000000.0,904000000.0,0.0,701000000.0,701000000.0,701000000.0,-8000000.0,0.0,0.069,1909000000.0,925000000.0,751000000.0,0.244,2.834,14.265,14.248,2105000000.0,0.0,32.7,0.987,0.989,1709000000.0,,10128000000.0,10128000000.0,268000000.0,0.078,0.205,0.174,0.091,0.0,1641000000.0,1.0,305800000.0,306200000.0,314400000.0,33.076,6206000000.0,1031000000.0,138000000.0,265000000.0,20.268,878000000.0
66,ETN,MRT,2004-12-31,2004-12-31,2004-12-31,2021-08-03,-538000000.0,9075000000.0,8676500000.0,3182000000.0,5893000000.0,1.119,11.777,-330000000.0,85000000.0,85000000.0,7002000000.0,648000000.0,1.404,1.517,1773000000.0,39000000.0,1734000000.0,1773000000.0,0.0,400000000.0,0.0,0.015,0.54,855000000.0,1255000000.0,0.129,1255000000.0,855000000.0,776000000.0,2.12,2.065,2.12,3606000000.0,3300750000.0,3606000000.0,12849484000.0,15.0,10.239,508000000.0,1.659,1.0,2710000000.0,0.279,3077000000.0,79000000.0,5419000000.0,5177000000.0,966000000.0,211000000.0,211000000.0,0.0,5469000000.0,2267000000.0,3202000000.0,10991484000.0,24000000.0,-627000000.0,-112000000.0,-206000000.0,-163000000.0,-481000000.0,-333000000.0,606000000.0,838000000.0,0.0,648000000.0,648000000.0,648000000.0,-8000000.0,0.0,0.067,1842000000.0,868000000.0,776000000.0,0.255,3.048,16.962,17.066,2147000000.0,0.0,36.18,1.132,1.141,1612000000.0,2112000000.0,9712000000.0,9712000000.0,259000000.0,0.075,0.196,0.165,0.088,0.0,1583000000.0,1.0,303800000.0,306200000.0,314200000.0,31.718,5998000000.0,885000000.0,128000000.0,283000000.0,19.589,915000000.0
67,ETN,MRT,2004-09-30,2004-09-30,2004-09-30,2021-08-03,0.0,8883000000.0,8463500000.0,3225000000.0,5658000000.0,1.095,11.027,-295000000.0,83000000.0,83000000.0,6688000000.0,579000000.0,1.278,1.636,1941000000.0,294000000.0,1647000000.0,1941000000.0,0.0,394000000.0,0.0,0.017,0.525,809000000.0,1203000000.0,0.13,1203000000.0,809000000.0,732000000.0,1.9,1.85,1.9,3370000000.0,3178500000.0,3370000000.0,11427615000.0,14.0,9.499,639000000.0,2.091,1.0,2579000000.0,0.278,3064000000.0,77000000.0,5153000000.0,5160500000.0,930000000.0,267000000.0,267000000.0,0.0,5513000000.0,2524000000.0,2989000000.0,9606615000.0,11000000.0,-623000000.0,-124000000.0,-3000000.0,-158000000.0,-285000000.0,-638000000.0,268000000.0,934000000.0,0.0,579000000.0,579000000.0,579000000.0,0.0,0.0,0.062,1763000000.0,816000000.0,761000000.0,0.276,2.851,16.592,16.687,2057000000.0,0.0,31.705,1.037,1.046,1649000000.0,,9267000000.0,9267000000.0,251000000.0,0.068,0.182,0.157,0.087,0.0,1512000000.0,1.0,303000000.0,305600000.0,313800000.0,30.324,5819000000.0,833000000.0,153000000.0,295000000.0,19.041,701000000.0
68,ETN,MRT,2004-06-30,2004-06-30,2004-06-30,2021-08-03,0.0,8555000000.0,8218500000.0,3073000000.0,5482000000.0,1.065,10.467,-293000000.0,86000000.0,86000000.0,6331000000.0,516000000.0,1.251,1.687,1907000000.0,293000000.0,1614000000.0,1907000000.0,0.0,391000000.0,0.0,0.016,0.51,740000000.0,1131000000.0,0.129,1131000000.0,740000000.0,663000000.0,1.69,1.65,1.69,3184000000.0,3071750000.0,3184000000.0,11646844000.0,16.0,10.298,683000000.0,2.245,1.0,2419000000.0,0.276,3035000000.0,77000000.0,4885000000.0,5241000000.0,877000000.0,203000000.0,203000000.0,0.0,5371000000.0,2456000000.0,2915000000.0,9749844000.0,-1000000.0,-576000000.0,-84000000.0,-33000000.0,-154000000.0,-271000000.0,-706000000.0,151000000.0,976000000.0,0.0,516000000.0,516000000.0,516000000.0,0.0,0.0,0.059,1669000000.0,750000000.0,821000000.0,0.302,3.062,18.895,19.154,2059000000.0,0.0,32.37,1.114,1.125,1579000000.0,,8750000000.0,8750000000.0,236000000.0,0.063,0.168,0.141,0.085,0.0,1433000000.0,1.0,301200000.0,304200000.0,312400000.0,28.764,5520000000.0,716000000.0,147000000.0,268000000.0,18.146,617000000.0
69,ETN,MRT,2004-03-31,2004-03-31,2004-03-31,2021-08-03,0.0,8193000000.0,7993750000.0,3059000000.0,5134000000.0,1.048,9.938,-279000000.0,65000000.0,65000000.0,6103000000.0,448000000.0,1.383,1.692,1962000000.0,300000000.0,1662000000.0,1962000000.0,0.0,396000000.0,0.0,0.017,0.485,664000000.0,1060000000.0,0.127,1060000000.0,664000000.0,582000000.0,1.48,1.455,1.48,3043000000.0,2977250000.0,3043000000.0,10542803598.0,16.0,9.946,626000000.0,2.044,1.0,2271000000.0,0.271,2627000000.0,82000000.0,5251000000.0,5367250000.0,751000000.0,514000000.0,514000000.0,0.0,5150000000.0,2212000000.0,2938000000.0,8650803598.0,6000000.0,-49000000.0,208000000.0,-168000000.0,-144000000.0,-104000000.0,-795000000.0,-459000000.0,905000000.0,0.0,448000000.0,448000000.0,448000000.0,0.0,0.0,0.053,1611000000.0,660000000.0,630000000.0,0.328,2.843,19.31,18.983,2030000000.0,0.0,28.095,1.033,1.027,1399000000.0,,8374000000.0,8374000000.0,228000000.0,0.056,0.15,0.124,0.079,0.0,1383000000.0,1.0,307912568.0,306200000.0,314200000.0,27.348,5566000000.0,807000000.0,134000000.0,295000000.0,18.178,847000000.0
70,ETN,MRT,2003-12-31,2003-12-31,2003-12-31,2021-08-03,-585000000.0,8223000000.0,7761000000.0,3093000000.0,5130000000.0,1.039,10.538,-273000000.0,61000000.0,61000000.0,5897000000.0,386000000.0,1.455,1.638,1953000000.0,302000000.0,1651000000.0,1953000000.0,0.0,394000000.0,0.0,0.017,0.46,595000000.0,989000000.0,0.123,989000000.0,595000000.0,508000000.0,1.305,1.28,1.305,3117000000.0,2811500000.0,3117000000.0,10076480000.0,17.0,10.189,601000000.0,2.032,1.0,2164000000.0,0.268,2636000000.0,87000000.0,5353000000.0,5317000000.0,721000000.0,804000000.0,804000000.0,0.0,5106000000.0,2126000000.0,2980000000.0,8206480000.0,-14000000.0,-252000000.0,409000000.0,-194000000.0,-134000000.0,81000000.0,-969000000.0,-436000000.0,874000000.0,0.0,386000000.0,386000000.0,386000000.0,0.0,0.0,0.048,1574000000.0,590000000.0,526000000.0,0.352,2.633,21.26,20.686,2076000000.0,0.0,26.995,1.018,0.991,1190000000.0,1816000000.0,8061000000.0,8061000000.0,223000000.0,0.05,0.137,0.112,0.074,0.0,1351000000.0,1.0,304000000.0,295800000.0,301000000.0,27.252,5587000000.0,610000000.0,122000000.0,298000000.0,18.888,967000000.0
71,ETN,MRT,2003-09-30,2003-09-30,2003-09-30,2021-08-03,0.0,7903000000.0,7489750000.0,2949000000.0,4954000000.0,1.035,9.694,-266000000.0,72000000.0,72000000.0,5698000000.0,339000000.0,1.646,1.685,1942000000.0,41000000.0,1901000000.0,1942000000.0,0.0,393000000.0,0.0,0.02,0.45,547000000.0,940000000.0,0.121,940000000.0,547000000.0,455000000.0,1.163,1.15,1.163,2943000000.0,2607750000.0,2943000000.0,8534362000.0,16.0,9.079,508000000.0,1.673,1.0,2055000000.0,0.265,2506000000.0,92000000.0,5475000000.0,5228000000.0,735000000.0,522000000.0,522000000.0,0.0,4960000000.0,1792000000.0,3168000000.0,6655362000.0,-17000000.0,-401000000.0,384000000.0,-166000000.0,-129000000.0,89000000.0,-880000000.0,-220000000.0,774000000.0,0.0,339000000.0,339000000.0,339000000.0,0.0,0.0,0.044,1510000000.0,545000000.0,504000000.0,0.387,2.261,19.632,19.05,2059000000.0,0.0,22.155,0.858,0.868,1314000000.0,,7753000000.0,7753000000.0,215000000.0,0.045,0.13,0.105,0.071,0.0,1295000000.0,1.0,300400000.0,303600000.0,309000000.0,25.537,5397000000.0,695000000.0,116000000.0,912000000.0,17.777,1157000000.0
72,ETN,MRT,2003-06-30,2003-06-30,2003-06-30,2021-08-03,0.0,7656000000.0,7381500000.0,2746000000.0,4910000000.0,1.024,9.676,-251000000.0,87000000.0,87000000.0,5535000000.0,325000000.0,1.632,1.728,1966000000.0,53000000.0,1913000000.0,1966000000.0,0.0,390000000.0,0.0,0.022,0.44,543000000.0,933000000.0,0.123,933000000.0,543000000.0,445000000.0,1.143,1.13,1.143,2806000000.0,2523250000.0,2806000000.0,7593449000.0,14.0,8.139,589000000.0,2.031,1.0,2022000000.0,0.268,2462000000.0,98000000.0,5390000000.0,5084500000.0,753000000.0,342000000.0,342000000.0,0.0,4850000000.0,1683000000.0,3167000000.0,5573449000.0,23000000.0,-277000000.0,332000000.0,-417000000.0,-124000000.0,-209000000.0,-608000000.0,-76000000.0,840000000.0,0.0,325000000.0,325000000.0,325000000.0,0.0,0.0,0.043,1479000000.0,543000000.0,473000000.0,0.385,1.986,17.149,17.194,2071000000.0,0.0,19.652,0.738,0.754,1269000000.0,,7557000000.0,7557000000.0,209000000.0,0.044,0.129,0.107,0.072,0.0,1270000000.0,1.0,283600000.0,290000000.0,294000000.0,26.059,5194000000.0,295000000.0,120000000.0,853000000.0,17.91,1063000000.0
73,ETN,MRT,2003-03-31,2003-03-31,2003-03-31,2021-08-03,0.0,7262000000.0,7381250000.0,2409000000.0,4853000000.0,1.004,8.363,-231000000.0,59000000.0,59000000.0,5401000000.0,320000000.0,1.344,2.051,2079000000.0,205000000.0,1874000000.0,2079000000.0,0.0,379000000.0,0.0,0.025,0.44,551000000.0,930000000.0,0.125,930000000.0,551000000.0,450000000.0,1.133,1.113,1.133,2380000000.0,2467000000.0,2380000000.0,6964057782.0,13.0,7.488,582000000.0,2.045,1.0,2010000000.0,0.271,2440000000.0,101000000.0,5050000000.0,5056250000.0,777000000.0,43000000.0,43000000.0,0.0,4882000000.0,1792000000.0,3090000000.0,4951057782.0,-35000000.0,-280000000.0,27000000.0,-384000000.0,-124000000.0,-481000000.0,-367000000.0,147000000.0,813000000.0,0.0,320000000.0,320000000.0,320000000.0,0.0,0.0,0.043,1439000000.0,571000000.0,473000000.0,0.388,2.08,15.472,15.435,2047000000.0,0.0,17.488,0.668,0.672,1231000000.0,,7411000000.0,7411000000.0,203000000.0,0.043,0.13,0.109,0.074,0.0,1236000000.0,1.0,283119816.0,284600000.0,288400000.0,26.04,4822000000.0,299000000.0,130000000.0,804000000.0,16.943,617000000.0
74,ETN,MRT,2002-12-31,2002-12-31,2002-12-31,2021-08-03,-699000000.0,7138000000.0,7453250000.0,2457000000.0,4681000000.0,0.967,8.152,-228000000.0,75000000.0,75000000.0,5272000000.0,281000000.0,1.417,2.101,2088000000.0,201000000.0,1887000000.0,2088000000.0,0.0,376000000.0,0.0,0.023,0.44,503000000.0,879000000.0,0.122,879000000.0,503000000.0,399000000.0,0.995,0.98,0.995,2302000000.0,2498750000.0,2302000000.0,7159755000.0,14.0,8.145,672000000.0,2.38,1.0,1937000000.0,0.269,2420000000.0,104000000.0,4997000000.0,5175500000.0,698000000.0,353000000.0,353000000.0,0.0,4836000000.0,1734000000.0,3102000000.0,5506755000.0,-37000000.0,-61000000.0,45000000.0,-444000000.0,-123000000.0,-522000000.0,-415000000.0,-135000000.0,900000000.0,0.0,281000000.0,281000000.0,281000000.0,0.0,0.0,0.039,1420000000.0,517000000.0,488000000.0,0.442,2.392,19.597,19.626,1955000000.0,0.0,19.527,0.764,0.765,1032000000.0,1568000000.0,7209000000.0,7209000000.0,203000000.0,0.038,0.112,0.097,0.07,0.0,1217000000.0,1.0,282000000.0,282400000.0,286800000.0,25.528,4718000000.0,487000000.0,118000000.0,225000000.0,16.707,723000000.0
75,ETN,MRT,2002-09-30,2002-09-30,2002-09-30,2021-08-03,0.0,7470000000.0,7580250000.0,2463000000.0,5007000000.0,0.94,9.198,-231000000.0,379000000.0,379000000.0,5246000000.0,244000000.0,1.35,1.868,2032000000.0,199000000.0,1833000000.0,2032000000.0,0.0,369000000.0,0.0,0.028,0.44,455000000.0,824000000.0,0.116,824000000.0,455000000.0,346000000.0,0.868,0.852,0.868,2605000000.0,2542000000.0,2605000000.0,6449670000.0,14.0,7.827,682000000.0,2.408,1.0,1883000000.0,0.264,2398000000.0,109000000.0,4901000000.0,5393750000.0,634000000.0,0.0,0.0,0.0,4865000000.0,1824000000.0,3041000000.0,4493670000.0,-11000000.0,82000000.0,52000000.0,-548000000.0,-122000000.0,-618000000.0,-306000000.0,-161000000.0,913000000.0,0.0,244000000.0,244000000.0,244000000.0,0.0,0.0,0.034,1420000000.0,463000000.0,368000000.0,0.507,1.725,18.417,18.358,1898000000.0,0.0,15.935,0.63,0.633,1139000000.0,,7129000000.0,7129000000.0,207000000.0,0.032,0.096,0.084,0.064,0.0,1213000000.0,1.0,282000000.0,283200000.0,287600000.0,25.173,5072000000.0,311000000.0,102000000.0,855000000.0,17.91,639000000.0
76,ETN,MRT,2002-06-30,2002-06-30,2002-06-30,2021-08-03,0.0,7655000000.0,7686000000.0,2500000000.0,5155000000.0,0.917,9.127,-243000000.0,322000000.0,322000000.0,5256000000.0,191000000.0,1.323,1.966,2278000000.0,344000000.0,1934000000.0,2278000000.0,0.0,363000000.0,0.0,0.024,0.44,391000000.0,754000000.0,0.107,754000000.0,391000000.0,275000000.0,0.683,0.67,0.683,2581000000.0,2504250000.0,2581000000.0,7186050000.0,18.0,9.531,536000000.0,1.895,1.0,1793000000.0,0.254,2444000000.0,116000000.0,5277000000.0,5636500000.0,669000000.0,0.0,0.0,0.0,5074000000.0,1890000000.0,3184000000.0,5107050000.0,-41000000.0,70000000.0,44000000.0,-450000000.0,-121000000.0,-527000000.0,-293000000.0,-137000000.0,779000000.0,0.0,191000000.0,191000000.0,191000000.0,0.0,0.0,0.027,1423000000.0,370000000.0,374000000.0,0.644,1.979,26.738,26.629,1974000000.0,0.0,18.188,0.725,0.73,1171000000.0,,7049000000.0,7049000000.0,212000000.0,0.025,0.076,0.069,0.055,0.0,1211000000.0,1.0,280800000.0,282800000.0,288400000.0,24.926,5211000000.0,338000000.0,84000000.0,855000000.0,18.426,610000000.0
77,ETN,MRT,2002-03-31,2002-03-31,2002-03-31,2021-08-03,0.0,7550000000.0,7739000000.0,2371000000.0,5179000000.0,0.91,8.941,-272000000.0,262000000.0,262000000.0,5292000000.0,152000000.0,1.421,2.012,2341000000.0,197000000.0,2144000000.0,2341000000.0,0.0,360000000.0,0.0,0.022,0.44,349000000.0,709000000.0,0.101,709000000.0,349000000.0,222000000.0,0.548,0.54,0.548,2507000000.0,2473500000.0,2507000000.0,7969666943.0,23.0,11.241,467000000.0,1.665,1.0,1747000000.0,0.248,2433000000.0,127000000.0,5527000000.0,5859000000.0,668000000.0,0.0,0.0,0.0,5043000000.0,1669000000.0,3374000000.0,5641666943.0,-26000000.0,113000000.0,53000000.0,-639000000.0,-120000000.0,-717000000.0,-48000000.0,90000000.0,739000000.0,0.0,152000000.0,152000000.0,152000000.0,0.0,0.0,0.022,1424000000.0,323000000.0,356000000.0,0.803,2.25,37.116,36.943,1999000000.0,0.0,20.245,0.801,0.806,1096000000.0,,7039000000.0,7039000000.0,215000000.0,0.02,0.061,0.06,0.05,0.0,1209000000.0,1.0,278669644.0,280400000.0,284800000.0,25.103,5117000000.0,345000000.0,70000000.0,815000000.0,18.249,702000000.0
78,ETN,MRT,2001-12-31,2001-12-31,2001-12-31,2021-08-03,-299000000.0,7646000000.0,7899750000.0,2387000000.0,5259000000.0,0.924,8.916,-295000000.0,112000000.0,112000000.0,5503000000.0,169000000.0,1.43,2.089,2440000000.0,188000000.0,2252000000.0,2440000000.0,0.0,355000000.0,0.0,0.024,0.44,420000000.0,775000000.0,0.106,775000000.0,420000000.0,278000000.0,0.61,0.6,0.61,2475000000.0,2453500000.0,2475000000.0,7461613000.0,18.0,9.628,470000000.0,1.693,1.0,1796000000.0,0.246,2435000000.0,142000000.0,5870000000.0,6034000000.0,681000000.0,199000000.0,199000000.0,0.0,5171000000.0,1669000000.0,3502000000.0,5156613000.0,30000000.0,368000000.0,25000000.0,-581000000.0,-120000000.0,-676000000.0,-59000000.0,-154000000.0,765000000.0,0.0,169000000.0,169000000.0,169000000.0,0.0,0.0,0.023,1448000000.0,348000000.0,418000000.0,0.721,2.083,30.513,30.496,2050000000.0,0.0,18.602,0.706,0.708,1070000000.0,1447000000.0,7299000000.0,7299000000.0,228000000.0,0.021,0.069,0.07,0.058,0.0,1220000000.0,1.0,277200000.0,277600000.0,282000000.0,26.293,5211000000.0,153000000.0,109000000.0,838000000.0,18.772,718000000.0
79,ETN,MRT,2001-09-30,2001-09-30,2001-09-30,2021-08-03,0.0,7893000000.0,8033250000.0,2587000000.0,5306000000.0,0.94,8.815,-360000000.0,211000000.0,211000000.0,5678000000.0,223000000.0,1.376,2.216,2516000000.0,189000000.0,2327000000.0,2516000000.0,0.0,363000000.0,0.0,0.03,0.44,509000000.0,872000000.0,0.115,872000000.0,509000000.0,350000000.0,0.81,0.8,0.81,2454000000.0,2437250000.0,2454000000.0,6551174000.0,13.0,7.513,310000000.0,1.114,1.0,1874000000.0,0.248,2446000000.0,159000000.0,5872000000.0,6169750000.0,739000000.0,0.0,0.0,0.0,5439000000.0,1880000000.0,3559000000.0,4109174000.0,76000000.0,414000000.0,-111000000.0,-348000000.0,-121000000.0,-580000000.0,-6000000.0,-61000000.0,670000000.0,0.0,223000000.0,223000000.0,223000000.0,-26000000.0,0.0,0.03,1484000000.0,390000000.0,329000000.0,0.543,1.674,18.427,18.275,2055000000.0,0.0,14.803,0.544,0.546,1171000000.0,,7552000000.0,7552000000.0,240000000.0,0.028,0.091,0.082,0.067,0.0,1244000000.0,1.0,277600000.0,278400000.0,283600000.0,27.126,5447000000.0,1271000000.0,127000000.0,932000000.0,19.565,707000000.0
80,ETN,MRT,2001-06-30,2001-06-30,2001-06-30,2021-08-03,0.0,7867000000.0,8231000000.0,2539000000.0,5328000000.0,0.949,8.854,-377000000.0,207000000.0,207000000.0,5844000000.0,276000000.0,1.522,2.201,2649000000.0,105000000.0,2544000000.0,2649000000.0,0.0,364000000.0,0.0,0.025,0.44,586000000.0,950000000.0,0.122,950000000.0,586000000.0,418000000.0,0.987,0.978,0.987,2458000000.0,2541750000.0,2458000000.0,7432890000.0,13.0,7.824,253000000.0,0.911,1.0,1966000000.0,0.252,2474000000.0,168000000.0,6167000000.0,6357250000.0,781000000.0,0.0,0.0,0.0,5409000000.0,1668000000.0,3741000000.0,4829890000.0,31000000.0,602000000.0,-289000000.0,-237000000.0,-123000000.0,-655000000.0,139000000.0,-72000000.0,630000000.0,0.0,276000000.0,276000000.0,276000000.0,-50000000.0,0.0,0.035,1501000000.0,465000000.0,332000000.0,0.446,1.965,17.5,17.756,2105000000.0,0.0,17.525,0.618,0.623,1215000000.0,,7810000000.0,7810000000.0,252000000.0,0.034,0.109,0.092,0.075,0.0,1249000000.0,1.0,275600000.0,277600000.0,282800000.0,28.134,5393000000.0,1085000000.0,142000000.0,800000000.0,19.427,871000000.0
81,ETN,MRT,2001-03-31,2001-03-31,2001-03-31,2021-08-03,0.0,8193000000.0,8417750000.0,2828000000.0,5365000000.0,0.963,8.793,-384000000.0,377000000.0,377000000.0,6008000000.0,372000000.0,1.364,2.376,2980000000.0,482000000.0,2498000000.0,2980000000.0,0.0,361000000.0,0.0,0.026,0.44,727000000.0,1088000000.0,0.134,1088000000.0,727000000.0,552000000.0,1.31,1.295,1.31,2427000000.0,2619250000.0,2427000000.0,7610877471.0,10.0,6.995,296000000.0,1.072,1.0,2100000000.0,0.259,2495000000.0,175000000.0,6227000000.0,6476000000.0,840000000.0,0.0,0.0,0.0,5766000000.0,2074000000.0,3692000000.0,4688877471.0,55000000.0,590000000.0,-314000000.0,-48000000.0,-125000000.0,-476000000.0,-48000000.0,-221000000.0,680000000.0,0.0,372000000.0,372000000.0,372000000.0,-72000000.0,0.0,0.046,1549000000.0,551000000.0,460000000.0,0.336,1.932,12.605,13.073,2130000000.0,0.0,17.125,0.578,0.583,1272000000.0,,8108000000.0,8108000000.0,269000000.0,0.044,0.142,0.112,0.09,0.0,1280000000.0,1.0,273803064.0,276000000.0,280400000.0,29.377,5698000000.0,1079000000.0,180000000.0,790000000.0,20.645,754000000.0
82,ETN,MRT,2000-12-31,2000-12-31,2000-12-31,2021-08-03,-267000000.0,8180000000.0,8520000000.0,2571000000.0,5609000000.0,0.975,8.391,-386000000.0,82000000.0,82000000.0,6092000000.0,453000000.0,1.22,2.394,3004000000.0,557000000.0,2447000000.0,3004000000.0,0.0,364000000.0,0.0,0.023,0.44,819000000.0,1183000000.0,0.142,1183000000.0,819000000.0,642000000.0,1.577,1.56,1.577,2410000000.0,2678250000.0,2410000000.0,7880300000.0,10.0,6.661,133000000.0,0.463,1.0,2217000000.0,0.267,2582000000.0,177000000.0,6413000000.0,6488750000.0,872000000.0,44000000.0,44000000.0,0.0,5770000000.0,2107000000.0,3663000000.0,5263300000.0,3000000.0,356000000.0,-406000000.0,145000000.0,-127000000.0,-388000000.0,-24000000.0,40000000.0,519000000.0,0.0,453000000.0,453000000.0,453000000.0,-90000000.0,0.0,0.055,1568000000.0,649000000.0,396000000.0,0.279,2.184,11.619,11.92,2274000000.0,0.0,18.797,0.633,0.65,1219000000.0,1410000000.0,8309000000.0,8309000000.0,269000000.0,0.053,0.169,0.126,0.099,0.0,1299000000.0,1.0,280000000.0,287200000.0,290400000.0,28.931,5598000000.0,147000000.0,189000000.0,729000000.0,19.492,464000000.0
83,ETN,MRT,2000-09-30,2000-09-30,2000-09-30,2021-08-03,0.0,8684000000.0,8560500000.0,,,0.955,9.972,-396000000.0,201000000.0,201000000.0,6002000000.0,593000000.0,,2.024,2818000000.0,371000000.0,2447000000.0,2818000000.0,0.0,277000000.0,0.0,0.029,0.44,1064000000.0,1341000000.0,0.164,1341000000.0,1064000000.0,893000000.0,2.037,2.005,2.037,2872000000.0,2731750000.0,2872000000.0,7262827000.0,7.0,5.416,203000000.0,0.705,1.0,2176000000.0,0.266,2631000000.0,171000000.0,6622000000.0,6417750000.0,981000000.0,0.0,,,5812000000.0,2048000000.0,3764000000.0,4492827000.0,-8000000.0,853000000.0,-252000000.0,-288000000.0,-128000000.0,-690000000.0,231000000.0,-18000000.0,599000000.0,0.0,593000000.0,593000000.0,593000000.0,-78000000.0,0.0,0.073,1487000000.0,689000000.0,452000000.0,0.216,1.564,7.576,7.564,2276000000.0,0.0,15.408,0.549,0.543,1356000000.0,,8178000000.0,8178000000.0,238000000.0,0.069,0.217,0.166,0.13,0.0,1249000000.0,1.0,291600000.0,288000000.0,291200000.0,28.396,6053000000.0,1239000000.0,300000000.0,848000000.0,21.017,
84,ETN,MRT,2000-06-30,2000-06-30,2000-06-30,2021-08-03,0.0,8614000000.0,8481750000.0,2966000000.0,5648000000.0,0.99,9.454,-445000000.0,145000000.0,145000000.0,6122000000.0,684000000.0,1.389,2.112,2915000000.0,425000000.0,2490000000.0,2915000000.0,0.0,310000000.0,0.0,0.026,0.44,1226000000.0,1536000000.0,0.183,1536000000.0,1226000000.0,1050000000.0,2.345,2.3,2.345,2768000000.0,2626250000.0,2768000000.0,7800900000.0,6.0,5.079,302000000.0,1.031,1.0,2275000000.0,0.271,2607000000.0,176000000.0,6642000000.0,6307750000.0,965000000.0,0.0,0.0,0.0,5846000000.0,2135000000.0,3711000000.0,4870900000.0,51000000.0,577000000.0,80000000.0,-663000000.0,-129000000.0,-717000000.0,94000000.0,18000000.0,747000000.0,0.0,684000000.0,684000000.0,684000000.0,-54000000.0,0.0,0.081,1545000000.0,730000000.0,526000000.0,0.188,1.76,7.121,7.143,2285000000.0,0.0,16.75,0.58,0.584,1426000000.0,,8397000000.0,8397000000.0,252000000.0,0.081,0.26,0.194,0.146,0.0,1293000000.0,1.0,290800000.0,292800000.0,296400000.0,28.678,6007000000.0,1186000000.0,366000000.0,728000000.0,20.516,831000000.0
85,ETN,MRT,2000-03-31,2000-03-31,2000-03-31,2021-08-03,0.0,8602000000.0,8413500000.0,2920000000.0,5682000000.0,1.014,9.132,-468000000.0,101000000.0,101000000.0,6201000000.0,664000000.0,1.113,2.23,3031000000.0,927000000.0,2104000000.0,3031000000.0,0.0,339000000.0,0.0,0.023,0.44,1203000000.0,1542000000.0,0.181,1542000000.0,1203000000.0,1028000000.0,2.282,2.237,2.282,2663000000.0,2465500000.0,2663000000.0,8475908528.0,7.0,5.497,195000000.0,0.669,1.0,2327000000.0,0.273,2630000000.0,175000000.0,6278000000.0,6237000000.0,975000000.0,0.0,0.0,0.0,5939000000.0,2624000000.0,3315000000.0,5671908528.0,48000000.0,-1026000000.0,80000000.0,1013000000.0,-128000000.0,972000000.0,-1532000000.0,15000000.0,663000000.0,0.0,664000000.0,664000000.0,664000000.0,-32000000.0,0.0,0.078,1572000000.0,755000000.0,1697000000.0,0.193,2.13,8.542,8.545,2320000000.0,0.0,19.5,0.665,0.667,1406000000.0,,8528000000.0,8528000000.0,259000000.0,0.079,0.269,0.193,0.141,0.0,1313000000.0,1.0,290867104.0,291600000.0,295200000.0,29.246,5972000000.0,1170000000.0,364000000.0,540000000.0,20.48,296000000.0
86,ETN,MRT,1999-12-31,1999-12-31,1999-12-31,2021-08-03,-220000000.0,8342000000.0,7679000000.0,2552000000.0,5790000000.0,1.042,9.048,-480000000.0,79000000.0,79000000.0,5792000000.0,617000000.0,0.994,2.179,2885000000.0,970000000.0,1915000000.0,2885000000.0,0.0,332000000.0,0.0,0.024,0.44,1109000000.0,1441000000.0,0.18,1441000000.0,1109000000.0,957000000.0,2.127,2.09,2.127,2624000000.0,2304250000.0,2624000000.0,8421568000.0,8.0,5.844,228000000.0,0.786,1.0,2213000000.0,0.276,2451000000.0,152000000.0,6129000000.0,5826500000.0,876000000.0,83000000.0,83000000.0,0.0,5718000000.0,2568000000.0,3150000000.0,5345568000.0,2000000.0,-1058000000.0,176000000.0,919000000.0,-128000000.0,967000000.0,-1621000000.0,-34000000.0,708000000.0,0.0,617000000.0,617000000.0,617000000.0,-14000000.0,0.0,0.077,1510000000.0,703000000.0,487000000.0,0.207,2.037,8.664,8.537,2294000000.0,0.0,18.157,0.668,0.658,1165000000.0,1804000000.0,8005000000.0,8005000000.0,262000000.0,0.08,0.268,0.19,0.139,0.0,1248000000.0,1.0,294400000.0,290000000.0,294800000.0,27.603,5891000000.0,875000000.0,340000000.0,824000000.0,20.314,-16000000.0
87,ETN,MRT,1999-09-30,1999-09-30,1999-09-30,2021-08-03,0.0,8369000000.0,7009750000.0,2773000000.0,5596000000.0,1.074,8.367,-510000000.0,71000000.0,71000000.0,5356000000.0,465000000.0,0.984,2.416,3147000000.0,1201000000.0,1946000000.0,3147000000.0,0.0,332000000.0,0.0,0.02,0.44,868000000.0,1200000000.0,0.159,1200000000.0,868000000.0,735000000.0,1.615,1.587,1.615,2450000000.0,2162500000.0,2450000000.0,9773582000.0,11.0,8.145,270000000.0,0.922,1.0,2171000000.0,0.288,2446000000.0,133000000.0,6182000000.0,5382750000.0,950000000.0,0.0,0.0,0.0,5919000000.0,2817000000.0,3102000000.0,6231582000.0,-14000000.0,-1601000000.0,147000000.0,1119000000.0,-128000000.0,1143000000.0,-1956000000.0,15000000.0,780000000.0,0.0,465000000.0,465000000.0,465000000.0,81000000.0,0.0,0.062,1411000000.0,760000000.0,1616000000.0,0.272,2.544,13.401,13.361,2405000000.0,0.0,21.578,0.828,0.839,1400000000.0,,7527000000.0,7527000000.0,233000000.0,0.066,0.215,0.161,0.115,0.0,1178000000.0,1.0,288800000.0,292800000.0,299600000.0,25.707,5923000000.0,1097000000.0,270000000.0,493000000.0,20.229,-44000000.0
88,ETN,MRT,1999-06-30,1999-06-30,1999-06-30,2021-08-03,0.0,8341000000.0,6290750000.0,,,1.1,7.409,-501000000.0,44000000.0,44000000.0,4936000000.0,339000000.0,,2.925,3586000000.0,1578000000.0,2008000000.0,3586000000.0,0.0,292000000.0,0.0,0.019,0.44,637000000.0,929000000.0,0.134,929000000.0,637000000.0,528000000.0,1.19,1.172,1.19,2125000000.0,2052000000.0,2125000000.0,8171600000.0,13.0,8.796,201000000.0,0.701,1.0,1984000000.0,0.287,2463000000.0,109000000.0,6359000000.0,4937750000.0,982000000.0,0.0,,,6216000000.0,3061000000.0,3155000000.0,6605600000.0,-20000000.0,-1615000000.0,-2000000.0,1576000000.0,-126000000.0,1443000000.0,-2184000000.0,0.0,702000000.0,0.0,339000000.0,339000000.0,339000000.0,81000000.0,0.0,0.049,1312000000.0,672000000.0,1483000000.0,0.37,3.109,19.486,19.328,2393000000.0,0.0,23.0,0.955,0.953,1429000000.0,,6920000000.0,6920000000.0,236000000.0,0.054,0.165,0.129,0.092,0.0,1076000000.0,1.0,287200000.0,286800000.0,291200000.0,24.128,5878000000.0,1030000000.0,189000000.0,0.0,20.495,
89,ETN,MRT,1999-03-31,1999-03-31,1999-03-31,2021-08-03,0.0,5664000000.0,5531000000.0,2062000000.0,3602000000.0,1.145,7.086,-487000000.0,20000000.0,20000000.0,4493000000.0,328000000.0,1.306,1.807,1586000000.0,398000000.0,1188000000.0,1586000000.0,0.0,259000000.0,0.0,0.025,0.44,591000000.0,850000000.0,0.134,850000000.0,591000000.0,503000000.0,1.155,1.137,1.155,2018000000.0,2008750000.0,2018000000.0,6572334854.0,11.0,7.732,128000000.0,0.449,1.0,1839000000.0,0.29,1015000000.0,88000000.0,4636000000.0,4438500000.0,714000000.0,20000000.0,20000000.0,0.0,3646000000.0,1579000000.0,2067000000.0,5128334854.0,-28000000.0,29000000.0,-11000000.0,4000000.0,-126000000.0,-152000000.0,-510000000.0,0.0,615000000.0,0.0,328000000.0,328000000.0,328000000.0,81000000.0,0.0,0.052,1227000000.0,612000000.0,1181000000.0,0.381,2.541,15.635,15.476,1781000000.0,0.0,17.875,0.81,0.804,1018000000.0,,6332000000.0,6332000000.0,241000000.0,0.059,0.163,0.133,0.093,0.0,986000000.0,1.0,286899852.0,284800000.0,288800000.0,22.233,4649000000.0,1096000000.0,175000000.0,0.0,16.324,483000000.0
90,ETN,MRT,1998-12-31,1998-12-31,1998-12-31,2021-08-03,-110000000.0,5665000000.0,5445750000.0,1982000000.0,3683000000.0,1.168,7.202,-468000000.0,80000000.0,80000000.0,4528000000.0,349000000.0,1.307,1.754,1524000000.0,333000000.0,1191000000.0,1524000000.0,0.0,254000000.0,0.0,0.025,0.44,623000000.0,877000000.0,0.138,877000000.0,623000000.0,535000000.0,1.222,1.2,1.222,2057000000.0,1973250000.0,2057000000.0,6590266000.0,11.0,7.515,155000000.0,0.543,1.0,1830000000.0,0.288,1239000000.0,88000000.0,4354000000.0,4373500000.0,707000000.0,42000000.0,42000000.0,0.0,3608000000.0,1516000000.0,2092000000.0,5047266000.0,25000000.0,258000000.0,-349000000.0,124000000.0,-126000000.0,-351000000.0,-266000000.0,0.0,623000000.0,0.0,349000000.0,349000000.0,349000000.0,81000000.0,0.0,0.055,1226000000.0,604000000.0,445000000.0,0.36,2.454,14.462,14.462,1837000000.0,0.0,17.672,0.794,0.794,885000000.0,1321000000.0,6358000000.0,6358000000.0,252000000.0,0.064,0.177,0.142,0.098,0.0,974000000.0,1.0,285600000.0,285600000.0,290800000.0,22.262,4426000000.0,759000000.0,186000000.0,418000000.0,15.497,466000000.0
91,ETN,MRT,1998-09-30,1998-09-30,1998-09-30,2021-08-03,0.0,5493000000.0,5431000000.0,2061000000.0,3432000000.0,1.28,7.06,-447000000.0,47000000.0,47000000.0,4987000000.0,406000000.0,1.303,1.736,1590000000.0,396000000.0,1194000000.0,1590000000.0,0.0,337000000.0,0.0,0.028,0.44,676000000.0,1013000000.0,0.146,1013000000.0,676000000.0,587000000.0,1.39,1.363,1.39,2008000000.0,1976750000.0,2008000000.0,6003066000.0,9.0,5.926,115000000.0,0.404,1.0,1966000000.0,0.283,1052000000.0,89000000.0,4402000000.0,4436500000.0,687000000.0,44000000.0,44000000.0,0.0,3485000000.0,1582000000.0,1903000000.0,4476066000.0,23000000.0,584000000.0,-632000000.0,66000000.0,-128000000.0,-641000000.0,102000000.0,34000000.0,562000000.0,0.0,406000000.0,406000000.0,406000000.0,0.0,0.0,0.058,1394000000.0,572000000.0,1186000000.0,0.317,2.229,11.025,11.275,1712000000.0,0.0,15.672,0.644,0.641,1001000000.0,,6953000000.0,6953000000.0,333000000.0,0.075,0.205,0.152,0.097,0.0,1061000000.0,1.0,285600000.0,284400000.0,289200000.0,24.448,4441000000.0,950000000.0,181000000.0,0.0,15.615,479000000.0
92,ETN,MRT,1998-06-30,1998-06-30,1998-06-30,2021-08-03,0.0,5302000000.0,,2020000000.0,3282000000.0,,6.864,-436000000.0,44000000.0,44000000.0,5185000000.0,402000000.0,1.393,1.716,1571000000.0,379000000.0,1192000000.0,1571000000.0,0.0,340000000.0,0.0,0.023,0.44,689000000.0,1029000000.0,0.142,1029000000.0,689000000.0,603000000.0,1.36,1.335,1.36,1952000000.0,,1952000000.0,7084350000.0,10.0,6.885,179000000.0,0.629,1.0,2079000000.0,0.286,1017000000.0,86000000.0,4362000000.0,,684000000.0,18000000.0,18000000.0,0.0,3350000000.0,1450000000.0,1900000000.0,5551350000.0,21000000.0,222000000.0,-655000000.0,391000000.0,-131000000.0,-343000000.0,-251000000.0,0.0,615000000.0,0.0,402000000.0,402000000.0,402000000.0,0.0,0.0,0.055,1500000000.0,579000000.0,1071000000.0,0.324,2.844,13.809,14.292,1616000000.0,0.0,19.438,0.764,0.761,999000000.0,,7264000000.0,7264000000.0,329000000.0,,,,0.095,0.0,1086000000.0,1.0,285600000.0,284400000.0,291200000.0,25.541,4285000000.0,924000000.0,201000000.0,0.0,15.067,570000000.0
93,ETN,MRT,1998-03-31,1998-03-31,1998-03-31,2021-08-03,0.0,5323000000.0,,2034000000.0,3289000000.0,,6.514,-449000000.0,46000000.0,46000000.0,5356000000.0,414000000.0,1.403,1.837,1579000000.0,288000000.0,1291000000.0,1579000000.0,0.0,341000000.0,0.0,0.018,0.44,706000000.0,1047000000.0,0.14,1047000000.0,706000000.0,624000000.0,1.37,1.345,1.37,1876000000.0,,1876000000.0,8158338981.0,12.0,7.792,281000000.0,0.976,1.0,2105000000.0,0.282,1030000000.0,82000000.0,4376000000.0,,693000000.0,29000000.0,29000000.0,0.0,3447000000.0,1450000000.0,1997000000.0,6835338981.0,21000000.0,160000000.0,-647000000.0,333000000.0,-134000000.0,-400000000.0,-309000000.0,0.0,730000000.0,0.0,414000000.0,414000000.0,414000000.0,0.0,0.0,0.055,1505000000.0,600000000.0,1162000000.0,0.321,3.644,16.51,17.37,1612000000.0,0.0,23.797,0.916,0.919,991000000.0,,7461000000.0,7461000000.0,326000000.0,,,,0.095,0.0,1094000000.0,1.0,287229288.0,288000000.0,294800000.0,25.906,4293000000.0,922000000.0,210000000.0,0.0,14.906,584000000.0
94,ETN,MRT,1997-12-31,1997-12-31,1997-12-31,2021-08-03,-148000000.0,5606000000.0,5456500000.0,2055000000.0,3551000000.0,1.386,6.742,-438000000.0,53000000.0,53000000.0,5456000000.0,410000000.0,1.514,1.707,1376000000.0,104000000.0,1272000000.0,1376000000.0,0.0,342000000.0,0.0,0.019,0.43,693000000.0,1035000000.0,0.137,1035000000.0,693000000.0,614000000.0,1.335,1.31,1.335,2071000000.0,2115500000.0,2071000000.0,,,,325000000.0,1.058,1.0,2107000000.0,0.279,966000000.0,79000000.0,4606000000.0,4392500000.0,734000000.0,37000000.0,37000000.0,0.0,3535000000.0,1357000000.0,2178000000.0,6408803488.0,31000000.0,-58000000.0,-315000000.0,211000000.0,-133000000.0,-201000000.0,-531000000.0,0.0,763000000.0,0.0,410000000.0,410000000.0,410000000.0,0.0,0.0,0.054,1492000000.0,615000000.0,519000000.0,0.322,3.095,15.631,16.713,1759000000.0,0.0,22.312,0.847,0.906,958000000.0,1385000000.0,7563000000.0,7563000000.0,319000000.0,0.075,0.194,0.158,0.092,0.0,1088000000.0,1.0,287229288.0,307200000.0,312800000.0,24.619,4640000000.0,163000000.0,204000000.0,76000000.0,15.104,698000000.0
95,ETN,MRT,1997-09-30,1997-09-30,1997-09-30,2021-08-03,,,,,,,,,,,,,,,,,,,,,,0.018,0.42,,,,,,,,,,,,,,,,,,1.0,,,,,,,,,,,,,,,,,,,,,,,,,,,,,,,,,,,,,,,,23.095,,,,,,,,,,,,,,1.0,,308400000.0,,,,,,,,
96,ETN,MRT,1997-06-30,1997-06-30,1997-06-30,2021-08-03,,,,,,,,,,,,,,,,,,,,,,0.019,0.41,,,,,,,,,,,,,,,,,,1.0,,,,,,,,,,,,,,,,,,,,,,,,,,,,,,,,,,,,,,,,21.845,,,,,,,,,,,,,,1.0,,308400000.0,,,,,,,,
97,ETN,MRT,1997-03-31,1997-03-31,1997-03-31,2021-08-03,,,,,,,,,,,,,,,,,,,,,,0.023,0.4,,,,,,,,,,,,,,,,,,1.0,,,,,,,,,,,,,,,,,,,,,,,,,,,,,,,,,,,,,,,,17.657,,,,,,,,,,,,,,1.0,,308400000.0,,,,,,,,
98,ETN,MRT,1996-12-31,1996-12-31,1996-12-31,2021-08-03,-68000000.0,5307000000.0,,2017000000.0,3290000000.0,,6.977,-347000000.0,22000000.0,22000000.0,5171000000.0,349000000.0,1.64,1.457,1092000000.0,30000000.0,1062000000.0,1092000000.0,0.0,320000000.0,0.0,0.023,0.4,564000000.0,884000000.0,0.127,884000000.0,564000000.0,485000000.0,1.125,1.115,1.125,2160000000.0,,2160000000.0,,,,359000000.0,1.16,1.0,1790000000.0,0.257,968000000.0,79000000.0,4179000000.0,,729000000.0,38000000.0,38000000.0,0.0,3147000000.0,1230000000.0,1917000000.0,,-34000000.0,-151000000.0,-45000000.0,-66000000.0,-124000000.0,-235000000.0,-505000000.0,0.0,706000000.0,0.0,349000000.0,349000000.0,349000000.0,0.0,0.0,0.05,1262000000.0,528000000.0,512000000.0,0.356,,,15.5,1792000000.0,0.0,17.438,,0.776,985000000.0,1402000000.0,6961000000.0,6961000000.0,267000000.0,,,,0.081,0.0,995000000.0,1.0,,309600000.0,312800000.0,22.484,4339000000.0,165000000.0,136000000.0,97000000.0,14.015,787000000.0
99,ETN,MRT,1995-12-31,1995-12-31,1995-12-31,2021-08-03,,,,,,,,-399000000.0,,,5028000000.0,399000000.0,,,,,,,,281000000.0,,0.028,0.375,678000000.0,959000000.0,0.141,959000000.0,678000000.0,592000000.0,1.282,1.27,1.282,,,,,,,248000000.0,,1.0,1794000000.0,0.263,,86000000.0,,,,,,,,,,,38000000.0,-132000000.0,-29000000.0,44000000.0,-117000000.0,-102000000.0,-507000000.0,0.0,647000000.0,0.0,399000000.0,399000000.0,399000000.0,0.0,0.0,0.058,1154000000.0,640000000.0,,0.293,,,10.458,,0.0,13.408,,,,,6822000000.0,6822000000.0,227000000.0,,,,0.099,0.0,927000000.0,1.0,,,,,,,193000000.0,,,
