None,ticker,dimension,calendardate,datekey,reportperiod,lastupdated,accoci,assets,assetsavg,assetsc,assetsnc,assetturnover,bvps,capex,cashneq,cashnequsd,cor,consolinc,currentratio,de,debt,debtc,debtnc,debtusd,deferredrev,depamor,deposits,divyield,dps,ebit,ebitda,ebitdamargin,ebitdausd,ebitusd,ebt,eps,epsdil,epsusd,equity,equityavg,equityusd,ev,evebit,evebitda,fcf,fcfps,fxusd,gp,grossmargin,intangibles,intexp,invcap,invcapavg,inventory,investments,investmentsc,investmentsnc,liabilities,liabilitiesc,liabilitiesnc,marketcap,ncf,ncfbus,ncfcommon,ncfdebt,ncfdiv,ncff,ncfi,ncfinv,ncfo,ncfx,netinc,netinccmn,netinccmnusd,netincdis,netincnci,netmargin,opex,opinc,payables,payoutratio,pb,pe,pe1,ppnenet,prefdivis,price,ps,ps1,receivables,retearn,revenue,revenueusd,rnd,roa,roe,roic,ros,sbcomp,sgna,sharefactor,sharesbas,shareswa,shareswadil,sps,tangibles,taxassets,taxexp,taxliabilities,tbvps,workingcapital
0,BAC,MRY,2020-12-31,2020-12-31,2020-12-31,2021-08-02,-1656000000.0,2819627000000.0,2729930250000.0,,,0.031,31.18,0.0,691067000000.0,691067000000.0,0.0,17894000000.0,,9.331,452578000000.0,,,452578000000.0,0.0,1843000000.0,1795480000000.0,0.024,0.72,18995000000.0,20838000000.0,0.244,20838000000.0,18995000000.0,18995000000.0,1.88,1.87,1.88,272924000000.0,268082250000.0,272924000000.0,93719435625.0,5.0,4.498,37993000000.0,4.34,1.0,85528000000.0,1.0,68951000000.0,0.0,2512187000000.0,2460309250000.0,0.0,1650331000000.0,,,2546703000000.0,,,262205435625.0,218903000000.0,0.0,-7025000000.0,9386000000.0,-7727000000.0,355819000000.0,-177665000000.0,-174176000000.0,37993000000.0,2756000000.0,17894000000.0,16473000000.0,16473000000.0,0.0,0.0,0.193,55213000000.0,30315000000.0,0.0,0.383,0.961,15.917,16.122,11000000000.0,1421000000.0,30.31,3.066,3.102,64221000000.0,164088000000.0,85528000000.0,85528000000.0,0.0,0.006,0.061,0.008,0.222,2031000000.0,46558000000.0,1.0,8650789694.0,8753200000,8796900000.0,9.771,2750676000000.0,0.0,1101000000.0,0.0,314.248,
1,BAC,MRY,2019-12-31,2019-12-31,2019-12-31,2021-08-02,-6633000000.0,2434079000000.0,2408366250000.0,,,0.038,28.2,0.0,443264000000.0,443264000000.0,0.0,27430000000.0,,8.192,430169000000.0,,,430169000000.0,0.0,1729000000.0,1434803000000.0,0.019,0.66,32754000000.0,34483000000.0,0.378,34483000000.0,32754000000.0,32754000000.0,2.77,2.75,2.77,264810000000.0,267903750000.0,264810000000.0,356715682663.0,11.0,10.345,61777000000.0,6.579,1.0,91244000000.0,1.0,68951000000.0,0.0,2352033000000.0,2351195500000.0,0.0,1495850000000.0,,,2169269000000.0,,,316807682663.0,-15844000000.0,0.0,-28144000000.0,-16249000000.0,-5934000000.0,3377000000.0,-80630000000.0,-77656000000.0,61777000000.0,-368000000.0,27430000000.0,25998000000.0,25998000000.0,0.0,0.0,0.285,54900000000.0,36344000000.0,0.0,0.238,1.196,12.186,12.715,10561000000.0,1432000000.0,35.22,3.472,3.625,55937000000.0,156319000000.0,91244000000.0,91244000000.0,0.0,0.011,0.097,0.014,0.359,1974000000.0,47492000000.0,1.0,8995107401.0,9390500000,9442900000.0,9.717,2365128000000.0,0.0,5324000000.0,0.0,251.864,
2,BAC,MRY,2018-12-31,2018-12-31,2018-12-31,2021-08-02,-12211000000.0,2354507000000.0,2328372000000.0,,,0.039,26.279,0.0,446029000000.0,446029000000.0,0.0,28147000000.0,,7.874,436569000000.0,,,436569000000.0,0.0,2063000000.0,1381476000000.0,0.022,0.54,34584000000.0,36647000000.0,0.403,36647000000.0,34584000000.0,34584000000.0,2.64,2.61,2.64,265325000000.0,264480750000.0,265325000000.0,235596810729.0,7.0,6.429,39520000000.0,3.914,1.0,91020000000.0,1.0,68951000000.0,0.0,2276096000000.0,2263284750000.0,0.0,1433139000000.0,,,2089182000000.0,,,241821810729.0,19970000000.0,0.0,-20094000000.0,8824000000.0,-6895000000.0,53118000000.0,-71468000000.0,-69482000000.0,39520000000.0,-1200000000.0,28147000000.0,26696000000.0,26696000000.0,0.0,0.0,0.293,53154000000.0,37866000000.0,0.0,0.205,0.911,9.058,9.333,9906000000.0,1451000000.0,24.64,2.657,2.733,65814000000.0,136314000000.0,91020000000.0,91020000000.0,0.0,0.011,0.101,0.015,0.38,1729000000.0,45742000000.0,1.0,9814196864.0,10096500000,10236900000.0,9.015,2285556000000.0,0.0,6437000000.0,0.0,226.371,
3,BAC,MRY,2017-12-31,2017-12-31,2017-12-31,2021-08-02,-7082000000.0,2281234000000.0,2266840000000.0,,,0.038,26.202,0.0,381334000000.0,381334000000.0,0.0,18232000000.0,,7.539,436933000000.0,,,436933000000.0,0.0,2103000000.0,1309545000000.0,0.013,0.39,29213000000.0,31316000000.0,0.359,31316000000.0,29213000000.0,29213000000.0,1.63,1.56,1.63,267146000000.0,269686250000.0,267146000000.0,359958715686.0,12.0,11.494,9864000000.0,0.967,1.0,87126000000.0,1.0,68951000000.0,0.0,2267882000000.0,2255750250000.0,0.0,1415678000000.0,,,2014088000000.0,,,307911715686.0,9696000000.0,0.0,-12814000000.0,19568000000.0,-5700000000.0,49268000000.0,-51541000000.0,-59952000000.0,9864000000.0,2105000000.0,18232000000.0,16618000000.0,16618000000.0,0.0,0.0,0.191,54517000000.0,32609000000.0,0.0,0.239,1.153,18.529,18.11,9247000000.0,1614000000.0,29.52,3.534,3.454,61623000000.0,113816000000.0,87126000000.0,87126000000.0,0.0,0.007,0.062,0.013,0.335,1649000000.0,46946000000.0,1.0,10430613675.0,10195600000,10778400000.0,8.545,2212283000000.0,0.0,10981000000.0,0.0,216.984,
4,BAC,MRY,2016-12-31,2016-12-31,2016-12-31,2021-08-02,-7288000000.0,2188067000000.0,2188872000000.0,,,0.038,25.884,0.0,355823000000.0,355823000000.0,0.0,17822000000.0,,7.22,411058000000.0,,,411058000000.0,0.0,2241000000.0,1260934000000.0,0.011,0.25,25021000000.0,27262000000.0,0.326,27262000000.0,25021000000.0,25021000000.0,1.57,1.49,1.57,266195000000.0,266530750000.0,266195000000.0,282791531053.0,11.0,10.373,17277000000.0,1.68,1.0,83701000000.0,1.0,68969000000.0,0.0,2174333000000.0,2167197000000.0,0.0,1380502000000.0,,,1921872000000.0,,,223321531053.0,-11615000000.0,0.0,-5112000000.0,-24100000000.0,-4194000000.0,33153000000.0,-62285000000.0,-62693000000.0,17277000000.0,240000000.0,17822000000.0,16140000000.0,16140000000.0,0.0,0.0,0.193,55083000000.0,28618000000.0,0.0,0.159,0.839,13.837,14.076,9139000000.0,1682000000.0,22.1,2.668,2.715,58759000000.0,101225000000.0,83701000000.0,83701000000.0,0.0,0.007,0.061,0.012,0.299,1367000000.0,55083000000.0,1.0,10105046654.0,10284100000,11046800000.0,8.139,2119098000000.0,0.0,7199000000.0,0.0,206.056,
5,BAC,MRY,2015-12-31,2015-12-31,2015-12-31,2021-08-02,-5358000000.0,2144287000000.0,2147468000000.0,,,0.039,24.486,0.0,359579000000.0,359579000000.0,0.0,15910000000.0,,7.37,439153000000.0,,,439153000000.0,0.0,2389000000.0,1197259000000.0,0.012,0.2,22187000000.0,24576000000.0,0.296,24576000000.0,22187000000.0,22187000000.0,1.38,1.31,1.38,256176000000.0,253482000000.0,256176000000.0,262694032863.0,12.0,10.689,28397000000.0,2.714,1.0,82965000000.0,1.0,73529000000.0,0.0,2150332000000.0,2168673000000.0,0.0,1352167000000.0,,,1888111000000.0,,,175242032863.0,20764000000.0,0.0,-2374000000.0,-26755000000.0,-3574000000.0,48535000000.0,-55571000000.0,-55865000000.0,28397000000.0,-597000000.0,15910000000.0,14427000000.0,14427000000.0,0.0,0.0,0.174,57617000000.0,25348000000.0,0.0,0.145,0.684,12.147,12.196,9485000000.0,1483000000.0,16.83,2.112,2.122,58312000000.0,88219000000.0,82965000000.0,82965000000.0,0.0,0.007,0.057,0.01,0.267,-89000000.0,57617000000.0,1.0,10412479671.0,10462282000,11236230000.0,7.93,2070758000000.0,0.0,6277000000.0,0.0,197.926,
6,BAC,MRY,2014-12-31,2014-12-31,2014-12-31,2021-08-02,-4320000000.0,2104534000000.0,2137138750000.0,,,0.04,23.126,0.0,337922000000.0,337922000000.0,0.0,5520000000.0,,7.644,475588000000.0,,,475588000000.0,0.0,2522000000.0,1118936000000.0,0.007,0.12,7963000000.0,10485000000.0,0.122,10485000000.0,7963000000.0,7963000000.0,0.43,0.42,0.43,243471000000.0,237862750000.0,243471000000.0,329626298837.0,41.0,31.438,30795000000.0,2.925,1.0,85894000000.0,1.0,77919000000.0,0.0,2164281000000.0,2192759000000.0,0.0,1312951000000.0,,,1861063000000.0,,,188139298837.0,7267000000.0,0.0,-1675000000.0,-13832000000.0,-2306000000.0,-12201000000.0,-8260000000.0,-5756000000.0,30795000000.0,-3067000000.0,5520000000.0,4476000000.0,4476000000.0,0.0,0.0,0.052,75656000000.0,10238000000.0,0.0,0.279,0.773,42.033,41.605,10049000000.0,1044000000.0,17.89,2.19,2.193,61845000000.0,75024000000.0,85894000000.0,85894000000.0,0.0,0.002,0.019,0.004,0.093,78000000.0,74720000000.0,1.0,10516450466.0,10527818000,10584535000.0,8.159,2026615000000.0,0.0,2443000000.0,0.0,192.501,
7,BAC,MRY,2013-12-31,2013-12-31,2013-12-31,2021-08-02,-8457000000.0,2102273000000.0,2131766250000.0,,,0.042,21.683,0.0,333190000000.0,333190000000.0,0.0,11431000000.0,,8.035,493779000000.0,,,493779000000.0,0.0,2683000000.0,1119271000000.0,0.003,0.04,16172000000.0,18855000000.0,0.212,18855000000.0,16172000000.0,16172000000.0,0.94,0.9,0.94,232685000000.0,233323000000.0,232685000000.0,340756705493.0,21.0,18.072,92817000000.0,8.649,1.0,88942000000.0,1.0,80470000000.0,0.0,2182392000000.0,2244557750000.0,0.0,1293607000000.0,,,1869588000000.0,,,166071705493.0,20570000000.0,0.0,-3220000000.0,-99088000000.0,-1677000000.0,-95442000000.0,25058000000.0,25546000000.0,92817000000.0,-1863000000.0,11431000000.0,10082000000.0,10082000000.0,0.0,0.0,0.113,69214000000.0,19728000000.0,0.0,0.043,0.714,16.472,16.564,10475000000.0,1349000000.0,15.57,1.867,1.879,59448000000.0,72497000000.0,88942000000.0,88942000000.0,0.0,0.005,0.043,0.007,0.182,0.0,68128000000.0,1.0,10666133943.0,10731165000,11491418000.0,8.288,2021803000000.0,0.0,4741000000.0,0.0,188.405,
8,BAC,MRY,2012-12-31,2012-12-31,2012-12-31,2021-08-02,-2797000000.0,2209974000000.0,2179609750000.0,,,0.038,22.051,5000000.0,349370000000.0,349370000000.0,0.0,4188000000.0,,8.327,599575000000.0,,,599575000000.0,0.0,3038000000.0,1105261000000.0,0.003,0.04,3072000000.0,6110000000.0,0.073,6110000000.0,3072000000.0,3072000000.0,0.26,0.25,0.26,236956000000.0,236009000000.0,236956000000.0,364459487496.0,119.0,59.65,-16051000000.0,-1.494,1.0,83334000000.0,1.0,82511000000.0,0.0,2377668000000.0,2351706250000.0,0.0,1316881000000.0,,,1973018000000.0,,,125133487496.0,-9350000000.0,0.0,0.0,-28811000000.0,-1909000000.0,42416000000.0,-34979000000.0,-37463000000.0,-16056000000.0,-731000000.0,4188000000.0,2760000000.0,2760000000.0,0.0,0.0,0.033,72093000000.0,11241000000.0,0.0,0.154,0.528,45.338,44.654,11858000000.0,1428000000.0,11.61,1.502,1.497,71467000000.0,62843000000.0,83334000000.0,83334000000.0,0.0,0.001,0.012,0.001,0.037,0.0,70829000000.0,1.0,10778078165.0,10746028000,10840854000.0,7.755,2127463000000.0,0.0,-1116000000.0,0.0,197.977,
9,BAC,MRY,2011-12-31,2011-12-31,2011-12-31,2021-08-02,-5437000000.0,2129046000000.0,2221131250000.0,,,0.042,22.687,-1307000000.0,357289000000.0,357289000000.0,0.0,1446000000.0,,8.253,622827000000.0,,,622827000000.0,0.0,3485000000.0,1033041000000.0,0.007,0.04,-230000000.0,3255000000.0,0.035,3255000000.0,-230000000.0,-230000000.0,0.01,0.01,0.01,230101000000.0,228351250000.0,230101000000.0,386112447286.0,-1679.0,118.621,63141000000.0,6.225,1.0,93454000000.0,1.0,85498000000.0,0.0,2309086000000.0,2463649250000.0,0.0,1290618000000.0,,,1898945000000.0,,,56355447286.0,11675000000.0,0.0,0.0,-130572000000.0,-1738000000.0,-104654000000.0,52429000000.0,52099000000.0,64448000000.0,-548000000.0,1446000000.0,85000000.0,85000000.0,0.0,0.0,0.001,80274000000.0,13180000000.0,0.0,4.0,0.245,663.005,556.0,13637000000.0,1361000000.0,5.56,0.603,0.603,66999000000.0,60520000000.0,93454000000.0,93454000000.0,0.0,0.0,0.0,0.0,-0.002,0.0,74943000000.0,1.0,10135871814.0,10142625000,10254824000.0,9.214,2043548000000.0,0.0,-1676000000.0,0.0,201.481,
10,BAC,MRY,2010-12-31,2010-12-31,2010-12-31,2021-08-02,-66000000.0,2264909000000.0,2326786750000.0,,,0.047,23.313,-987000000.0,344476000000.0,344476000000.0,0.0,-2238000000.0,,8.923,753752000000.0,,,753752000000.0,0.0,3912000000.0,1010430000000.0,0.003,0.04,-1323000000.0,2589000000.0,0.023,2589000000.0,-1323000000.0,-1323000000.0,-0.37,-0.37,-0.37,228248000000.0,230435000000.0,228248000000.0,552936863621.0,-418.0,213.572,81554000000.0,8.33,1.0,110220000000.0,1.0,98961000000.0,0.0,2575224000000.0,2666371750000.0,0.0,1344667000000.0,,,2036661000000.0,,,134535863621.0,-12912000000.0,2807000000.0,0.0,-100228000000.0,-1762000000.0,-65334000000.0,-30347000000.0,-33818000000.0,82541000000.0,228000000.0,-2238000000.0,-3595000000.0,-3595000000.0,0.0,0.0,-0.033,83108000000.0,27112000000.0,0.0,-0.108,0.589,-37.423,-36.054,14306000000.0,1357000000.0,13.34,1.221,1.185,85704000000.0,60849000000.0,110220000000.0,110220000000.0,0.0,-0.002,-0.016,0.0,-0.012,0.0,67157000000.0,1.0,10085147198.0,9790472000,9790472000.0,11.258,2165948000000.0,0.0,915000000.0,0.0,221.23,
11,BAC,MRY,2009-12-31,2009-12-31,2009-12-31,2021-08-02,-5619000000.0,2230232000000.0,2264408000000.0,,,0.053,29.947,-2240000000.0,335474000000.0,335474000000.0,0.0,6276000000.0,,8.636,763230000000.0,,,763230000000.0,0.0,4314000000.0,991611000000.0,0.003,0.04,4360000000.0,8674000000.0,0.072,8674000000.0,4360000000.0,4360000000.0,-0.29,-0.29,-0.29,231444000000.0,245957000000.0,231444000000.0,535261443130.0,123.0,61.709,127491000000.0,16.496,1.0,119643000000.0,1.0,118114000000.0,0.0,2539874000000.0,2600315000000.0,0.0,1305865000000.0,,,1998788000000.0,,,130280443130.0,88482000000.0,31804000000.0,13468000000.0,-222882000000.0,-4863000000.0,-199568000000.0,157925000000.0,117115000000.0,129731000000.0,394000000.0,6276000000.0,-2204000000.0,-2204000000.0,0.0,0.0,-0.018,66713000000.0,52930000000.0,0.0,-0.138,0.563,-59.111,-51.931,15500000000.0,8480000000.0,15.06,1.089,0.973,81996000000.0,71233000000.0,119643000000.0,119643000000.0,0.0,-0.001,-0.009,0.002,0.036,0.0,62014000000.0,1.0,8650759836.0,7728570000,7728570000.0,15.481,2112118000000.0,0.0,-1916000000.0,0.0,273.287,
12,BAC,MRY,2008-12-31,2008-12-31,2008-12-31,2021-08-02,-10825000000.0,1817943000000.0,1775624250000.0,,,0.041,38.556,-2098000000.0,124905000000.0,124905000000.0,0.0,4008000000.0,,9.268,632946000000.0,,,632946000000.0,0.0,3319000000.0,882997000000.0,0.159,2.24,4428000000.0,7747000000.0,0.106,7747000000.0,4428000000.0,4428000000.0,0.54,0.54,0.54,177052000000.0,164272750000.0,177052000000.0,561810516840.0,127.0,72.52,1936000000.0,0.422,1.0,72782000000.0,1.0,103525000000.0,0.0,2222459000000.0,2153860000000.0,0.0,1279670000000.0,,,1640891000000.0,,,70647516840.0,-9674000000.0,6650000000.0,10127000000.0,-58852000000.0,-11528000000.0,-10695000000.0,-2930000000.0,1516000000.0,4034000000.0,-83000000.0,4008000000.0,2556000000.0,2556000000.0,0.0,0.0,0.035,41529000000.0,31253000000.0,0.0,4.148,0.399,27.64,26.074,13161000000.0,1452000000.0,14.08,0.971,0.888,37608000000.0,73823000000.0,72782000000.0,72782000000.0,0.0,0.001,0.016,0.002,0.061,0.0,38760000000.0,1.0,5017579321.0,4592085000,4596428000.0,15.849,1714418000000.0,0.0,420000000.0,0.0,373.342,
13,BAC,MRY,2007-12-31,2007-12-31,2007-12-31,2021-08-02,1129000000.0,1715746000000.0,1582756250000.0,,,0.042,33.186,-2143000000.0,183856000000.0,183856000000.0,0.0,14982000000.0,,10.687,610032000000.0,,,610032000000.0,0.0,2844000000.0,805177000000.0,0.058,2.4,20924000000.0,23768000000.0,0.356,23768000000.0,20924000000.0,20924000000.0,3.32,3.29,3.32,146803000000.0,138980000000.0,146803000000.0,590122006456.0,28.0,24.828,8893000000.0,2.01,1.0,66833000000.0,1.0,91173000000.0,0.0,2050749000000.0,1891903750000.0,0.0,1147898000000.0,,,1568943000000.0,,,183125006456.0,6102000000.0,-19816000000.0,-2672000000.0,69820000000.0,-10878000000.0,103412000000.0,-108480000000.0,-91665000000.0,11036000000.0,134000000.0,14982000000.0,14800000000.0,14800000000.0,0.0,0.0,0.221,37524000000.0,29309000000.0,0.0,0.723,1.247,12.373,12.428,11240000000.0,182000000.0,41.26,2.74,2.731,0.0,81393000000.0,66833000000.0,66833000000.0,0.0,0.009,0.106,0.011,0.313,0.0,35438000000.0,1.0,4438318140.0,4423579000,4463213000.0,15.108,1624573000000.0,0.0,5942000000.0,0.0,367.253,
14,BAC,MRY,2006-12-31,2006-12-31,2006-12-31,2021-08-02,-7711000000.0,1459737000000.0,1432305250000.0,,,0.051,29.884,-748000000.0,185859000000.0,185859000000.0,0.0,21133000000.0,,9.791,504827000000.0,,,504827000000.0,0.0,2869000000.0,693497000000.0,0.04,2.12,31973000000.0,34842000000.0,0.479,34842000000.0,31973000000.0,31973000000.0,4.66,4.59,4.66,135272000000.0,131534000000.0,135272000000.0,591802839795.0,19.0,16.985,13761000000.0,3.04,1.0,72776000000.0,1.0,78129000000.0,0.0,1700576000000.0,1675408250000.0,0.0,913759000000.0,,,1324465000000.0,,,239757839795.0,-570000000.0,-2388000000.0,-11242000000.0,32951000000.0,-9661000000.0,53133000000.0,-68304000000.0,-63035000000.0,14509000000.0,92000000.0,21133000000.0,21111000000.0,21111000000.0,0.0,0.0,0.29,35793000000.0,36983000000.0,0.0,0.455,1.772,11.357,11.457,9255000000.0,22000000.0,53.39,3.294,3.321,0.0,79024000000.0,72776000000.0,72776000000.0,0.0,0.015,0.16,0.019,0.439,0.0,33233000000.0,1.0,4490688140.0,4526637000,4595896000.0,16.077,1381608000000.0,0.0,10840000000.0,0.0,305.217,
15,BAC,MRY,2005-12-31,2005-12-31,2005-12-31,2021-08-02,-7556000000.0,1291803000000.0,1250657750000.0,,,0.046,25.328,-1228000000.0,199584000000.0,199584000000.0,0.0,16465000000.0,,11.723,457772000000.0,,,457772000000.0,0.0,1768000000.0,634670000000.0,0.041,1.9,24480000000.0,26248000000.0,0.459,26248000000.0,24480000000.0,24480000000.0,4.1,4.04,4.1,101533000000.0,100462500000.0,101533000000.0,430519123336.0,18.0,16.402,-13451000000.0,-3.355,1.0,57175000000.0,1.0,51354000000.0,0.0,1498637000000.0,1428519750000.0,0.0,811061000000.0,,,1190270000000.0,,,185342123336.0,8063000000.0,-49000000.0,-2919000000.0,165436000000.0,-7683000000.0,170817000000.0,-150445000000.0,-145668000000.0,-12223000000.0,-86000000.0,16465000000.0,16447000000.0,16447000000.0,0.0,0.0,0.288,28681000000.0,28494000000.0,0.0,0.463,1.825,11.269,11.256,7786000000.0,18000000.0,46.15,3.242,3.236,0.0,67552000000.0,57175000000.0,57175000000.0,0.0,0.013,0.164,0.017,0.428,0.0,27460000000.0,1.0,4016080679.0,4008688000,4068140000.0,14.263,1240449000000.0,0.0,8015000000.0,0.0,309.44,
16,BAC,MRY,2004-12-31,2004-12-31,2004-12-31,2021-08-02,-2764000000.0,1110432000000.0,1013160500000.0,,,0.048,26.669,-863000000.0,132657000000.0,132657000000.0,0.0,13947000000.0,,10.078,295455000000.0,,,295455000000.0,0.0,1636000000.0,618570000000.0,0.036,1.7,20892000000.0,22528000000.0,0.46,22528000000.0,20892000000.0,20892000000.0,3.71,3.64,3.71,100235000000.0,85710750000.0,100235000000.0,359969906554.0,17.0,15.979,-4385000000.0,-1.167,1.0,48965000000.0,1.0,49149000000.0,0.0,1224081000000.0,1136978750000.0,0.0,740976000000.0,,,1010197000000.0,,,189800906554.0,1852000000.0,4936000000.0,-2574000000.0,77574000000.0,-6468000000.0,132864000000.0,-127554000000.0,-131736000000.0,-3522000000.0,64000000.0,13931000000.0,13931000000.0,13931000000.0,0.0,16000000.0,0.285,27012000000.0,21953000000.0,0.0,0.458,1.894,13.624,12.666,7517000000.0,0.0,46.99,3.876,3.607,0.0,58773000000.0,48965000000.0,48965000000.0,0.0,0.014,0.163,0.018,0.427,0.0,25730000000.0,1.0,4039176560.0,3758507000,3823943000.0,13.028,1061283000000.0,0.0,6961000000.0,0.0,282.368,
17,BAC,MRY,2003-12-31,2003-12-31,2003-12-31,2021-08-02,-2148000000.0,719483000000.0,726378750000.0,,,0.052,16.136,-209000000.0,111627000000.0,111627000000.0,0.0,10762000000.0,,13.995,188369000000.0,,,188369000000.0,0.0,1107000000.0,414113000000.0,0.036,1.44,15777000000.0,16884000000.0,0.446,16884000000.0,15777000000.0,15777000000.0,3.62,3.55,3.62,47980000000.0,49873250000.0,47980000000.0,210727258670.0,13.0,12.481,22777000000.0,7.66,1.0,37834000000.0,1.0,12363000000.0,0.0,783862000000.0,808848500000.0,0.0,463700000000.0,,,671503000000.0,,,119503258670.0,2111000000.0,-1741000000.0,-5796000000.0,34565000000.0,-4281000000.0,52071000000.0,-73121000000.0,-70626000000.0,22986000000.0,175000000.0,10758000000.0,10758000000.0,10758000000.0,0.0,4000000.0,0.284,20155000000.0,17679000000.0,0.0,0.398,2.491,11.108,11.109,6036000000.0,0.0,40.215,3.159,3.161,0.0,50198000000.0,37834000000.0,37834000000.0,0.0,0.015,0.216,0.02,0.417,0.0,19938000000.0,1.0,2971609068.0,2973407000,3030356000.0,12.724,707120000000.0,0.0,5019000000.0,0.0,237.815,
18,BAC,MRY,2002-12-31,2002-12-31,2002-12-31,2021-08-02,1232000000.0,660951000000.0,644832000000.0,,,0.054,16.552,-939000000.0,76664000000.0,76664000000.0,0.0,9249000000.0,,12.135,157489000000.0,,,157489000000.0,0.0,1104000000.0,386458000000.0,0.035,1.22,12986000000.0,14090000000.0,0.408,14090000000.0,12986000000.0,12986000000.0,3.04,2.95,3.04,50319000000.0,48622750000.0,50319000000.0,195117322576.0,15.0,13.848,-11623000000.0,-3.823,1.0,34503000000.0,1.0,12484000000.0,0.0,729292000000.0,714733500000.0,0.0,439855000000.0,,,610632000000.0,,,104125322576.0,-1864000000.0,-110000000.0,-5093000000.0,12048000000.0,-3709000000.0,16143000000.0,-7338000000.0,-9107000000.0,-10684000000.0,15000000.0,9244000000.0,9244000000.0,9244000000.0,0.0,5000000.0,0.268,18445000000.0,16058000000.0,0.0,0.401,2.069,11.264,11.442,6717000000.0,0.0,34.785,3.018,3.065,0.0,48517000000.0,34503000000.0,34503000000.0,0.0,0.014,0.19,0.018,0.376,0.0,18227000000.0,1.0,2993397228.0,3040085000,3130935000.0,11.349,648467000000.0,0.0,3742000000.0,0.0,213.306,
19,BAC,MRY,2001-12-31,2001-12-31,2001-12-31,2021-08-02,437000000.0,621764000000.0,624287250000.0,,,0.055,15.21,-835000000.0,60877000000.0,60877000000.0,0.0,6792000000.0,,11.815,137970000000.0,,,137970000000.0,0.0,1732000000.0,373495000000.0,0.046,1.44,10112000000.0,11844000000.0,0.342,11844000000.0,10112000000.0,10112000000.0,2.13,2.09,2.13,48520000000.0,49214750000.0,48520000000.0,193628347264.0,19.0,16.348,-14453000000.0,-4.531,1.0,34638000000.0,1.0,12148000000.0,0.0,686709000000.0,703872250000.0,0.0,429924000000.0,,,573244000000.0,,,99040347264.0,-676000000.0,-417000000.0,-3697000000.0,-27431000000.0,-3632000000.0,-25560000000.0,38559000000.0,38451000000.0,-13618000000.0,-57000000.0,6787000000.0,6787000000.0,6787000000.0,0.0,5000000.0,0.196,20709000000.0,13929000000.0,0.0,0.676,2.041,14.593,14.777,6414000000.0,0.0,31.475,2.859,2.899,0.0,42980000000.0,34638000000.0,34638000000.0,0.0,0.011,0.138,0.014,0.292,0.0,18526000000.0,1.0,3146635338.0,3189914000,3251308000.0,10.859,609616000000.0,0.0,3325000000.0,0.0,191.107,
20,BAC,MRY,2000-12-31,2000-12-31,2000-12-31,2021-08-02,-746000000.0,642191000000.0,662391750000.0,,,0.05,14.464,-642000000.0,61016000000.0,61016000000.0,0.0,7517000000.0,,12.483,164111000000.0,,,164111000000.0,0.0,1784000000.0,364244000000.0,0.045,1.03,11782000000.0,13566000000.0,0.412,13566000000.0,11782000000.0,11782000000.0,2.28,2.26,2.28,47628000000.0,46411750000.0,47628000000.0,216542403020.0,18.0,15.962,2867000000.0,0.871,1.0,32931000000.0,1.0,13142000000.0,0.0,732144000000.0,777854500000.0,0.0,466727000000.0,,,594563000000.0,,,74671403020.0,524000000.0,843000000.0,-2962000000.0,-18153000000.0,-3388000000.0,-7691000000.0,4771000000.0,4310000000.0,3509000000.0,-65000000.0,7511000000.0,7511000000.0,7511000000.0,0.0,6000000.0,0.228,18633000000.0,14298000000.0,0.0,0.452,1.568,9.942,10.061,6433000000.0,0.0,22.94,2.268,2.294,0.0,39815000000.0,32931000000.0,32931000000.0,0.0,0.011,0.162,0.015,0.358,0.0,17219000000.0,1.0,3255074238.0,3292796000,3292796000.0,10.001,629049000000.0,0.0,4271000000.0,0.0,191.038,
21,BAC,MRY,1999-12-31,1999-12-31,1999-12-31,2021-08-02,-2658000000.0,632574000000.0,620393250000.0,,,0.052,12.871,-465000000.0,31827000000.0,31827000000.0,0.0,7882000000.0,,13.237,184542000000.0,,,184542000000.0,0.0,1917000000.0,347273000000.0,0.037,0.925,12209000000.0,14126000000.0,0.437,14126000000.0,12209000000.0,12209000000.0,2.28,2.24,2.28,44432000000.0,45695750000.0,44432000000.0,196885566566.0,16.0,13.938,9358000000.0,2.711,1.0,32306000000.0,1.0,13992000000.0,0.0,771297000000.0,729694250000.0,0.0,489456000000.0,,,588142000000.0,,,85683566566.0,-1288000000.0,-1212000000.0,-3700000000.0,33099000000.0,-3199000000.0,17913000000.0,-29079000000.0,-27752000000.0,9823000000.0,55000000.0,7876000000.0,7876000000.0,7876000000.0,0.0,6000000.0,0.244,18511000000.0,13795000000.0,0.0,0.406,1.928,10.879,11.007,6713000000.0,0.0,25.095,2.652,2.681,0.0,35681000000.0,32306000000.0,32306000000.0,0.0,0.013,0.172,0.017,0.378,0.0,17098000000.0,1.0,3414368064.0,3452012000,3452012000.0,9.359,618582000000.0,0.0,4333000000.0,0.0,179.195,
22,BAC,MRY,1998-12-31,1998-12-31,1998-12-31,2021-08-02,152000000.0,617679000000.0,458710000000.0,,,0.06,13.261,-1290000000.0,62173000000.0,62173000000.0,0.0,5165000000.0,,12.446,152547000000.0,,,152547000000.0,0.0,1998000000.0,357260000000.0,0.026,0.795,8023000000.0,10021000000.0,0.364,10021000000.0,8023000000.0,8023000000.0,1.485,1.45,1.485,45938000000.0,36283750000.0,45938000000.0,192315239812.0,24.0,19.191,12227000000.0,3.53,1.0,27567000000.0,1.0,14708000000.0,0.0,693345000000.0,522912750000.0,0.0,433169000000.0,,,571741000000.0,,,104064239812.0,-189000000.0,-335000000.0,-384000000.0,23166000000.0,-2604000000.0,36131000000.0,-49869000000.0,-48769000000.0,13517000000.0,32000000.0,5140000000.0,5140000000.0,5140000000.0,0.0,25000000.0,0.186,20536000000.0,7031000000.0,0.0,0.535,2.265,20.246,20.246,7289000000.0,0.0,30.065,3.775,3.778,0.0,30998000000.0,27567000000.0,27567000000.0,0.0,0.011,0.142,0.015,0.291,0.0,17839000000.0,1.0,3461308492.0,3464114000,3464114000.0,7.958,602971000000.0,0.0,2883000000.0,0.0,174.062,
23,BAC,MRY,1997-12-31,1997-12-31,1997-12-31,2021-08-02,407000000.0,570983000000.0,378388500000.0,,,0.075,12.862,-1307000000.0,57029000000.0,57029000000.0,0.0,6542000000.0,,11.807,131817000000.0,,,131817000000.0,0.0,1963000000.0,346297000000.0,0.023,0.685,10445000000.0,12408000000.0,0.439,12408000000.0,10445000000.0,10445000000.0,1.855,1.805,1.855,44584000000.0,29146500000.0,44584000000.0,,,,2942000000.0,0.849,1.0,28284000000.0,1.0,15754000000.0,0.0,630017000000.0,422427500000.0,0.0,404433000000.0,,,526399000000.0,,,58511944614.0,-105000000.0,1289000000.0,-6648000000.0,26323000000.0,-2175000000.0,21851000000.0,-26307000000.0,-26899000000.0,4249000000.0,102000000.0,6431000000.0,6431000000.0,6431000000.0,0.0,111000000.0,0.227,17999000000.0,10285000000.0,0.0,0.369,1.312,9.098,16.391,8123000000.0,0.0,30.405,2.069,3.726,0.0,28438000000.0,28284000000.0,28284000000.0,0.0,0.017,0.221,0.025,0.369,0.0,16770000000.0,1.0,1924418504.0,3466388000,3466388000.0,8.16,555229000000.0,0.0,4014000000.0,0.0,160.175,
24,BAC,MRY,1996-12-31,1996-12-31,1996-12-31,2021-08-02,0.0,185794000000.0,,,,,4.184,-1837000000.0,17735000000.0,17735000000.0,0.0,5813000000.0,,12.553,48809000000.0,,,48809000000.0,0.0,1527000000.0,106498000000.0,0.025,0.6,9109000000.0,10636000000.0,0.427,10636000000.0,9109000000.0,9109000000.0,1.71,1.68,1.71,13709000000.0,,13709000000.0,,,,2043000000.0,0.623,1.0,24913000000.0,1.0,2030000000.0,0.0,214838000000.0,,0.0,136863000000.0,,,172085000000.0,,,,2510000000.0,795000000.0,-2620000000.0,-3590000000.0,-1888000000.0,-4929000000.0,3537000000.0,3885000000.0,3880000000.0,22000000.0,5611000000.0,5611000000.0,5611000000.0,0.0,202000000.0,0.225,15749000000.0,9164000000.0,0.0,0.351,,,14.291,2712000000.0,0.0,24.438,,3.214,0.0,9673000000.0,24913000000.0,24913000000.0,0.0,,,,0.366,0.0,14807000000.0,1.0,,3276764000,3276764000.0,7.603,183764000000.0,0.0,3498000000.0,0.0,56.081,
25,BAC,MRY,1995-12-31,1995-12-31,1995-12-31,2021-08-02,,,,,,,,-905000000.0,,,0.0,1950000000.0,,,,,,,,399000000.0,,0.03,0.52,2983000000.0,3382000000.0,0.415,3382000000.0,2983000000.0,2983000000.0,1.78,1.76,1.78,,,,,,,-5838000000.0,-5.356,1.0,8143000000.0,1.0,,0.0,,,,,,,,,,,-1134000000.0,-567000000.0,-283000000.0,10997000000.0,-575000000.0,9981000000.0,-6182000000.0,-4914000000.0,-4933000000.0,0.0,1942000000.0,1942000000.0,1942000000.0,0.0,8000000.0,0.238,5181000000.0,2962000000.0,,0.292,,,9.778,,0.0,17.405,,2.33,,,8143000000.0,8143000000.0,0.0,,,,0.366,0.0,5044000000.0,1.0,,1089918000,1089918000.0,7.471,,,1041000000.0,,,
0,BAC,MRQ,2021-06-30,2021-06-30,2021-06-30,2021-08-02,-3063000000.0,3029894000000.0,,,,,32.145,0.0,535980000000.0,535980000000.0,0.0,9224000000.0,,9.934,510026000000.0,,,510026000000.0,0.0,469000000.0,1909142000000.0,0.017,0.18,8042000000.0,8511000000.0,0.396,8511000000.0,8042000000.0,8042000000.0,1.04,1.03,1.04,277119000000.0,,277119000000.0,232583964772.0,8.0,7.814,-9311000000.0,-1.08,1.0,21466000000.0,1.0,69023000000.0,0.0,2934917000000.0,,0.0,1894922000000.0,,,2752775000000.0,,,353312964772.0,-66071000000.0,0.0,-4209000000.0,34051000000.0,-1831000000.0,51320000000.0,-108606000000.0,-107724000000.0,-9311000000.0,526000000.0,9224000000.0,8964000000.0,8964000000.0,0.0,0.0,0.418,15045000000.0,6421000000.0,0.0,0.173,1.275,13.5,13.698,10747000000.0,260000000.0,41.23,4.17,4.195,67967000000.0,177499000000.0,21466000000.0,21466000000.0,0.0,,,,,610000000.0,12621000000.0,1.0,8569317603.0,8620800000,8735500000.0,2.49,2960871000000.0,0.0,-1182000000.0,0.0,343.457,
1,BAC,MRQ,2021-03-31,2021-03-31,2021-03-31,2021-08-02,-3472000000.0,2969992000000.0,,,,,31.494,0.0,593107000000.0,593107000000.0,0.0,8050000000.0,,9.839,472378000000.0,,,472378000000.0,0.0,461000000.0,1884938000000.0,0.019,0.18,9166000000.0,9627000000.0,0.422,9627000000.0,9166000000.0,9166000000.0,0.87,0.86,0.87,274000000000.0,,274000000000.0,95528961001.0,4.0,3.746,-52328000000.0,-6.015,1.0,22821000000.0,1.0,68951000000.0,0.0,2780312000000.0,,0.0,1797625000000.0,,,2695992000000.0,,,334017961001.0,-54362000000.0,0.0,-3470000000.0,30664000000.0,-2114000000.0,113627000000.0,-113080000000.0,-112313000000.0,-52328000000.0,-2581000000.0,8050000000.0,7560000000.0,7560000000.0,0.0,0.0,0.331,15515000000.0,7306000000.0,0.0,0.207,1.219,16.3,16.464,10803000000.0,490000000.0,38.69,3.903,3.933,66404000000.0,170082000000.0,22821000000.0,22821000000.0,0.0,,,,,853000000.0,13113000000.0,1.0,8633185862.0,8700100000,8755600000.0,2.623,2901041000000.0,0.0,1116000000.0,0.0,333.449,
2,BAC,MRQ,2020-12-31,2020-12-31,2020-12-31,2021-08-02,-1656000000.0,2819627000000.0,,,,,31.281,0.0,691067000000.0,691067000000.0,0.0,5470000000.0,,9.331,452578000000.0,,,452578000000.0,0.0,487000000.0,1795480000000.0,0.024,0.18,6119000000.0,6606000000.0,0.329,6606000000.0,6119000000.0,6119000000.0,0.59,0.59,0.59,272924000000.0,,272924000000.0,93719435625.0,5.0,4.498,54594000000.0,6.257,1.0,20099000000.0,1.0,68951000000.0,0.0,2512187000000.0,,0.0,1650331000000.0,,,2546703000000.0,,,262205435625.0,79457000000.0,0.0,-263000000.0,-13656000000.0,-1828000000.0,77938000000.0,-53882000000.0,-52866000000.0,54594000000.0,807000000.0,5470000000.0,5208000000.0,5208000000.0,0.0,0.0,0.259,13927000000.0,6172000000.0,0.0,0.305,0.961,15.917,16.122,11000000000.0,262000000.0,30.31,3.066,3.102,64221000000.0,164088000000.0,20099000000.0,20099000000.0,0.0,,,,,434000000.0,11597000000.0,1.0,8650789694.0,8725000000,8786100000.0,2.304,2750676000000.0,0.0,649000000.0,0.0,315.264,
3,BAC,MRQ,2020-09-30,2020-09-30,2020-09-30,2021-08-02,-978000000.0,2738452000000.0,,,,,30.786,0.0,632839000000.0,632839000000.0,0.0,4881000000.0,,9.186,464353000000.0,,,464353000000.0,0.0,476000000.0,1702880000000.0,0.03,0.18,4546000000.0,5022000000.0,0.247,5022000000.0,4546000000.0,4546000000.0,0.51,0.51,0.51,268850000000.0,,268850000000.0,-79217884769.0,-4.0,-3.468,-32638000000.0,-3.737,1.0,20336000000.0,1.0,68951000000.0,0.0,2501015000000.0,,0.0,1568704000000.0,,,2469602000000.0,,,208718115231.0,11660000000.0,0.0,-114000000.0,5515000000.0,-1983000000.0,-12398000000.0,54977000000.0,55464000000.0,-32638000000.0,1719000000.0,4881000000.0,4440000000.0,4440000000.0,0.0,0.0,0.218,14401000000.0,5935000000.0,0.0,0.353,0.776,11.587,11.809,10902000000.0,441000000.0,24.09,2.378,2.397,61684000000.0,160447000000.0,20336000000.0,20336000000.0,0.0,,,,,520000000.0,12138000000.0,1.0,8664097768.0,8732900000,8777500000.0,2.329,2669501000000.0,0.0,-335000000.0,0.0,305.683,
4,BAC,MRQ,2020-06-30,2020-06-30,2020-06-30,2021-08-02,-1162000000.0,2741688000000.0,,,,,30.394,0.0,746596000000.0,746596000000.0,0.0,3533000000.0,,9.321,458660000000.0,,,458660000000.0,0.0,448000000.0,1718666000000.0,0.03,0.18,3799000000.0,4247000000.0,0.19,4247000000.0,3799000000.0,3799000000.0,0.38,0.37,0.38,265637000000.0,,265637000000.0,98276760015.0,4.0,3.913,-3006000000.0,-0.344,1.0,22326000000.0,1.0,68951000000.0,0.0,2384801000000.0,,0.0,1503981000000.0,,,2476051000000.0,,,206045760015.0,38956000000.0,0.0,-286000000.0,-4196000000.0,-1833000000.0,129132000000.0,-88349000000.0,-87982000000.0,-3006000000.0,1179000000.0,3533000000.0,3284000000.0,3284000000.0,0.0,0.0,0.147,13410000000.0,8916000000.0,0.0,0.474,0.776,10.934,11.31,10790000000.0,249000000.0,23.75,2.283,2.3,55392000000.0,157578000000.0,22326000000.0,22326000000.0,0.0,,,,,534000000.0,11334000000.0,1.0,8675610948.0,8739900000,8768100000.0,2.554,2672737000000.0,0.0,266000000.0,0.0,305.809,
5,BAC,MRQ,2020-03-31,2020-03-31,2020-03-31,2021-08-02,-120000000.0,2619954000000.0,,,,,30.051,0.0,564642000000.0,564642000000.0,0.0,4010000000.0,,8.89,456873000000.0,,,456873000000.0,0.0,432000000.0,1583325000000.0,0.033,0.18,4531000000.0,4963000000.0,0.218,4963000000.0,4531000000.0,4531000000.0,0.4,0.4,0.4,264918000000.0,,264918000000.0,172211698439.0,6.0,5.691,19043000000.0,2.16,1.0,22767000000.0,1.0,68951000000.0,0.0,2443234000000.0,,0.0,1576387000000.0,,,2355036000000.0,,,185306698439.0,88830000000.0,0.0,-6362000000.0,21723000000.0,-2083000000.0,161147000000.0,-90411000000.0,-88792000000.0,19043000000.0,-949000000.0,4010000000.0,3541000000.0,3541000000.0,0.0,0.0,0.156,13475000000.0,9292000000.0,0.0,0.45,0.699,8.174,8.595,10792000000.0,469000000.0,21.23,2.036,2.056,69238000000.0,155866000000.0,22767000000.0,22767000000.0,0.0,,,,,543000000.0,11489000000.0,1.0,8728530308.0,8815600000,8862700000.0,2.583,2551003000000.0,0.0,521000000.0,0.0,289.374,
6,BAC,MRQ,2019-12-31,2019-12-31,2019-12-31,2021-08-02,-6633000000.0,2434079000000.0,,,,,29.38,0.0,443264000000.0,443264000000.0,0.0,6994000000.0,,8.192,430169000000.0,,,430169000000.0,0.0,439000000.0,1434803000000.0,0.019,0.18,8169000000.0,8608000000.0,0.385,8608000000.0,8169000000.0,8169000000.0,0.75,0.74,0.75,264810000000.0,,264810000000.0,356715682663.0,11.0,10.345,59103000000.0,6.557,1.0,22349000000.0,1.0,68951000000.0,0.0,2352033000000.0,,0.0,1495850000000.0,,,2169269000000.0,,,316807682663.0,4466000000.0,0.0,-7748000000.0,-44128000000.0,-1848000000.0,-11866000000.0,-43279000000.0,-42493000000.0,59103000000.0,508000000.0,6994000000.0,6748000000.0,6748000000.0,0.0,0.0,0.302,13239000000.0,9110000000.0,0.0,0.24,1.196,12.186,12.715,10561000000.0,246000000.0,35.22,3.472,3.625,55937000000.0,156319000000.0,22349000000.0,22349000000.0,0.0,,,,,479000000.0,11382000000.0,1.0,8995107401.0,9013400000,9074500000.0,2.48,2365128000000.0,0.0,1175000000.0,0.0,262.401,
7,BAC,MRQ,2019-09-30,2019-09-30,2019-09-30,2021-08-02,-5617000000.0,2426330000000.0,,,,,28.848,0.0,436246000000.0,436246000000.0,0.0,5777000000.0,,8.04,476154000000.0,,,476154000000.0,0.0,438000000.0,1392836000000.0,0.022,0.18,6859000000.0,7297000000.0,0.32,7297000000.0,6859000000.0,6859000000.0,0.57,0.56,0.57,268387000000.0,,268387000000.0,303563126635.0,9.0,8.649,-5702000000.0,-0.613,1.0,22807000000.0,1.0,68951000000.0,0.0,2397287000000.0,,0.0,1463005000000.0,,,2157943000000.0,,,271523126635.0,-14300000000.0,0.0,-7626000000.0,14219000000.0,-464000000.0,22828000000.0,-30133000000.0,-29272000000.0,-5702000000.0,-1293000000.0,5777000000.0,5272000000.0,5272000000.0,0.0,0.0,0.231,15169000000.0,7638000000.0,0.0,0.316,1.012,10.328,10.646,10493000000.0,505000000.0,29.17,2.965,2.964,52560000000.0,151183000000.0,22807000000.0,22807000000.0,0.0,,,,,510000000.0,13310000000.0,1.0,9308300536.0,9303600000,9353000000.0,2.451,2357379000000.0,0.0,1082000000.0,0.0,253.384,
8,BAC,MRQ,2019-06-30,2019-06-30,2019-06-30,2021-08-02,-7477000000.0,2395892000000.0,,,,,28.5,0.0,428163000000.0,428163000000.0,0.0,7348000000.0,,7.828,460203000000.0,,,460203000000.0,0.0,434000000.0,1375093000000.0,0.021,0.15,8959000000.0,9393000000.0,0.407,9393000000.0,8959000000.0,8959000000.0,0.75,0.74,0.75,271408000000.0,,271408000000.0,264005893322.0,7.0,7.076,-6725000000.0,-0.706,1.0,23084000000.0,1.0,68951000000.0,0.0,2358981000000.0,,0.0,1450676000000.0,,,2124484000000.0,,,275737893322.0,-229000000.0,0.0,-6507000000.0,17954000000.0,-1696000000.0,7923000000.0,-2451000000.0,-1791000000.0,-6725000000.0,1024000000.0,7348000000.0,7109000000.0,7109000000.0,0.0,0.0,0.308,13268000000.0,9816000000.0,0.0,0.2,1.016,9.948,10.211,10426000000.0,239000000.0,29.0,3.014,3.019,53329000000.0,147577000000.0,23084000000.0,23084000000.0,0.0,,,,,481000000.0,11402000000.0,1.0,9508203218.0,9523200000,9559600000.0,2.424,2326941000000.0,0.0,1611000000.0,0.0,244.344,
9,BAC,MRQ,2019-03-31,2019-03-31,2019-03-31,2021-08-02,-10042000000.0,2377164000000.0,,,,,27.454,0.0,448120000000.0,448120000000.0,0.0,7311000000.0,,7.903,436388000000.0,,,436388000000.0,0.0,418000000.0,1379337000000.0,0.021,0.15,8767000000.0,9185000000.0,0.399,9185000000.0,8767000000.0,8767000000.0,0.71,0.7,0.71,267010000000.0,,267010000000.0,256973181889.0,7.0,6.959,15101000000.0,1.553,1.0,23004000000.0,1.0,68951000000.0,0.0,2296481000000.0,,0.0,1425400000000.0,,,2110154000000.0,,,266485181889.0,-5781000000.0,0.0,-6263000000.0,-4294000000.0,-1926000000.0,-15508000000.0,-4767000000.0,-4100000000.0,15101000000.0,-607000000.0,7311000000.0,6869000000.0,6869000000.0,0.0,0.0,0.299,13224000000.0,9780000000.0,0.0,0.211,0.998,9.842,10.106,10251000000.0,442000000.0,27.59,2.93,2.95,53496000000.0,141888000000.0,23004000000.0,23004000000.0,0.0,,,,,504000000.0,11398000000.0,1.0,9658759764.0,9725900000,9787300000.0,2.365,2308213000000.0,0.0,1456000000.0,0.0,237.326,
10,BAC,MRQ,2018-12-31,2018-12-31,2018-12-31,2021-08-02,-12211000000.0,2354507000000.0,,,,,26.927,0.0,446029000000.0,446029000000.0,0.0,7278000000.0,,7.874,436569000000.0,,,436569000000.0,0.0,524000000.0,1381476000000.0,0.022,0.15,8698000000.0,9222000000.0,0.407,9222000000.0,8698000000.0,8698000000.0,0.71,0.7,0.71,265325000000.0,,265325000000.0,235596810729.0,7.0,6.429,-13922000000.0,-1.413,1.0,22677000000.0,1.0,68951000000.0,0.0,2276096000000.0,,0.0,1433139000000.0,,,2089182000000.0,,,241821810729.0,-7454000000.0,0.0,-5231000000.0,1712000000.0,-1745000000.0,30556000000.0,-24317000000.0,-24081000000.0,-13922000000.0,229000000.0,7278000000.0,7039000000.0,7039000000.0,0.0,0.0,0.31,13074000000.0,9603000000.0,0.0,0.211,0.911,9.058,9.333,9906000000.0,239000000.0,24.64,2.657,2.733,65814000000.0,136314000000.0,22677000000.0,22677000000.0,0.0,,,,,406000000.0,11210000000.0,1.0,9814196864.0,9853500000,9993900000.0,2.301,2285556000000.0,0.0,1420000000.0,0.0,231.954,
11,BAC,MRQ,2018-09-30,2018-09-30,2018-09-30,2021-08-02,-14836000000.0,2338833000000.0,,,,,26.133,0.0,440960000000.0,440960000000.0,0.0,7167000000.0,,7.921,434735000000.0,,,434735000000.0,0.0,515000000.0,1345649000000.0,0.017,0.15,8994000000.0,9509000000.0,0.418,9509000000.0,8994000000.0,8994000000.0,0.67,0.66,0.67,262158000000.0,,262158000000.0,333476836574.0,10.0,9.779,19606000000.0,1.954,1.0,22724000000.0,1.0,68951000000.0,0.0,2263657000000.0,,0.0,1417367000000.0,,,2076675000000.0,,,294253836574.0,13659000000.0,0.0,-5040000000.0,-7002000000.0,-1905000000.0,21045000000.0,-26282000000.0,-26280000000.0,19606000000.0,-710000000.0,7167000000.0,6701000000.0,6701000000.0,0.0,0.0,0.295,13014000000.0,9710000000.0,0.0,0.224,1.122,13.538,13.831,9680000000.0,466000000.0,29.46,3.323,3.337,56962000000.0,130747000000.0,22724000000.0,22724000000.0,0.0,,,,,446000000.0,11214000000.0,1.0,9988249714.0,10031600000,10170800000.0,2.265,2269882000000.0,0.0,1827000000.0,0.0,226.273,
12,BAC,MRQ,2018-06-30,2018-06-30,2018-06-30,2021-08-02,-13333000000.0,2291670000000.0,,,,,25.95,0.0,405897000000.0,405897000000.0,0.0,6784000000.0,,7.673,445120000000.0,,,445120000000.0,0.0,513000000.0,1309691000000.0,0.017,0.12,8498000000.0,9011000000.0,0.4,9011000000.0,8498000000.0,8498000000.0,0.64,0.63,0.64,264216000000.0,,264216000000.0,277745400931.0,9.0,8.487,-6518000000.0,-0.64,1.0,22549000000.0,1.0,68951000000.0,0.0,2261942000000.0,,0.0,1415764000000.0,,,2027454000000.0,,,285828400931.0,-33042000000.0,0.0,-4965000000.0,-276000000.0,-1571000000.0,-27085000000.0,1980000000.0,2923000000.0,-6518000000.0,-1419000000.0,6784000000.0,6466000000.0,6466000000.0,0.0,0.0,0.287,13224000000.0,9325000000.0,0.0,0.188,1.082,14.296,14.456,9537000000.0,318000000.0,28.19,3.26,3.274,57813000000.0,125546000000.0,22549000000.0,22549000000.0,0.0,,,,,462000000.0,11397000000.0,1.0,10139354414.0,10181700000,10309400000.0,2.215,2222719000000.0,0.0,1714000000.0,0.0,218.305,
13,BAC,MRQ,2018-03-31,2018-03-31,2018-03-31,2021-08-02,-12278000000.0,2328478000000.0,,,,,25.791,0.0,456940000000.0,456940000000.0,0.0,6918000000.0,,7.746,448857000000.0,,,448857000000.0,0.0,511000000.0,1328664000000.0,0.015,0.12,8394000000.0,8905000000.0,0.386,8905000000.0,8394000000.0,8394000000.0,0.63,0.62,0.63,266224000000.0,,266224000000.0,362807229991.0,12.0,11.209,40354000000.0,3.909,1.0,23070000000.0,1.0,68951000000.0,0.0,2251444000000.0,,0.0,1407751000000.0,,,2062254000000.0,,,307208229991.0,46807000000.0,0.0,-4858000000.0,14390000000.0,-1674000000.0,28602000000.0,-22849000000.0,-22044000000.0,40354000000.0,700000000.0,6918000000.0,6490000000.0,6490000000.0,0.0,0.0,0.281,13842000000.0,9228000000.0,0.0,0.19,1.154,16.812,16.848,9399000000.0,428000000.0,29.99,3.493,3.52,58127000000.0,120298000000.0,23070000000.0,23070000000.0,0.0,,,,,415000000.0,11921000000.0,1.0,10243688896.0,10322400000,10472700000.0,2.235,2259527000000.0,0.0,1476000000.0,0.0,218.896,
14,BAC,MRQ,2017-12-31,2017-12-31,2017-12-31,2021-08-02,-7082000000.0,2281234000000.0,,,,,25.51,0.0,381334000000.0,381334000000.0,0.0,2365000000.0,,7.539,436933000000.0,,,436933000000.0,0.0,515000000.0,1309545000000.0,0.013,0.12,6161000000.0,6676000000.0,0.33,6676000000.0,6161000000.0,6161000000.0,0.19,0.2,0.19,267146000000.0,,267146000000.0,359958715686.0,12.0,11.494,-7100000000.0,-0.678,1.0,20210000000.0,1.0,68951000000.0,0.0,2267882000000.0,,0.0,1415678000000.0,,,2014088000000.0,,,307911715686.0,-14947000000.0,0.0,-4869000000.0,-15052000000.0,-1576000000.0,3843000000.0,-11917000000.0,-11693000000.0,-7100000000.0,227000000.0,2365000000.0,2079000000.0,2079000000.0,0.0,0.0,0.103,13048000000.0,7162000000.0,0.0,0.632,1.153,18.529,18.11,9247000000.0,286000000.0,29.52,3.534,3.454,61623000000.0,113816000000.0,20210000000.0,20210000000.0,0.0,,,,,427000000.0,5477000000.0,1.0,10430613675.0,10472200000,10617300000.0,1.93,2212283000000.0,0.0,3796000000.0,0.0,211.253,
15,BAC,MRQ,2017-09-30,2017-09-30,2017-09-30,2021-08-02,-6168000000.0,2283896000000.0,,,,,26.717,0.0,399088000000.0,399088000000.0,0.0,5424000000.0,,7.383,451135000000.0,,,451135000000.0,0.0,523000000.0,1284417000000.0,0.014,0.12,7611000000.0,8134000000.0,0.372,8134000000.0,7611000000.0,7611000000.0,0.49,0.46,0.49,272459000000.0,,272459000000.0,320380705917.0,11.0,10.298,20304000000.0,1.991,1.0,21839000000.0,1.0,71427000000.0,0.0,2264516000000.0,,0.0,1409667000000.0,,,2011437000000.0,,,249613705917.0,13677000000.0,0.0,-2981000000.0,-8050000000.0,-1721000000.0,8658000000.0,-15699000000.0,-15072000000.0,20304000000.0,414000000.0,5424000000.0,4959000000.0,4959000000.0,0.0,0.0,0.227,13394000000.0,8445000000.0,0.0,0.245,0.916,13.284,13.624,8971000000.0,465000000.0,25.34,2.872,2.973,55855000000.0,113486000000.0,21839000000.0,21839000000.0,0.0,,,,,457000000.0,13394000000.0,1.0,9850580344.0,10197900000,10746700000.0,2.142,2212469000000.0,0.0,2187000000.0,0.0,216.953,
16,BAC,MRQ,2017-06-30,2017-06-30,2017-06-30,2021-08-02,-6605000000.0,2254529000000.0,,,,,27.062,0.0,386057000000.0,386057000000.0,0.0,5106000000.0,,7.32,456824000000.0,,,456824000000.0,0.0,531000000.0,1262980000000.0,0.012,0.075,8121000000.0,8652000000.0,0.379,8652000000.0,8121000000.0,8121000000.0,0.47,0.44,0.47,270987000000.0,,270987000000.0,302353067411.0,11.0,9.802,9649000000.0,0.964,1.0,22829000000.0,1.0,71579000000.0,0.0,2253717000000.0,,0.0,1387881000000.0,,,1983542000000.0,,,241433067411.0,-9321000000.0,0.0,-2236000000.0,2906000000.0,-1148000000.0,-9637000000.0,-9984000000.0,-20448000000.0,9649000000.0,651000000.0,5106000000.0,4745000000.0,4745000000.0,0.0,0.0,0.208,13982000000.0,8847000000.0,0.0,0.16,0.891,13.205,13.478,8904000000.0,361000000.0,24.26,2.785,2.802,59342000000.0,109628000000.0,22829000000.0,22829000000.0,0.0,,,,,459000000.0,13982000000.0,1.0,9951898904.0,10013500000,10834800000.0,2.28,2182950000000.0,0.0,3015000000.0,0.0,218.001,
17,BAC,MRQ,2017-03-31,2017-03-31,2017-03-31,2021-08-02,-7316000000.0,2247701000000.0,,,,,26.551,0.0,390725000000.0,390725000000.0,0.0,5337000000.0,,7.382,451645000000.0,,,451645000000.0,0.0,534000000.0,1272141000000.0,0.012,0.075,7320000000.0,7854000000.0,0.353,7854000000.0,7320000000.0,7320000000.0,0.48,0.45,0.48,268153000000.0,,268153000000.0,291727627319.0,11.0,9.865,-12989000000.0,-1.286,1.0,22248000000.0,1.0,71735000000.0,0.0,2236886000000.0,,0.0,1380614000000.0,,,1979548000000.0,,,236492627319.0,20287000000.0,0.0,-2728000000.0,39764000000.0,-1255000000.0,46404000000.0,-13941000000.0,-12739000000.0,-12989000000.0,813000000.0,5337000000.0,4835000000.0,4835000000.0,0.0,0.0,0.217,14093000000.0,8155000000.0,0.0,0.156,0.882,13.168,13.403,9319000000.0,502000000.0,23.59,2.777,2.798,59534000000.0,105467000000.0,22248000000.0,22248000000.0,0.0,,,,,306000000.0,14093000000.0,1.0,10025121972.0,10099600000,10919700000.0,2.203,2175966000000.0,0.0,1983000000.0,0.0,215.451,
18,BAC,MRQ,2016-12-31,2016-12-31,2016-12-31,2021-08-02,-7288000000.0,2188067000000.0,,,,,26.103,0.0,355823000000.0,355823000000.0,0.0,4612000000.0,,7.22,411058000000.0,,,411058000000.0,0.0,549000000.0,1260934000000.0,0.011,0.075,5923000000.0,6472000000.0,0.324,6472000000.0,5923000000.0,5923000000.0,0.42,0.39,0.42,266195000000.0,,266195000000.0,282791531053.0,11.0,10.373,-9440000000.0,-0.926,1.0,19990000000.0,1.0,68969000000.0,0.0,2174333000000.0,,0.0,1380502000000.0,,,1921872000000.0,,,223321531053.0,4304000000.0,0.0,-1330000000.0,-10158000000.0,-1163000000.0,15383000000.0,715000000.0,416000000.0,-9440000000.0,-2354000000.0,4612000000.0,4251000000.0,4251000000.0,0.0,0.0,0.213,13293000000.0,6697000000.0,0.0,0.179,0.839,13.837,14.076,9139000000.0,361000000.0,22.1,2.668,2.715,58759000000.0,101225000000.0,19990000000.0,19990000000.0,0.0,,,,,280000000.0,13847000000.0,1.0,10105046654.0,10197766000,11046779000.0,1.96,2119098000000.0,0.0,1311000000.0,0.0,207.8,
19,BAC,MRQ,2016-09-30,2016-09-30,2016-09-30,2021-08-02,-1701000000.0,2195314000000.0,,,,,26.349,0.0,370750000000.0,370750000000.0,0.0,4955000000.0,,7.128,430220000000.0,,,430220000000.0,0.0,564000000.0,1232895000000.0,0.014,0.075,7304000000.0,7868000000.0,0.364,7868000000.0,7304000000.0,7304000000.0,0.43,0.41,0.43,270083000000.0,,270083000000.0,207933101204.0,9.0,7.921,526000000.0,0.051,1.0,21635000000.0,1.0,75389000000.0,0.0,2179395000000.0,,0.0,1386712000000.0,,,1925231000000.0,,,159705101204.0,-27773000000.0,0.0,-1399000000.0,-10399000000.0,-1178000000.0,3860000000.0,-32510000000.0,-31909000000.0,526000000.0,351000000.0,4955000000.0,4452000000.0,4452000000.0,0.0,0.0,0.206,13481000000.0,8154000000.0,0.0,0.174,0.591,10.706,10.868,9133000000.0,503000000.0,15.65,1.917,1.926,54116000000.0,98303000000.0,21635000000.0,21635000000.0,0.0,,,,,125000000.0,13300000000.0,1.0,10204798799.0,10250124000,11000473000.0,2.111,2119925000000.0,0.0,2349000000.0,0.0,206.819,
20,BAC,MRQ,2016-06-30,2016-06-30,2016-06-30,2021-08-02,-1328000000.0,2186609000000.0,,,,,25.858,0.0,392502000000.0,392502000000.0,0.0,4783000000.0,,7.187,440730000000.0,,,440730000000.0,0.0,562000000.0,1216091000000.0,0.015,0.05,6817000000.0,7379000000.0,0.347,7379000000.0,6817000000.0,6817000000.0,0.43,0.41,0.43,267069000000.0,,267069000000.0,182368320715.0,8.0,7.229,15294000000.0,1.481,1.0,21286000000.0,1.0,75365000000.0,0.0,2159472000000.0,,0.0,1367377000000.0,,,1919540000000.0,,,136308320715.0,-8403000000.0,0.0,-1383000000.0,-12851000000.0,-879000000.0,-15418000000.0,-9116000000.0,-9234000000.0,15294000000.0,837000000.0,4783000000.0,4422000000.0,4422000000.0,0.0,0.0,0.208,13493000000.0,7793000000.0,0.0,0.116,0.51,9.309,9.411,9150000000.0,361000000.0,13.27,1.649,1.658,58150000000.0,93623000000.0,21286000000.0,21286000000.0,0.0,,,,,131000000.0,13307000000.0,1.0,10271915653.0,10328424000,11059167000.0,2.061,2111244000000.0,0.0,2034000000.0,0.0,204.411,
21,BAC,MRQ,2016-03-31,2016-03-31,2016-03-31,2021-08-02,-2610000000.0,2185498000000.0,,,,,25.34,0.0,406630000000.0,406630000000.0,0.0,3472000000.0,,7.317,452690000000.0,,,452690000000.0,0.0,566000000.0,1217261000000.0,0.015,0.05,4977000000.0,5543000000.0,0.267,5543000000.0,4977000000.0,4977000000.0,0.29,0.28,0.29,262776000000.0,,262776000000.0,219176531350.0,9.0,8.539,10897000000.0,1.051,1.0,20790000000.0,1.0,75970000000.0,0.0,2155588000000.0,,0.0,1347802000000.0,,,1922722000000.0,,,139602531350.0,20257000000.0,0.0,-1000000000.0,9308000000.0,-974000000.0,29328000000.0,-21374000000.0,-21966000000.0,10897000000.0,1406000000.0,3472000000.0,3015000000.0,3015000000.0,0.0,0.0,0.145,14816000000.0,5974000000.0,0.0,0.172,0.531,9.291,9.389,9358000000.0,457000000.0,13.52,1.675,1.683,56838000000.0,90270000000.0,20790000000.0,20790000000.0,0.0,,,,,831000000.0,14629000000.0,1.0,10325631017.0,10370094000,11100067000.0,2.005,2109528000000.0,0.0,1505000000.0,0.0,203.424,
22,BAC,MRQ,2015-12-31,2015-12-31,2015-12-31,2021-08-02,-5358000000.0,2144287000000.0,,,,,24.635,0.0,359579000000.0,359579000000.0,0.0,3358000000.0,,7.37,439153000000.0,,,439153000000.0,0.0,583000000.0,1197259000000.0,0.012,0.05,4879000000.0,5462000000.0,0.279,5462000000.0,4879000000.0,4879000000.0,0.29,0.28,0.29,256176000000.0,,256176000000.0,262694032863.0,12.0,10.689,5688000000.0,0.547,1.0,19582000000.0,1.0,73529000000.0,0.0,2150332000000.0,,0.0,1352167000000.0,,,1888111000000.0,,,175242032863.0,-11073000000.0,0.0,-799000000.0,-27435000000.0,-850000000.0,6131000000.0,-22818000000.0,-24141000000.0,5688000000.0,-74000000.0,3358000000.0,3028000000.0,3028000000.0,0.0,0.0,0.155,13893000000.0,5689000000.0,0.0,0.172,0.684,12.147,12.196,9485000000.0,330000000.0,16.83,2.112,2.122,58312000000.0,88219000000.0,19582000000.0,19582000000.0,0.0,,,,,-106000000.0,14525000000.0,1.0,10412479671.0,10398730000,11242545000.0,1.883,2070758000000.0,0.0,1521000000.0,0.0,199.136,
23,BAC,MRQ,2015-09-30,2015-09-30,2015-09-30,2021-08-02,-3694000000.0,2153006000000.0,,,,,24.502,0.0,383592000000.0,383592000000.0,0.0,4619000000.0,,7.413,471044000000.0,,,471044000000.0,0.0,595000000.0,1162009000000.0,0.013,0.05,6247000000.0,6842000000.0,0.326,6842000000.0,6247000000.0,6247000000.0,0.4,0.38,0.4,255905000000.0,,255905000000.0,288027933530.0,12.0,11.228,25796000000.0,2.47,1.0,20992000000.0,1.0,76777000000.0,0.0,2163681000000.0,,0.0,1330751000000.0,,,1897101000000.0,,,163099933530.0,6912000000.0,0.0,-800000000.0,-24617000000.0,-961000000.0,-13938000000.0,-4768000000.0,-4033000000.0,25796000000.0,-178000000.0,4619000000.0,4178000000.0,4178000000.0,0.0,0.0,0.199,13939000000.0,7053000000.0,0.0,0.125,0.637,10.786,10.745,9554000000.0,441000000.0,15.58,1.936,1.932,63443000000.0,85485000000.0,20992000000.0,20992000000.0,0.0,,,,,-10000000.0,13732000000.0,1.0,10468545156.0,10444291000,11197203000.0,2.01,2076229000000.0,0.0,1628000000.0,0.0,198.791,
24,BAC,MRQ,2015-06-30,2015-06-30,2015-06-30,2021-08-02,-5190000000.0,2149034000000.0,,,,,23.995,0.0,371413000000.0,371413000000.0,0.0,5134000000.0,,7.539,496341000000.0,,,496341000000.0,0.0,603000000.0,1149560000000.0,0.012,0.05,7218000000.0,7821000000.0,0.356,7821000000.0,7218000000.0,7218000000.0,0.46,0.43,0.46,251659000000.0,,251659000000.0,276962745710.0,16.0,13.941,-3332000000.0,-0.318,1.0,21956000000.0,1.0,77484000000.0,0.0,2196478000000.0,,0.0,1323651000000.0,,,1897375000000.0,,,178745745710.0,971000000.0,0.0,-775000000.0,23142000000.0,-917000000.0,17830000000.0,-14473000000.0,-14272000000.0,-3332000000.0,946000000.0,5134000000.0,4804000000.0,4804000000.0,0.0,0.0,0.219,13958000000.0,7998000000.0,0.0,0.109,0.71,17.066,16.851,9700000000.0,330000000.0,17.02,2.117,2.114,64505000000.0,81938000000.0,21956000000.0,21956000000.0,0.0,,,,,13000000.0,13746000000.0,1.0,10502100218.0,10488137000,11238060000.0,2.093,2071550000000.0,0.0,2084000000.0,0.0,197.514,
25,BAC,MRQ,2015-03-31,2015-03-31,2015-03-31,2021-08-02,-2967000000.0,2143545000000.0,,,,,23.785,0.0,376669000000.0,376669000000.0,0.0,3097000000.0,,7.568,474886000000.0,,,474886000000.0,0.0,608000000.0,1153168000000.0,0.01,0.05,4322000000.0,4930000000.0,0.236,4930000000.0,4322000000.0,4322000000.0,0.26,0.25,0.26,250188000000.0,,250188000000.0,299562133498.0,23.0,19.368,245000000.0,0.023,1.0,20914000000.0,1.0,77561000000.0,0.0,2164201000000.0,,0.0,1319332000000.0,,,1893357000000.0,,,161896133498.0,23954000000.0,0.0,0.0,2155000000.0,-846000000.0,38512000000.0,-13512000000.0,-13419000000.0,245000000.0,-1291000000.0,3097000000.0,2715000000.0,2715000000.0,0.0,0.0,0.13,15827000000.0,5087000000.0,0.0,0.192,0.647,21.012,20.797,9833000000.0,382000000.0,15.39,1.922,1.922,63716000000.0,77472000000.0,20914000000.0,20914000000.0,0.0,,,,,14000000.0,15614000000.0,1.0,10519566829.0,10518790000,11266511000.0,1.988,2065984000000.0,0.0,1225000000.0,0.0,196.409,
26,BAC,MRQ,2014-12-31,2014-12-31,2014-12-31,2021-08-02,-4320000000.0,2104534000000.0,,,,,23.152,684000000.0,337922000000.0,337922000000.0,0.0,3737000000.0,,7.644,475588000000.0,,,475588000000.0,0.0,642000000.0,1118936000000.0,0.007,0.05,5418000000.0,6060000000.0,0.297,6060000000.0,5418000000.0,5418000000.0,0.33,0.32,0.33,243471000000.0,,243471000000.0,329626298837.0,41.0,31.438,1032000000.0,0.098,1.0,20372000000.0,1.0,77919000000.0,0.0,2164281000000.0,,0.0,1312951000000.0,,,1861063000000.0,,,188139298837.0,9930000000.0,0.0,0.0,-23221000000.0,-837000000.0,-15714000000.0,27078000000.0,28907000000.0,348000000.0,-1782000000.0,3737000000.0,3425000000.0,3425000000.0,0.0,0.0,0.168,14735000000.0,5637000000.0,0.0,0.152,0.773,42.033,41.605,10049000000.0,312000000.0,17.89,2.19,2.193,61845000000.0,75024000000.0,20372000000.0,20372000000.0,0.0,,,,,78000000.0,14507000000.0,1.0,10516450466.0,10516208000,10574617000.0,1.937,2026615000000.0,0.0,1681000000.0,0.0,192.713,
27,BAC,MRQ,2014-09-30,2014-09-30,2014-09-30,2021-08-02,-5515000000.0,2123613000000.0,,,,,22.697,-233000000.0,359828000000.0,359828000000.0,0.0,-232000000.0,,7.897,501315000000.0,,,501315000000.0,0.0,625000000.0,1111981000000.0,0.005,0.05,431000000.0,1056000000.0,0.05,1056000000.0,431000000.0,431000000.0,-0.04,-0.04,-0.04,238681000000.0,,238681000000.0,309074457313.0,48.0,34.603,2713000000.0,0.258,1.0,21209000000.0,1.0,78876000000.0,0.0,2186224000000.0,,0.0,1301335000000.0,,,1884932000000.0,,,179295457313.0,-24240000000.0,0.0,0.0,-14126000000.0,-765000000.0,-34183000000.0,8471000000.0,8830000000.0,2946000000.0,-1474000000.0,-232000000.0,-470000000.0,-470000000.0,0.0,0.0,-0.022,20142000000.0,1067000000.0,0.0,-1.25,0.751,42.347,42.625,9987000000.0,238000000.0,17.05,2.061,2.061,67092000000.0,72811000000.0,21209000000.0,21209000000.0,0.0,,,,,0.0,19908000000.0,1.0,10515862599.0,10515790000,10515790000.0,2.017,2044737000000.0,0.0,663000000.0,0.0,194.444,
28,BAC,MRQ,2014-06-30,2014-06-30,2014-06-30,2021-08-02,-4711000000.0,2170557000000.0,,,,,22.569,-185000000.0,390994000000.0,390994000000.0,0.0,2291000000.0,,8.143,520773000000.0,,,520773000000.0,0.0,626000000.0,1134329000000.0,0.003,0.01,2795000000.0,3421000000.0,0.157,3421000000.0,2795000000.0,2795000000.0,0.19,0.19,0.19,237411000000.0,,237411000000.0,291190689927.0,27.0,21.765,4593000000.0,0.437,1.0,21747000000.0,1.0,79277000000.0,0.0,2221059000000.0,,0.0,1306063000000.0,,,1933146000000.0,,,161625689927.0,1254000000.0,0.0,-233000000.0,9113000000.0,-360000000.0,10679000000.0,-14394000000.0,-14241000000.0,4778000000.0,191000000.0,2291000000.0,2035000000.0,2035000000.0,0.0,0.0,0.094,18541000000.0,3206000000.0,0.0,0.053,0.681,23.35,23.646,10145000000.0,256000000.0,15.37,1.851,1.851,65475000000.0,73808000000.0,21747000000.0,21747000000.0,0.0,,,,,0.0,18306000000.0,1.0,10515659722.0,10519359000,11265123000.0,2.067,2091280000000.0,0.0,504000000.0,0.0,198.803,
29,BAC,MRQ,2014-03-31,2014-03-31,2014-03-31,2021-08-02,-7037000000.0,2149851000000.0,,,,,21.958,-266000000.0,379737000000.0,379737000000.0,0.0,-276000000.0,,8.271,509302000000.0,,,509302000000.0,0.0,629000000.0,1133650000000.0,0.002,0.01,-681000000.0,-52000000.0,-0.002,-52000000.0,-681000000.0,-681000000.0,-0.05,-0.05,-0.05,231888000000.0,,231888000000.0,342360926936.0,25.0,21.222,22457000000.0,2.127,1.0,22566000000.0,1.0,79944000000.0,0.0,2199472000000.0,,0.0,1297914000000.0,,,1917963000000.0,,,181771926936.0,20323000000.0,0.0,-1442000000.0,14402000000.0,-344000000.0,27017000000.0,-29415000000.0,-29252000000.0,22723000000.0,-2000000.0,-276000000.0,-514000000.0,-514000000.0,0.0,0.0,-0.023,22238000000.0,328000000.0,0.0,-0.2,0.784,21.491,21.772,10351000000.0,238000000.0,17.2,2.058,2.057,64135000000.0,71877000000.0,22566000000.0,22566000000.0,0.0,,,,,0.0,21999000000.0,1.0,10568135287.0,10560518000,10560518000.0,2.137,2069907000000.0,0.0,-405000000.0,0.0,196.004,
30,BAC,MRQ,2013-12-31,2013-12-31,2013-12-31,2021-08-02,-8457000000.0,2102273000000.0,,,,,21.885,353000000.0,333190000000.0,333190000000.0,0.0,3439000000.0,,8.035,493779000000.0,,,493779000000.0,0.0,662000000.0,1119271000000.0,0.003,0.01,3845000000.0,4507000000.0,0.21,4507000000.0,3845000000.0,3845000000.0,0.3,0.28,0.3,232685000000.0,,232685000000.0,340756705493.0,21.0,18.072,12347000000.0,1.161,1.0,21488000000.0,1.0,80470000000.0,0.0,2182392000000.0,,0.0,1293607000000.0,,,1869588000000.0,,,166071705493.0,10089000000.0,0.0,-1351000000.0,-26885000000.0,-361000000.0,-19451000000.0,17748000000.0,18094000000.0,11994000000.0,-202000000.0,3439000000.0,3183000000.0,3183000000.0,0.0,0.0,0.148,17307000000.0,4181000000.0,0.0,0.033,0.714,16.472,16.564,10475000000.0,256000000.0,15.57,1.867,1.879,59448000000.0,72497000000.0,21488000000.0,21488000000.0,0.0,,,,,0.0,17041000000.0,1.0,10666133943.0,10632012000,11394725000.0,2.021,2021803000000.0,0.0,406000000.0,0.0,190.162,
31,BAC,MRQ,2013-09-30,2013-09-30,2013-09-30,2021-08-02,-6823000000.0,2126653000000.0,,,,,21.67,-255000000.0,347689000000.0,347689000000.0,0.0,2497000000.0,,8.155,522374000000.0,,,522374000000.0,0.0,658000000.0,1110118000000.0,0.003,0.01,4845000000.0,5503000000.0,0.256,5503000000.0,4845000000.0,4845000000.0,0.21,0.2,0.21,232282000000.0,,232282000000.0,353902158810.0,34.0,26.851,7972000000.0,0.744,1.0,21530000000.0,1.0,80802000000.0,0.0,2220536000000.0,,0.0,1304120000000.0,,,1894371000000.0,,,148255158810.0,22405000000.0,0.0,-866000000.0,-23033000000.0,-362000000.0,4142000000.0,9602000000.0,9897000000.0,8227000000.0,434000000.0,2497000000.0,2218000000.0,2218000000.0,0.0,0.0,0.103,16389000000.0,5141000000.0,0.0,0.048,0.638,20.404,20.294,10703000000.0,279000000.0,13.8,1.722,1.718,60065000000.0,69419000000.0,21530000000.0,21530000000.0,0.0,,,,,0.0,16119000000.0,1.0,10743127450.0,10718918000,11482226000.0,2.009,2045851000000.0,0.0,2348000000.0,0.0,190.864,
32,BAC,MRQ,2013-06-30,2013-06-30,2013-06-30,2021-08-02,-7709000000.0,2123320000000.0,,,,,21.44,-153000000.0,335912000000.0,335912000000.0,0.0,4012000000.0,,8.191,541559000000.0,,,541559000000.0,0.0,676000000.0,1080783000000.0,0.003,0.01,5498000000.0,6174000000.0,0.272,6174000000.0,5498000000.0,5498000000.0,0.33,0.32,0.33,231032000000.0,,231032000000.0,374230651885.0,56.0,39.232,45975000000.0,4.266,1.0,22727000000.0,1.0,81873000000.0,0.0,2247094000000.0,,0.0,1308059000000.0,,,1892288000000.0,,,138635651885.0,-2152000000.0,0.0,-1003000000.0,-23165000000.0,-472000000.0,-43581000000.0,-3962000000.0,-3862000000.0,46128000000.0,-737000000.0,4012000000.0,3571000000.0,3571000000.0,0.0,0.0,0.157,16018000000.0,6709000000.0,0.0,0.03,0.6,27.644,27.362,10836000000.0,441000000.0,12.86,1.631,1.63,67526000000.0,67308000000.0,22727000000.0,22727000000.0,0.0,,,,,0.0,15744000000.0,1.0,10780377285.0,10775867000,11524510000.0,2.109,2041447000000.0,0.0,1486000000.0,0.0,189.446,
33,BAC,MRQ,2013-03-31,2013-03-31,2013-03-31,2021-08-02,-3488000000.0,2174819000000.0,,,,,21.974,55000000.0,334343000000.0,334343000000.0,0.0,1483000000.0,,8.165,569938000000.0,,,569938000000.0,0.0,687000000.0,1095183000000.0,0.003,0.01,1984000000.0,2671000000.0,0.115,2671000000.0,1984000000.0,1984000000.0,0.1,0.1,0.1,237293000000.0,,237293000000.0,381995948818.0,88.0,52.508,26523000000.0,2.456,1.0,23197000000.0,1.0,82205000000.0,0.0,2328209000000.0,,0.0,1315385000000.0,,,1937526000000.0,,,131790948818.0,-9772000000.0,0.0,0.0,-26005000000.0,-482000000.0,-36552000000.0,1670000000.0,1417000000.0,26468000000.0,-1358000000.0,1483000000.0,1110000000.0,1110000000.0,0.0,0.0,0.048,19500000000.0,3697000000.0,0.0,0.1,0.555,37.208,36.909,11085000000.0,373000000.0,12.18,1.564,1.561,70981000000.0,63844000000.0,23197000000.0,23197000000.0,0.0,,,,,0.0,19224000000.0,1.0,10820274944.0,10798975000,11154778000.0,2.148,2092614000000.0,0.0,501000000.0,0.0,193.779,
34,BAC,MRQ,2012-12-31,2012-12-31,2012-12-31,2021-08-02,-2797000000.0,2209974000000.0,,,,,21.986,151000000.0,349370000000.0,349370000000.0,0.0,732000000.0,,8.327,599575000000.0,,,599575000000.0,0.0,736000000.0,1105261000000.0,0.003,0.01,-1904000000.0,-1168000000.0,-0.063,-1168000000.0,-1904000000.0,-1904000000.0,0.04,0.03,0.04,236956000000.0,,236956000000.0,364459487496.0,119.0,59.65,-25992000000.0,-2.412,1.0,18660000000.0,1.0,82511000000.0,0.0,2377668000000.0,,0.0,1316881000000.0,,,1973018000000.0,,,125133487496.0,4337000000.0,0.0,0.0,5415000000.0,-472000000.0,46995000000.0,-15344000000.0,-15839000000.0,-26143000000.0,-1171000000.0,732000000.0,367000000.0,367000000.0,0.0,0.0,0.02,18360000000.0,300000000.0,0.0,0.25,0.528,45.338,44.654,11858000000.0,365000000.0,11.61,1.502,1.497,71467000000.0,62843000000.0,18660000000.0,18660000000.0,0.0,,,,,0.0,18051000000.0,1.0,10778078165.0,10777729000,10883907000.0,1.731,2127463000000.0,0.0,-2636000000.0,0.0,197.394,
35,BAC,MRQ,2012-09-30,2012-09-30,2012-09-30,2021-08-02,-811000000.0,2166162000000.0,,,,,22.142,-220000000.0,356399000000.0,356399000000.0,0.0,340000000.0,,8.078,595725000000.0,,,595725000000.0,0.0,752000000.0,1063307000000.0,0.005,0.01,1110000000.0,1862000000.0,0.091,1862000000.0,1110000000.0,1110000000.0,0.0,0.0,0.0,238606000000.0,,238606000000.0,349758471290.0,47.0,33.137,8597000000.0,0.798,1.0,20428000000.0,1.0,82248000000.0,0.0,2323240000000.0,,0.0,1286950000000.0,,,1927556000000.0,,,95160471290.0,-17302000000.0,0.0,0.0,-37041000000.0,-471000000.0,-9345000000.0,-17479000000.0,-17888000000.0,8817000000.0,705000000.0,340000000.0,-33000000.0,-33000000.0,0.0,0.0,-0.002,17544000000.0,2884000000.0,0.0,,0.399,23.928,23.237,12436000000.0,373000000.0,8.83,1.063,1.062,66341000000.0,62583000000.0,20428000000.0,20428000000.0,0.0,,,,,0.0,17229000000.0,1.0,10776950316.0,10776173000,10776173000.0,1.896,2083914000000.0,0.0,770000000.0,0.0,193.382,
36,BAC,MRQ,2012-06-30,2012-06-30,2012-06-30,2021-08-02,-3500000000.0,2160854000000.0,,,,,21.899,9000000.0,372183000000.0,372183000000.0,0.0,2463000000.0,,8.157,626781000000.0,,,626781000000.0,0.0,763000000.0,1035225000000.0,0.005,0.01,3147000000.0,3910000000.0,0.178,3910000000.0,3147000000.0,3147000000.0,0.19,0.19,0.19,235975000000.0,,235975000000.0,365755330940.0,27.0,21.519,16882000000.0,1.567,1.0,21968000000.0,1.0,83191000000.0,0.0,2332261000000.0,,0.0,1270472000000.0,,,1924879000000.0,,,88153330940.0,-5075000000.0,0.0,0.0,-23823000000.0,-483000000.0,-30373000000.0,9250000000.0,8347000000.0,16873000000.0,-825000000.0,2463000000.0,2098000000.0,2098000000.0,0.0,0.0,0.096,17048000000.0,4920000000.0,0.0,0.053,0.374,8.905,8.521,12653000000.0,365000000.0,8.18,0.903,0.903,71458000000.0,62712000000.0,21968000000.0,21968000000.0,0.0,,,,,0.0,16727000000.0,1.0,10776690824.0,10775695000,11556011000.0,2.039,2077663000000.0,0.0,684000000.0,0.0,192.81,
37,BAC,MRQ,2012-03-31,2012-03-31,2012-03-31,2021-08-02,-4996000000.0,2181449000000.0,,,,,21.828,65000000.0,375055000000.0,375055000000.0,0.0,653000000.0,,8.383,652657000000.0,,,652657000000.0,0.0,787000000.0,1041311000000.0,0.004,0.01,719000000.0,1506000000.0,0.068,1506000000.0,719000000.0,719000000.0,0.03,0.03,0.03,232499000000.0,,232499000000.0,368246957955.0,-161.0,338.151,-15538000000.0,-1.459,1.0,22278000000.0,1.0,85395000000.0,0.0,2373656000000.0,,0.0,1273352000000.0,,,1948950000000.0,,,102708957955.0,8690000000.0,0.0,0.0,26638000000.0,-483000000.0,35139000000.0,-11406000000.0,-12083000000.0,-15603000000.0,560000000.0,653000000.0,328000000.0,328000000.0,0.0,0.0,0.015,19141000000.0,3137000000.0,0.0,0.333,0.442,-77.458,-73.615,13104000000.0,325000000.0,9.57,1.156,1.147,74358000000.0,60734000000.0,22278000000.0,22278000000.0,0.0,,,,,0.0,18822000000.0,1.0,10732388501.0,10651367000,10761917000.0,2.092,2096054000000.0,0.0,66000000.0,0.0,196.787,
38,BAC,MRQ,2011-12-31,2011-12-31,2011-12-31,2021-08-02,-5437000000.0,2129046000000.0,,,,,22.377,-565000000.0,357289000000.0,357289000000.0,0.0,1991000000.0,,8.253,622827000000.0,,,622827000000.0,0.0,845000000.0,1033041000000.0,0.007,0.01,2432000000.0,3277000000.0,0.132,3277000000.0,2432000000.0,2432000000.0,0.16,0.16,0.16,230101000000.0,,230101000000.0,386112447286.0,-1679.0,118.621,24038000000.0,2.338,1.0,24888000000.0,1.0,85498000000.0,0.0,2309086000000.0,,0.0,1290618000000.0,,,1898945000000.0,,,56355447286.0,37237000000.0,0.0,0.0,-52325000000.0,-475000000.0,-61112000000.0,74027000000.0,73741000000.0,24603000000.0,-281000000.0,1991000000.0,1584000000.0,1584000000.0,0.0,0.0,0.064,19522000000.0,5366000000.0,0.0,0.062,0.245,663.005,556.0,13637000000.0,407000000.0,5.56,0.603,0.603,66999000000.0,60520000000.0,24888000000.0,24888000000.0,0.0,,,,,0.0,18475000000.0,1.0,10135871814.0,10282923000,10731719000.0,2.42,2043548000000.0,0.0,441000000.0,0.0,198.732,
39,BAC,MRQ,2011-09-30,2011-09-30,2011-09-30,2021-08-02,-2071000000.0,2219628000000.0,,,,,22.761,-253000000.0,351193000000.0,351193000000.0,0.0,6232000000.0,,8.64,680950000000.0,,,680950000000.0,0.0,871000000.0,1041353000000.0,0.007,0.01,7433000000.0,8304000000.0,0.292,8304000000.0,7433000000.0,7433000000.0,0.58,0.56,0.58,230252000000.0,,230252000000.0,403834887493.0,-65.0,-151.419,-11611000000.0,-1.148,1.0,28453000000.0,1.0,87633000000.0,0.0,2461752000000.0,,0.0,1350303000000.0,,,1989376000000.0,,,62021887493.0,-36662000000.0,0.0,0.0,-26109000000.0,-445000000.0,-18603000000.0,-6194000000.0,-5894000000.0,-11358000000.0,-507000000.0,6232000000.0,5889000000.0,5889000000.0,0.0,0.0,0.207,17613000000.0,10840000000.0,0.0,0.017,0.269,-20.242,-19.742,13552000000.0,343000000.0,6.12,0.682,0.681,89302000000.0,59043000000.0,28453000000.0,28453000000.0,0.0,,,,,0.0,17060000000.0,1.0,10134295342.0,10116284000,10464395000.0,2.813,2131995000000.0,0.0,1201000000.0,0.0,210.749,
40,BAC,MRQ,2011-06-30,2011-06-30,2011-06-30,2021-08-02,793000000.0,2261319000000.0,,,,,22.009,-137000000.0,374999000000.0,374999000000.0,0.0,-8826000000.0,,9.178,716812000000.0,,,716812000000.0,0.0,877000000.0,1038408000000.0,0.004,0.01,-12875000000.0,-11998000000.0,-0.906,-11998000000.0,-12875000000.0,-12875000000.0,-0.9,-0.9,-0.9,222176000000.0,,222176000000.0,509033276551.0,-26.0,-31.976,51642000000.0,5.116,1.0,13236000000.0,1.0,92892000000.0,0.0,2510240000000.0,,0.0,1321687000000.0,,,2039143000000.0,,,111057276551.0,21985000000.0,0.0,0.0,-46326000000.0,-403000000.0,-28496000000.0,-1436000000.0,-1476000000.0,51779000000.0,138000000.0,-8826000000.0,-9127000000.0,-9127000000.0,0.0,0.0,-0.69,22856000000.0,-9620000000.0,0.0,-0.011,0.5,-6.69,-6.602,13793000000.0,301000000.0,10.96,1.245,1.24,86550000000.0,53254000000.0,13236000000.0,13236000000.0,0.0,,,,,0.0,19712000000.0,1.0,10132963189.0,10094928000,10094928000.0,1.311,2168427000000.0,0.0,-4049000000.0,0.0,214.804,
41,BAC,MRQ,2011-03-31,2011-03-31,2011-03-31,2021-08-02,463000000.0,2274532000000.0,,,,,22.914,-352000000.0,355305000000.0,355305000000.0,0.0,2049000000.0,,8.852,753281000000.0,,,753281000000.0,0.0,892000000.0,1020175000000.0,0.003,0.01,2780000000.0,3672000000.0,0.137,3672000000.0,2780000000.0,2780000000.0,0.17,0.17,0.17,230876000000.0,,230876000000.0,544190993084.0,-186.0,632.78,-928000000.0,-0.092,1.0,26877000000.0,1.0,98989000000.0,0.0,2573519000000.0,,0.0,1313695000000.0,,,2043656000000.0,,,134914993084.0,-10885000000.0,0.0,0.0,-5812000000.0,-415000000.0,3557000000.0,-13968000000.0,-14272000000.0,-576000000.0,102000000.0,2049000000.0,1739000000.0,1739000000.0,0.0,0.0,0.065,20283000000.0,6594000000.0,0.0,0.059,0.584,-28.767,-27.771,14151000000.0,310000000.0,13.33,1.283,1.278,97318000000.0,62483000000.0,26877000000.0,26877000000.0,0.0,,,,,0.0,19696000000.0,1.0,10121154770.0,10075875000,10181351000.0,2.667,2175543000000.0,0.0,731000000.0,0.0,215.916,
42,BAC,MRQ,2010-12-31,2010-12-31,2010-12-31,2021-08-02,-66000000.0,2264909000000.0,,,,,22.732,-516000000.0,344476000000.0,344476000000.0,0.0,-1244000000.0,,8.923,753752000000.0,,,753752000000.0,0.0,950000000.0,1010430000000.0,0.003,0.01,-3595000000.0,-2645000000.0,-0.118,-2645000000.0,-3595000000.0,-3595000000.0,-0.16,-0.16,-0.16,228248000000.0,,228248000000.0,552936863621.0,-418.0,213.572,4642000000.0,0.462,1.0,22398000000.0,1.0,98961000000.0,0.0,2575224000000.0,,0.0,1344667000000.0,,,2036661000000.0,,,134535863621.0,-22689000000.0,0.0,0.0,-87282000000.0,-423000000.0,-54543000000.0,26608000000.0,28499000000.0,5158000000.0,88000000.0,-1244000000.0,-1565000000.0,-1565000000.0,0.0,0.0,-0.07,20864000000.0,1534000000.0,0.0,-0.062,0.589,-37.423,-36.054,14306000000.0,321000000.0,13.34,1.221,1.185,85704000000.0,60849000000.0,22398000000.0,22398000000.0,0.0,,,,,0.0,18074000000.0,1.0,10085147198.0,10041035000,10041035000.0,2.231,2165948000000.0,0.0,-2351000000.0,0.0,215.71,
43,BAC,MRQ,2010-09-30,2010-09-30,2010-09-30,2021-08-02,336000000.0,2339660000000.0,,,,,23.104,-322000000.0,421880000000.0,421880000000.0,0.0,-7299000000.0,,9.151,840281000000.0,,,840281000000.0,0.0,964000000.0,977322000000.0,0.003,0.01,-5912000000.0,-4948000000.0,-0.185,-4948000000.0,-5912000000.0,-5912000000.0,-0.77,-0.77,-0.77,230495000000.0,,230495000000.0,582701452200.0,683.0,120.692,37710000000.0,3.78,1.0,26700000000.0,1.0,98544000000.0,0.0,2659517000000.0,,0.0,1331151000000.0,,,2109165000000.0,,,131468452200.0,-19918000000.0,0.0,0.0,-41432000000.0,-449000000.0,-21256000000.0,-36882000000.0,-31339000000.0,38032000000.0,188000000.0,-7299000000.0,-7647000000.0,-7647000000.0,0.0,0.0,-0.286,27216000000.0,-516000000.0,0.0,-0.013,0.57,-18.194,-14.722,14320000000.0,348000000.0,13.102,1.164,1.158,78599000000.0,62515000000.0,26700000000.0,26700000000.0,0.0,,,,,0.0,15969000000.0,1.0,10033844854.0,9976351000,9976351000.0,2.676,2241116000000.0,0.0,1387000000.0,0.0,224.643,
44,BAC,MRQ,2010-06-30,2010-06-30,2010-06-30,2021-08-02,-4447000000.0,2363878000000.0,,,,,23.419,64000000.0,419419000000.0,419419000000.0,0.0,3123000000.0,,9.138,870652000000.0,,,870652000000.0,0.0,986000000.0,974467000000.0,0.003,0.01,3795000000.0,4781000000.0,0.164,4781000000.0,3795000000.0,3795000000.0,0.28,0.27,0.28,233174000000.0,,233174000000.0,649745429235.0,136.0,73.038,15539000000.0,1.561,1.0,29153000000.0,1.0,111638000000.0,0.0,2703473000000.0,,0.0,1347499000000.0,,,2130704000000.0,,,144173429235.0,6240000000.0,0.0,0.0,18795000000.0,-440000000.0,16699000000.0,-25880000000.0,-30556000000.0,15475000000.0,-54000000.0,3123000000.0,2783000000.0,2783000000.0,0.0,0.0,0.095,17253000000.0,11900000000.0,0.0,0.036,0.618,-79.216,-37.816,14536000000.0,340000000.0,14.37,1.285,1.275,86466000000.0,70497000000.0,29153000000.0,29153000000.0,0.0,,,,,0.0,16306000000.0,1.0,10032945667.0,9956773000,10029776000.0,2.928,2252240000000.0,0.0,672000000.0,0.0,226.202,
45,BAC,MRQ,2010-03-31,2010-03-31,2010-03-31,2021-08-02,-4929000000.0,2338700000000.0,,,,,25.042,-213000000.0,362088000000.0,362088000000.0,0.0,3182000000.0,,9.176,867660000000.0,,,867660000000.0,0.0,1012000000.0,976102000000.0,0.002,0.01,4389000000.0,5401000000.0,0.169,5401000000.0,4389000000.0,4389000000.0,0.28,0.28,0.28,229823000000.0,,229823000000.0,606827297336.0,180.0,79.835,23663000000.0,2.578,1.0,31969000000.0,1.0,116999000000.0,0.0,2727273000000.0,,0.0,1358530000000.0,,,2108877000000.0,,,179071297336.0,23455000000.0,2807000000.0,0.0,9691000000.0,-450000000.0,-6234000000.0,5807000000.0,-422000000.0,23876000000.0,6000000.0,3182000000.0,2834000000.0,2834000000.0,0.0,0.0,0.089,17775000000.0,14194000000.0,0.0,0.036,0.779,-81.992,-54.091,15147000000.0,348000000.0,17.85,1.546,1.414,83636000000.0,67811000000.0,31969000000.0,31969000000.0,0.0,,,,,0.0,16808000000.0,1.0,10032005453.0,9177468000,10005254000.0,3.483,2221701000000.0,0.0,1207000000.0,0.0,242.082,
46,BAC,MRQ,2009-12-31,2009-12-31,2009-12-31,2021-08-02,-5619000000.0,2230232000000.0,,,,,26.774,-708000000.0,335474000000.0,335474000000.0,0.0,-194000000.0,,8.636,763230000000.0,,,763230000000.0,0.0,1013000000.0,991611000000.0,0.003,0.01,-1419000000.0,-406000000.0,-0.016,-406000000.0,-1419000000.0,-1419000000.0,-0.68,-0.68,-0.68,231444000000.0,,231444000000.0,535261443130.0,123.0,61.709,31346000000.0,3.626,1.0,25076000000.0,1.0,118114000000.0,0.0,2539874000000.0,,0.0,1305865000000.0,,,1998788000000.0,,,130280443130.0,-31073000000.0,0.0,0.0,-3117000000.0,-1330000000.0,-13496000000.0,-49900000000.0,-49274000000.0,32054000000.0,269000000.0,-194000000.0,-5196000000.0,-5196000000.0,0.0,0.0,-0.207,16385000000.0,8691000000.0,0.0,-0.015,0.563,-59.111,-51.931,15500000000.0,5002000000.0,15.06,1.089,0.973,81996000000.0,71233000000.0,25076000000.0,25076000000.0,0.0,,,,,0.0,15420000000.0,1.0,8650759836.0,8644257000,8564547000.0,2.901,2112118000000.0,0.0,-1225000000.0,0.0,244.338,
47,BAC,MRQ,2009-09-30,2009-09-30,2009-09-30,2021-08-02,-6705000000.0,2251043000000.0,,,,,29.846,-292000000.0,363165000000.0,363165000000.0,0.0,-1001000000.0,,7.736,768146000000.0,,,768146000000.0,0.0,1096000000.0,974899000000.0,0.021,0.01,-1976000000.0,-880000000.0,-0.034,-880000000.0,-1976000000.0,-1976000000.0,-0.26,-0.26,-0.26,257683000000.0,,257683000000.0,602685983779.0,305.0,97.743,22614000000.0,2.619,1.0,26035000000.0,1.0,116574000000.0,0.0,2539450000000.0,,0.0,1270158000000.0,,,1993360000000.0,,,146384983779.0,12046000000.0,0.0,0.0,-47918000000.0,-1148000000.0,-44928000000.0,33911000000.0,33099000000.0,22906000000.0,157000000.0,-1001000000.0,-2241000000.0,-2241000000.0,0.0,0.0,-0.086,16306000000.0,9729000000.0,0.0,-0.038,0.568,243.975,-423.0,15373000000.0,1240000000.0,16.92,1.328,1.325,0.0,76881000000.0,26035000000.0,26035000000.0,0.0,,,,,0.0,15202000000.0,1.0,8651594786.0,8633834000,8633834000.0,3.015,2134469000000.0,0.0,-975000000.0,0.0,247.221,
48,BAC,MRQ,2009-06-30,2009-06-30,2009-06-30,2021-08-02,-11227000000.0,2254394000000.0,,,,,35.235,-709000000.0,350761000000.0,350761000000.0,0.0,3224000000.0,,7.835,807062000000.0,,,807062000000.0,0.0,1107000000.0,970742000000.0,0.074,0.01,2379000000.0,3486000000.0,0.106,3486000000.0,2379000000.0,2379000000.0,0.33,0.33,0.33,255152000000.0,,255152000000.0,607183157232.0,111.0,64.464,19265000000.0,2.66,1.0,32774000000.0,1.0,118348000000.0,0.0,2592347000000.0,,0.0,1328402000000.0,,,1999242000000.0,,,84519157232.0,-33094000000.0,0.0,13468000000.0,-79803000000.0,-1288000000.0,-50418000000.0,-2697000000.0,-8931000000.0,19974000000.0,47000000.0,3224000000.0,2419000000.0,2419000000.0,0.0,0.0,0.074,17020000000.0,15754000000.0,0.0,0.03,0.331,23.842,35.676,15667000000.0,805000000.0,13.2,0.814,0.921,0.0,79210000000.0,32774000000.0,32774000000.0,0.0,,,,,0.0,15675000000.0,1.0,6402966457.0,7241515000,7269518000.0,4.526,2136046000000.0,0.0,-845000000.0,0.0,294.972,
49,BAC,MRQ,2009-03-31,2009-03-31,2009-03-31,2021-08-02,-11164000000.0,2321963000000.0,,,,,37.601,-531000000.0,350637000000.0,350637000000.0,0.0,4247000000.0,,8.693,873301000000.0,,,873301000000.0,0.0,1098000000.0,953508000000.0,0.236,0.01,5376000000.0,6474000000.0,0.181,6474000000.0,5376000000.0,5376000000.0,0.44,0.44,0.44,239549000000.0,,239549000000.0,551698463609.0,69.0,47.36,54266000000.0,8.518,1.0,35758000000.0,1.0,115038000000.0,0.0,2729589000000.0,,0.0,1388123000000.0,,,2082414000000.0,,,43657463609.0,140603000000.0,31804000000.0,0.0,-92044000000.0,-1097000000.0,-90726000000.0,176611000000.0,142221000000.0,54797000000.0,-79000000.0,4247000000.0,2814000000.0,2814000000.0,0.0,0.0,0.079,17002000000.0,18756000000.0,0.0,0.023,0.182,10.036,8.974,15549000000.0,1433000000.0,6.82,0.477,0.475,0.0,76877000000.0,35758000000.0,35758000000.0,0.0,,,,,0.0,15717000000.0,1.0,6401387626.0,6370815000,6393407000.0,5.613,2206925000000.0,0.0,1129000000.0,0.0,346.412,
50,BAC,MRQ,2008-12-31,2008-12-31,2008-12-31,2021-08-02,-10825000000.0,1817943000000.0,,,,,35.697,-572000000.0,124905000000.0,124905000000.0,0.0,-1789000000.0,,9.268,632946000000.0,,,632946000000.0,0.0,888000000.0,882997000000.0,0.159,0.32,-3802000000.0,-2914000000.0,-0.186,-2914000000.0,-3802000000.0,-3802000000.0,-0.55,-0.55,-0.55,177052000000.0,,177052000000.0,561810516840.0,127.0,72.52,-27814000000.0,-5.608,1.0,15680000000.0,1.0,103525000000.0,0.0,2222459000000.0,,0.0,1279670000000.0,,,1640891000000.0,,,70647516840.0,-6484000000.0,0.0,9898000000.0,4344000000.0,-2033000000.0,36192000000.0,-15478000000.0,-5616000000.0,-27242000000.0,44000000.0,-1789000000.0,-2392000000.0,-2392000000.0,0.0,0.0,-0.153,10947000000.0,4733000000.0,0.0,-0.582,0.399,27.64,26.074,13161000000.0,603000000.0,14.08,0.971,0.888,37608000000.0,73823000000.0,15680000000.0,15680000000.0,0.0,,,,,0.0,10164000000.0,1.0,5017579321.0,4959789000,4951730000.0,3.161,1714418000000.0,0.0,-2013000000.0,0.0,345.663,
51,BAC,MRQ,2008-09-30,2008-09-30,2008-09-30,2021-08-02,-5647000000.0,1831177000000.0,,,,,35.44,-417000000.0,138088000000.0,138088000000.0,0.0,1177000000.0,,10.371,629251000000.0,,,629251000000.0,0.0,862000000.0,874051000000.0,0.073,0.64,1511000000.0,2373000000.0,0.121,2373000000.0,1511000000.0,1511000000.0,0.15,0.15,0.15,161039000000.0,,161039000000.0,628238944045.0,86.0,59.577,19661000000.0,4.327,1.0,19621000000.0,1.0,112054000000.0,0.0,2210286000000.0,,0.0,1254213000000.0,,,1670138000000.0,,,159603944045.0,214000000.0,6650000000.0,201000000.0,-73287000000.0,-3402000000.0,-50250000000.0,30471000000.0,23886000000.0,20078000000.0,-85000000.0,1177000000.0,704000000.0,704000000.0,0.0,0.0,0.036,11660000000.0,7961000000.0,0.0,4.267,0.991,30.913,31.25,13000000000.0,473000000.0,35.0,2.283,2.275,0.0,77695000000.0,19621000000.0,19621000000.0,0.0,,,,,0.0,10949000000.0,1.0,4560112687.0,4543963000,4547578000.0,4.318,1719123000000.0,0.0,334000000.0,0.0,378.331,
52,BAC,MRQ,2008-06-30,2008-06-30,2008-06-30,2021-08-02,-1864000000.0,1716875000000.0,,,,,36.677,-678000000.0,153846000000.0,153846000000.0,0.0,3410000000.0,,9.553,622481000000.0,,,622481000000.0,0.0,795000000.0,784764000000.0,0.107,0.64,4921000000.0,5716000000.0,0.28,5716000000.0,4921000000.0,4921000000.0,0.72,0.72,0.72,162691000000.0,,162691000000.0,550073953913.0,49.0,38.634,14352000000.0,3.236,1.0,20410000000.0,1.0,91940000000.0,0.0,2093570000000.0,,0.0,1145232000000.0,,,1554184000000.0,,,106287953913.0,-1385000000.0,0.0,-18000000.0,11865000000.0,-3044000000.0,3341000000.0,-19726000000.0,-19908000000.0,15030000000.0,-30000000.0,3410000000.0,3224000000.0,3224000000.0,0.0,0.0,0.158,9659000000.0,10751000000.0,0.0,0.889,0.653,13.099,13.261,11627000000.0,186000000.0,23.87,1.601,1.595,0.0,79920000000.0,20410000000.0,20410000000.0,0.0,,,,,0.0,9000000000.0,1.0,4452783993.0,4435719000,4444098000.0,4.601,1624935000000.0,0.0,1511000000.0,0.0,366.33,
53,BAC,MRQ,2008-03-31,2008-03-31,2008-03-31,2021-08-02,-884000000.0,1736502000000.0,,,,,35.302,-431000000.0,169608000000.0,169608000000.0,0.0,1210000000.0,,10.109,613394000000.0,,,613394000000.0,0.0,774000000.0,797069000000.0,0.065,0.64,1798000000.0,2572000000.0,0.151,2572000000.0,1798000000.0,1798000000.0,0.23,0.23,0.23,156309000000.0,,156309000000.0,594580893088.0,40.0,33.304,-4263000000.0,-0.963,1.0,17071000000.0,1.0,91163000000.0,0.0,2089125000000.0,,0.0,1132904000000.0,,,1580193000000.0,,,168404893088.0,-2019000000.0,0.0,46000000.0,-1774000000.0,-3049000000.0,22000000.0,1803000000.0,3154000000.0,-3832000000.0,-12000000.0,1210000000.0,1020000000.0,1020000000.0,0.0,0.0,0.06,9263000000.0,7808000000.0,0.0,2.783,1.077,15.871,15.996,11297000000.0,190000000.0,37.91,2.567,2.559,0.0,79554000000.0,17071000000.0,17071000000.0,0.0,,,,,0.0,8647000000.0,1.0,4442228781.0,4427823000,4461201000.0,3.855,1645339000000.0,0.0,588000000.0,0.0,371.591,
54,BAC,MRQ,2007-12-31,2007-12-31,2007-12-31,2021-08-02,1129000000.0,1715746000000.0,,,,,33.202,-825000000.0,183856000000.0,183856000000.0,0.0,268000000.0,,10.687,610032000000.0,,,610032000000.0,0.0,799000000.0,805177000000.0,0.058,0.64,-915000000.0,-116000000.0,-0.009,-116000000.0,-915000000.0,-915000000.0,0.02,0.04,0.02,146803000000.0,,146803000000.0,590122006456.0,28.0,24.828,11403000000.0,2.579,1.0,12804000000.0,1.0,91173000000.0,0.0,2050749000000.0,,0.0,1147898000000.0,,,1568943000000.0,,,183125006456.0,7575000000.0,-16122000000.0,-30000000.0,-8861000000.0,-2902000000.0,32300000000.0,-36977000000.0,-23036000000.0,12228000000.0,24000000.0,268000000.0,215000000.0,215000000.0,0.0,0.0,0.017,10409000000.0,2395000000.0,0.0,32.0,1.247,12.373,12.428,11240000000.0,53000000.0,41.26,2.74,2.731,0.0,81393000000.0,12804000000.0,12804000000.0,0.0,,,,,0.0,9802000000.0,1.0,4438318140.0,4421509000,4402457000.0,2.896,1624573000000.0,0.0,-1183000000.0,0.0,367.425,
55,BAC,MRQ,2007-09-30,2007-09-30,2007-09-30,2021-08-02,-8615000000.0,1578763000000.0,,,,,31.333,-469000000.0,178935000000.0,178935000000.0,0.0,3698000000.0,,10.398,585932000000.0,,,585932000000.0,0.0,710000000.0,699222000000.0,0.046,0.64,5356000000.0,6066000000.0,0.377,6066000000.0,5356000000.0,5356000000.0,0.83,0.82,0.83,138510000000.0,,138510000000.0,592680755720.0,20.0,18.282,1060000000.0,0.24,1.0,16097000000.0,1.0,80485000000.0,0.0,1905275000000.0,,0.0,992141000000.0,,,1440253000000.0,,,223065755720.0,-543000000.0,-3009000000.0,-134000000.0,32084000000.0,-2894000000.0,20872000000.0,-23005000000.0,-22244000000.0,1529000000.0,61000000.0,3698000000.0,3655000000.0,3655000000.0,0.0,0.0,0.227,8711000000.0,7386000000.0,0.0,0.771,1.61,11.25,11.246,9762000000.0,43000000.0,50.27,3.074,3.063,0.0,84027000000.0,16097000000.0,16097000000.0,0.0,,,,,0.0,8198000000.0,1.0,4437353406.0,4420616000,4475917000.0,3.641,1498278000000.0,0.0,1658000000.0,0.0,338.93,
56,BAC,MRQ,2007-06-30,2007-06-30,2007-06-30,2021-08-02,-9957000000.0,1534359000000.0,,,,,30.718,-491000000.0,180308000000.0,180308000000.0,0.0,5761000000.0,,10.303,549923000000.0,,,549923000000.0,0.0,671000000.0,699409000000.0,0.046,0.56,8660000000.0,9331000000.0,0.475,9331000000.0,8660000000.0,8660000000.0,1.29,1.28,1.29,135751000000.0,,135751000000.0,578549643942.0,18.0,16.423,16419000000.0,3.715,1.0,19625000000.0,1.0,78073000000.0,0.0,1825901000000.0,,0.0,952712000000.0,,,1398608000000.0,,,216962643942.0,3950000000.0,-225000000.0,-325000000.0,7118000000.0,-2534000000.0,10883000000.0,-23900000000.0,-24607000000.0,16910000000.0,57000000.0,5761000000.0,5721000000.0,5721000000.0,0.0,0.0,0.292,9155000000.0,10470000000.0,0.0,0.434,1.598,10.05,10.101,9482000000.0,40000000.0,48.89,2.907,2.894,0.0,83223000000.0,19625000000.0,19625000000.0,0.0,,,,,0.0,8689000000.0,1.0,4437771404.0,4419246000,4476799000.0,4.441,1456286000000.0,0.0,2899000000.0,0.0,329.533,
57,BAC,MRQ,2007-03-31,2007-03-31,2007-03-31,2021-08-02,-7660000000.0,1502157000000.0,,,,,30.423,-358000000.0,182232000000.0,182232000000.0,0.0,5255000000.0,,10.139,543819000000.0,,,543819000000.0,0.0,664000000.0,692801000000.0,0.043,0.56,7823000000.0,8487000000.0,0.467,8487000000.0,7823000000.0,7823000000.0,1.18,1.16,1.18,134856000000.0,,134856000000.0,547145533137.0,17.0,15.582,-19989000000.0,-4.509,1.0,18155000000.0,1.0,78054000000.0,0.0,1785690000000.0,,0.0,922066000000.0,,,1367301000000.0,,,228177533137.0,-4880000000.0,-460000000.0,-2183000000.0,39479000000.0,-2548000000.0,39357000000.0,-24598000000.0,-21778000000.0,-19631000000.0,-8000000.0,5255000000.0,5209000000.0,5209000000.0,0.0,0.0,0.287,9097000000.0,9058000000.0,0.0,0.475,1.692,10.693,10.718,9271000000.0,46000000.0,51.02,3.115,3.088,0.0,79996000000.0,18155000000.0,18155000000.0,0.0,,,,,0.0,8597000000.0,1.0,4472315428.0,4432664000,4497028000.0,4.096,1424103000000.0,0.0,2568000000.0,0.0,321.275,
58,BAC,MRQ,2006-12-31,2006-12-31,2006-12-31,2021-08-02,-7711000000.0,1459737000000.0,,,,,30.306,-350000000.0,185859000000.0,185859000000.0,0.0,5256000000.0,,9.791,504827000000.0,,,504827000000.0,0.0,712000000.0,693497000000.0,0.04,0.56,7823000000.0,8535000000.0,0.457,8535000000.0,7823000000.0,7823000000.0,1.17,1.15,1.17,135272000000.0,,135272000000.0,591802839795.0,19.0,16.985,11317000000.0,2.535,1.0,18682000000.0,1.0,78129000000.0,0.0,1700576000000.0,,0.0,913759000000.0,,,1324465000000.0,,,239757839795.0,5190000000.0,1227000000.0,-2700000000.0,-26508000000.0,-2503000000.0,1107000000.0,-7582000000.0,-6462000000.0,11667000000.0,-2000000.0,5256000000.0,5243000000.0,5243000000.0,0.0,0.0,0.281,9289000000.0,9393000000.0,0.0,0.479,1.772,11.357,11.457,9255000000.0,13000000.0,53.39,3.294,3.321,0.0,79024000000.0,18682000000.0,18682000000.0,0.0,,,,,0.0,8612000000.0,1.0,4490688140.0,4463469000,4539787000.0,4.186,1381608000000.0,0.0,2567000000.0,0.0,309.537,
59,BAC,MRQ,2006-09-30,2006-09-30,2006-09-30,2021-08-02,-6867000000.0,1449211000000.0,,,,,29.69,-192000000.0,178840000000.0,178840000000.0,0.0,5416000000.0,,9.848,530885000000.0,,,530885000000.0,0.0,719000000.0,665905000000.0,0.038,0.56,8156000000.0,8875000000.0,0.488,8875000000.0,8156000000.0,8156000000.0,1.2,1.18,1.2,133597000000.0,,133597000000.0,581659315959.0,20.0,18.225,-7380000000.0,-1.64,1.0,18184000000.0,1.0,78667000000.0,0.0,1722589000000.0,,0.0,878550000000.0,,,1315614000000.0,,,242451315959.0,-3306000000.0,-96000000.0,-2210000000.0,7980000000.0,-2538000000.0,-2252000000.0,6097000000.0,6076000000.0,-7188000000.0,37000000.0,5416000000.0,5416000000.0,5416000000.0,0.0,0.0,0.298,8863000000.0,9321000000.0,0.0,0.467,1.815,12.473,12.231,9205000000.0,0.0,53.57,3.515,3.495,0.0,76271000000.0,18184000000.0,18184000000.0,0.0,,,,,0.0,8153000000.0,1.0,4525878588.0,4499704000,4570558000.0,4.041,1370544000000.0,0.0,2740000000.0,0.0,304.585,
60,BAC,MRQ,2006-06-30,2006-06-30,2006-06-30,2021-08-02,-10973000000.0,1445193000000.0,,,,,28.192,-346000000.0,185842000000.0,185842000000.0,0.0,5475000000.0,,10.305,525050000000.0,,,525050000000.0,0.0,720000000.0,676865000000.0,0.042,0.5,8497000000.0,9217000000.0,0.506,9217000000.0,8497000000.0,8497000000.0,1.21,1.19,1.21,127841000000.0,,127841000000.0,498177462891.0,19.0,17.054,1186000000.0,0.262,1.0,18219000000.0,1.0,79664000000.0,0.0,1704737000000.0,,0.0,920245000000.0,,,1317352000000.0,,,219504462891.0,1970000000.0,0.0,-3211000000.0,65961000000.0,-2286000000.0,55069000000.0,-54685000000.0,-54242000000.0,1532000000.0,54000000.0,5475000000.0,5471000000.0,5471000000.0,0.0,0.0,0.3,8717000000.0,9502000000.0,0.0,0.413,1.717,12.292,11.618,9334000000.0,4000000.0,48.1,3.38,3.359,0.0,73393000000.0,18219000000.0,18219000000.0,0.0,,,,,0.0,8082000000.0,1.0,4563502347.0,4534627000,4601169000.0,4.018,1365529000000.0,0.0,3022000000.0,0.0,301.134,
61,BAC,MRQ,2006-03-31,2006-03-31,2006-03-31,2021-08-02,-8981000000.0,1375080000000.0,,,,,28.078,140000000.0,180813000000.0,180813000000.0,0.0,4986000000.0,,9.624,459486000000.0,,,459486000000.0,0.0,718000000.0,682449000000.0,0.043,0.5,7492000000.0,8210000000.0,0.464,8210000000.0,7492000000.0,7492000000.0,1.08,1.07,1.08,129426000000.0,,129426000000.0,469894446177.0,18.0,17.115,8638000000.0,1.874,1.0,17677000000.0,1.0,80022000000.0,0.0,1573731000000.0,,0.0,871822000000.0,,,1245654000000.0,,,211706446177.0,-4424000000.0,-3519000000.0,-3121000000.0,-14482000000.0,-2334000000.0,-791000000.0,-12134000000.0,-8407000000.0,8498000000.0,3000000.0,4981000000.0,4981000000.0,4981000000.0,0.0,5000000.0,0.282,8924000000.0,8753000000.0,0.0,0.463,1.636,12.424,11.134,9267000000.0,0.0,45.54,3.453,3.424,0.0,70204000000.0,17677000000.0,17677000000.0,0.0,,,,,0.0,8386000000.0,1.0,4648802068.0,4609481000,4666405000.0,3.835,1295058000000.0,0.0,2511000000.0,0.0,280.955,
62,BAC,MRQ,2005-12-31,2005-12-31,2005-12-31,2021-08-02,-7556000000.0,1291803000000.0,,,,,25.409,-370000000.0,199584000000.0,199584000000.0,0.0,3574000000.0,,11.723,457772000000.0,,,457772000000.0,0.0,439000000.0,634670000000.0,0.041,0.5,5175000000.0,5614000000.0,0.377,5614000000.0,5175000000.0,5175000000.0,0.89,0.88,0.89,101533000000.0,,101533000000.0,430519123336.0,18.0,16.402,-2119000000.0,-0.53,1.0,14894000000.0,1.0,51354000000.0,0.0,1498637000000.0,,0.0,811061000000.0,,,1190270000000.0,,,185342123336.0,4228000000.0,2451000000.0,-245000000.0,34330000000.0,-2011000000.0,40254000000.0,-34241000000.0,-32638000000.0,-1749000000.0,-36000000.0,3588000000.0,3570000000.0,3570000000.0,0.0,-14000000.0,0.24,7320000000.0,7574000000.0,0.0,0.562,1.825,11.269,11.256,7786000000.0,18000000.0,46.15,3.242,3.236,0.0,67552000000.0,14894000000.0,14894000000.0,0.0,,,,,-608000000.0,7065000000.0,1.0,4016080679.0,3995980000,4053587000.0,3.727,1240449000000.0,0.0,1587000000.0,0.0,310.424,
63,BAC,MRQ,2005-09-30,2005-09-30,2005-09-30,2021-08-02,-6509000000.0,1252259000000.0,,,,,25.311,-295000000.0,179416000000.0,179416000000.0,0.0,3841000000.0,,11.367,424593000000.0,,,424593000000.0,0.0,439000000.0,626477000000.0,0.044,0.5,5731000000.0,6170000000.0,0.436,6170000000.0,5731000000.0,5731000000.0,0.96,0.95,0.96,101258000000.0,,101258000000.0,374617765642.0,15.0,14.11,-3386000000.0,-0.846,1.0,14151000000.0,1.0,48654000000.0,0.0,1448782000000.0,,0.0,802531000000.0,,,1151001000000.0,,,169154765642.0,-1164000000.0,-2500000000.0,-379000000.0,27880000000.0,-2023000000.0,16492000000.0,-14619000000.0,-11644000000.0,-3091000000.0,54000000.0,3836000000.0,3836000000.0,3836000000.0,0.0,5000000.0,0.271,7285000000.0,6866000000.0,0.0,0.521,1.671,10.236,10.218,7659000000.0,0.0,42.1,3.016,3.003,0.0,65439000000.0,14151000000.0,14151000000.0,0.0,,,,,205000000.0,6964000000.0,1.0,4017927925.0,4000573000,4054659000.0,3.537,1203605000000.0,0.0,1895000000.0,0.0,300.858,
64,BAC,MRQ,2005-06-30,2005-06-30,2005-06-30,2021-08-02,-4992000000.0,1246330000000.0,,,,,25.101,-309000000.0,192904000000.0,192904000000.0,0.0,4657000000.0,,11.396,398367000000.0,,,398367000000.0,0.0,442000000.0,635417000000.0,0.039,0.45,7019000000.0,7461000000.0,0.511,7461000000.0,7019000000.0,7019000000.0,1.16,1.14,1.16,100540000000.0,,100540000000.0,383961825488.0,16.0,14.507,4192000000.0,1.047,1.0,14592000000.0,1.0,48853000000.0,0.0,1402940000000.0,,0.0,783070000000.0,,,1145790000000.0,,,183423825488.0,5237000000.0,0.0,-1292000000.0,18407000000.0,-1814000000.0,20710000000.0,-19893000000.0,-20162000000.0,4501000000.0,-81000000.0,4653000000.0,4653000000.0,4653000000.0,0.0,4000000.0,0.319,7019000000.0,7573000000.0,0.0,0.388,1.824,11.152,11.152,7602000000.0,0.0,45.61,3.365,3.351,0.0,63328000000.0,14592000000.0,14592000000.0,0.0,,,,,210000000.0,6694000000.0,1.0,4021570390.0,4005356000,4065355000.0,3.643,1197477000000.0,0.0,2366000000.0,0.0,298.969,
65,BAC,MRQ,2005-03-31,2005-03-31,2005-03-31,2021-08-02,-5559000000.0,1212239000000.0,,,,,24.431,-254000000.0,179317000000.0,179317000000.0,0.0,4393000000.0,,11.305,379855000000.0,,,379855000000.0,0.0,448000000.0,629987000000.0,0.04,0.45,6555000000.0,7003000000.0,0.517,7003000000.0,6555000000.0,6555000000.0,1.09,1.07,1.09,98519000000.0,,98519000000.0,342525453572.0,15.0,13.54,-12138000000.0,-3.01,1.0,13538000000.0,1.0,49057000000.0,0.0,1363720000000.0,,0.0,768953000000.0,,,1113720000000.0,,,178765453572.0,-238000000.0,0.0,-1003000000.0,84819000000.0,-1835000000.0,93361000000.0,-81692000000.0,-81224000000.0,-11884000000.0,-23000000.0,4388000000.0,4388000000.0,4388000000.0,0.0,5000000.0,0.324,7057000000.0,6481000000.0,0.0,0.413,1.815,11.431,11.366,7531000000.0,0.0,44.1,3.375,3.357,0.0,60843000000.0,13538000000.0,13538000000.0,0.0,,,,,193000000.0,6737000000.0,1.0,4053638403.0,4032550000,4099062000.0,3.357,1163182000000.0,0.0,2167000000.0,0.0,288.448,
66,BAC,MRQ,2004-12-31,2004-12-31,2004-12-31,2021-08-02,-2764000000.0,1110432000000.0,,,,,24.841,107000000.0,132657000000.0,132657000000.0,0.0,3653000000.0,,10.078,295455000000.0,,,295455000000.0,0.0,458000000.0,618570000000.0,0.036,0.45,5457000000.0,5915000000.0,0.429,5915000000.0,5457000000.0,5457000000.0,0.91,0.88,0.91,100235000000.0,,100235000000.0,359969906554.0,17.0,15.979,16422000000.0,4.07,1.0,13799000000.0,1.0,49149000000.0,0.0,1224081000000.0,,0.0,740976000000.0,,,1010197000000.0,,,189800906554.0,-316000000.0,-657000000.0,-554000000.0,-9647000000.0,-1828000000.0,15233000000.0,-31900000000.0,-31367000000.0,16315000000.0,36000000.0,3648000000.0,3648000000.0,3648000000.0,0.0,5000000.0,0.264,7333000000.0,6466000000.0,0.0,0.495,1.894,13.624,12.666,7517000000.0,0.0,46.99,3.876,3.607,0.0,58773000000.0,13799000000.0,13799000000.0,0.0,,,,,0.0,6852000000.0,1.0,4039176560.0,4035134000,4108412000.0,3.42,1061283000000.0,0.0,1809000000.0,0.0,263.011,
67,BAC,MRQ,2004-09-30,2004-09-30,2004-09-30,2021-08-02,-2669000000.0,1088996000000.0,,,,,24.186,-385000000.0,144843000000.0,144843000000.0,0.0,3764000000.0,,10.111,315012000000.0,,,315012000000.0,0.0,446000000.0,591258000000.0,0.038,0.45,5643000000.0,6089000000.0,0.484,6089000000.0,5643000000.0,5643000000.0,0.93,0.91,0.93,98011000000.0,,98011000000.0,339683691135.0,18.0,16.395,-9047000000.0,-2.233,1.0,12587000000.0,1.0,48435000000.0,0.0,1210730000000.0,,0.0,704474000000.0,,,990985000000.0,,,176249691135.0,-2537000000.0,-15000000.0,-1084000000.0,24683000000.0,-1838000000.0,37574000000.0,-31496000000.0,-31229000000.0,-8662000000.0,47000000.0,3759000000.0,3759000000.0,3759000000.0,0.0,5000000.0,0.299,7021000000.0,5566000000.0,0.0,0.484,1.798,13.6,11.617,7884000000.0,0.0,43.33,3.941,3.926,0.0,55979000000.0,12587000000.0,12587000000.0,0.0,,,,,0.0,6600000000.0,1.0,4067613458.0,4052304000,4121375000.0,3.106,1040561000000.0,0.0,1884000000.0,0.0,256.783,
68,BAC,MRQ,2004-06-30,2004-06-30,2004-06-30,2021-08-02,-3862000000.0,1037202000000.0,,,,,23.587,-336000000.0,123644000000.0,123644000000.0,0.0,3849000000.0,,9.824,287078000000.0,,,287078000000.0,0.0,469000000.0,575413000000.0,0.038,0.4,5821000000.0,6290000000.0,0.482,6290000000.0,5821000000.0,5821000000.0,0.95,0.93,0.95,95821000000.0,,95821000000.0,329895037427.0,18.0,17.225,4050000000.0,0.997,1.0,13048000000.0,1.0,48594000000.0,0.0,1152042000000.0,,0.0,691613000000.0,,,941381000000.0,,,172523037427.0,9493000000.0,5623000000.0,-963000000.0,-1535000000.0,-1643000000.0,-4340000000.0,9462000000.0,5065000000.0,4386000000.0,-15000000.0,3844000000.0,3844000000.0,3844000000.0,0.0,5000000.0,0.295,7228000000.0,5820000000.0,0.0,0.421,1.8,14.232,11.193,7797000000.0,0.0,42.31,4.119,4.104,0.0,54045000000.0,13048000000.0,13048000000.0,0.0,,,,,0.0,6902000000.0,1.0,4077594834.0,4062384000,4131290000.0,3.212,988608000000.0,0.0,1977000000.0,0.0,243.357,
69,BAC,MRQ,2004-03-31,2004-03-31,2004-03-31,2021-08-02,-2743000000.0,816012000000.0,,,,,16.934,-249000000.0,103914000000.0,103914000000.0,0.0,2681000000.0,,15.73,261286000000.0,,,261286000000.0,0.0,263000000.0,435592000000.0,0.038,0.4,3971000000.0,4234000000.0,0.444,4234000000.0,3971000000.0,3971000000.0,0.93,0.91,0.93,48776000000.0,,48776000000.0,201579294419.0,12.0,11.703,-15810000000.0,-5.489,1.0,9531000000.0,1.0,12322000000.0,0.0,961062000000.0,,0.0,546164000000.0,,,767236000000.0,,,117339294419.0,-4788000000.0,-15000000.0,27000000.0,64073000000.0,-1159000000.0,84397000000.0,-73620000000.0,-74205000000.0,-15561000000.0,-4000000.0,2680000000.0,2680000000.0,2680000000.0,0.0,1000000.0,0.281,5430000000.0,4101000000.0,0.0,0.43,2.406,10.653,10.812,6076000000.0,0.0,40.49,3.051,3.032,0.0,51823000000.0,9531000000.0,9531000000.0,0.0,,,,,0.0,5376000000.0,1.0,2897982080.0,2880306000,2933402000.0,3.309,803690000000.0,0.0,1291000000.0,0.0,279.029,
70,BAC,MRQ,2003-12-31,2003-12-31,2003-12-31,2021-08-02,-2148000000.0,719483000000.0,,,,,16.39,-310000000.0,111627000000.0,111627000000.0,0.0,2678000000.0,,13.995,188369000000.0,,,188369000000.0,0.0,284000000.0,414113000000.0,0.036,0.4,3822000000.0,4106000000.0,0.43,4106000000.0,3822000000.0,3822000000.0,0.92,0.9,0.92,47980000000.0,,47980000000.0,210727258670.0,13.0,12.481,-2738000000.0,-0.935,1.0,9555000000.0,1.0,12363000000.0,0.0,783862000000.0,,0.0,463700000000.0,,,671503000000.0,,,119503258670.0,4942000000.0,0.0,-3755000000.0,17316000000.0,-1165000000.0,17987000000.0,-10662000000.0,-8697000000.0,-2428000000.0,45000000.0,2677000000.0,2677000000.0,2677000000.0,0.0,1000000.0,0.28,5288000000.0,4267000000.0,0.0,0.435,2.491,11.108,11.109,6036000000.0,0.0,40.215,3.159,3.161,0.0,50198000000.0,9555000000.0,9555000000.0,0.0,,,,,0.0,5234000000.0,1.0,2971609068.0,2927411000,2980286000.0,3.264,707120000000.0,0.0,1145000000.0,0.0,241.551,
71,BAC,MRQ,2003-09-30,2003-09-30,2003-09-30,2021-08-02,-1776000000.0,737088000000.0,,,,,16.927,465000000.0,96752000000.0,96752000000.0,0.0,2922000000.0,,13.612,187976000000.0,,,187976000000.0,0.0,268000000.0,408510000000.0,0.035,0.4,4254000000.0,4522000000.0,0.464,4522000000.0,4254000000.0,4254000000.0,0.98,0.96,0.98,50445000000.0,,50445000000.0,236458908968.0,16.0,14.628,36785000000.0,12.343,1.0,9750000000.0,1.0,12422000000.0,0.0,815890000000.0,,0.0,468077000000.0,,,686643000000.0,,,116640908968.0,-3078000000.0,-41000000.0,-953000000.0,-40286000000.0,-1194000000.0,-55859000000.0,16392000000.0,16088000000.0,36320000000.0,69000000.0,2921000000.0,2921000000.0,2921000000.0,0.0,1000000.0,0.3,5077000000.0,4673000000.0,0.0,0.408,2.312,10.907,10.915,5956000000.0,0.0,39.02,3.145,3.135,0.0,52320000000.0,9750000000.0,9750000000.0,0.0,,,,,0.0,5022000000.0,1.0,2989259584.0,2980206000,3039282000.0,3.272,724666000000.0,0.0,1333000000.0,0.0,243.16,
72,BAC,MRQ,2003-06-30,2003-06-30,2003-06-30,2021-08-02,-251000000.0,769179000000.0,,,,,17.073,-214000000.0,96324000000.0,96324000000.0,0.0,2738000000.0,,14.077,216142000000.0,,,216142000000.0,0.0,277000000.0,421935000000.0,0.032,0.32,4085000000.0,4362000000.0,0.453,4362000000.0,4085000000.0,4085000000.0,0.915,0.9,0.915,51016000000.0,,51016000000.0,210167034499.0,15.0,13.822,-271000000.0,-0.091,1.0,9627000000.0,1.0,12436000000.0,0.0,876561000000.0,,0.0,506580000000.0,,,718163000000.0,,,118390034499.0,151000000.0,-29000000.0,-580000000.0,43616000000.0,-960000000.0,68808000000.0,-68624000000.0,-69013000000.0,-57000000.0,24000000.0,2737000000.0,2737000000.0,2737000000.0,0.0,1000000.0,0.284,5065000000.0,4562000000.0,0.0,0.35,2.321,11.832,11.831,5899000000.0,0.0,39.515,3.301,3.292,0.0,51374000000.0,9627000000.0,9627000000.0,0.0,,,,,0.0,5011000000.0,1.0,2996078312.0,2988188000,3046612000.0,3.222,756743000000.0,0.0,1348000000.0,0.0,253.245,
73,BAC,MRQ,2003-03-31,2003-03-31,2003-03-31,2021-08-02,74000000.0,679765000000.0,,,,,16.691,-150000000.0,80401000000.0,80401000000.0,0.0,2424000000.0,,12.581,172178000000.0,,,172178000000.0,0.0,278000000.0,395176000000.0,0.037,0.32,3616000000.0,3894000000.0,0.437,3894000000.0,3616000000.0,3616000000.0,0.81,0.795,0.81,50052000000.0,,50052000000.0,181243318026.0,14.0,12.578,-10999000000.0,-3.668,1.0,8902000000.0,1.0,12461000000.0,0.0,759081000000.0,,0.0,448406000000.0,,,629713000000.0,,,100418318026.0,96000000.0,-1671000000.0,-508000000.0,13919000000.0,-962000000.0,21135000000.0,-10227000000.0,-9004000000.0,-10849000000.0,37000000.0,2423000000.0,2423000000.0,2423000000.0,0.0,1000000.0,0.272,4725000000.0,4177000000.0,0.0,0.395,2.006,10.583,10.61,6643000000.0,0.0,33.42,2.885,2.879,0.0,49978000000.0,8902000000.0,8902000000.0,0.0,,,,,0.0,4671000000.0,1.0,3004737224.0,2998810000,3052576000.0,2.969,667304000000.0,0.0,1193000000.0,0.0,222.523,
74,BAC,MRQ,2002-12-31,2002-12-31,2002-12-31,2021-08-02,1232000000.0,660951000000.0,,,,,16.78,-182000000.0,76664000000.0,76664000000.0,0.0,2614000000.0,,12.135,157489000000.0,,,157489000000.0,0.0,277000000.0,386458000000.0,0.035,0.32,3110000000.0,3387000000.0,0.384,3387000000.0,3110000000.0,3110000000.0,0.87,0.84,0.87,50319000000.0,,50319000000.0,195117322576.0,15.0,13.848,-8136000000.0,-2.713,1.0,8813000000.0,1.0,12484000000.0,0.0,729292000000.0,,0.0,439855000000.0,,,610632000000.0,,,104125322576.0,504000000.0,0.0,-438000000.0,-8984000000.0,-961000000.0,-1377000000.0,9803000000.0,9689000000.0,-7954000000.0,32000000.0,2613000000.0,2613000000.0,2613000000.0,0.0,1000000.0,0.296,4841000000.0,3972000000.0,0.0,0.368,2.069,11.264,11.442,6717000000.0,0.0,34.785,3.018,3.065,0.0,48517000000.0,8813000000.0,8813000000.0,0.0,,,,,0.0,4787000000.0,1.0,2993397228.0,2998664000,3362064000.0,2.939,648467000000.0,0.0,497000000.0,0.0,216.252,
75,BAC,MRQ,2002-09-30,2002-09-30,2002-09-30,2021-08-02,613000000.0,660008000000.0,,,,,16.037,-226000000.0,71237000000.0,71237000000.0,0.0,2235000000.0,,12.682,162229000000.0,,,162229000000.0,0.0,277000000.0,377415000000.0,0.047,0.3,3285000000.0,3562000000.0,0.418,3562000000.0,3285000000.0,3285000000.0,0.745,0.725,0.745,48239000000.0,,48239000000.0,187165130545.0,15.0,13.75,-22710000000.0,-7.55,1.0,8522000000.0,1.0,12516000000.0,0.0,738484000000.0,,0.0,456649000000.0,,,611769000000.0,,,95868130545.0,3160000000.0,0.0,-955000000.0,13503000000.0,-902000000.0,28274000000.0,-2627000000.0,-3956000000.0,-22484000000.0,-3000000.0,2233000000.0,2233000000.0,2233000000.0,0.0,2000000.0,0.262,4620000000.0,3902000000.0,0.0,0.403,1.987,11.035,11.272,6758000000.0,0.0,31.9,2.778,2.781,0.0,46870000000.0,8522000000.0,8522000000.0,0.0,,,,,0.0,4566000000.0,1.0,3005270550.0,3008034000,3008034000.0,2.833,647492000000.0,0.0,1052000000.0,0.0,215.254,
76,BAC,MRQ,2002-06-30,2002-06-30,2002-06-30,2021-08-02,660000000.0,638448000000.0,,,,,15.571,20000000.0,63065000000.0,63065000000.0,0.0,2221000000.0,,12.367,154362000000.0,,,154362000000.0,0.0,278000000.0,360769000000.0,0.042,0.3,3289000000.0,3567000000.0,0.416,3567000000.0,3289000000.0,3289000000.0,0.725,0.7,0.725,47764000000.0,,47764000000.0,174139119558.0,16.0,14.455,8318000000.0,2.712,1.0,8575000000.0,1.0,12134000000.0,0.0,717611000000.0,,0.0,441493000000.0,,,590684000000.0,,,108307119558.0,-1135000000.0,0.0,-2562000000.0,9974000000.0,-920000000.0,71000000.0,-9553000000.0,-10464000000.0,8298000000.0,49000000.0,2220000000.0,2220000000.0,2220000000.0,0.0,1000000.0,0.259,4490000000.0,4085000000.0,0.0,0.414,2.268,14.849,15.002,6755000000.0,0.0,35.18,3.129,3.118,0.0,45546000000.0,8575000000.0,8575000000.0,0.0,,,,,0.0,4435000000.0,1.0,3078656042.0,3067566000,3067566000.0,2.795,626314000000.0,0.0,1069000000.0,0.0,204.173,
77,BAC,MRQ,2002-03-31,2002-03-31,2002-03-31,2021-08-02,-72000000.0,619921000000.0,,,,,15.604,-551000000.0,70271000000.0,70271000000.0,0.0,2179000000.0,,11.87,136103000000.0,,,136103000000.0,0.0,272000000.0,367200000000.0,0.043,0.3,3302000000.0,3574000000.0,0.416,3574000000.0,3302000000.0,3302000000.0,0.705,0.69,0.705,48169000000.0,,48169000000.0,181913193460.0,17.0,15.084,10905000000.0,3.533,1.0,8593000000.0,1.0,12206000000.0,0.0,673547000000.0,,0.0,418800000000.0,,,571752000000.0,,,104820193460.0,-4393000000.0,-110000000.0,-1138000000.0,-2445000000.0,-926000000.0,-10825000000.0,-4961000000.0,-4376000000.0,11456000000.0,-63000000.0,2178000000.0,2178000000.0,2178000000.0,0.0,1000000.0,0.253,4494000000.0,4099000000.0,0.0,0.426,2.176,14.772,15.116,6748000000.0,0.0,34.01,3.011,3.016,0.0,44245000000.0,8593000000.0,8593000000.0,0.0,,,,,0.0,4439000000.0,1.0,3082040384.0,3086942000,3086942000.0,2.784,607715000000.0,0.0,1124000000.0,0.0,196.866,
78,BAC,MRQ,2001-12-31,2001-12-31,2001-12-31,2021-08-02,437000000.0,621764000000.0,,,,,15.454,-255000000.0,60877000000.0,60877000000.0,0.0,2058000000.0,,11.815,137970000000.0,,,137970000000.0,0.0,426000000.0,373495000000.0,0.046,0.6,2483000000.0,2909000000.0,0.33,2909000000.0,2483000000.0,2483000000.0,0.655,0.64,0.655,48520000000.0,,48520000000.0,193628347264.0,19.0,16.348,-11857000000.0,-3.777,1.0,8815000000.0,1.0,12148000000.0,0.0,686709000000.0,,0.0,429924000000.0,,,573244000000.0,,,99040347264.0,3557000000.0,0.0,-1584000000.0,-11267000000.0,-937000000.0,-137000000.0,15333000000.0,14458000000.0,-11602000000.0,-37000000.0,2057000000.0,2057000000.0,2057000000.0,0.0,1000000.0,0.233,5323000000.0,3492000000.0,0.0,0.916,2.041,14.593,14.777,6414000000.0,0.0,31.475,2.859,2.899,0.0,42980000000.0,8815000000.0,8815000000.0,0.0,,,,,0.0,5110000000.0,1.0,3146635338.0,3139616000,3385192000.0,2.808,609616000000.0,0.0,426000000.0,0.0,194.169,
79,BAC,MRQ,2001-09-30,2001-09-30,2001-09-30,2021-08-02,1731000000.0,640105000000.0,,,,,15.675,-213000000.0,54359000000.0,54359000000.0,0.0,841000000.0,,11.764,148947000000.0,,,148947000000.0,0.0,431000000.0,359870000000.0,0.038,0.28,1566000000.0,1997000000.0,0.231,1997000000.0,1566000000.0,1566000000.0,0.26,0.255,0.26,50151000000.0,,50151000000.0,193469136783.0,20.0,16.796,12053000000.0,3.767,1.0,8633000000.0,1.0,12358000000.0,0.0,722335000000.0,,0.0,432133000000.0,,,589954000000.0,,,93641136783.0,-2125000000.0,0.0,-1148000000.0,-7929000000.0,-896000000.0,-13655000000.0,-762000000.0,-637000000.0,12266000000.0,26000000.0,839000000.0,839000000.0,839000000.0,0.0,2000000.0,0.097,5911000000.0,2722000000.0,0.0,1.077,1.867,15.318,15.368,6372000000.0,0.0,29.2,2.769,2.763,0.0,41857000000.0,8633000000.0,8633000000.0,0.0,,,,,0.0,4387000000.0,1.0,3206888246.0,3199384000,3199384000.0,2.698,627747000000.0,0.0,727000000.0,0.0,196.209,
80,BAC,MRQ,2001-06-30,2001-06-30,2001-06-30,2021-08-02,-262000000.0,625525000000.0,,,,,15.392,-220000000.0,58174000000.0,58174000000.0,0.0,2023000000.0,,11.688,158002000000.0,,,158002000000.0,0.0,438000000.0,363486000000.0,0.036,0.28,3142000000.0,3580000000.0,0.408,3580000000.0,3142000000.0,3142000000.0,0.63,0.62,0.63,49302000000.0,,49302000000.0,194267069771.0,18.0,15.162,-9799000000.0,-3.059,1.0,8771000000.0,1.0,13256000000.0,0.0,712097000000.0,,0.0,444972000000.0,,,576223000000.0,,,96222069771.0,2072000000.0,-27000000.0,-280000000.0,10889000000.0,-898000000.0,20767000000.0,-9115000000.0,-8939000000.0,-9579000000.0,-1000000.0,2022000000.0,2022000000.0,2022000000.0,0.0,1000000.0,0.231,4821000000.0,3950000000.0,0.0,0.444,1.952,13.549,13.674,6371000000.0,0.0,30.015,2.879,2.877,0.0,41912000000.0,8771000000.0,8771000000.0,0.0,,,,,0.0,4598000000.0,1.0,3205799426.0,3203074000,3203074000.0,2.738,612269000000.0,0.0,1120000000.0,0.0,191.15,
81,BAC,MRQ,2001-03-31,2001-03-31,2001-03-31,2021-08-02,227000000.0,609755000000.0,,,,,15.192,-147000000.0,49463000000.0,49463000000.0,0.0,1870000000.0,,11.473,147508000000.0,,,147508000000.0,0.0,437000000.0,352460000000.0,0.039,0.28,2921000000.0,3358000000.0,0.399,3358000000.0,2921000000.0,2921000000.0,0.58,0.575,0.58,48886000000.0,,48886000000.0,221089070390.0,20.0,17.091,-4850000000.0,-1.507,1.0,8419000000.0,1.0,13452000000.0,0.0,694348000000.0,,0.0,442663000000.0,,,560869000000.0,,,87967070390.0,-4180000000.0,-390000000.0,-685000000.0,-19124000000.0,-901000000.0,-32535000000.0,33103000000.0,33569000000.0,-4703000000.0,-45000000.0,1869000000.0,1869000000.0,1869000000.0,0.0,1000000.0,0.222,4654000000.0,3765000000.0,0.0,0.483,1.799,12.319,12.5,6366000000.0,0.0,27.375,2.684,2.687,0.0,40785000000.0,8419000000.0,8419000000.0,0.0,,,,,0.0,4431000000.0,1.0,3213408964.0,3217780000,3217780000.0,2.616,596303000000.0,0.0,1052000000.0,0.0,185.315,
82,BAC,MRQ,2000-12-31,2000-12-31,2000-12-31,2021-08-02,-746000000.0,642191000000.0,,,,,14.668,-208000000.0,61016000000.0,61016000000.0,0.0,1385000000.0,,12.483,164111000000.0,,,164111000000.0,0.0,439000000.0,364244000000.0,0.045,0.28,2145000000.0,2584000000.0,0.323,2584000000.0,2145000000.0,2145000000.0,0.43,0.43,0.43,47628000000.0,,47628000000.0,216542403020.0,18.0,15.962,1823000000.0,0.561,1.0,7992000000.0,1.0,13142000000.0,0.0,732144000000.0,,0.0,466727000000.0,,,594563000000.0,,,74671403020.0,3118000000.0,762000000.0,-755000000.0,-38810000000.0,-909000000.0,-30221000000.0,31311000000.0,30697000000.0,2031000000.0,-3000000.0,1383000000.0,1383000000.0,1383000000.0,0.0,2000000.0,0.173,4637000000.0,3355000000.0,0.0,0.651,1.568,9.942,10.061,6433000000.0,0.0,22.94,2.268,2.294,0.0,39815000000.0,7992000000.0,7992000000.0,0.0,,,,,0.0,4423000000.0,1.0,3255074238.0,3247106000,3247106000.0,2.461,629049000000.0,0.0,762000000.0,0.0,193.726,
83,BAC,MRQ,2000-09-30,2000-09-30,2000-09-30,2021-08-02,-1808000000.0,671725000000.0,,,,,14.292,-161000000.0,63270000000.0,63270000000.0,0.0,1829000000.0,,13.335,205141000000.0,,,205141000000.0,0.0,438000000.0,353988000000.0,0.038,0.25,2853000000.0,3291000000.0,0.399,3291000000.0,2853000000.0,2853000000.0,0.555,0.55,0.555,46859000000.0,,46859000000.0,227908696399.0,18.0,15.929,6879000000.0,2.098,1.0,8238000000.0,1.0,13357000000.0,0.0,800239000000.0,,0.0,480985000000.0,,,624866000000.0,,,86044696399.0,-3098000000.0,105000000.0,-724000000.0,-9598000000.0,-821000000.0,-14914000000.0,4797000000.0,4798000000.0,7040000000.0,-21000000.0,1828000000.0,1828000000.0,1828000000.0,0.0,1000000.0,0.222,4960000000.0,3278000000.0,0.0,0.45,1.836,10.717,10.89,6450000000.0,0.0,26.19,2.526,2.521,0.0,39338000000.0,8238000000.0,8238000000.0,0.0,,,,,0.0,4195000000.0,1.0,3285402688.0,3278784000,3278784000.0,2.513,658368000000.0,0.0,1025000000.0,0.0,200.796,
84,BAC,MRQ,2000-06-30,2000-06-30,2000-06-30,2021-08-02,-2537000000.0,679538000000.0,,,,,13.868,-140000000.0,74347000000.0,74347000000.0,0.0,2063000000.0,,13.817,216211000000.0,,,216211000000.0,0.0,451000000.0,356664000000.0,0.045,0.25,3252000000.0,3703000000.0,0.455,3703000000.0,3252000000.0,3252000000.0,0.625,0.615,0.625,45861000000.0,,45861000000.0,200154190828.0,15.0,13.496,-1192000000.0,-0.36,1.0,8131000000.0,1.0,13578000000.0,0.0,807824000000.0,,0.0,479024000000.0,,,633677000000.0,,,71261190828.0,234000000.0,-24000000.0,-597000000.0,16241000000.0,-825000000.0,20468000000.0,-19166000000.0,-19101000000.0,-1052000000.0,-16000000.0,2061000000.0,2061000000.0,2061000000.0,0.0,2000000.0,0.253,4413000000.0,3718000000.0,0.0,0.4,1.554,8.534,8.687,6514000000.0,0.0,21.5,2.118,2.113,0.0,38330000000.0,8131000000.0,8131000000.0,0.0,,,,,0.0,4195000000.0,1.0,3314473992.0,3306990000,3306990000.0,2.459,665960000000.0,0.0,1191000000.0,0.0,201.38,
85,BAC,MRQ,2000-03-31,2000-03-31,2000-03-31,2021-08-02,-2492000000.0,656113000000.0,,,,,13.568,-133000000.0,70310000000.0,70310000000.0,0.0,2240000000.0,,13.484,199203000000.0,,,199203000000.0,0.0,456000000.0,351626000000.0,0.036,0.25,3532000000.0,3988000000.0,0.489,3988000000.0,3532000000.0,3532000000.0,0.67,0.665,0.67,45299000000.0,,45299000000.0,202091438134.0,16.0,13.811,-4643000000.0,-1.391,1.0,8150000000.0,1.0,13795000000.0,0.0,771211000000.0,,0.0,463189000000.0,,,610814000000.0,,,87304438134.0,270000000.0,0.0,-886000000.0,14014000000.0,-833000000.0,16976000000.0,-12171000000.0,-12084000000.0,-4510000000.0,-25000000.0,2239000000.0,2239000000.0,2239000000.0,0.0,1000000.0,0.275,4623000000.0,3527000000.0,0.0,0.373,1.927,10.643,10.925,6607000000.0,0.0,26.22,2.634,2.641,0.0,37089000000.0,8150000000.0,8150000000.0,0.0,,,,,0.0,4406000000.0,1.0,3329688716.0,3338622000,3338622000.0,2.441,642318000000.0,0.0,1293000000.0,0.0,192.39,
86,BAC,MRQ,1999-12-31,1999-12-31,1999-12-31,2021-08-02,-2658000000.0,632574000000.0,,,,,13.062,1630000000.0,31827000000.0,31827000000.0,0.0,1902000000.0,,13.237,184542000000.0,,,184542000000.0,0.0,467000000.0,347273000000.0,0.037,0.25,2859000000.0,3326000000.0,0.349,3326000000.0,2859000000.0,2859000000.0,0.555,0.555,0.555,44432000000.0,,44432000000.0,196885566566.0,16.0,13.938,4809000000.0,1.414,1.0,9541000000.0,1.0,13992000000.0,0.0,771297000000.0,,0.0,489456000000.0,,,588142000000.0,,,85683566566.0,1575000000.0,99000000.0,-1800000000.0,3005000000.0,-852000000.0,11214000000.0,-12867000000.0,-14699000000.0,3179000000.0,49000000.0,1901000000.0,1901000000.0,1901000000.0,0.0,1000000.0,0.199,4875000000.0,4666000000.0,0.0,0.45,1.928,10.879,11.007,6713000000.0,0.0,25.095,2.652,2.681,0.0,35681000000.0,9541000000.0,9541000000.0,0.0,,,,,0.0,4331000000.0,1.0,3414368064.0,3401642000,3401642000.0,2.805,618582000000.0,0.0,958000000.0,0.0,181.848,
87,BAC,MRQ,1999-09-30,1999-09-30,1999-09-30,2021-08-02,-1929000000.0,620652000000.0,,,,,13.322,-411000000.0,70629000000.0,70629000000.0,0.0,2151000000.0,,12.525,181831000000.0,,,181831000000.0,0.0,470000000.0,337011000000.0,0.032,0.225,3344000000.0,3814000000.0,0.487,3814000000.0,3344000000.0,3344000000.0,0.625,0.615,0.625,45889000000.0,,45889000000.0,212633087327.0,19.0,16.149,6593000000.0,1.914,1.0,7828000000.0,1.0,14214000000.0,0.0,717640000000.0,,0.0,436841000000.0,,,574763000000.0,,,96199087327.0,1217000000.0,172000000.0,-855000000.0,-148000000.0,-776000000.0,-2762000000.0,-3042000000.0,-2881000000.0,7004000000.0,17000000.0,2149000000.0,2149000000.0,2149000000.0,0.0,2000000.0,0.275,4526000000.0,3302000000.0,0.0,0.36,2.096,13.481,13.517,6728000000.0,0.0,27.845,3.259,3.249,0.0,34631000000.0,7828000000.0,7828000000.0,0.0,,,,,0.0,4304000000.0,1.0,3454806512.0,3444614000,3444614000.0,2.273,606438000000.0,0.0,1195000000.0,0.0,176.054,
88,BAC,MRQ,1999-06-30,1999-06-30,1999-06-30,2021-08-02,-1595000000.0,614102000000.0,,,,,13.086,-787000000.0,65454000000.0,65454000000.0,0.0,1915000000.0,,12.458,181888000000.0,,,181888000000.0,0.0,487000000.0,339045000000.0,0.024,0.225,3018000000.0,3505000000.0,0.46,3505000000.0,3018000000.0,3018000000.0,0.55,0.535,0.55,45631000000.0,,45631000000.0,242185036750.0,29.0,23.584,3012000000.0,0.864,1.0,7624000000.0,1.0,14616000000.0,0.0,715920000000.0,,0.0,436534000000.0,,,568471000000.0,,,127917036750.0,-1728000000.0,0.0,-1393000000.0,9684000000.0,-787000000.0,3243000000.0,-8750000000.0,-8050000000.0,3799000000.0,-20000000.0,1914000000.0,1914000000.0,1914000000.0,0.0,1000000.0,0.251,4657000000.0,2967000000.0,0.0,0.409,2.803,23.87,23.802,7012000000.0,0.0,36.655,4.714,4.71,0.0,33256000000.0,7624000000.0,7624000000.0,0.0,,,,,0.0,4232000000.0,1.0,3489756834.0,3487006000,3487006000.0,2.186,599486000000.0,0.0,1104000000.0,0.0,171.92,
89,BAC,MRQ,1999-03-31,1999-03-31,1999-03-31,2021-08-02,-580000000.0,614245000000.0,,,,,13.476,-897000000.0,58291000000.0,58291000000.0,0.0,1914000000.0,,12.116,172559000000.0,,,172559000000.0,0.0,493000000.0,343317000000.0,0.024,0.225,2988000000.0,3481000000.0,0.476,3481000000.0,2988000000.0,2988000000.0,0.55,0.54,0.55,46831000000.0,,46831000000.0,213183613657.0,24.0,19.747,-5056000000.0,-1.455,1.0,7313000000.0,1.0,14593000000.0,0.0,713920000000.0,,0.0,437485000000.0,,,567414000000.0,,,122809613657.0,-2352000000.0,-1483000000.0,348000000.0,20558000000.0,-784000000.0,6218000000.0,-4420000000.0,-2122000000.0,-4159000000.0,9000000.0,1912000000.0,1912000000.0,1912000000.0,0.0,2000000.0,0.261,4453000000.0,2860000000.0,0.0,0.409,2.622,21.425,21.4,7129000000.0,0.0,35.31,4.502,4.498,0.0,32128000000.0,7313000000.0,7313000000.0,0.0,,,,,0.0,4231000000.0,1.0,3478040602.0,3475124000,3475124000.0,2.104,599652000000.0,0.0,1076000000.0,0.0,172.556,
90,BAC,MRQ,1998-12-31,1998-12-31,1998-12-31,2021-08-02,152000000.0,617679000000.0,,,,,13.267,-731000000.0,62173000000.0,62173000000.0,0.0,1162000000.0,,12.446,152547000000.0,,,152547000000.0,0.0,497000000.0,357260000000.0,0.026,0.225,1870000000.0,2367000000.0,0.35,2367000000.0,1870000000.0,1870000000.0,0.335,0.33,0.335,45938000000.0,,45938000000.0,192315239812.0,24.0,19.191,4133000000.0,1.194,1.0,6754000000.0,1.0,14708000000.0,0.0,693345000000.0,,0.0,433169000000.0,,,571741000000.0,,,104064239812.0,3562000000.0,-278000000.0,-1114000000.0,6357000000.0,-778000000.0,16325000000.0,-17642000000.0,-16742000000.0,4864000000.0,15000000.0,1161000000.0,1161000000.0,1161000000.0,0.0,1000000.0,0.172,5287000000.0,1467000000.0,0.0,0.672,2.265,20.246,20.246,7289000000.0,0.0,30.065,3.775,3.778,0.0,30998000000.0,6754000000.0,6754000000.0,0.0,,,,,0.0,4464000000.0,1.0,3461308492.0,3462674000,3462674000.0,1.951,602971000000.0,0.0,709000000.0,0.0,174.134,
91,BAC,MRQ,1998-09-30,1998-09-30,1998-09-30,2021-08-02,784000000.0,594673000000.0,,,,,13.593,-122000000.0,62132000000.0,62132000000.0,0.0,374000000.0,,11.571,150383000000.0,,,150383000000.0,0.0,502000000.0,345756000000.0,0.028,0.19,414000000.0,916000000.0,0.168,916000000.0,414000000.0,414000000.0,0.105,0.105,0.105,47307000000.0,,47307000000.0,114748483529.0,14.0,10.927,8434000000.0,2.423,1.0,5444000000.0,1.0,14882000000.0,0.0,668042000000.0,,0.0,419061000000.0,,,547366000000.0,,,51496483529.0,-2397000000.0,1000000.0,390000000.0,17803000000.0,-606000000.0,15466000000.0,-26409000000.0,-26427000000.0,8556000000.0,-10000000.0,372000000.0,372000000.0,372000000.0,0.0,2000000.0,0.068,5308000000.0,136000000.0,0.0,1.81,1.089,9.498,17.038,7249000000.0,0.0,26.75,1.833,3.313,0.0,30615000000.0,5444000000.0,5444000000.0,0.0,,,,,0.0,4359000000.0,1.0,1925102188.0,3480184000,3480184000.0,1.564,579791000000.0,0.0,42000000.0,0.0,166.598,
92,BAC,MRQ,1998-06-30,1998-06-30,1998-06-30,2021-08-02,447000000.0,307985000000.0,,,,,7.698,-94000000.0,26657000000.0,26657000000.0,0.0,2298000000.0,,10.548,89909000000.0,,,89909000000.0,0.0,493000000.0,169238000000.0,0.019,0.19,3539000000.0,4032000000.0,0.519,4032000000.0,3539000000.0,3539000000.0,0.66,0.64,0.66,26670000000.0,,26670000000.0,138580872417.0,13.0,10.424,2612000000.0,0.754,1.0,7767000000.0,1.0,10193000000.0,0.0,361044000000.0,,0.0,224036000000.0,,,281315000000.0,,,73459872417.0,-1529000000.0,23000000.0,432000000.0,-9947000000.0,-611000000.0,-3837000000.0,-423000000.0,-483000000.0,2706000000.0,25000000.0,2287000000.0,2287000000.0,2287000000.0,0.0,11000000.0,0.294,4337000000.0,3430000000.0,0.0,0.288,2.754,10.873,19.564,4010000000.0,0.0,38.345,2.459,4.446,0.0,15767000000.0,7767000000.0,7767000000.0,0.0,,,,,0.0,4540000000.0,1.0,1915761440.0,3464336000,3464336000.0,2.242,297792000000.0,0.0,1252000000.0,0.0,85.959,
93,BAC,MRQ,1998-03-31,1998-03-31,1998-03-31,2021-08-02,0.0,314503000000.0,,,,,7.312,-343000000.0,26176000000.0,26176000000.0,0.0,1331000000.0,,11.47,91297000000.0,,,91297000000.0,0.0,506000000.0,170046000000.0,0.019,0.19,2200000000.0,2706000000.0,0.356,2706000000.0,2200000000.0,2200000000.0,0.385,0.375,0.385,25220000000.0,,25220000000.0,128297542841.0,15.0,11.715,-2952000000.0,-0.856,1.0,7602000000.0,1.0,10404000000.0,0.0,369220000000.0,,0.0,228893000000.0,,,289283000000.0,,,70183542841.0,175000000.0,-81000000.0,-92000000.0,8953000000.0,-609000000.0,8177000000.0,-5395000000.0,-5117000000.0,-2609000000.0,2000000.0,1320000000.0,1320000000.0,1320000000.0,0.0,11000000.0,0.174,5604000000.0,1998000000.0,0.0,0.494,2.783,13.033,20.431,4272000000.0,0.0,36.47,2.726,4.885,0.0,14724000000.0,7602000000.0,7602000000.0,0.0,,,,,0.0,4476000000.0,1.0,1924418504.0,3448980000,3448980000.0,2.204,304099000000.0,0.0,880000000.0,0.0,88.171,
94,BAC,MRQ,1997-12-31,1997-12-31,1997-12-31,2021-08-02,407000000.0,570983000000.0,,,,,12.935,-524000000.0,57029000000.0,57029000000.0,0.0,1459000000.0,,11.807,131817000000.0,,,131817000000.0,0.0,505000000.0,346297000000.0,0.023,0.19,2342000000.0,2847000000.0,0.391,2847000000.0,2342000000.0,2342000000.0,0.42,0.405,0.42,44584000000.0,,44584000000.0,,,,3417000000.0,0.991,1.0,7285000000.0,1.0,15754000000.0,0.0,630017000000.0,,0.0,404433000000.0,,,526399000000.0,,,58511944614.0,2505000000.0,-1130000000.0,-382000000.0,8153000000.0,-558000000.0,16728000000.0,-18211000000.0,-16640000000.0,3941000000.0,47000000.0,1443000000.0,1443000000.0,1443000000.0,0.0,16000000.0,0.198,5038000000.0,2247000000.0,0.0,0.452,1.312,9.098,16.391,8123000000.0,0.0,30.405,2.069,3.726,0.0,28438000000.0,7285000000.0,7285000000.0,0.0,,,,,0.0,4536000000.0,1.0,1924418504.0,3446792000,3446792000.0,2.114,555229000000.0,0.0,899000000.0,0.0,161.086,
95,BAC,MRQ,1997-09-30,1997-09-30,1997-09-30,2021-08-02,,,,,,,,-608000000.0,,,0.0,1730000000.0,,,,,,,,946000000.0,,0.021,0.165,2763000000.0,3709000000.0,0.513,3709000000.0,2763000000.0,2763000000.0,0.495,0.48,0.495,,,,,,,5520000000.0,1.603,1.0,7224000000.0,1.0,,0.0,,,,,,,,,,,-3263000000.0,-15000000.0,-1469000000.0,5165000000.0,-1021000000.0,277000000.0,-9723000000.0,-9516000000.0,6128000000.0,55000000.0,1706000000.0,1706000000.0,1706000000.0,0.0,24000000.0,0.236,4491000000.0,2733000000.0,,0.333,,,,,0.0,30.94,,,,,7224000000.0,7224000000.0,0.0,,,,,0.0,4192000000.0,1.0,,3444486000,3444486000.0,2.097,,,1057000000.0,,,
96,BAC,MRQ,1997-06-30,1997-06-30,1997-06-30,2021-08-02,,,,,,,,146000000.0,,,0.0,919000000.0,,,,,,,,259000000.0,,0.02,0.165,1431000000.0,1690000000.0,0.465,1690000000.0,1431000000.0,1431000000.0,0.485,0.47,0.485,,,,,,,-1512000000.0,-0.799,1.0,3638000000.0,1.0,,0.0,,,,,,,,,,,-869000000.0,-27000000.0,-1338000000.0,4160000000.0,-299000000.0,503000000.0,286000000.0,104000000.0,-1658000000.0,0.0,916000000.0,916000000.0,916000000.0,0.0,3000000.0,0.252,2233000000.0,1405000000.0,,0.34,,,,,0.0,32.28,,,,,3638000000.0,3638000000.0,0.0,,,,,0.0,2106000000.0,1.0,,1892924000,1892924000.0,1.922,,,515000000.0,,,
97,BAC,MRQ,1997-03-31,1997-03-31,1997-03-31,2021-08-02,,,,,,,,-321000000.0,,,0.0,855000000.0,,,,,,,,253000000.0,,0.022,0.165,1328000000.0,1581000000.0,0.45,1581000000.0,1328000000.0,1328000000.0,0.45,0.44,0.45,,,,,,,-4483000000.0,-2.371,1.0,3512000000.0,1.0,,0.0,,,,,,,,,,,1522000000.0,2461000000.0,-3459000000.0,8845000000.0,-297000000.0,4343000000.0,1341000000.0,-847000000.0,-4162000000.0,0.0,851000000.0,851000000.0,851000000.0,0.0,4000000.0,0.242,2223000000.0,1289000000.0,,0.367,,,,,0.0,27.75,,,,,3512000000.0,3512000000.0,0.0,,,,,0.0,2112000000.0,1.0,,1890368000,1890368000.0,1.858,,,477000000.0,,,
98,BAC,MRQ,1996-12-31,1996-12-31,1996-12-31,2021-08-02,0.0,185794000000.0,,,,,4.184,,17735000000.0,17735000000.0,,,,12.553,48809000000.0,,,48809000000.0,0.0,,106498000000.0,0.025,0.165,,,,,,,,,,13709000000.0,,13709000000.0,,,,,,1.0,,,2030000000.0,,214838000000.0,,0.0,136863000000.0,,,172085000000.0,,,,,,,,,,,,,,,,,,,,,,0.0,,,,14.291,2712000000.0,,24.438,,3.214,0.0,9673000000.0,,,,,,,,,,1.0,,3276764000,,,183764000000.0,0.0,,0.0,56.081,
0,BAC,MRT,2021-06-30,2021-06-30,2021-06-30,2021-08-02,-3063000000.0,3029894000000.0,2889491250000.0,,,0.029,32.145,0.0,535980000000.0,535980000000.0,0.0,27625000000.0,,9.934,510026000000.0,,,510026000000.0,0.0,1893000000.0,1909142000000.0,0.017,0.72,27873000000.0,29766000000.0,0.351,29766000000.0,27873000000.0,27873000000.0,3.01,2.99,3.01,277119000000.0,273223250000.0,277119000000.0,232583964772.0,8.0,7.814,-39683000000.0,-4.603,1.0,84722000000.0,1.0,69023000000.0,0.0,2934917000000.0,2682107750000.0,0.0,1894922000000.0,,,2752775000000.0,,,353312964772.0,-29316000000.0,0.0,-8056000000.0,56574000000.0,-7756000000.0,230487000000.0,-220591000000.0,-217439000000.0,-39683000000.0,471000000.0,27625000000.0,26172000000.0,26172000000.0,0.0,0.0,0.309,58888000000.0,25834000000.0,0.0,0.239,1.275,13.5,13.698,10747000000.0,1453000000.0,41.23,4.17,4.195,67967000000.0,177499000000.0,84722000000.0,84722000000.0,0.0,0.009,0.096,0.01,0.329,2417000000.0,49469000000.0,1.0,8569317603.0,8620800000,8735500000.0,9.828,2960871000000.0,0.0,248000000.0,0.0,343.457,
1,BAC,MRT,2021-03-31,2021-03-31,2021-03-31,2021-08-02,-3472000000.0,2969992000000.0,2817439750000.0,,,0.03,31.494,0.0,593107000000.0,593107000000.0,0.0,21934000000.0,,9.839,472378000000.0,,,472378000000.0,0.0,1872000000.0,1884938000000.0,0.019,0.72,23630000000.0,25502000000.0,0.298,25502000000.0,23630000000.0,23630000000.0,2.35,2.33,2.35,274000000000.0,270352750000.0,274000000000.0,95528961001.0,4.0,3.746,-33378000000.0,-3.837,1.0,85582000000.0,1.0,68951000000.0,0.0,2780312000000.0,2544578750000.0,0.0,1797625000000.0,,,2695992000000.0,,,334017961001.0,75711000000.0,0.0,-4133000000.0,18327000000.0,-7758000000.0,308299000000.0,-200334000000.0,-197697000000.0,-33378000000.0,1124000000.0,21934000000.0,20492000000.0,20492000000.0,0.0,0.0,0.239,57253000000.0,28329000000.0,0.0,0.306,1.219,16.3,16.464,10803000000.0,1442000000.0,38.69,3.903,3.933,66404000000.0,170082000000.0,85582000000.0,85582000000.0,0.0,0.007,0.076,0.009,0.276,2341000000.0,48182000000.0,1.0,8633185862.0,8700100000,8755600000.0,9.837,2901041000000.0,0.0,1696000000.0,0.0,333.449,
2,BAC,MRT,2020-12-31,2020-12-31,2020-12-31,2021-08-02,-1656000000.0,2819627000000.0,2729930250000.0,,,0.031,31.18,0.0,691067000000.0,691067000000.0,0.0,17894000000.0,,9.331,452578000000.0,,,452578000000.0,0.0,1843000000.0,1795480000000.0,0.024,0.72,18995000000.0,20838000000.0,0.244,20838000000.0,18995000000.0,18995000000.0,1.88,1.87,1.88,272924000000.0,268082250000.0,272924000000.0,93719435625.0,5.0,4.498,37993000000.0,4.34,1.0,85528000000.0,1.0,68951000000.0,0.0,2512187000000.0,2460309250000.0,0.0,1650331000000.0,,,2546703000000.0,,,262205435625.0,218903000000.0,0.0,-7025000000.0,9386000000.0,-7727000000.0,355819000000.0,-177665000000.0,-174176000000.0,37993000000.0,2756000000.0,17894000000.0,16473000000.0,16473000000.0,0.0,0.0,0.193,55213000000.0,30315000000.0,0.0,0.383,0.961,15.917,16.122,11000000000.0,1421000000.0,30.31,3.066,3.102,64221000000.0,164088000000.0,85528000000.0,85528000000.0,0.0,0.006,0.061,0.008,0.222,2031000000.0,46558000000.0,1.0,8650789694.0,8753200000,8796900000.0,9.771,2750676000000.0,0.0,1101000000.0,0.0,314.248,
3,BAC,MRT,2020-09-30,2020-09-30,2020-09-30,2021-08-02,-978000000.0,2738452000000.0,2633543250000.0,,,0.033,30.786,0.0,632839000000.0,632839000000.0,0.0,19418000000.0,,9.186,464353000000.0,,,464353000000.0,0.0,1795000000.0,1702880000000.0,0.03,0.72,21045000000.0,22840000000.0,0.26,22840000000.0,21045000000.0,21045000000.0,2.04,2.02,2.04,268850000000.0,266053750000.0,268850000000.0,-79217884769.0,-4.0,-3.468,42502000000.0,4.867,1.0,87778000000.0,1.0,68951000000.0,0.0,2501015000000.0,2420270750000.0,0.0,1568704000000.0,,,2469602000000.0,,,208718115231.0,143912000000.0,0.0,-14510000000.0,-21086000000.0,-7747000000.0,266015000000.0,-167062000000.0,-163803000000.0,42502000000.0,2457000000.0,19418000000.0,18013000000.0,18013000000.0,0.0,0.0,0.205,54525000000.0,33253000000.0,0.0,0.353,0.776,11.587,11.809,10902000000.0,1405000000.0,24.09,2.378,2.397,61684000000.0,160447000000.0,87778000000.0,87778000000.0,0.0,0.007,0.068,0.009,0.24,2076000000.0,46343000000.0,1.0,8664097768.0,8732900000,8777500000.0,10.051,2669501000000.0,0.0,1627000000.0,0.0,305.683,
4,BAC,MRT,2020-06-30,2020-06-30,2020-06-30,2021-08-02,-1162000000.0,2741688000000.0,2555512750000.0,,,0.035,30.394,0.0,746596000000.0,746596000000.0,0.0,20314000000.0,,9.321,458660000000.0,,,458660000000.0,0.0,1757000000.0,1718666000000.0,0.03,0.72,23358000000.0,25115000000.0,0.278,25115000000.0,23358000000.0,23358000000.0,2.1,2.07,2.1,265637000000.0,265938000000.0,265637000000.0,98276760015.0,4.0,3.913,69438000000.0,7.945,1.0,90249000000.0,1.0,68951000000.0,0.0,2384801000000.0,2394338750000.0,0.0,1503981000000.0,,,2476051000000.0,,,206045760015.0,117952000000.0,0.0,-22022000000.0,-12382000000.0,-6228000000.0,301241000000.0,-252172000000.0,-248539000000.0,69438000000.0,-555000000.0,20314000000.0,18845000000.0,18845000000.0,0.0,0.0,0.209,55293000000.0,34956000000.0,0.0,0.343,0.776,10.934,11.31,10790000000.0,1469000000.0,23.75,2.283,2.3,55392000000.0,157578000000.0,90249000000.0,90249000000.0,0.0,0.007,0.071,0.01,0.259,2066000000.0,47515000000.0,1.0,8675610948.0,8739900000,8768100000.0,10.326,2672737000000.0,0.0,3044000000.0,0.0,305.809,
5,BAC,MRT,2020-03-31,2020-03-31,2020-03-31,2021-08-02,-120000000.0,2619954000000.0,2469063750000.0,,,0.037,30.051,0.0,564642000000.0,564642000000.0,0.0,24129000000.0,,8.89,456873000000.0,,,456873000000.0,0.0,1743000000.0,1583325000000.0,0.033,0.69,28518000000.0,30261000000.0,0.333,30261000000.0,28518000000.0,28518000000.0,2.47,2.44,2.47,264918000000.0,267380750000.0,264918000000.0,172211698439.0,6.0,5.691,65719000000.0,7.455,1.0,91007000000.0,1.0,68951000000.0,0.0,2443234000000.0,2387883750000.0,0.0,1576387000000.0,,,2355036000000.0,,,185306698439.0,78767000000.0,0.0,-28243000000.0,9768000000.0,-6091000000.0,180032000000.0,-166274000000.0,-162348000000.0,65719000000.0,-710000000.0,24129000000.0,22670000000.0,22670000000.0,0.0,0.0,0.249,55151000000.0,35856000000.0,0.0,0.279,0.699,8.174,8.595,10792000000.0,1459000000.0,21.23,2.036,2.056,69238000000.0,155866000000.0,91007000000.0,91007000000.0,0.0,0.009,0.085,0.012,0.313,2013000000.0,47583000000.0,1.0,8728530308.0,8815600000,8862700000.0,10.323,2551003000000.0,0.0,4389000000.0,0.0,289.374,
6,BAC,MRT,2019-12-31,2019-12-31,2019-12-31,2021-08-02,-6633000000.0,2434079000000.0,2408366250000.0,,,0.038,28.2,0.0,443264000000.0,443264000000.0,0.0,27430000000.0,,8.192,430169000000.0,,,430169000000.0,0.0,1729000000.0,1434803000000.0,0.019,0.66,32754000000.0,34483000000.0,0.378,34483000000.0,32754000000.0,32754000000.0,2.77,2.75,2.77,264810000000.0,267903750000.0,264810000000.0,356715682663.0,11.0,10.345,61777000000.0,6.579,1.0,91244000000.0,1.0,68951000000.0,0.0,2352033000000.0,2351195500000.0,0.0,1495850000000.0,,,2169269000000.0,,,316807682663.0,-15844000000.0,0.0,-28144000000.0,-16249000000.0,-5934000000.0,3377000000.0,-80630000000.0,-77656000000.0,61777000000.0,-368000000.0,27430000000.0,25998000000.0,25998000000.0,0.0,0.0,0.285,54900000000.0,36344000000.0,0.0,0.238,1.196,12.186,12.715,10561000000.0,1432000000.0,35.22,3.472,3.625,55937000000.0,156319000000.0,91244000000.0,91244000000.0,0.0,0.011,0.097,0.014,0.359,1974000000.0,47492000000.0,1.0,8995107401.0,9390500000,9442900000.0,9.717,2365128000000.0,0.0,5324000000.0,0.0,251.864,
7,BAC,MRT,2019-09-30,2019-09-30,2019-09-30,2021-08-02,-5617000000.0,2426330000000.0,2388473250000.0,,,0.038,28.848,0.0,436246000000.0,436246000000.0,0.0,27714000000.0,,8.04,476154000000.0,,,476154000000.0,0.0,1814000000.0,1392836000000.0,0.022,0.63,33283000000.0,35097000000.0,0.383,35097000000.0,33283000000.0,33283000000.0,2.74,2.7,2.74,268387000000.0,268032500000.0,268387000000.0,303563126635.0,9.0,8.649,-11248000000.0,-1.209,1.0,91572000000.0,1.0,68951000000.0,0.0,2397287000000.0,2332211250000.0,0.0,1463005000000.0,,,2157943000000.0,,,271523126635.0,-27764000000.0,0.0,-25627000000.0,29591000000.0,-5831000000.0,45799000000.0,-61668000000.0,-59244000000.0,-11248000000.0,-647000000.0,27714000000.0,26289000000.0,26289000000.0,0.0,0.0,0.287,54735000000.0,36837000000.0,0.0,0.23,1.012,10.328,10.646,10493000000.0,1425000000.0,29.17,2.965,2.964,52560000000.0,151183000000.0,91572000000.0,91572000000.0,0.0,0.011,0.098,0.014,0.363,1901000000.0,47320000000.0,1.0,9308300536.0,9303600000,9353000000.0,9.843,2357379000000.0,0.0,5569000000.0,0.0,253.384,
8,BAC,MRT,2019-06-30,2019-06-30,2019-06-30,2021-08-02,-7477000000.0,2395892000000.0,2366599000000.0,,,0.039,28.5,0.0,428163000000.0,428163000000.0,0.0,29104000000.0,,7.828,460203000000.0,,,460203000000.0,0.0,1891000000.0,1375093000000.0,0.021,0.6,35418000000.0,37309000000.0,0.408,37309000000.0,35418000000.0,35418000000.0,2.84,2.8,2.84,271408000000.0,266475250000.0,271408000000.0,264005893322.0,7.0,7.076,14060000000.0,1.476,1.0,91489000000.0,1.0,68951000000.0,0.0,2358981000000.0,2298803750000.0,0.0,1450676000000.0,,,2124484000000.0,,,275737893322.0,195000000.0,0.0,-23041000000.0,8370000000.0,-7272000000.0,44016000000.0,-57817000000.0,-56252000000.0,14060000000.0,-64000000.0,29104000000.0,27718000000.0,27718000000.0,0.0,0.0,0.303,52580000000.0,38909000000.0,0.0,0.211,1.016,9.948,10.211,10426000000.0,1386000000.0,29.0,3.014,3.019,53329000000.0,147577000000.0,91489000000.0,91489000000.0,0.0,0.012,0.104,0.015,0.387,1837000000.0,45224000000.0,1.0,9508203218.0,9523200000,9559600000.0,9.607,2326941000000.0,0.0,6314000000.0,0.0,244.344,
9,BAC,MRT,2019-03-31,2019-03-31,2019-03-31,2021-08-02,-10042000000.0,2377164000000.0,2340543500000.0,,,0.039,27.454,0.0,448120000000.0,448120000000.0,0.0,28540000000.0,,7.903,436388000000.0,,,436388000000.0,0.0,1970000000.0,1379337000000.0,0.021,0.57,34957000000.0,36927000000.0,0.406,36927000000.0,34957000000.0,34957000000.0,2.73,2.69,2.73,267010000000.0,264677250000.0,267010000000.0,256973181889.0,7.0,6.959,14267000000.0,1.467,1.0,90954000000.0,1.0,68951000000.0,0.0,2296481000000.0,2274544000000.0,0.0,1425400000000.0,,,2110154000000.0,,,266485181889.0,-32618000000.0,0.0,-21499000000.0,-9860000000.0,-7147000000.0,9008000000.0,-53386000000.0,-51538000000.0,14267000000.0,-2507000000.0,28540000000.0,27075000000.0,27075000000.0,0.0,0.0,0.298,52536000000.0,38418000000.0,0.0,0.209,0.998,9.842,10.106,10251000000.0,1465000000.0,27.59,2.93,2.95,53496000000.0,141888000000.0,90954000000.0,90954000000.0,0.0,0.012,0.102,0.015,0.384,1818000000.0,45219000000.0,1.0,9658759764.0,9725900000,9787300000.0,9.352,2308213000000.0,0.0,6417000000.0,0.0,237.326,
10,BAC,MRT,2018-12-31,2018-12-31,2018-12-31,2021-08-02,-12211000000.0,2354507000000.0,2328372000000.0,,,0.039,26.279,0.0,446029000000.0,446029000000.0,0.0,28147000000.0,,7.874,436569000000.0,,,436569000000.0,0.0,2063000000.0,1381476000000.0,0.022,0.54,34584000000.0,36647000000.0,0.403,36647000000.0,34584000000.0,34584000000.0,2.64,2.61,2.64,265325000000.0,264480750000.0,265325000000.0,235596810729.0,7.0,6.429,39520000000.0,3.914,1.0,91020000000.0,1.0,68951000000.0,0.0,2276096000000.0,2263284750000.0,0.0,1433139000000.0,,,2089182000000.0,,,241821810729.0,19970000000.0,0.0,-20094000000.0,8824000000.0,-6895000000.0,53118000000.0,-71468000000.0,-69482000000.0,39520000000.0,-1200000000.0,28147000000.0,26696000000.0,26696000000.0,0.0,0.0,0.293,53154000000.0,37866000000.0,0.0,0.205,0.911,9.058,9.333,9906000000.0,1451000000.0,24.64,2.657,2.733,65814000000.0,136314000000.0,91020000000.0,91020000000.0,0.0,0.011,0.101,0.015,0.38,1729000000.0,45742000000.0,1.0,9814196864.0,10096500000,10236900000.0,9.015,2285556000000.0,0.0,6437000000.0,0.0,226.371,
11,BAC,MRT,2018-09-30,2018-09-30,2018-09-30,2021-08-02,-14836000000.0,2338833000000.0,2310053750000.0,,,0.038,26.133,0.0,440960000000.0,440960000000.0,0.0,23234000000.0,,7.921,434735000000.0,,,434735000000.0,0.0,2054000000.0,1345649000000.0,0.017,0.51,32047000000.0,34101000000.0,0.385,34101000000.0,32047000000.0,32047000000.0,2.13,2.11,2.13,262158000000.0,264936000000.0,262158000000.0,333476836574.0,10.0,9.779,46342000000.0,4.62,1.0,88553000000.0,1.0,68951000000.0,0.0,2263657000000.0,2261231250000.0,0.0,1417367000000.0,,,2076675000000.0,,,294253836574.0,12477000000.0,0.0,-19732000000.0,-7940000000.0,-6726000000.0,26405000000.0,-59068000000.0,-57094000000.0,46342000000.0,-1202000000.0,23234000000.0,21736000000.0,21736000000.0,0.0,0.0,0.245,53128000000.0,35425000000.0,0.0,0.239,1.122,13.538,13.831,9680000000.0,1498000000.0,29.46,3.323,3.337,56962000000.0,130747000000.0,88553000000.0,88553000000.0,0.0,0.009,0.082,0.014,0.362,1750000000.0,40009000000.0,1.0,9988249714.0,10031600000,10170800000.0,8.827,2269882000000.0,0.0,8813000000.0,0.0,226.273,
12,BAC,MRT,2018-06-30,2018-06-30,2018-06-30,2021-08-02,-13333000000.0,2291670000000.0,2296319500000.0,,,0.038,25.95,0.0,405897000000.0,405897000000.0,0.0,21491000000.0,,7.673,445120000000.0,,,445120000000.0,0.0,2062000000.0,1309691000000.0,0.017,0.48,30664000000.0,32726000000.0,0.373,32726000000.0,30664000000.0,30664000000.0,1.95,1.91,1.95,264216000000.0,267511250000.0,264216000000.0,277745400931.0,9.0,8.487,47040000000.0,4.62,1.0,87668000000.0,1.0,68951000000.0,0.0,2261942000000.0,2261446000000.0,0.0,1415764000000.0,,,2027454000000.0,,,285828400931.0,12495000000.0,0.0,-17673000000.0,-8988000000.0,-6542000000.0,14018000000.0,-48485000000.0,-45886000000.0,47040000000.0,-78000000.0,21491000000.0,19994000000.0,19994000000.0,0.0,0.0,0.228,53508000000.0,34160000000.0,0.0,0.246,1.082,14.296,14.456,9537000000.0,1497000000.0,28.19,3.26,3.274,57813000000.0,125546000000.0,87668000000.0,87668000000.0,0.0,0.009,0.075,0.014,0.35,1761000000.0,42189000000.0,1.0,10139354414.0,10181700000,10309400000.0,8.61,2222719000000.0,0.0,9173000000.0,0.0,218.305,
13,BAC,MRT,2018-03-31,2018-03-31,2018-03-31,2021-08-02,-12278000000.0,2328478000000.0,2287034250000.0,,,0.038,25.791,0.0,456940000000.0,456940000000.0,0.0,19813000000.0,,7.746,448857000000.0,,,448857000000.0,0.0,2080000000.0,1328664000000.0,0.015,0.435,30287000000.0,32367000000.0,0.368,32367000000.0,30287000000.0,30287000000.0,1.78,1.72,1.78,266224000000.0,269204000000.0,266224000000.0,362807229991.0,12.0,11.209,63207000000.0,6.123,1.0,87948000000.0,1.0,68951000000.0,0.0,2251444000000.0,2259389750000.0,0.0,1407751000000.0,,,2062254000000.0,,,307208229991.0,36216000000.0,0.0,-14944000000.0,-5806000000.0,-6119000000.0,31466000000.0,-60449000000.0,-69257000000.0,63207000000.0,1992000000.0,19813000000.0,18273000000.0,18273000000.0,0.0,0.0,0.208,54266000000.0,33682000000.0,0.0,0.244,1.154,16.812,16.848,9399000000.0,1540000000.0,29.99,3.493,3.52,58127000000.0,120298000000.0,87948000000.0,87948000000.0,0.0,0.008,0.068,0.013,0.344,1758000000.0,44774000000.0,1.0,10243688896.0,10322400000,10472700000.0,8.52,2259527000000.0,0.0,10474000000.0,0.0,218.896,
14,BAC,MRT,2017-12-31,2017-12-31,2017-12-31,2021-08-02,-7082000000.0,2281234000000.0,2266840000000.0,,,0.038,26.202,0.0,381334000000.0,381334000000.0,0.0,18232000000.0,,7.539,436933000000.0,,,436933000000.0,0.0,2103000000.0,1309545000000.0,0.013,0.39,29213000000.0,31316000000.0,0.359,31316000000.0,29213000000.0,29213000000.0,1.63,1.56,1.63,267146000000.0,269686250000.0,267146000000.0,359958715686.0,12.0,11.494,9864000000.0,0.967,1.0,87126000000.0,1.0,68951000000.0,0.0,2267882000000.0,2255750250000.0,0.0,1415678000000.0,,,2014088000000.0,,,307911715686.0,9696000000.0,0.0,-12814000000.0,19568000000.0,-5700000000.0,49268000000.0,-51541000000.0,-59952000000.0,9864000000.0,2105000000.0,18232000000.0,16618000000.0,16618000000.0,0.0,0.0,0.191,54517000000.0,32609000000.0,0.0,0.239,1.153,18.529,18.11,9247000000.0,1614000000.0,29.52,3.534,3.454,61623000000.0,113816000000.0,87126000000.0,87126000000.0,0.0,0.007,0.062,0.013,0.335,1649000000.0,46946000000.0,1.0,10430613675.0,10195600000,10778400000.0,8.545,2212283000000.0,0.0,10981000000.0,0.0,216.984,
15,BAC,MRT,2017-09-30,2017-09-30,2017-09-30,2021-08-02,-6168000000.0,2283896000000.0,2243548250000.0,,,0.039,26.717,0.0,399088000000.0,399088000000.0,0.0,20479000000.0,,7.383,451135000000.0,,,451135000000.0,0.0,2137000000.0,1284417000000.0,0.014,0.345,28975000000.0,31112000000.0,0.358,31112000000.0,28975000000.0,28975000000.0,1.86,1.74,1.86,272459000000.0,269448500000.0,272459000000.0,320380705917.0,11.0,10.298,7524000000.0,0.738,1.0,86906000000.0,1.0,71427000000.0,0.0,2264516000000.0,2232363000000.0,0.0,1409667000000.0,,,2011437000000.0,,,249613705917.0,28947000000.0,0.0,-9275000000.0,24462000000.0,-5287000000.0,60808000000.0,-38909000000.0,-47843000000.0,7524000000.0,-476000000.0,20479000000.0,18790000000.0,18790000000.0,0.0,0.0,0.216,54762000000.0,32144000000.0,0.0,0.185,0.916,13.284,13.624,8971000000.0,1689000000.0,25.34,2.872,2.973,55855000000.0,113486000000.0,86906000000.0,86906000000.0,0.0,0.008,0.07,0.013,0.333,1502000000.0,55316000000.0,1.0,9850580344.0,10197900000,10746700000.0,8.522,2212469000000.0,0.0,8496000000.0,0.0,216.953,
16,BAC,MRT,2017-06-30,2017-06-30,2017-06-30,2021-08-02,-6605000000.0,2254529000000.0,2221402750000.0,,,0.039,27.062,0.0,386057000000.0,386057000000.0,0.0,20010000000.0,,7.32,456824000000.0,,,456824000000.0,0.0,2178000000.0,1262980000000.0,0.012,0.3,28668000000.0,30846000000.0,0.356,30846000000.0,28668000000.0,28668000000.0,1.8,1.69,1.8,270987000000.0,268854500000.0,270987000000.0,302353067411.0,11.0,9.802,-12254000000.0,-1.224,1.0,86702000000.0,1.0,71579000000.0,0.0,2253717000000.0,2211082750000.0,0.0,1387881000000.0,,,1983542000000.0,,,241433067411.0,-12503000000.0,0.0,-7693000000.0,22113000000.0,-4744000000.0,56010000000.0,-55720000000.0,-64680000000.0,-12254000000.0,-539000000.0,20010000000.0,18283000000.0,18283000000.0,0.0,0.0,0.211,54849000000.0,31853000000.0,0.0,0.167,0.891,13.205,13.478,8904000000.0,1727000000.0,24.26,2.785,2.802,59342000000.0,109628000000.0,86702000000.0,86702000000.0,0.0,0.008,0.068,0.013,0.331,1170000000.0,55222000000.0,1.0,9951898904.0,10013500000,10834800000.0,8.659,2182950000000.0,0.0,8658000000.0,0.0,218.001,
17,BAC,MRT,2017-03-31,2017-03-31,2017-03-31,2021-08-02,-7316000000.0,2247701000000.0,2204422750000.0,,,0.039,26.551,0.0,390725000000.0,390725000000.0,0.0,19687000000.0,,7.382,451645000000.0,,,451645000000.0,0.0,2209000000.0,1272141000000.0,0.012,0.275,27364000000.0,29573000000.0,0.347,29573000000.0,27364000000.0,27364000000.0,1.76,1.66,1.76,268153000000.0,267875000000.0,268153000000.0,291727627319.0,11.0,9.865,-6609000000.0,-0.654,1.0,85159000000.0,1.0,71735000000.0,0.0,2236886000000.0,2187521500000.0,0.0,1380614000000.0,,,1979548000000.0,,,236492627319.0,-11585000000.0,0.0,-6840000000.0,6356000000.0,-4475000000.0,50229000000.0,-54852000000.0,-53466000000.0,-6609000000.0,-353000000.0,19687000000.0,17960000000.0,17960000000.0,0.0,0.0,0.211,54360000000.0,30799000000.0,0.0,0.156,0.882,13.168,13.403,9319000000.0,1727000000.0,23.59,2.777,2.798,59534000000.0,105467000000.0,85159000000.0,85159000000.0,0.0,0.008,0.067,0.013,0.321,842000000.0,54547000000.0,1.0,10025121972.0,10099600000,10919700000.0,8.432,2175966000000.0,0.0,7677000000.0,0.0,215.451,
18,BAC,MRT,2016-12-31,2016-12-31,2016-12-31,2021-08-02,-7288000000.0,2188067000000.0,2188872000000.0,,,0.038,25.884,0.0,355823000000.0,355823000000.0,0.0,17822000000.0,,7.22,411058000000.0,,,411058000000.0,0.0,2241000000.0,1260934000000.0,0.011,0.25,25021000000.0,27262000000.0,0.326,27262000000.0,25021000000.0,25021000000.0,1.57,1.49,1.57,266195000000.0,266530750000.0,266195000000.0,282791531053.0,11.0,10.373,17277000000.0,1.68,1.0,83701000000.0,1.0,68969000000.0,0.0,2174333000000.0,2167197000000.0,0.0,1380502000000.0,,,1921872000000.0,,,223321531053.0,-11615000000.0,0.0,-5112000000.0,-24100000000.0,-4194000000.0,33153000000.0,-62285000000.0,-62693000000.0,17277000000.0,240000000.0,17822000000.0,16140000000.0,16140000000.0,0.0,0.0,0.193,55083000000.0,28618000000.0,0.0,0.159,0.839,13.837,14.076,9139000000.0,1682000000.0,22.1,2.668,2.715,58759000000.0,101225000000.0,83701000000.0,83701000000.0,0.0,0.007,0.061,0.012,0.299,1367000000.0,55083000000.0,1.0,10105046654.0,10284100000,11046800000.0,8.139,2119098000000.0,0.0,7199000000.0,0.0,206.056,
19,BAC,MRT,2016-09-30,2016-09-30,2016-09-30,2021-08-02,-1701000000.0,2195314000000.0,2177927000000.0,,,0.038,26.349,0.0,370750000000.0,370750000000.0,0.0,16568000000.0,,7.128,430220000000.0,,,430220000000.0,0.0,2275000000.0,1232895000000.0,0.014,0.225,23977000000.0,26252000000.0,0.315,26252000000.0,23977000000.0,23977000000.0,1.44,1.38,1.44,270083000000.0,264026000000.0,270083000000.0,207933101204.0,9.0,7.921,32405000000.0,3.161,1.0,83293000000.0,1.0,75389000000.0,0.0,2179395000000.0,2161196750000.0,0.0,1386712000000.0,,,1925231000000.0,,,159705101204.0,-26992000000.0,0.0,-4581000000.0,-41377000000.0,-3881000000.0,23901000000.0,-85818000000.0,-87250000000.0,32405000000.0,2520000000.0,16568000000.0,14917000000.0,14917000000.0,0.0,0.0,0.179,55683000000.0,27610000000.0,0.0,0.156,0.591,10.706,10.868,9133000000.0,1651000000.0,15.65,1.917,1.926,54116000000.0,98303000000.0,83293000000.0,83293000000.0,0.0,0.007,0.056,0.011,0.288,981000000.0,55761000000.0,1.0,10204798799.0,10250124000,11000473000.0,8.126,2119925000000.0,0.0,7409000000.0,0.0,206.819,
20,BAC,MRT,2016-06-30,2016-06-30,2016-06-30,2021-08-02,-1328000000.0,2186609000000.0,2167350000000.0,,,0.038,25.858,0.0,392502000000.0,392502000000.0,0.0,16232000000.0,,7.187,440730000000.0,,,440730000000.0,0.0,2306000000.0,1216091000000.0,0.015,0.2,22920000000.0,25226000000.0,0.305,25226000000.0,22920000000.0,22920000000.0,1.41,1.35,1.41,267069000000.0,260481500000.0,267069000000.0,182368320715.0,8.0,7.229,57675000000.0,5.584,1.0,82650000000.0,1.0,75365000000.0,0.0,2159472000000.0,2157268250000.0,0.0,1367377000000.0,,,1919540000000.0,,,136308320715.0,7693000000.0,0.0,-3982000000.0,-55595000000.0,-3664000000.0,6103000000.0,-58076000000.0,-59374000000.0,57675000000.0,1991000000.0,16232000000.0,14643000000.0,14643000000.0,0.0,0.0,0.177,56141000000.0,26509000000.0,0.0,0.142,0.51,9.309,9.411,9150000000.0,1589000000.0,13.27,1.649,1.658,58150000000.0,93623000000.0,82650000000.0,82650000000.0,0.0,0.007,0.056,0.011,0.277,846000000.0,56193000000.0,1.0,10271915653.0,10328424000,11059167000.0,8.002,2111244000000.0,0.0,6688000000.0,0.0,204.411,
21,BAC,MRT,2016-03-31,2016-03-31,2016-03-31,2021-08-02,-2610000000.0,2185498000000.0,2157956250000.0,,,0.039,25.34,0.0,406630000000.0,406630000000.0,0.0,16583000000.0,,7.317,452690000000.0,,,452690000000.0,0.0,2347000000.0,1217261000000.0,0.015,0.2,23321000000.0,25668000000.0,0.308,25668000000.0,23321000000.0,23321000000.0,1.44,1.37,1.44,262776000000.0,256629000000.0,262776000000.0,219176531350.0,9.0,8.539,39049000000.0,3.766,1.0,83320000000.0,1.0,75970000000.0,0.0,2155588000000.0,2166519750000.0,0.0,1347802000000.0,,,1922722000000.0,,,139602531350.0,17067000000.0,0.0,-3374000000.0,-19602000000.0,-3702000000.0,39351000000.0,-63433000000.0,-64412000000.0,39049000000.0,2100000000.0,16583000000.0,15025000000.0,15025000000.0,0.0,0.0,0.18,56606000000.0,26714000000.0,0.0,0.139,0.531,9.291,9.389,9358000000.0,1558000000.0,13.52,1.675,1.683,56838000000.0,90270000000.0,83320000000.0,83320000000.0,0.0,0.007,0.059,0.011,0.28,728000000.0,56632000000.0,1.0,10325631017.0,10370094000,11100067000.0,8.035,2109528000000.0,0.0,6738000000.0,0.0,203.424,
22,BAC,MRT,2015-12-31,2015-12-31,2015-12-31,2021-08-02,-5358000000.0,2144287000000.0,2147468000000.0,,,0.039,24.486,0.0,359579000000.0,359579000000.0,0.0,15910000000.0,,7.37,439153000000.0,,,439153000000.0,0.0,2389000000.0,1197259000000.0,0.012,0.2,22187000000.0,24576000000.0,0.296,24576000000.0,22187000000.0,22187000000.0,1.38,1.31,1.38,256176000000.0,253482000000.0,256176000000.0,262694032863.0,12.0,10.689,28397000000.0,2.714,1.0,82965000000.0,1.0,73529000000.0,0.0,2150332000000.0,2168673000000.0,0.0,1352167000000.0,,,1888111000000.0,,,175242032863.0,20764000000.0,0.0,-2374000000.0,-26755000000.0,-3574000000.0,48535000000.0,-55571000000.0,-55865000000.0,28397000000.0,-597000000.0,15910000000.0,14427000000.0,14427000000.0,0.0,0.0,0.174,57617000000.0,25348000000.0,0.0,0.145,0.684,12.147,12.196,9485000000.0,1483000000.0,16.83,2.112,2.122,58312000000.0,88219000000.0,82965000000.0,82965000000.0,0.0,0.007,0.057,0.01,0.267,-89000000.0,57617000000.0,1.0,10412479671.0,10462282000,11236230000.0,7.93,2070758000000.0,0.0,6277000000.0,0.0,197.926,
23,BAC,MRT,2015-09-30,2015-09-30,2015-09-30,2021-08-02,-3694000000.0,2153006000000.0,2137529750000.0,,,0.039,24.502,684000000.0,383592000000.0,383592000000.0,0.0,16587000000.0,,7.413,471044000000.0,,,471044000000.0,0.0,2448000000.0,1162009000000.0,0.013,0.2,23205000000.0,25653000000.0,0.305,25653000000.0,23205000000.0,23205000000.0,1.45,1.38,1.45,255905000000.0,250305750000.0,255905000000.0,288027933530.0,12.0,11.228,23741000000.0,2.273,1.0,84234000000.0,1.0,76777000000.0,0.0,2163681000000.0,2172160250000.0,0.0,1330751000000.0,,,1897101000000.0,,,163099933530.0,41767000000.0,0.0,-1575000000.0,-22541000000.0,-3561000000.0,26690000000.0,-5675000000.0,-2817000000.0,23057000000.0,-2305000000.0,16587000000.0,15122000000.0,15122000000.0,0.0,0.0,0.18,58459000000.0,25775000000.0,0.0,0.138,0.637,10.786,10.745,9554000000.0,1465000000.0,15.58,1.936,1.932,63443000000.0,85485000000.0,84234000000.0,84234000000.0,0.0,0.007,0.06,0.011,0.275,95000000.0,57599000000.0,1.0,10468545156.0,10444291000,11197203000.0,8.065,2076229000000.0,0.0,6618000000.0,0.0,198.791,
24,BAC,MRT,2015-06-30,2015-06-30,2015-06-30,2021-08-02,-5190000000.0,2149034000000.0,2130181500000.0,,,0.04,23.995,451000000.0,371413000000.0,371413000000.0,0.0,11736000000.0,,7.539,496341000000.0,,,496341000000.0,0.0,2478000000.0,1149560000000.0,0.012,0.2,17389000000.0,19867000000.0,0.235,19867000000.0,17389000000.0,17389000000.0,1.01,0.96,1.01,251659000000.0,245999750000.0,251659000000.0,276962745710.0,16.0,13.941,658000000.0,0.063,1.0,84451000000.0,1.0,77484000000.0,0.0,2196478000000.0,2177796000000.0,0.0,1323651000000.0,,,1897375000000.0,,,178745745710.0,10615000000.0,0.0,-775000000.0,-12050000000.0,-3365000000.0,6445000000.0,7564000000.0,10046000000.0,207000000.0,-3601000000.0,11736000000.0,10474000000.0,10474000000.0,0.0,0.0,0.124,64662000000.0,19789000000.0,0.0,0.198,0.71,17.066,16.851,9700000000.0,1262000000.0,17.02,2.117,2.114,64505000000.0,81938000000.0,84451000000.0,84451000000.0,0.0,0.005,0.043,0.008,0.206,105000000.0,63775000000.0,1.0,10502100218.0,10488137000,11238060000.0,8.052,2071550000000.0,0.0,5653000000.0,0.0,197.514,
25,BAC,MRT,2015-03-31,2015-03-31,2015-03-31,2021-08-02,-2967000000.0,2143545000000.0,2135562250000.0,,,0.039,23.785,266000000.0,376669000000.0,376669000000.0,0.0,8893000000.0,,7.568,474886000000.0,,,474886000000.0,0.0,2501000000.0,1153168000000.0,0.01,0.16,12966000000.0,15467000000.0,0.184,15467000000.0,12966000000.0,12966000000.0,0.74,0.72,0.74,250188000000.0,242437750000.0,250188000000.0,299562133498.0,23.0,19.368,8583000000.0,0.816,1.0,84242000000.0,1.0,77561000000.0,0.0,2164201000000.0,2183941250000.0,0.0,1319332000000.0,,,1893357000000.0,,,161896133498.0,10898000000.0,0.0,-233000000.0,-26079000000.0,-2808000000.0,-706000000.0,7643000000.0,10077000000.0,8317000000.0,-4356000000.0,8893000000.0,7705000000.0,7705000000.0,0.0,0.0,0.091,69245000000.0,14997000000.0,0.0,0.216,0.647,21.012,20.797,9833000000.0,1188000000.0,15.39,1.922,1.922,63716000000.0,77472000000.0,84242000000.0,84242000000.0,0.0,0.004,0.032,0.006,0.154,92000000.0,68335000000.0,1.0,10519566829.0,10518790000,11266511000.0,8.009,2065984000000.0,0.0,4073000000.0,0.0,196.409,
26,BAC,MRT,2014-12-31,2014-12-31,2014-12-31,2021-08-02,-4320000000.0,2104534000000.0,2137138750000.0,,,0.04,23.126,0.0,337922000000.0,337922000000.0,0.0,5520000000.0,,7.644,475588000000.0,,,475588000000.0,0.0,2522000000.0,1118936000000.0,0.007,0.12,7963000000.0,10485000000.0,0.122,10485000000.0,7963000000.0,7963000000.0,0.43,0.42,0.43,243471000000.0,237862750000.0,243471000000.0,329626298837.0,41.0,31.438,30795000000.0,2.925,1.0,85894000000.0,1.0,77919000000.0,0.0,2164281000000.0,2192759000000.0,0.0,1312951000000.0,,,1861063000000.0,,,188139298837.0,7267000000.0,0.0,-1675000000.0,-13832000000.0,-2306000000.0,-12201000000.0,-8260000000.0,-5756000000.0,30795000000.0,-3067000000.0,5520000000.0,4476000000.0,4476000000.0,0.0,0.0,0.052,75656000000.0,10238000000.0,0.0,0.279,0.773,42.033,41.605,10049000000.0,1044000000.0,17.89,2.19,2.193,61845000000.0,75024000000.0,85894000000.0,85894000000.0,0.0,0.002,0.019,0.004,0.093,78000000.0,74720000000.0,1.0,10516450466.0,10527818000,10584535000.0,8.159,2026615000000.0,0.0,2443000000.0,0.0,192.501,
27,BAC,MRT,2014-09-30,2014-09-30,2014-09-30,2021-08-02,-5515000000.0,2123613000000.0,2136573500000.0,,,0.041,22.697,-331000000.0,359828000000.0,359828000000.0,0.0,5222000000.0,,7.897,501315000000.0,,,501315000000.0,0.0,2542000000.0,1111981000000.0,0.005,0.08,6390000000.0,8932000000.0,0.103,8932000000.0,6390000000.0,6390000000.0,0.4,0.38,0.4,238681000000.0,235166250000.0,238681000000.0,309074457313.0,48.0,34.603,42110000000.0,4.004,1.0,87010000000.0,1.0,78876000000.0,0.0,2186224000000.0,2197286750000.0,0.0,1301335000000.0,,,1884932000000.0,,,179295457313.0,7426000000.0,0.0,-3026000000.0,-17496000000.0,-1830000000.0,-15938000000.0,-17590000000.0,-16569000000.0,42441000000.0,-1487000000.0,5222000000.0,4234000000.0,4234000000.0,0.0,0.0,0.049,78228000000.0,8782000000.0,0.0,0.2,0.751,42.347,42.625,9987000000.0,988000000.0,17.05,2.061,2.061,67092000000.0,72811000000.0,87010000000.0,87010000000.0,0.0,0.002,0.018,0.003,0.073,0.0,77254000000.0,1.0,10515862599.0,10515790000,10515790000.0,8.274,2044737000000.0,0.0,1168000000.0,0.0,194.444,
28,BAC,MRT,2014-06-30,2014-06-30,2014-06-30,2021-08-02,-4711000000.0,2170557000000.0,2137333500000.0,,,0.041,22.569,-353000000.0,390994000000.0,390994000000.0,0.0,7951000000.0,,8.143,520773000000.0,,,520773000000.0,0.0,2575000000.0,1134329000000.0,0.003,0.04,10804000000.0,13379000000.0,0.153,13379000000.0,10804000000.0,10804000000.0,0.65,0.62,0.65,237411000000.0,233566500000.0,237411000000.0,291190689927.0,27.0,21.765,47369000000.0,4.503,1.0,87331000000.0,1.0,79277000000.0,0.0,2221059000000.0,2205864750000.0,0.0,1306063000000.0,,,1933146000000.0,,,161625689927.0,54071000000.0,0.0,-3892000000.0,-26403000000.0,-1427000000.0,22387000000.0,-16459000000.0,-15502000000.0,47722000000.0,421000000.0,7951000000.0,6922000000.0,6922000000.0,0.0,0.0,0.079,74475000000.0,12856000000.0,0.0,0.062,0.681,23.35,23.646,10145000000.0,1029000000.0,15.37,1.851,1.851,65475000000.0,73808000000.0,87331000000.0,87331000000.0,0.0,0.003,0.03,0.005,0.124,0.0,73465000000.0,1.0,10515659722.0,10519359000,11265123000.0,8.302,2091280000000.0,0.0,2853000000.0,0.0,198.803,
29,BAC,MRT,2014-03-31,2014-03-31,2014-03-31,2021-08-02,-7037000000.0,2149851000000.0,2125524250000.0,,,0.042,21.958,-321000000.0,379737000000.0,379737000000.0,0.0,9672000000.0,,8.271,509302000000.0,,,509302000000.0,0.0,2625000000.0,1133650000000.0,0.002,0.04,13507000000.0,16132000000.0,0.183,16132000000.0,13507000000.0,13507000000.0,0.79,0.75,0.79,231888000000.0,231971750000.0,231888000000.0,342360926936.0,25.0,21.222,88751000000.0,8.404,1.0,88311000000.0,1.0,79944000000.0,0.0,2199472000000.0,2212373500000.0,0.0,1297914000000.0,,,1917963000000.0,,,181771926936.0,50665000000.0,0.0,-4662000000.0,-58681000000.0,-1539000000.0,-31873000000.0,-6027000000.0,-5123000000.0,89072000000.0,-507000000.0,9672000000.0,8458000000.0,8458000000.0,0.0,0.0,0.096,71952000000.0,16359000000.0,0.0,0.051,0.784,21.491,21.772,10351000000.0,1214000000.0,17.2,2.058,2.057,64135000000.0,71877000000.0,88311000000.0,88311000000.0,0.0,0.004,0.036,0.006,0.153,0.0,70903000000.0,1.0,10568135287.0,10560518000,10560518000.0,8.362,2069907000000.0,0.0,3835000000.0,0.0,196.004,
30,BAC,MRT,2013-12-31,2013-12-31,2013-12-31,2021-08-02,-8457000000.0,2102273000000.0,2131766250000.0,,,0.042,21.683,0.0,333190000000.0,333190000000.0,0.0,11431000000.0,,8.035,493779000000.0,,,493779000000.0,0.0,2683000000.0,1119271000000.0,0.003,0.04,16172000000.0,18855000000.0,0.212,18855000000.0,16172000000.0,16172000000.0,0.94,0.9,0.94,232685000000.0,233323000000.0,232685000000.0,340756705493.0,21.0,18.072,92817000000.0,8.649,1.0,88942000000.0,1.0,80470000000.0,0.0,2182392000000.0,2244557750000.0,0.0,1293607000000.0,,,1869588000000.0,,,166071705493.0,20570000000.0,0.0,-3220000000.0,-99088000000.0,-1677000000.0,-95442000000.0,25058000000.0,25546000000.0,92817000000.0,-1863000000.0,11431000000.0,10082000000.0,10082000000.0,0.0,0.0,0.113,69214000000.0,19728000000.0,0.0,0.043,0.714,16.472,16.564,10475000000.0,1349000000.0,15.57,1.867,1.879,59448000000.0,72497000000.0,88942000000.0,88942000000.0,0.0,0.005,0.043,0.007,0.182,0.0,68128000000.0,1.0,10666133943.0,10731165000,11491418000.0,8.288,2021803000000.0,0.0,4741000000.0,0.0,188.405,
31,BAC,MRT,2013-09-30,2013-09-30,2013-09-30,2021-08-02,-6823000000.0,2126653000000.0,2158691500000.0,,,0.04,21.67,-202000000.0,347689000000.0,347689000000.0,0.0,8724000000.0,,8.155,522374000000.0,,,522374000000.0,0.0,2757000000.0,1110118000000.0,0.003,0.04,10423000000.0,13180000000.0,0.153,13180000000.0,10423000000.0,10423000000.0,0.68,0.65,0.68,232282000000.0,234390750000.0,232282000000.0,353902158810.0,34.0,26.851,54478000000.0,5.082,1.0,86114000000.0,1.0,80802000000.0,0.0,2220536000000.0,2293376750000.0,0.0,1304120000000.0,,,1894371000000.0,,,148255158810.0,14818000000.0,0.0,-1869000000.0,-66788000000.0,-1788000000.0,-28996000000.0,-8034000000.0,-8387000000.0,54680000000.0,-2832000000.0,8724000000.0,7266000000.0,7266000000.0,0.0,0.0,0.084,70267000000.0,15847000000.0,0.0,0.059,0.638,20.404,20.294,10703000000.0,1458000000.0,13.8,1.722,1.718,60065000000.0,69419000000.0,86114000000.0,86114000000.0,0.0,0.003,0.031,0.005,0.121,0.0,69138000000.0,1.0,10743127450.0,10718918000,11482226000.0,8.034,2045851000000.0,0.0,1699000000.0,0.0,190.864,
32,BAC,MRT,2013-06-30,2013-06-30,2013-06-30,2021-08-02,-7709000000.0,2123320000000.0,2168568750000.0,,,0.039,21.44,-167000000.0,335912000000.0,335912000000.0,0.0,6567000000.0,,8.191,541559000000.0,,,541559000000.0,0.0,2851000000.0,1080783000000.0,0.003,0.04,6688000000.0,9539000000.0,0.112,9539000000.0,6688000000.0,6688000000.0,0.47,0.45,0.47,231032000000.0,235971750000.0,231032000000.0,374230651885.0,56.0,39.232,55103000000.0,5.114,1.0,85012000000.0,1.0,81873000000.0,0.0,2247094000000.0,2319052750000.0,0.0,1308059000000.0,,,1892288000000.0,,,138635651885.0,-24889000000.0,0.0,-1003000000.0,-80796000000.0,-1897000000.0,-42483000000.0,-35115000000.0,-36172000000.0,55270000000.0,-2561000000.0,6567000000.0,5015000000.0,5015000000.0,0.0,0.0,0.059,71422000000.0,13590000000.0,0.0,0.085,0.6,27.644,27.362,10836000000.0,1552000000.0,12.86,1.631,1.63,67526000000.0,67308000000.0,85012000000.0,85012000000.0,0.0,0.002,0.021,0.003,0.079,0.0,70248000000.0,1.0,10780377285.0,10775867000,11524510000.0,7.889,2041447000000.0,0.0,121000000.0,0.0,189.446,
33,BAC,MRT,2013-03-31,2013-03-31,2013-03-31,2021-08-02,-3488000000.0,2174819000000.0,2177952250000.0,,,0.039,21.974,-5000000.0,334343000000.0,334343000000.0,0.0,5018000000.0,,8.165,569938000000.0,,,569938000000.0,0.0,2938000000.0,1095183000000.0,0.003,0.04,4337000000.0,7275000000.0,0.086,7275000000.0,4337000000.0,4337000000.0,0.33,0.32,0.33,237293000000.0,237207500000.0,237293000000.0,381995948818.0,88.0,52.508,26010000000.0,2.409,1.0,84253000000.0,1.0,82205000000.0,0.0,2328209000000.0,2340344500000.0,0.0,1315385000000.0,,,1937526000000.0,,,131790948818.0,-27812000000.0,0.0,0.0,-81454000000.0,-1908000000.0,-29275000000.0,-21903000000.0,-23963000000.0,26015000000.0,-2649000000.0,5018000000.0,3542000000.0,3542000000.0,0.0,0.0,0.042,72452000000.0,11801000000.0,0.0,0.121,0.555,37.208,36.909,11085000000.0,1476000000.0,12.18,1.564,1.561,70981000000.0,63844000000.0,84253000000.0,84253000000.0,0.0,0.002,0.015,0.002,0.051,0.0,71231000000.0,1.0,10820274944.0,10798975000,11154778000.0,7.802,2092614000000.0,0.0,-681000000.0,0.0,193.779,
34,BAC,MRT,2012-12-31,2012-12-31,2012-12-31,2021-08-02,-2797000000.0,2209974000000.0,2179609750000.0,,,0.038,22.051,5000000.0,349370000000.0,349370000000.0,0.0,4188000000.0,,8.327,599575000000.0,,,599575000000.0,0.0,3038000000.0,1105261000000.0,0.003,0.04,3072000000.0,6110000000.0,0.073,6110000000.0,3072000000.0,3072000000.0,0.26,0.25,0.26,236956000000.0,236009000000.0,236956000000.0,364459487496.0,119.0,59.65,-16051000000.0,-1.494,1.0,83334000000.0,1.0,82511000000.0,0.0,2377668000000.0,2351706250000.0,0.0,1316881000000.0,,,1973018000000.0,,,125133487496.0,-9350000000.0,0.0,0.0,-28811000000.0,-1909000000.0,42416000000.0,-34979000000.0,-37463000000.0,-16056000000.0,-731000000.0,4188000000.0,2760000000.0,2760000000.0,0.0,0.0,0.033,72093000000.0,11241000000.0,0.0,0.154,0.528,45.338,44.654,11858000000.0,1428000000.0,11.61,1.502,1.497,71467000000.0,62843000000.0,83334000000.0,83334000000.0,0.0,0.001,0.012,0.001,0.037,0.0,70829000000.0,1.0,10778078165.0,10746028000,10840854000.0,7.755,2127463000000.0,0.0,-1116000000.0,0.0,197.977,
35,BAC,MRT,2012-09-30,2012-09-30,2012-09-30,2021-08-02,-811000000.0,2166162000000.0,2159377750000.0,,,0.041,22.142,-711000000.0,356399000000.0,356399000000.0,0.0,5447000000.0,,8.078,595725000000.0,,,595725000000.0,0.0,3147000000.0,1063307000000.0,0.005,0.04,7408000000.0,10555000000.0,0.118,10555000000.0,7408000000.0,7408000000.0,0.38,0.38,0.38,238606000000.0,234295250000.0,238606000000.0,349758471290.0,47.0,33.137,33979000000.0,3.153,1.0,89562000000.0,1.0,82248000000.0,0.0,2323240000000.0,2334560750000.0,0.0,1286950000000.0,,,1927556000000.0,,,95160471290.0,23550000000.0,0.0,0.0,-86551000000.0,-1912000000.0,-65691000000.0,54392000000.0,52117000000.0,34690000000.0,159000000.0,5447000000.0,3977000000.0,3977000000.0,0.0,0.0,0.044,73255000000.0,16307000000.0,0.0,0.105,0.399,23.928,23.237,12436000000.0,1470000000.0,8.83,1.063,1.062,66341000000.0,62583000000.0,89562000000.0,89562000000.0,0.0,0.002,0.017,0.003,0.083,0.0,71253000000.0,1.0,10776950316.0,10776173000,10776173000.0,8.311,2083914000000.0,0.0,1961000000.0,0.0,193.382,
36,BAC,MRT,2012-06-30,2012-06-30,2012-06-30,2021-08-02,-3500000000.0,2160854000000.0,2172744250000.0,,,0.045,21.899,-744000000.0,372183000000.0,372183000000.0,0.0,11339000000.0,,8.157,626781000000.0,,,626781000000.0,0.0,3266000000.0,1035225000000.0,0.005,0.04,13731000000.0,16997000000.0,0.174,16997000000.0,13731000000.0,13731000000.0,0.96,0.94,0.96,235975000000.0,232206750000.0,235975000000.0,365755330940.0,27.0,21.519,13771000000.0,1.278,1.0,97587000000.0,1.0,83191000000.0,0.0,2332261000000.0,2369188750000.0,0.0,1270472000000.0,,,1924879000000.0,,,88153330940.0,4190000000.0,0.0,0.0,-75619000000.0,-1886000000.0,-74949000000.0,65677000000.0,64111000000.0,14515000000.0,-1053000000.0,11339000000.0,9899000000.0,9899000000.0,0.0,0.0,0.101,73324000000.0,24263000000.0,0.0,0.042,0.374,8.905,8.521,12653000000.0,1440000000.0,8.18,0.903,0.903,71458000000.0,62712000000.0,97587000000.0,97587000000.0,0.0,0.005,0.043,0.006,0.141,0.0,71084000000.0,1.0,10776690824.0,10775695000,11556011000.0,9.056,2077663000000.0,0.0,2392000000.0,0.0,192.81,
37,BAC,MRT,2012-03-31,2012-03-31,2012-03-31,2021-08-02,-4996000000.0,2181449000000.0,2197860500000.0,,,0.04,21.828,-890000000.0,375055000000.0,375055000000.0,0.0,50000000.0,,8.383,652657000000.0,,,652657000000.0,0.0,3380000000.0,1041311000000.0,0.004,0.04,-2291000000.0,1089000000.0,0.012,1089000000.0,-2291000000.0,-2291000000.0,-0.13,-0.15,-0.13,232499000000.0,228757000000.0,232499000000.0,368246957955.0,-161.0,338.151,48531000000.0,4.556,1.0,88855000000.0,1.0,85395000000.0,0.0,2373656000000.0,2413683500000.0,0.0,1273352000000.0,,,1948950000000.0,,,102708957955.0,31250000000.0,0.0,0.0,-98122000000.0,-1806000000.0,-73072000000.0,54991000000.0,54288000000.0,49421000000.0,-90000000.0,50000000.0,-1326000000.0,-1326000000.0,0.0,0.0,-0.015,79132000000.0,9723000000.0,0.0,-0.308,0.442,-77.458,-73.615,13104000000.0,1376000000.0,9.57,1.156,1.147,74358000000.0,60734000000.0,88855000000.0,88855000000.0,0.0,-0.001,-0.006,-0.001,-0.026,0.0,74069000000.0,1.0,10732388501.0,10651367000,10761917000.0,8.342,2096054000000.0,0.0,-2341000000.0,0.0,196.787,
38,BAC,MRT,2011-12-31,2011-12-31,2011-12-31,2021-08-02,-5437000000.0,2129046000000.0,2221131250000.0,,,0.042,22.687,-1307000000.0,357289000000.0,357289000000.0,0.0,1446000000.0,,8.253,622827000000.0,,,622827000000.0,0.0,3485000000.0,1033041000000.0,0.007,0.04,-230000000.0,3255000000.0,0.035,3255000000.0,-230000000.0,-230000000.0,0.01,0.01,0.01,230101000000.0,228351250000.0,230101000000.0,386112447286.0,-1679.0,118.621,63141000000.0,6.225,1.0,93454000000.0,1.0,85498000000.0,0.0,2309086000000.0,2463649250000.0,0.0,1290618000000.0,,,1898945000000.0,,,56355447286.0,11675000000.0,0.0,0.0,-130572000000.0,-1738000000.0,-104654000000.0,52429000000.0,52099000000.0,64448000000.0,-548000000.0,1446000000.0,85000000.0,85000000.0,0.0,0.0,0.001,80274000000.0,13180000000.0,0.0,4.0,0.245,663.005,556.0,13637000000.0,1361000000.0,5.56,0.603,0.603,66999000000.0,60520000000.0,93454000000.0,93454000000.0,0.0,0.0,0.0,0.0,-0.002,0.0,74943000000.0,1.0,10135871814.0,10142625000,10254824000.0,9.214,2043548000000.0,0.0,-1676000000.0,0.0,201.481,
39,BAC,MRT,2011-09-30,2011-09-30,2011-09-30,2021-08-02,-2071000000.0,2219628000000.0,2255097000000.0,,,0.04,22.761,-1258000000.0,351193000000.0,351193000000.0,0.0,-1789000000.0,,8.64,680950000000.0,,,680950000000.0,0.0,3590000000.0,1041353000000.0,0.007,0.04,-6257000000.0,-2667000000.0,-0.029,-2667000000.0,-6257000000.0,-6257000000.0,-0.31,-0.33,-0.31,230252000000.0,227888000000.0,230252000000.0,403834887493.0,-65.0,-151.419,43745000000.0,4.324,1.0,90964000000.0,1.0,87633000000.0,0.0,2461752000000.0,2530183750000.0,0.0,1350303000000.0,,,1989376000000.0,,,62021887493.0,-48251000000.0,0.0,0.0,-165529000000.0,-1686000000.0,-98085000000.0,5010000000.0,6857000000.0,45003000000.0,-179000000.0,-1789000000.0,-3064000000.0,-3064000000.0,0.0,0.0,-0.034,81616000000.0,9348000000.0,0.0,-0.129,0.269,-20.242,-19.742,13552000000.0,1275000000.0,6.12,0.682,0.681,89302000000.0,59043000000.0,90964000000.0,90964000000.0,0.0,-0.001,-0.013,-0.002,-0.069,0.0,74542000000.0,1.0,10134295342.0,10116284000,10464395000.0,8.992,2131995000000.0,0.0,-4468000000.0,0.0,210.749,
40,BAC,MRT,2011-06-30,2011-06-30,2011-06-30,2021-08-02,793000000.0,2261319000000.0,2285105000000.0,,,0.039,22.009,-1327000000.0,374999000000.0,374999000000.0,0.0,-15320000000.0,,9.178,716812000000.0,,,716812000000.0,0.0,3683000000.0,1038408000000.0,0.004,0.04,-19602000000.0,-15919000000.0,-0.178,-15919000000.0,-19602000000.0,-19602000000.0,-1.66,-1.66,-1.66,222176000000.0,227948750000.0,222176000000.0,509033276551.0,-26.0,-31.976,93066000000.0,9.219,1.0,89211000000.0,1.0,92892000000.0,0.0,2510240000000.0,2579625000000.0,0.0,1321687000000.0,,,2039143000000.0,,,111057276551.0,-31507000000.0,0.0,0.0,-180852000000.0,-1690000000.0,-100738000000.0,-25678000000.0,-18588000000.0,94393000000.0,516000000.0,-15320000000.0,-16600000000.0,-16600000000.0,0.0,0.0,-0.186,91219000000.0,-2008000000.0,0.0,-0.024,0.5,-6.69,-6.602,13793000000.0,1280000000.0,10.96,1.245,1.24,86550000000.0,53254000000.0,89211000000.0,89211000000.0,0.0,-0.007,-0.073,-0.008,-0.22,0.0,73451000000.0,1.0,10132963189.0,10094928000,10094928000.0,8.837,2168427000000.0,0.0,-4282000000.0,0.0,214.804,
41,BAC,MRT,2011-03-31,2011-03-31,2011-03-31,2021-08-02,463000000.0,2274532000000.0,2310744750000.0,,,0.045,22.914,-1126000000.0,355305000000.0,355305000000.0,0.0,-3371000000.0,,8.852,753281000000.0,,,753281000000.0,0.0,3792000000.0,1020175000000.0,0.003,0.04,-2932000000.0,860000000.0,0.008,860000000.0,-2932000000.0,-2932000000.0,-0.48,-0.49,-0.48,230876000000.0,230698250000.0,230876000000.0,544190993084.0,-186.0,632.78,56963000000.0,5.653,1.0,105128000000.0,1.0,98989000000.0,0.0,2573519000000.0,2627933250000.0,0.0,1313695000000.0,,,2043656000000.0,,,134914993084.0,-47252000000.0,0.0,0.0,-115731000000.0,-1727000000.0,-55543000000.0,-50122000000.0,-47668000000.0,58089000000.0,324000000.0,-3371000000.0,-4690000000.0,-4690000000.0,0.0,0.0,-0.045,85616000000.0,19512000000.0,0.0,-0.083,0.584,-28.767,-27.771,14151000000.0,1319000000.0,13.33,1.283,1.278,97318000000.0,62483000000.0,105128000000.0,105128000000.0,0.0,-0.002,-0.02,-0.001,-0.028,0.0,70045000000.0,1.0,10121154770.0,10075875000,10181351000.0,10.434,2175543000000.0,0.0,439000000.0,0.0,215.916,
42,BAC,MRT,2010-12-31,2010-12-31,2010-12-31,2021-08-02,-66000000.0,2264909000000.0,2326786750000.0,,,0.047,23.313,-987000000.0,344476000000.0,344476000000.0,0.0,-2238000000.0,,8.923,753752000000.0,,,753752000000.0,0.0,3912000000.0,1010430000000.0,0.003,0.04,-1323000000.0,2589000000.0,0.023,2589000000.0,-1323000000.0,-1323000000.0,-0.37,-0.37,-0.37,228248000000.0,230435000000.0,228248000000.0,552936863621.0,-418.0,213.572,81554000000.0,8.33,1.0,110220000000.0,1.0,98961000000.0,0.0,2575224000000.0,2666371750000.0,0.0,1344667000000.0,,,2036661000000.0,,,134535863621.0,-12912000000.0,2807000000.0,0.0,-100228000000.0,-1762000000.0,-65334000000.0,-30347000000.0,-33818000000.0,82541000000.0,228000000.0,-2238000000.0,-3595000000.0,-3595000000.0,0.0,0.0,-0.033,83108000000.0,27112000000.0,0.0,-0.108,0.589,-37.423,-36.054,14306000000.0,1357000000.0,13.34,1.221,1.185,85704000000.0,60849000000.0,110220000000.0,110220000000.0,0.0,-0.002,-0.016,0.0,-0.012,0.0,67157000000.0,1.0,10085147198.0,9790472000,9790472000.0,11.258,2165948000000.0,0.0,915000000.0,0.0,221.23,
43,BAC,MRT,2010-09-30,2010-09-30,2010-09-30,2021-08-02,336000000.0,2339660000000.0,2318117500000.0,,,0.049,23.104,-1179000000.0,421880000000.0,421880000000.0,0.0,-1188000000.0,,9.151,840281000000.0,,,840281000000.0,0.0,3975000000.0,977322000000.0,0.003,0.04,853000000.0,4828000000.0,0.043,4828000000.0,853000000.0,853000000.0,-0.89,-0.9,-0.89,230495000000.0,231234000000.0,230495000000.0,582701452200.0,683.0,120.692,108258000000.0,10.851,1.0,112898000000.0,1.0,98544000000.0,0.0,2659517000000.0,2657534250000.0,0.0,1331151000000.0,,,2109165000000.0,,,131468452200.0,-21296000000.0,2807000000.0,0.0,-16063000000.0,-2669000000.0,-24287000000.0,-106855000000.0,-111591000000.0,109437000000.0,409000000.0,-1188000000.0,-7226000000.0,-7226000000.0,0.0,0.0,-0.064,78629000000.0,34269000000.0,0.0,-0.045,0.57,-18.194,-14.722,14320000000.0,6038000000.0,13.102,1.164,1.158,78599000000.0,62515000000.0,112898000000.0,112898000000.0,0.0,-0.003,-0.031,0.0,0.008,0.0,64503000000.0,1.0,10033844854.0,9976351000,9976351000.0,11.317,2241116000000.0,0.0,2041000000.0,0.0,224.643,
44,BAC,MRT,2010-06-30,2010-06-30,2010-06-30,2021-08-02,-4447000000.0,2363878000000.0,2295963250000.0,,,0.049,23.419,-1149000000.0,419419000000.0,419419000000.0,0.0,5110000000.0,,9.138,870652000000.0,,,870652000000.0,0.0,4107000000.0,974467000000.0,0.003,0.04,4789000000.0,8896000000.0,0.079,8896000000.0,4789000000.0,4789000000.0,-0.38,-0.39,-0.38,233174000000.0,238031000000.0,233174000000.0,649745429235.0,136.0,73.038,93162000000.0,9.357,1.0,112233000000.0,1.0,111638000000.0,0.0,2703473000000.0,2627517500000.0,0.0,1347499000000.0,,,2130704000000.0,,,144173429235.0,10668000000.0,2807000000.0,0.0,-22549000000.0,-3368000000.0,-47959000000.0,-36062000000.0,-47153000000.0,94311000000.0,378000000.0,5110000000.0,-1820000000.0,-1820000000.0,0.0,0.0,-0.016,67719000000.0,44514000000.0,0.0,-0.105,0.618,-79.216,-37.816,14536000000.0,6930000000.0,14.37,1.285,1.275,86466000000.0,70497000000.0,112233000000.0,112233000000.0,0.0,-0.001,-0.008,0.002,0.043,0.0,63736000000.0,1.0,10032945667.0,9956773000,10029776000.0,11.272,2252240000000.0,0.0,-321000000.0,0.0,226.202,
45,BAC,MRT,2010-03-31,2010-03-31,2010-03-31,2021-08-02,-4929000000.0,2338700000000.0,2268592250000.0,,,0.051,25.042,-1922000000.0,362088000000.0,362088000000.0,0.0,5211000000.0,,9.176,867660000000.0,,,867660000000.0,0.0,4228000000.0,976102000000.0,0.002,0.04,3373000000.0,7601000000.0,0.066,7601000000.0,3373000000.0,3373000000.0,-0.33,-0.33,-0.33,229823000000.0,243525500000.0,229823000000.0,606827297336.0,180.0,79.835,96888000000.0,10.557,1.0,115854000000.0,1.0,116999000000.0,0.0,2727273000000.0,2599736000000.0,0.0,1358530000000.0,,,2108877000000.0,,,179071297336.0,-28666000000.0,2807000000.0,13468000000.0,-121147000000.0,-4216000000.0,-115076000000.0,-12879000000.0,-25528000000.0,98810000000.0,479000000.0,5211000000.0,-2184000000.0,-2184000000.0,0.0,0.0,-0.019,67486000000.0,48368000000.0,0.0,-0.121,0.779,-81.992,-54.091,15147000000.0,7395000000.0,17.85,1.546,1.414,83636000000.0,67811000000.0,115854000000.0,115854000000.0,0.0,-0.001,-0.009,0.001,0.029,0.0,63105000000.0,1.0,10032005453.0,9177468000,10005254000.0,12.624,2221701000000.0,0.0,-1838000000.0,0.0,242.082,
46,BAC,MRT,2009-12-31,2009-12-31,2009-12-31,2021-08-02,-5619000000.0,2230232000000.0,2264408000000.0,,,0.053,29.947,-2240000000.0,335474000000.0,335474000000.0,0.0,6276000000.0,,8.636,763230000000.0,,,763230000000.0,0.0,4314000000.0,991611000000.0,0.003,0.04,4360000000.0,8674000000.0,0.072,8674000000.0,4360000000.0,4360000000.0,-0.29,-0.29,-0.29,231444000000.0,245957000000.0,231444000000.0,535261443130.0,123.0,61.709,127491000000.0,16.496,1.0,119643000000.0,1.0,118114000000.0,0.0,2539874000000.0,2600315000000.0,0.0,1305865000000.0,,,1998788000000.0,,,130280443130.0,88482000000.0,31804000000.0,13468000000.0,-222882000000.0,-4863000000.0,-199568000000.0,157925000000.0,117115000000.0,129731000000.0,394000000.0,6276000000.0,-2204000000.0,-2204000000.0,0.0,0.0,-0.018,66713000000.0,52930000000.0,0.0,-0.138,0.563,-59.111,-51.931,15500000000.0,8480000000.0,15.06,1.089,0.973,81996000000.0,71233000000.0,119643000000.0,119643000000.0,0.0,-0.001,-0.009,0.002,0.036,0.0,62014000000.0,1.0,8650759836.0,7728570000,7728570000.0,15.481,2112118000000.0,0.0,-1916000000.0,0.0,273.287,
47,BAC,MRT,2009-09-30,2009-09-30,2009-09-30,2021-08-02,-6705000000.0,2251043000000.0,2161335750000.0,,,0.051,29.846,-2104000000.0,363165000000.0,363165000000.0,0.0,4681000000.0,,7.736,768146000000.0,,,768146000000.0,0.0,4189000000.0,974899000000.0,0.021,0.35,1977000000.0,6166000000.0,0.056,6166000000.0,1977000000.0,1977000000.0,-0.04,-0.04,-0.04,257683000000.0,232359000000.0,257683000000.0,602685983779.0,305.0,97.743,68331000000.0,7.914,1.0,110247000000.0,1.0,116574000000.0,0.0,2539450000000.0,2520961250000.0,0.0,1270158000000.0,,,1993360000000.0,,,146384983779.0,113071000000.0,31804000000.0,23366000000.0,-215421000000.0,-5566000000.0,-149880000000.0,192347000000.0,160773000000.0,70435000000.0,169000000.0,4681000000.0,600000000.0,600000000.0,0.0,0.0,0.005,61275000000.0,48972000000.0,0.0,-8.75,0.568,243.975,-423.0,15373000000.0,4081000000.0,16.92,1.328,1.325,0.0,76881000000.0,110247000000.0,110247000000.0,0.0,0.0,0.003,0.001,0.018,0.0,56758000000.0,1.0,8651594786.0,8633834000,8633834000.0,12.769,2134469000000.0,0.0,-2704000000.0,0.0,247.221,
48,BAC,MRT,2009-06-30,2009-06-30,2009-06-30,2021-08-02,-11227000000.0,2254394000000.0,2056369250000.0,,,0.05,35.235,-2229000000.0,350761000000.0,350761000000.0,0.0,6859000000.0,,7.835,807062000000.0,,,807062000000.0,0.0,3955000000.0,970742000000.0,0.074,0.98,5464000000.0,9419000000.0,0.091,9419000000.0,5464000000.0,5464000000.0,0.37,0.37,0.37,255152000000.0,208198000000.0,255152000000.0,607183157232.0,111.0,64.464,65378000000.0,9.028,1.0,103833000000.0,1.0,118348000000.0,0.0,2592347000000.0,2438670250000.0,0.0,1328402000000.0,,,1999242000000.0,,,84519157232.0,101239000000.0,38454000000.0,23567000000.0,-240790000000.0,-7820000000.0,-155202000000.0,188907000000.0,151560000000.0,67607000000.0,-73000000.0,6859000000.0,3545000000.0,3545000000.0,0.0,0.0,0.034,56629000000.0,47204000000.0,0.0,2.649,0.331,23.842,35.676,15667000000.0,3314000000.0,13.2,0.814,0.921,0.0,79210000000.0,103833000000.0,103833000000.0,0.0,0.002,0.017,0.002,0.053,0.0,52505000000.0,1.0,6402966457.0,7241515000,7269518000.0,14.339,2136046000000.0,0.0,-1395000000.0,0.0,294.972,
49,BAC,MRT,2009-03-31,2009-03-31,2009-03-31,2021-08-02,-11164000000.0,2321963000000.0,1921989500000.0,,,0.048,37.601,-2198000000.0,350637000000.0,350637000000.0,0.0,7045000000.0,,8.693,873301000000.0,,,873301000000.0,0.0,3643000000.0,953508000000.0,0.236,1.61,8006000000.0,11649000000.0,0.127,11649000000.0,8006000000.0,8006000000.0,0.76,0.76,0.76,239549000000.0,185082750000.0,239549000000.0,551698463609.0,69.0,47.36,60465000000.0,9.491,1.0,91469000000.0,1.0,115038000000.0,0.0,2729589000000.0,2313976000000.0,0.0,1388123000000.0,,,2082414000000.0,,,43657463609.0,132948000000.0,38454000000.0,10081000000.0,-149122000000.0,-9576000000.0,-101443000000.0,171878000000.0,140583000000.0,62663000000.0,-150000000.0,7045000000.0,4350000000.0,4350000000.0,0.0,0.0,0.048,49268000000.0,42201000000.0,0.0,2.118,0.182,10.036,8.974,15549000000.0,2695000000.0,6.82,0.477,0.475,0.0,76877000000.0,91469000000.0,91469000000.0,0.0,0.002,0.024,0.003,0.088,0.0,45830000000.0,1.0,6401387626.0,6370815000,6393407000.0,14.358,2206925000000.0,0.0,961000000.0,0.0,346.412,
50,BAC,MRT,2008-12-31,2008-12-31,2008-12-31,2021-08-02,-10825000000.0,1817943000000.0,1775624250000.0,,,0.041,38.556,-2098000000.0,124905000000.0,124905000000.0,0.0,4008000000.0,,9.268,632946000000.0,,,632946000000.0,0.0,3319000000.0,882997000000.0,0.159,2.24,4428000000.0,7747000000.0,0.106,7747000000.0,4428000000.0,4428000000.0,0.54,0.54,0.54,177052000000.0,164272750000.0,177052000000.0,561810516840.0,127.0,72.52,1936000000.0,0.422,1.0,72782000000.0,1.0,103525000000.0,0.0,2222459000000.0,2153860000000.0,0.0,1279670000000.0,,,1640891000000.0,,,70647516840.0,-9674000000.0,6650000000.0,10127000000.0,-58852000000.0,-11528000000.0,-10695000000.0,-2930000000.0,1516000000.0,4034000000.0,-83000000.0,4008000000.0,2556000000.0,2556000000.0,0.0,0.0,0.035,41529000000.0,31253000000.0,0.0,4.148,0.399,27.64,26.074,13161000000.0,1452000000.0,14.08,0.971,0.888,37608000000.0,73823000000.0,72782000000.0,72782000000.0,0.0,0.001,0.016,0.002,0.061,0.0,38760000000.0,1.0,5017579321.0,4592085000,4596428000.0,15.849,1714418000000.0,0.0,420000000.0,0.0,373.342,
51,BAC,MRT,2008-09-30,2008-09-30,2008-09-30,2021-08-02,-5647000000.0,1831177000000.0,1750075000000.0,,,0.04,35.44,-2351000000.0,138088000000.0,138088000000.0,0.0,6065000000.0,,10.371,629251000000.0,,,629251000000.0,0.0,3230000000.0,874051000000.0,0.073,2.56,7315000000.0,10545000000.0,0.151,10545000000.0,7315000000.0,7315000000.0,1.12,1.14,1.12,161039000000.0,156710500000.0,161039000000.0,628238944045.0,86.0,59.577,41153000000.0,9.057,1.0,69906000000.0,1.0,112054000000.0,0.0,2210286000000.0,2110932500000.0,0.0,1254213000000.0,,,1670138000000.0,,,159603944045.0,4385000000.0,-9472000000.0,199000000.0,-72057000000.0,-12397000000.0,-14587000000.0,-24429000000.0,-15904000000.0,43504000000.0,-103000000.0,6065000000.0,5163000000.0,5163000000.0,0.0,0.0,0.074,40991000000.0,28915000000.0,0.0,2.286,0.991,30.913,31.25,13000000000.0,902000000.0,35.0,2.283,2.275,0.0,77695000000.0,69906000000.0,69906000000.0,0.0,0.003,0.033,0.003,0.105,0.0,38398000000.0,1.0,4560112687.0,4543963000,4547578000.0,15.384,1719123000000.0,0.0,1250000000.0,0.0,378.331,
52,BAC,MRT,2008-06-30,2008-06-30,2008-06-30,2021-08-02,-1864000000.0,1716875000000.0,1686971500000.0,,,0.039,36.677,-2403000000.0,153846000000.0,153846000000.0,0.0,8586000000.0,,9.553,622481000000.0,,,622481000000.0,0.0,3078000000.0,784764000000.0,0.107,2.56,11160000000.0,14238000000.0,0.214,14238000000.0,11160000000.0,11160000000.0,1.8,1.81,1.8,162691000000.0,151078250000.0,162691000000.0,550073953913.0,49.0,38.634,22552000000.0,5.084,1.0,66382000000.0,1.0,91940000000.0,0.0,2093570000000.0,2034679750000.0,0.0,1145232000000.0,,,1554184000000.0,,,106287953913.0,3628000000.0,-19131000000.0,-136000000.0,33314000000.0,-11889000000.0,56535000000.0,-77905000000.0,-62034000000.0,24955000000.0,43000000.0,8586000000.0,8114000000.0,8114000000.0,0.0,0.0,0.122,38042000000.0,28340000000.0,0.0,1.422,0.653,13.099,13.261,11627000000.0,472000000.0,23.87,1.601,1.595,0.0,79920000000.0,66382000000.0,66382000000.0,0.0,0.005,0.054,0.005,0.168,0.0,35647000000.0,1.0,4452783993.0,4435719000,4444098000.0,14.965,1624935000000.0,0.0,2574000000.0,0.0,366.33,
53,BAC,MRT,2008-03-31,2008-03-31,2008-03-31,2021-08-02,-884000000.0,1736502000000.0,1641342500000.0,,,0.04,35.302,-2216000000.0,169608000000.0,169608000000.0,0.0,10937000000.0,,10.109,613394000000.0,,,613394000000.0,0.0,2954000000.0,797069000000.0,0.065,2.48,14899000000.0,17853000000.0,0.272,17853000000.0,14899000000.0,14899000000.0,2.37,2.37,2.37,156309000000.0,144343250000.0,156309000000.0,594580893088.0,40.0,33.304,24619000000.0,5.56,1.0,65597000000.0,1.0,91163000000.0,0.0,2089125000000.0,1967762500000.0,0.0,1132904000000.0,,,1580193000000.0,,,168404893088.0,8963000000.0,-19356000000.0,-443000000.0,28567000000.0,-11379000000.0,64077000000.0,-82079000000.0,-66733000000.0,26835000000.0,130000000.0,10937000000.0,10611000000.0,10611000000.0,0.0,0.0,0.162,37538000000.0,28059000000.0,0.0,1.046,1.077,15.871,15.996,11297000000.0,326000000.0,37.91,2.567,2.559,0.0,79554000000.0,65597000000.0,65597000000.0,0.0,0.006,0.074,0.008,0.227,0.0,35336000000.0,1.0,4442228781.0,4427823000,4461201000.0,14.815,1645339000000.0,0.0,3962000000.0,0.0,371.591,
54,BAC,MRT,2007-12-31,2007-12-31,2007-12-31,2021-08-02,1129000000.0,1715746000000.0,1582756250000.0,,,0.042,33.186,-2143000000.0,183856000000.0,183856000000.0,0.0,14982000000.0,,10.687,610032000000.0,,,610032000000.0,0.0,2844000000.0,805177000000.0,0.058,2.4,20924000000.0,23768000000.0,0.356,23768000000.0,20924000000.0,20924000000.0,3.32,3.29,3.32,146803000000.0,138980000000.0,146803000000.0,590122006456.0,28.0,24.828,8893000000.0,2.01,1.0,66833000000.0,1.0,91173000000.0,0.0,2050749000000.0,1891903750000.0,0.0,1147898000000.0,,,1568943000000.0,,,183125006456.0,6102000000.0,-19816000000.0,-2672000000.0,69820000000.0,-10878000000.0,103412000000.0,-108480000000.0,-91665000000.0,11036000000.0,134000000.0,14982000000.0,14800000000.0,14800000000.0,0.0,0.0,0.221,37524000000.0,29309000000.0,0.0,0.723,1.247,12.373,12.428,11240000000.0,182000000.0,41.26,2.74,2.731,0.0,81393000000.0,66833000000.0,66833000000.0,0.0,0.009,0.106,0.011,0.313,0.0,35438000000.0,1.0,4438318140.0,4423579000,4463213000.0,15.108,1624573000000.0,0.0,5942000000.0,0.0,367.253,
55,BAC,MRT,2007-09-30,2007-09-30,2007-09-30,2021-08-02,-8615000000.0,1578763000000.0,1518754000000.0,,,0.048,31.333,-1668000000.0,178935000000.0,178935000000.0,0.0,19970000000.0,,10.398,585932000000.0,,,585932000000.0,0.0,2757000000.0,699222000000.0,0.046,2.32,29662000000.0,32419000000.0,0.447,32419000000.0,29662000000.0,29662000000.0,4.47,4.41,4.47,138510000000.0,136097250000.0,138510000000.0,592680755720.0,20.0,18.282,8807000000.0,1.992,1.0,72559000000.0,1.0,80485000000.0,0.0,1905275000000.0,1804360500000.0,0.0,992141000000.0,,,1440253000000.0,,,223065755720.0,3717000000.0,-2467000000.0,-5342000000.0,52173000000.0,-10479000000.0,72219000000.0,-79085000000.0,-75091000000.0,10475000000.0,108000000.0,19970000000.0,19828000000.0,19828000000.0,0.0,0.0,0.273,36252000000.0,36307000000.0,0.0,0.519,1.61,11.25,11.246,9762000000.0,142000000.0,50.27,3.074,3.063,0.0,84027000000.0,72559000000.0,72559000000.0,0.0,0.013,0.146,0.016,0.409,0.0,34096000000.0,1.0,4437353406.0,4420616000,4475917000.0,16.414,1498278000000.0,0.0,9692000000.0,0.0,338.93,
56,BAC,MRT,2007-06-30,2007-06-30,2007-06-30,2021-08-02,-9957000000.0,1534359000000.0,1486366000000.0,,,0.05,30.718,-1391000000.0,180308000000.0,180308000000.0,0.0,21688000000.0,,10.303,549923000000.0,,,549923000000.0,0.0,2766000000.0,699409000000.0,0.046,2.24,32462000000.0,35228000000.0,0.472,35228000000.0,32462000000.0,32462000000.0,4.84,4.77,4.84,135751000000.0,134869000000.0,135751000000.0,578549643942.0,18.0,16.423,367000000.0,0.083,1.0,74646000000.0,1.0,78073000000.0,0.0,1825901000000.0,1758689000000.0,0.0,952712000000.0,,,1398608000000.0,,,216962643942.0,954000000.0,446000000.0,-7418000000.0,28069000000.0,-10123000000.0,49095000000.0,-49983000000.0,-46771000000.0,1758000000.0,84000000.0,21688000000.0,21589000000.0,21589000000.0,0.0,0.0,0.289,36404000000.0,38242000000.0,0.0,0.463,1.598,10.05,10.101,9482000000.0,99000000.0,48.89,2.907,2.894,0.0,83223000000.0,74646000000.0,74646000000.0,0.0,0.015,0.16,0.018,0.435,0.0,34051000000.0,1.0,4437771404.0,4419246000,4476799000.0,16.891,1456286000000.0,0.0,10774000000.0,0.0,329.533,
57,BAC,MRT,2007-03-31,2007-03-31,2007-03-31,2021-08-02,-7660000000.0,1502157000000.0,1464074500000.0,,,0.05,30.423,-1246000000.0,182232000000.0,182232000000.0,0.0,21402000000.0,,10.139,543819000000.0,,,543819000000.0,0.0,2815000000.0,692801000000.0,0.043,2.18,32299000000.0,35114000000.0,0.479,35114000000.0,32299000000.0,32299000000.0,4.76,4.68,4.76,134856000000.0,132891500000.0,134856000000.0,547145533137.0,17.0,15.582,-14866000000.0,-3.354,1.0,73240000000.0,1.0,78054000000.0,0.0,1785690000000.0,1728398000000.0,0.0,922066000000.0,,,1367301000000.0,,,228177533137.0,-1026000000.0,671000000.0,-10304000000.0,86912000000.0,-9875000000.0,93281000000.0,-80768000000.0,-76406000000.0,-13620000000.0,81000000.0,21402000000.0,21339000000.0,21339000000.0,0.0,0.0,0.291,35966000000.0,37274000000.0,0.0,0.458,1.692,10.693,10.718,9271000000.0,63000000.0,51.02,3.115,3.088,0.0,79996000000.0,73240000000.0,73240000000.0,0.0,0.015,0.161,0.019,0.441,0.0,33444000000.0,1.0,4472315428.0,4432664000,4497028000.0,16.523,1424103000000.0,0.0,10897000000.0,0.0,321.275,
58,BAC,MRT,2006-12-31,2006-12-31,2006-12-31,2021-08-02,-7711000000.0,1459737000000.0,1432305250000.0,,,0.051,29.884,-748000000.0,185859000000.0,185859000000.0,0.0,21133000000.0,,9.791,504827000000.0,,,504827000000.0,0.0,2869000000.0,693497000000.0,0.04,2.12,31973000000.0,34842000000.0,0.479,34842000000.0,31973000000.0,31973000000.0,4.66,4.59,4.66,135272000000.0,131534000000.0,135272000000.0,591802839795.0,19.0,16.985,13761000000.0,3.04,1.0,72776000000.0,1.0,78129000000.0,0.0,1700576000000.0,1675408250000.0,0.0,913759000000.0,,,1324465000000.0,,,239757839795.0,-570000000.0,-2388000000.0,-11242000000.0,32951000000.0,-9661000000.0,53133000000.0,-68304000000.0,-63035000000.0,14509000000.0,92000000.0,21133000000.0,21111000000.0,21111000000.0,0.0,0.0,0.29,35793000000.0,36983000000.0,0.0,0.455,1.772,11.357,11.457,9255000000.0,22000000.0,53.39,3.294,3.321,0.0,79024000000.0,72776000000.0,72776000000.0,0.0,0.015,0.16,0.019,0.439,0.0,33233000000.0,1.0,4490688140.0,4526637000,4595896000.0,16.077,1381608000000.0,0.0,10840000000.0,0.0,305.217,
59,BAC,MRT,2006-09-30,2006-09-30,2006-09-30,2021-08-02,-6867000000.0,1449211000000.0,1390321750000.0,,,0.05,29.69,-768000000.0,178840000000.0,178840000000.0,0.0,19451000000.0,,9.848,530885000000.0,,,530885000000.0,0.0,2596000000.0,665905000000.0,0.038,2.06,29320000000.0,31916000000.0,0.463,31916000000.0,29320000000.0,29320000000.0,4.38,4.32,4.38,133597000000.0,123099250000.0,133597000000.0,581659315959.0,20.0,18.225,325000000.0,0.072,1.0,68974000000.0,1.0,78667000000.0,0.0,1722589000000.0,1624923500000.0,0.0,878550000000.0,,,1315614000000.0,,,242451315959.0,-1532000000.0,-1164000000.0,-8787000000.0,93789000000.0,-9169000000.0,92280000000.0,-94963000000.0,-89211000000.0,1093000000.0,58000000.0,19460000000.0,19438000000.0,19438000000.0,0.0,-9000000.0,0.282,33824000000.0,35150000000.0,0.0,0.47,1.815,12.473,12.231,9205000000.0,22000000.0,53.57,3.515,3.495,0.0,76271000000.0,68974000000.0,68974000000.0,0.0,0.014,0.158,0.018,0.425,-608000000.0,31686000000.0,1.0,4525878588.0,4499704000,4570558000.0,15.329,1370544000000.0,0.0,9860000000.0,0.0,304.585,
60,BAC,MRT,2006-06-30,2006-06-30,2006-06-30,2021-08-02,-10973000000.0,1445193000000.0,1341083750000.0,,,0.048,28.192,-871000000.0,185842000000.0,185842000000.0,0.0,17876000000.0,,10.305,525050000000.0,,,525050000000.0,0.0,2316000000.0,676865000000.0,0.042,2.0,26895000000.0,29211000000.0,0.45,29211000000.0,26895000000.0,26895000000.0,4.14,4.09,4.14,127841000000.0,115014500000.0,127841000000.0,498177462891.0,19.0,17.054,4319000000.0,0.952,1.0,64941000000.0,1.0,79664000000.0,0.0,1704737000000.0,1556471750000.0,0.0,920245000000.0,,,1317352000000.0,,,219504462891.0,610000000.0,-3568000000.0,-6956000000.0,113689000000.0,-8654000000.0,111024000000.0,-115679000000.0,-106931000000.0,5190000000.0,75000000.0,17880000000.0,17858000000.0,17858000000.0,0.0,-4000000.0,0.275,32246000000.0,32695000000.0,0.0,0.483,1.717,12.292,11.618,9334000000.0,22000000.0,48.1,3.38,3.359,0.0,73393000000.0,64941000000.0,64941000000.0,0.0,0.013,0.155,0.017,0.414,-403000000.0,30497000000.0,1.0,4563502347.0,4534627000,4601169000.0,14.321,1365529000000.0,0.0,9015000000.0,0.0,301.134,
61,BAC,MRT,2006-03-31,2006-03-31,2006-03-31,2021-08-02,-8981000000.0,1375080000000.0,1291368000000.0,,,0.047,28.078,-834000000.0,180813000000.0,180813000000.0,0.0,17058000000.0,,9.624,459486000000.0,,,459486000000.0,0.0,2038000000.0,682449000000.0,0.043,1.95,25417000000.0,27455000000.0,0.448,27455000000.0,25417000000.0,25417000000.0,4.09,4.04,4.09,129426000000.0,108189250000.0,129426000000.0,469894446177.0,18.0,17.115,7325000000.0,1.589,1.0,61314000000.0,1.0,80022000000.0,0.0,1573731000000.0,1481022500000.0,0.0,871822000000.0,,,1245654000000.0,,,211706446177.0,3877000000.0,-3568000000.0,-5037000000.0,66135000000.0,-8182000000.0,76665000000.0,-80887000000.0,-72851000000.0,8159000000.0,-60000000.0,17058000000.0,17040000000.0,17040000000.0,0.0,0.0,0.278,30548000000.0,30766000000.0,0.0,0.477,1.636,12.424,11.134,9267000000.0,18000000.0,45.54,3.453,3.424,0.0,70204000000.0,61314000000.0,61314000000.0,0.0,0.013,0.158,0.017,0.415,-193000000.0,29109000000.0,1.0,4648802068.0,4609481000,4666405000.0,13.302,1295058000000.0,0.0,8359000000.0,0.0,280.955,
62,BAC,MRT,2005-12-31,2005-12-31,2005-12-31,2021-08-02,-7556000000.0,1291803000000.0,1250657750000.0,,,0.046,25.328,-1228000000.0,199584000000.0,199584000000.0,0.0,16465000000.0,,11.723,457772000000.0,,,457772000000.0,0.0,1768000000.0,634670000000.0,0.041,1.9,24480000000.0,26248000000.0,0.459,26248000000.0,24480000000.0,24480000000.0,4.1,4.04,4.1,101533000000.0,100462500000.0,101533000000.0,430519123336.0,18.0,16.402,-13451000000.0,-3.355,1.0,57175000000.0,1.0,51354000000.0,0.0,1498637000000.0,1428519750000.0,0.0,811061000000.0,,,1190270000000.0,,,185342123336.0,8063000000.0,-49000000.0,-2919000000.0,165436000000.0,-7683000000.0,170817000000.0,-150445000000.0,-145668000000.0,-12223000000.0,-86000000.0,16465000000.0,16447000000.0,16447000000.0,0.0,0.0,0.288,28681000000.0,28494000000.0,0.0,0.463,1.825,11.269,11.256,7786000000.0,18000000.0,46.15,3.242,3.236,0.0,67552000000.0,57175000000.0,57175000000.0,0.0,0.013,0.164,0.017,0.428,0.0,27460000000.0,1.0,4016080679.0,4008688000,4068140000.0,14.263,1240449000000.0,0.0,8015000000.0,0.0,309.44,
63,BAC,MRT,2005-09-30,2005-09-30,2005-09-30,2021-08-02,-6509000000.0,1252259000000.0,1205315000000.0,,,0.047,25.311,-751000000.0,179416000000.0,179416000000.0,0.0,16544000000.0,,11.367,424593000000.0,,,424593000000.0,0.0,1787000000.0,626477000000.0,0.044,1.85,24762000000.0,26549000000.0,0.473,26549000000.0,24762000000.0,24762000000.0,4.12,4.04,4.12,101258000000.0,100138000000.0,101258000000.0,374617765642.0,15.0,14.11,5090000000.0,1.272,1.0,56080000000.0,1.0,48654000000.0,0.0,1448782000000.0,1359880750000.0,0.0,802531000000.0,,,1151001000000.0,,,169154765642.0,3519000000.0,-3157000000.0,-3228000000.0,121459000000.0,-7500000000.0,145796000000.0,-148104000000.0,-144397000000.0,5841000000.0,-14000000.0,16525000000.0,16525000000.0,16525000000.0,0.0,19000000.0,0.295,28694000000.0,27386000000.0,0.0,0.449,1.671,10.236,10.218,7659000000.0,0.0,42.1,3.016,3.003,0.0,65439000000.0,56080000000.0,56080000000.0,0.0,0.014,0.165,0.018,0.442,608000000.0,27247000000.0,1.0,4017927925.0,4000573000,4054659000.0,14.018,1203605000000.0,0.0,8237000000.0,0.0,300.858,
64,BAC,MRT,2005-06-30,2005-06-30,2005-06-30,2021-08-02,-4992000000.0,1246330000000.0,1164499250000.0,,,0.047,25.101,-841000000.0,192904000000.0,192904000000.0,0.0,16467000000.0,,11.396,398367000000.0,,,398367000000.0,0.0,1794000000.0,635417000000.0,0.039,1.8,24674000000.0,26468000000.0,0.486,26468000000.0,24674000000.0,24674000000.0,4.09,4.0,4.09,100540000000.0,99326250000.0,100540000000.0,383961825488.0,16.0,14.507,-571000000.0,-0.143,1.0,54516000000.0,1.0,48853000000.0,0.0,1402940000000.0,1300367750000.0,0.0,783070000000.0,,,1145790000000.0,,,183423825488.0,2146000000.0,-672000000.0,-3933000000.0,118262000000.0,-7315000000.0,166878000000.0,-164981000000.0,-163982000000.0,270000000.0,-21000000.0,16448000000.0,16448000000.0,16448000000.0,0.0,19000000.0,0.302,28430000000.0,26086000000.0,0.0,0.44,1.824,11.152,11.152,7602000000.0,0.0,45.61,3.365,3.351,0.0,63328000000.0,54516000000.0,54516000000.0,0.0,0.014,0.166,0.019,0.453,403000000.0,26883000000.0,1.0,4021570390.0,4005356000,4065355000.0,13.611,1197477000000.0,0.0,8226000000.0,0.0,298.969,
65,BAC,MRT,2005-03-31,2005-03-31,2005-03-31,2021-08-02,-5559000000.0,1212239000000.0,1112217250000.0,,,0.048,24.431,-868000000.0,179317000000.0,179317000000.0,0.0,15659000000.0,,11.305,379855000000.0,,,379855000000.0,0.0,1821000000.0,629987000000.0,0.04,1.75,23476000000.0,25297000000.0,0.478,25297000000.0,23476000000.0,23476000000.0,3.88,3.79,3.88,98519000000.0,98146500000.0,98519000000.0,342525453572.0,15.0,13.54,-713000000.0,-0.177,1.0,52972000000.0,1.0,49057000000.0,0.0,1363720000000.0,1237643250000.0,0.0,768953000000.0,,,1113720000000.0,,,178765453572.0,6402000000.0,4951000000.0,-3604000000.0,98320000000.0,-7144000000.0,141828000000.0,-135626000000.0,-138755000000.0,155000000.0,45000000.0,15639000000.0,15639000000.0,15639000000.0,0.0,20000000.0,0.295,28639000000.0,24333000000.0,0.0,0.451,1.815,11.431,11.366,7531000000.0,0.0,44.1,3.375,3.357,0.0,60843000000.0,52972000000.0,52972000000.0,0.0,0.014,0.159,0.019,0.443,193000000.0,27091000000.0,1.0,4053638403.0,4032550000,4099062000.0,13.136,1163182000000.0,0.0,7837000000.0,0.0,288.448,
66,BAC,MRT,2004-12-31,2004-12-31,2004-12-31,2021-08-02,-2764000000.0,1110432000000.0,1013160500000.0,,,0.048,26.669,-863000000.0,132657000000.0,132657000000.0,0.0,13947000000.0,,10.078,295455000000.0,,,295455000000.0,0.0,1636000000.0,618570000000.0,0.036,1.7,20892000000.0,22528000000.0,0.46,22528000000.0,20892000000.0,20892000000.0,3.71,3.64,3.71,100235000000.0,85710750000.0,100235000000.0,359969906554.0,17.0,15.979,-4385000000.0,-1.167,1.0,48965000000.0,1.0,49149000000.0,0.0,1224081000000.0,1136978750000.0,0.0,740976000000.0,,,1010197000000.0,,,189800906554.0,1852000000.0,4936000000.0,-2574000000.0,77574000000.0,-6468000000.0,132864000000.0,-127554000000.0,-131736000000.0,-3522000000.0,64000000.0,13931000000.0,13931000000.0,13931000000.0,0.0,16000000.0,0.285,27012000000.0,21953000000.0,0.0,0.458,1.894,13.624,12.666,7517000000.0,0.0,46.99,3.876,3.607,0.0,58773000000.0,48965000000.0,48965000000.0,0.0,0.014,0.163,0.018,0.427,0.0,25730000000.0,1.0,4039176560.0,3758507000,3823943000.0,13.028,1061283000000.0,0.0,6961000000.0,0.0,282.368,
67,BAC,MRT,2004-09-30,2004-09-30,2004-09-30,2021-08-02,-2669000000.0,1088996000000.0,915423250000.0,,,0.049,24.186,-1280000000.0,144843000000.0,144843000000.0,0.0,12972000000.0,,10.111,315012000000.0,,,315012000000.0,0.0,1462000000.0,591258000000.0,0.038,1.65,19257000000.0,20719000000.0,0.463,20719000000.0,19257000000.0,19257000000.0,3.73,3.65,3.73,98011000000.0,72647000000.0,98011000000.0,339683691135.0,18.0,16.395,-23545000000.0,-5.81,1.0,44721000000.0,1.0,48435000000.0,0.0,1210730000000.0,1026924000000.0,0.0,704474000000.0,,,990985000000.0,,,176249691135.0,7110000000.0,5593000000.0,-5775000000.0,104537000000.0,-5805000000.0,135618000000.0,-106316000000.0,-109066000000.0,-22265000000.0,73000000.0,12960000000.0,12960000000.0,12960000000.0,0.0,12000000.0,0.29,24967000000.0,19754000000.0,0.0,0.442,1.798,13.6,11.617,7884000000.0,0.0,43.33,3.941,3.926,0.0,55979000000.0,44721000000.0,44721000000.0,0.0,0.014,0.178,0.019,0.431,0.0,24112000000.0,1.0,4067613458.0,4052304000,4121375000.0,11.036,1040561000000.0,0.0,6297000000.0,0.0,256.783,
68,BAC,MRT,2004-06-30,2004-06-30,2004-06-30,2021-08-02,-3862000000.0,1037202000000.0,827446250000.0,,,0.051,23.587,-430000000.0,123644000000.0,123644000000.0,0.0,12130000000.0,,9.824,287078000000.0,,,287078000000.0,0.0,1284000000.0,575413000000.0,0.038,1.6,17868000000.0,19152000000.0,0.457,19152000000.0,17868000000.0,17868000000.0,3.78,3.7,3.78,95821000000.0,60755500000.0,95821000000.0,329895037427.0,18.0,17.225,22287000000.0,5.486,1.0,41884000000.0,1.0,48594000000.0,0.0,1152042000000.0,928214000000.0,0.0,691613000000.0,,,941381000000.0,,,172523037427.0,6569000000.0,5567000000.0,-5644000000.0,39568000000.0,-5161000000.0,42185000000.0,-58428000000.0,-61749000000.0,22717000000.0,95000000.0,12122000000.0,12122000000.0,12122000000.0,0.0,8000000.0,0.289,23023000000.0,18861000000.0,0.0,0.423,1.8,14.232,11.193,7797000000.0,0.0,42.31,4.119,4.104,0.0,54045000000.0,41884000000.0,41884000000.0,0.0,0.015,0.2,0.019,0.427,0.0,22534000000.0,1.0,4077594834.0,4062384000,4131290000.0,10.31,988608000000.0,0.0,5746000000.0,0.0,243.357,
69,BAC,MRT,2004-03-31,2004-03-31,2004-03-31,2021-08-02,-2743000000.0,816012000000.0,760440500000.0,,,0.051,16.934,-308000000.0,103914000000.0,103914000000.0,0.0,11019000000.0,,15.73,261286000000.0,,,261286000000.0,0.0,1092000000.0,435592000000.0,0.038,1.52,16132000000.0,17224000000.0,0.448,17224000000.0,16132000000.0,16132000000.0,3.745,3.67,3.745,48776000000.0,49554250000.0,48776000000.0,201579294419.0,12.0,11.703,17966000000.0,6.238,1.0,38463000000.0,1.0,12322000000.0,0.0,961062000000.0,859343750000.0,0.0,546164000000.0,,,767236000000.0,,,117339294419.0,-2773000000.0,-85000000.0,-5261000000.0,84719000000.0,-4478000000.0,115333000000.0,-136514000000.0,-135827000000.0,18274000000.0,134000000.0,11015000000.0,11015000000.0,11015000000.0,0.0,4000000.0,0.286,20860000000.0,17603000000.0,0.0,0.406,2.406,10.653,10.812,6076000000.0,0.0,40.49,3.051,3.032,0.0,51823000000.0,38463000000.0,38463000000.0,0.0,0.014,0.222,0.019,0.419,0.0,20643000000.0,1.0,2897982080.0,2880306000,2933402000.0,13.354,803690000000.0,0.0,5117000000.0,0.0,279.029,
70,BAC,MRT,2003-12-31,2003-12-31,2003-12-31,2021-08-02,-2148000000.0,719483000000.0,726378750000.0,,,0.052,16.136,-209000000.0,111627000000.0,111627000000.0,0.0,10762000000.0,,13.995,188369000000.0,,,188369000000.0,0.0,1107000000.0,414113000000.0,0.036,1.44,15777000000.0,16884000000.0,0.446,16884000000.0,15777000000.0,15777000000.0,3.62,3.55,3.62,47980000000.0,49873250000.0,47980000000.0,210727258670.0,13.0,12.481,22777000000.0,7.66,1.0,37834000000.0,1.0,12363000000.0,0.0,783862000000.0,808848500000.0,0.0,463700000000.0,,,671503000000.0,,,119503258670.0,2111000000.0,-1741000000.0,-5796000000.0,34565000000.0,-4281000000.0,52071000000.0,-73121000000.0,-70626000000.0,22986000000.0,175000000.0,10758000000.0,10758000000.0,10758000000.0,0.0,4000000.0,0.284,20155000000.0,17679000000.0,0.0,0.398,2.491,11.108,11.109,6036000000.0,0.0,40.215,3.159,3.161,0.0,50198000000.0,37834000000.0,37834000000.0,0.0,0.015,0.216,0.02,0.417,0.0,19938000000.0,1.0,2971609068.0,2973407000,3030356000.0,12.724,707120000000.0,0.0,5019000000.0,0.0,237.815,
71,BAC,MRT,2003-09-30,2003-09-30,2003-09-30,2021-08-02,-1776000000.0,737088000000.0,711745750000.0,,,0.052,16.927,-81000000.0,96752000000.0,96752000000.0,0.0,10698000000.0,,13.612,187976000000.0,,,187976000000.0,0.0,1100000000.0,408510000000.0,0.035,1.36,15065000000.0,16165000000.0,0.436,16165000000.0,15065000000.0,15065000000.0,3.575,3.495,3.575,50445000000.0,50458000000.0,50445000000.0,236458908968.0,16.0,14.628,17379000000.0,5.831,1.0,37092000000.0,1.0,12422000000.0,0.0,815890000000.0,795206000000.0,0.0,468077000000.0,,,686643000000.0,,,116640908968.0,-2327000000.0,-1741000000.0,-2479000000.0,8265000000.0,-4077000000.0,32707000000.0,-52656000000.0,-52240000000.0,17460000000.0,162000000.0,10694000000.0,10694000000.0,10694000000.0,0.0,4000000.0,0.288,19708000000.0,17384000000.0,0.0,0.38,2.312,10.907,10.915,5956000000.0,0.0,39.02,3.145,3.135,0.0,52320000000.0,37092000000.0,37092000000.0,0.0,0.015,0.212,0.019,0.406,0.0,19491000000.0,1.0,2989259584.0,2980206000,3039282000.0,12.446,724666000000.0,0.0,4371000000.0,0.0,243.16,
72,BAC,MRT,2003-06-30,2003-06-30,2003-06-30,2021-08-02,-251000000.0,769179000000.0,692475750000.0,,,0.052,17.073,-772000000.0,96324000000.0,96324000000.0,0.0,10011000000.0,,14.077,216142000000.0,,,216142000000.0,0.0,1109000000.0,421935000000.0,0.032,1.26,14096000000.0,15205000000.0,0.424,15205000000.0,14096000000.0,14096000000.0,3.34,3.26,3.34,51016000000.0,49906500000.0,51016000000.0,210167034499.0,15.0,13.822,-42116000000.0,-14.094,1.0,35864000000.0,1.0,12436000000.0,0.0,876561000000.0,775854500000.0,0.0,506580000000.0,,,718163000000.0,,,118390034499.0,3911000000.0,-1700000000.0,-2481000000.0,62054000000.0,-3785000000.0,116840000000.0,-71675000000.0,-72284000000.0,-41344000000.0,90000000.0,10006000000.0,10006000000.0,10006000000.0,0.0,5000000.0,0.279,19251000000.0,16613000000.0,0.0,0.377,2.321,11.832,11.831,5899000000.0,0.0,39.515,3.301,3.292,0.0,51374000000.0,35864000000.0,35864000000.0,0.0,0.014,0.2,0.018,0.393,0.0,19035000000.0,1.0,2996078312.0,2988188000,3046612000.0,12.002,756743000000.0,0.0,4090000000.0,0.0,253.245,
73,BAC,MRT,2003-03-31,2003-03-31,2003-03-31,2021-08-02,74000000.0,679765000000.0,659793000000.0,,,0.053,16.691,-538000000.0,80401000000.0,80401000000.0,0.0,9494000000.0,,12.581,172178000000.0,,,172178000000.0,0.0,1110000000.0,395176000000.0,0.037,1.24,13300000000.0,14410000000.0,0.414,14410000000.0,13300000000.0,13300000000.0,3.15,3.06,3.15,50052000000.0,49093500000.0,50052000000.0,181243318026.0,14.0,12.578,-33527000000.0,-11.18,1.0,34812000000.0,1.0,12461000000.0,0.0,759081000000.0,736117000000.0,0.0,448406000000.0,,,629713000000.0,,,100418318026.0,2625000000.0,-1671000000.0,-4463000000.0,28412000000.0,-3745000000.0,48103000000.0,-12604000000.0,-13735000000.0,-32989000000.0,115000000.0,9489000000.0,9489000000.0,9489000000.0,0.0,5000000.0,0.273,18676000000.0,16136000000.0,0.0,0.394,2.006,10.583,10.61,6643000000.0,0.0,33.42,2.885,2.879,0.0,49978000000.0,34812000000.0,34812000000.0,0.0,0.014,0.193,0.018,0.382,0.0,18459000000.0,1.0,3004737224.0,2998810000,3052576000.0,11.609,667304000000.0,0.0,3811000000.0,0.0,222.523,
74,BAC,MRT,2002-12-31,2002-12-31,2002-12-31,2021-08-02,1232000000.0,660951000000.0,644832000000.0,,,0.054,16.552,-939000000.0,76664000000.0,76664000000.0,0.0,9249000000.0,,12.135,157489000000.0,,,157489000000.0,0.0,1104000000.0,386458000000.0,0.035,1.22,12986000000.0,14090000000.0,0.408,14090000000.0,12986000000.0,12986000000.0,3.04,2.95,3.04,50319000000.0,48622750000.0,50319000000.0,195117322576.0,15.0,13.848,-11623000000.0,-3.823,1.0,34503000000.0,1.0,12484000000.0,0.0,729292000000.0,714733500000.0,0.0,439855000000.0,,,610632000000.0,,,104125322576.0,-1864000000.0,-110000000.0,-5093000000.0,12048000000.0,-3709000000.0,16143000000.0,-7338000000.0,-9107000000.0,-10684000000.0,15000000.0,9244000000.0,9244000000.0,9244000000.0,0.0,5000000.0,0.268,18445000000.0,16058000000.0,0.0,0.401,2.069,11.264,11.442,6717000000.0,0.0,34.785,3.018,3.065,0.0,48517000000.0,34503000000.0,34503000000.0,0.0,0.014,0.19,0.018,0.376,0.0,18227000000.0,1.0,2993397228.0,3040085000,3130935000.0,11.349,648467000000.0,0.0,3742000000.0,0.0,213.306,
75,BAC,MRT,2002-09-30,2002-09-30,2002-09-30,2021-08-02,613000000.0,660008000000.0,635035250000.0,,,0.054,16.037,-1012000000.0,71237000000.0,71237000000.0,0.0,8693000000.0,,12.682,162229000000.0,,,162229000000.0,0.0,1253000000.0,377415000000.0,0.047,1.5,12359000000.0,13612000000.0,0.394,13612000000.0,12359000000.0,12359000000.0,2.83,2.755,2.83,48239000000.0,48173000000.0,48239000000.0,187165130545.0,15.0,13.75,-15344000000.0,-5.101,1.0,34505000000.0,1.0,12516000000.0,0.0,738484000000.0,704087750000.0,0.0,456649000000.0,,,611769000000.0,,,95868130545.0,1189000000.0,-110000000.0,-6239000000.0,9765000000.0,-3685000000.0,17383000000.0,-1808000000.0,-4338000000.0,-14332000000.0,-54000000.0,8688000000.0,8688000000.0,8688000000.0,0.0,5000000.0,0.252,18927000000.0,15578000000.0,0.0,0.53,1.987,11.035,11.272,6758000000.0,0.0,31.9,2.778,2.781,0.0,46870000000.0,34505000000.0,34505000000.0,0.0,0.014,0.18,0.018,0.358,0.0,18550000000.0,1.0,3005270550.0,3008034000,3008034000.0,11.471,647492000000.0,0.0,3671000000.0,0.0,215.254,
76,BAC,MRT,2002-06-30,2002-06-30,2002-06-30,2021-08-02,660000000.0,638448000000.0,630059500000.0,,,0.055,15.571,-999000000.0,63065000000.0,63065000000.0,0.0,7299000000.0,,12.367,154362000000.0,,,154362000000.0,0.0,1407000000.0,360769000000.0,0.042,1.48,10640000000.0,12047000000.0,0.348,12047000000.0,10640000000.0,10640000000.0,2.345,2.285,2.345,47764000000.0,48651000000.0,47764000000.0,174139119558.0,16.0,14.455,19419000000.0,6.33,1.0,34616000000.0,1.0,12134000000.0,0.0,717611000000.0,700050500000.0,0.0,441493000000.0,,,590684000000.0,,,108307119558.0,-4096000000.0,-110000000.0,-6432000000.0,-11667000000.0,-3679000000.0,-24546000000.0,57000000.0,-1019000000.0,20418000000.0,-25000000.0,7294000000.0,7294000000.0,7294000000.0,0.0,5000000.0,0.211,20218000000.0,14398000000.0,0.0,0.631,2.268,14.849,15.002,6755000000.0,0.0,35.18,3.129,3.118,0.0,45546000000.0,34616000000.0,34616000000.0,0.0,0.012,0.15,0.015,0.307,0.0,18371000000.0,1.0,3078656042.0,3067566000,3067566000.0,11.285,626314000000.0,0.0,3346000000.0,0.0,204.173,
77,BAC,MRT,2002-03-31,2002-03-31,2002-03-31,2021-08-02,-72000000.0,619921000000.0,626828750000.0,,,0.056,15.604,-1239000000.0,70271000000.0,70271000000.0,0.0,7101000000.0,,11.87,136103000000.0,,,136103000000.0,0.0,1567000000.0,367200000000.0,0.043,1.46,10493000000.0,12060000000.0,0.346,12060000000.0,10493000000.0,10493000000.0,2.25,2.205,2.25,48169000000.0,49035500000.0,48169000000.0,181913193460.0,17.0,15.084,1302000000.0,0.422,1.0,34812000000.0,1.0,12206000000.0,0.0,673547000000.0,698672000000.0,0.0,418800000000.0,,,571752000000.0,,,104820193460.0,-889000000.0,-137000000.0,-4150000000.0,-10752000000.0,-3657000000.0,-3850000000.0,495000000.0,506000000.0,2541000000.0,-75000000.0,7096000000.0,7096000000.0,7096000000.0,0.0,5000000.0,0.204,20549000000.0,14263000000.0,0.0,0.649,2.176,14.772,15.116,6748000000.0,0.0,34.01,3.011,3.016,0.0,44245000000.0,34812000000.0,34812000000.0,0.0,0.011,0.145,0.015,0.301,0.0,18534000000.0,1.0,3082040384.0,3086942000,3086942000.0,11.277,607715000000.0,0.0,3397000000.0,0.0,196.866,
78,BAC,MRT,2001-12-31,2001-12-31,2001-12-31,2021-08-02,437000000.0,621764000000.0,624287250000.0,,,0.055,15.21,-835000000.0,60877000000.0,60877000000.0,0.0,6792000000.0,,11.815,137970000000.0,,,137970000000.0,0.0,1732000000.0,373495000000.0,0.046,1.44,10112000000.0,11844000000.0,0.342,11844000000.0,10112000000.0,10112000000.0,2.13,2.09,2.13,48520000000.0,49214750000.0,48520000000.0,193628347264.0,19.0,16.348,-14453000000.0,-4.531,1.0,34638000000.0,1.0,12148000000.0,0.0,686709000000.0,703872250000.0,0.0,429924000000.0,,,573244000000.0,,,99040347264.0,-676000000.0,-417000000.0,-3697000000.0,-27431000000.0,-3632000000.0,-25560000000.0,38559000000.0,38451000000.0,-13618000000.0,-57000000.0,6787000000.0,6787000000.0,6787000000.0,0.0,5000000.0,0.196,20709000000.0,13929000000.0,0.0,0.676,2.041,14.593,14.777,6414000000.0,0.0,31.475,2.859,2.899,0.0,42980000000.0,34638000000.0,34638000000.0,0.0,0.011,0.138,0.014,0.292,0.0,18526000000.0,1.0,3146635338.0,3189914000,3251308000.0,10.859,609616000000.0,0.0,3325000000.0,0.0,191.107,
79,BAC,MRT,2001-09-30,2001-09-30,2001-09-30,2021-08-02,1731000000.0,640105000000.0,629394000000.0,,,0.054,15.675,-788000000.0,54359000000.0,54359000000.0,0.0,6119000000.0,,11.764,148947000000.0,,,148947000000.0,0.0,1745000000.0,359870000000.0,0.038,1.12,9774000000.0,11519000000.0,0.341,11519000000.0,9774000000.0,9774000000.0,1.9,1.88,1.9,50151000000.0,48991750000.0,50151000000.0,193469136783.0,20.0,16.796,-773000000.0,-0.242,1.0,33815000000.0,1.0,12358000000.0,0.0,722335000000.0,715231000000.0,0.0,432133000000.0,,,589954000000.0,,,93641136783.0,-1115000000.0,345000000.0,-2868000000.0,-54974000000.0,-3604000000.0,-55644000000.0,54537000000.0,54690000000.0,15000000.0,-23000000.0,6113000000.0,6113000000.0,6113000000.0,0.0,6000000.0,0.181,20023000000.0,13792000000.0,0.0,0.589,1.867,15.318,15.368,6372000000.0,0.0,29.2,2.769,2.763,0.0,41857000000.0,33815000000.0,33815000000.0,0.0,0.01,0.125,0.014,0.289,0.0,17839000000.0,1.0,3206888246.0,3199384000,3199384000.0,10.569,627747000000.0,0.0,3661000000.0,0.0,196.209,
80,BAC,MRT,2001-06-30,2001-06-30,2001-06-30,2021-08-02,-262000000.0,625525000000.0,637299000000.0,,,0.052,15.392,-736000000.0,58174000000.0,58174000000.0,0.0,7107000000.0,,11.688,158002000000.0,,,158002000000.0,0.0,1752000000.0,363486000000.0,0.036,1.09,11061000000.0,12813000000.0,0.383,12813000000.0,11061000000.0,11061000000.0,2.195,2.175,2.195,49302000000.0,48168750000.0,49302000000.0,194267069771.0,18.0,15.162,-5947000000.0,-1.857,1.0,33420000000.0,1.0,13256000000.0,0.0,712097000000.0,734707000000.0,0.0,444972000000.0,,,576223000000.0,,,96222069771.0,-2088000000.0,450000000.0,-2444000000.0,-56643000000.0,-3529000000.0,-56903000000.0,60096000000.0,60125000000.0,-5211000000.0,-70000000.0,7102000000.0,7102000000.0,7102000000.0,0.0,5000000.0,0.213,19072000000.0,14348000000.0,0.0,0.497,1.952,13.549,13.674,6371000000.0,0.0,30.015,2.879,2.877,0.0,41912000000.0,33420000000.0,33420000000.0,0.0,0.011,0.147,0.015,0.331,0.0,17647000000.0,1.0,3205799426.0,3203074000,3203074000.0,10.434,612269000000.0,0.0,3959000000.0,0.0,191.15,
81,BAC,MRT,2001-03-31,2001-03-31,2001-03-31,2021-08-02,227000000.0,609755000000.0,650802250000.0,,,0.05,15.192,-656000000.0,49463000000.0,49463000000.0,0.0,7147000000.0,,11.473,147508000000.0,,,147508000000.0,0.0,1765000000.0,352460000000.0,0.039,1.06,11171000000.0,12936000000.0,0.395,12936000000.0,11171000000.0,11171000000.0,2.19,2.17,2.19,48886000000.0,47308500000.0,48886000000.0,221089070390.0,20.0,17.091,2660000000.0,0.827,1.0,32780000000.0,1.0,13452000000.0,0.0,694348000000.0,758638750000.0,0.0,442663000000.0,,,560869000000.0,,,87967070390.0,-3926000000.0,453000000.0,-2761000000.0,-51291000000.0,-3456000000.0,-57202000000.0,50045000000.0,49963000000.0,3316000000.0,-85000000.0,7141000000.0,7141000000.0,7141000000.0,0.0,6000000.0,0.218,18664000000.0,14116000000.0,0.0,0.484,1.799,12.319,12.5,6366000000.0,0.0,27.375,2.684,2.687,0.0,40785000000.0,32780000000.0,32780000000.0,0.0,0.011,0.151,0.015,0.341,0.0,17244000000.0,1.0,3213408964.0,3217780000,3217780000.0,10.187,596303000000.0,0.0,4030000000.0,0.0,185.315,
82,BAC,MRT,2000-12-31,2000-12-31,2000-12-31,2021-08-02,-746000000.0,642191000000.0,662391750000.0,,,0.05,14.464,-642000000.0,61016000000.0,61016000000.0,0.0,7517000000.0,,12.483,164111000000.0,,,164111000000.0,0.0,1784000000.0,364244000000.0,0.045,1.03,11782000000.0,13566000000.0,0.412,13566000000.0,11782000000.0,11782000000.0,2.28,2.26,2.28,47628000000.0,46411750000.0,47628000000.0,216542403020.0,18.0,15.962,2867000000.0,0.871,1.0,32931000000.0,1.0,13142000000.0,0.0,732144000000.0,777854500000.0,0.0,466727000000.0,,,594563000000.0,,,74671403020.0,524000000.0,843000000.0,-2962000000.0,-18153000000.0,-3388000000.0,-7691000000.0,4771000000.0,4310000000.0,3509000000.0,-65000000.0,7511000000.0,7511000000.0,7511000000.0,0.0,6000000.0,0.228,18633000000.0,14298000000.0,0.0,0.452,1.568,9.942,10.061,6433000000.0,0.0,22.94,2.268,2.294,0.0,39815000000.0,32931000000.0,32931000000.0,0.0,0.011,0.162,0.015,0.358,0.0,17219000000.0,1.0,3255074238.0,3292796000,3292796000.0,10.001,629049000000.0,0.0,4271000000.0,0.0,191.038,
83,BAC,MRT,2000-09-30,2000-09-30,2000-09-30,2021-08-02,-1808000000.0,671725000000.0,659987500000.0,,,0.052,14.292,1196000000.0,63270000000.0,63270000000.0,0.0,8034000000.0,,13.335,205141000000.0,,,205141000000.0,0.0,1812000000.0,353988000000.0,0.038,1.0,12496000000.0,14308000000.0,0.42,14308000000.0,12496000000.0,12496000000.0,2.405,2.385,2.405,46859000000.0,45612750000.0,46859000000.0,227908696399.0,18.0,15.929,5853000000.0,1.785,1.0,34060000000.0,1.0,13357000000.0,0.0,800239000000.0,787642750000.0,0.0,480985000000.0,,,624866000000.0,,,86044696399.0,-1019000000.0,180000000.0,-4007000000.0,23662000000.0,-3331000000.0,33744000000.0,-39407000000.0,-41086000000.0,4657000000.0,-13000000.0,8029000000.0,8029000000.0,8029000000.0,0.0,5000000.0,0.236,18871000000.0,15189000000.0,0.0,0.416,1.836,10.717,10.89,6450000000.0,0.0,26.19,2.526,2.521,0.0,39338000000.0,34060000000.0,34060000000.0,0.0,0.012,0.176,0.016,0.367,0.0,17127000000.0,1.0,3285402688.0,3278784000,3278784000.0,10.388,658368000000.0,0.0,4467000000.0,0.0,200.796,
84,BAC,MRT,2000-06-30,2000-06-30,2000-06-30,2021-08-02,-2537000000.0,679538000000.0,647219250000.0,,,0.052,13.868,946000000.0,74347000000.0,74347000000.0,0.0,8356000000.0,,13.817,216211000000.0,,,216211000000.0,0.0,1844000000.0,356664000000.0,0.045,0.975,12987000000.0,14831000000.0,0.441,14831000000.0,12987000000.0,12987000000.0,2.475,2.45,2.475,45861000000.0,45370250000.0,45861000000.0,200154190828.0,15.0,13.496,5567000000.0,1.683,1.0,33650000000.0,1.0,13578000000.0,0.0,807824000000.0,766993000000.0,0.0,479024000000.0,,,633677000000.0,,,71261190828.0,3296000000.0,247000000.0,-4138000000.0,33112000000.0,-3286000000.0,45896000000.0,-47246000000.0,-48765000000.0,4621000000.0,25000000.0,8350000000.0,8350000000.0,8350000000.0,0.0,6000000.0,0.248,18437000000.0,15213000000.0,0.0,0.394,1.554,8.534,8.687,6514000000.0,0.0,21.5,2.118,2.113,0.0,38330000000.0,33650000000.0,33650000000.0,0.0,0.013,0.184,0.017,0.386,0.0,17236000000.0,1.0,3314473992.0,3306990000,3306990000.0,10.175,665960000000.0,0.0,4637000000.0,0.0,201.38,
85,BAC,MRT,2000-03-31,2000-03-31,2000-03-31,2021-08-02,-2492000000.0,656113000000.0,630860250000.0,,,0.053,13.568,299000000.0,70310000000.0,70310000000.0,0.0,8208000000.0,,13.484,199203000000.0,,,199203000000.0,0.0,1880000000.0,351626000000.0,0.036,0.95,12753000000.0,14633000000.0,0.442,14633000000.0,12753000000.0,12753000000.0,2.4,2.37,2.4,45299000000.0,45312750000.0,45299000000.0,202091438134.0,16.0,13.811,9771000000.0,2.927,1.0,33143000000.0,1.0,13795000000.0,0.0,771211000000.0,744017000000.0,0.0,463189000000.0,,,610814000000.0,,,87304438134.0,1334000000.0,271000000.0,-4934000000.0,26555000000.0,-3248000000.0,28671000000.0,-36830000000.0,-37714000000.0,9472000000.0,21000000.0,8203000000.0,8203000000.0,8203000000.0,0.0,5000000.0,0.248,18681000000.0,14462000000.0,0.0,0.396,1.927,10.643,10.925,6607000000.0,0.0,26.22,2.634,2.641,0.0,37089000000.0,33143000000.0,33143000000.0,0.0,0.013,0.181,0.017,0.385,0.0,17273000000.0,1.0,3329688716.0,3338622000,3338622000.0,9.927,642318000000.0,0.0,4550000000.0,0.0,192.39,
86,BAC,MRT,1999-12-31,1999-12-31,1999-12-31,2021-08-02,-2658000000.0,632574000000.0,620393250000.0,,,0.052,12.871,-465000000.0,31827000000.0,31827000000.0,0.0,7882000000.0,,13.237,184542000000.0,,,184542000000.0,0.0,1917000000.0,347273000000.0,0.037,0.925,12209000000.0,14126000000.0,0.437,14126000000.0,12209000000.0,12209000000.0,2.28,2.24,2.28,44432000000.0,45695750000.0,44432000000.0,196885566566.0,16.0,13.938,9358000000.0,2.711,1.0,32306000000.0,1.0,13992000000.0,0.0,771297000000.0,729694250000.0,0.0,489456000000.0,,,588142000000.0,,,85683566566.0,-1288000000.0,-1212000000.0,-3700000000.0,33099000000.0,-3199000000.0,17913000000.0,-29079000000.0,-27752000000.0,9823000000.0,55000000.0,7876000000.0,7876000000.0,7876000000.0,0.0,6000000.0,0.244,18511000000.0,13795000000.0,0.0,0.406,1.928,10.879,11.007,6713000000.0,0.0,25.095,2.652,2.681,0.0,35681000000.0,32306000000.0,32306000000.0,0.0,0.013,0.172,0.017,0.378,0.0,17098000000.0,1.0,3414368064.0,3452012000,3452012000.0,9.359,618582000000.0,0.0,4333000000.0,0.0,179.195,
87,BAC,MRT,1999-09-30,1999-09-30,1999-09-30,2021-08-02,-1929000000.0,620652000000.0,616669500000.0,,,0.048,13.322,-2826000000.0,70629000000.0,70629000000.0,0.0,7142000000.0,,12.525,181831000000.0,,,181831000000.0,0.0,1947000000.0,337011000000.0,0.032,0.9,11220000000.0,13167000000.0,0.446,13167000000.0,11220000000.0,11220000000.0,2.06,2.02,2.06,45889000000.0,46072250000.0,45889000000.0,212633087327.0,19.0,16.149,8682000000.0,2.52,1.0,29519000000.0,1.0,14214000000.0,0.0,717640000000.0,710206250000.0,0.0,436841000000.0,,,574763000000.0,,,96199087327.0,699000000.0,-1589000000.0,-3014000000.0,36451000000.0,-3125000000.0,23024000000.0,-33854000000.0,-29795000000.0,11508000000.0,21000000.0,7136000000.0,7136000000.0,7136000000.0,0.0,6000000.0,0.242,18923000000.0,10596000000.0,0.0,0.437,2.096,13.481,13.517,6728000000.0,0.0,27.845,3.259,3.249,0.0,34631000000.0,29519000000.0,29519000000.0,0.0,0.012,0.155,0.016,0.38,0.0,17231000000.0,1.0,3454806512.0,3444614000,3444614000.0,8.57,606438000000.0,0.0,4084000000.0,0.0,176.054,
88,BAC,MRT,1999-06-30,1999-06-30,1999-06-30,2021-08-02,-1595000000.0,614102000000.0,610174750000.0,,,0.044,13.086,-2537000000.0,65454000000.0,65454000000.0,0.0,5365000000.0,,12.458,181888000000.0,,,181888000000.0,0.0,1979000000.0,339045000000.0,0.024,0.865,8290000000.0,10269000000.0,0.378,10269000000.0,8290000000.0,8290000000.0,1.54,1.51,1.54,45631000000.0,46426750000.0,45631000000.0,242185036750.0,29.0,23.584,10523000000.0,3.018,1.0,27135000000.0,1.0,14616000000.0,0.0,715920000000.0,697806750000.0,0.0,436534000000.0,,,568471000000.0,,,127917036750.0,-2915000000.0,-1760000000.0,-1769000000.0,54402000000.0,-2955000000.0,41252000000.0,-57221000000.0,-53341000000.0,13060000000.0,-6000000.0,5359000000.0,5359000000.0,5359000000.0,0.0,6000000.0,0.197,19705000000.0,7430000000.0,0.0,0.562,2.803,23.87,23.802,7012000000.0,0.0,36.655,4.714,4.71,0.0,33256000000.0,27135000000.0,27135000000.0,0.0,0.009,0.115,0.012,0.306,0.0,17286000000.0,1.0,3489756834.0,3487006000,3487006000.0,7.782,599486000000.0,0.0,2931000000.0,0.0,171.92,
89,BAC,MRT,1999-03-31,1999-03-31,1999-03-31,2021-08-02,-580000000.0,614245000000.0,533645500000.0,,,0.051,13.476,-1844000000.0,58291000000.0,58291000000.0,0.0,5748000000.0,,12.116,172559000000.0,,,172559000000.0,0.0,1985000000.0,343317000000.0,0.024,0.83,8811000000.0,10796000000.0,0.396,10796000000.0,8811000000.0,8811000000.0,1.65,1.615,1.65,46831000000.0,41686500000.0,46831000000.0,213183613657.0,24.0,19.747,10123000000.0,2.913,1.0,27278000000.0,1.0,14593000000.0,0.0,713920000000.0,609087750000.0,0.0,437485000000.0,,,567414000000.0,,,122809613657.0,-2716000000.0,-1737000000.0,56000000.0,34771000000.0,-2779000000.0,34172000000.0,-48894000000.0,-45774000000.0,11967000000.0,39000000.0,5732000000.0,5732000000.0,5732000000.0,0.0,16000000.0,0.21,19385000000.0,7893000000.0,0.0,0.503,2.622,21.425,21.4,7129000000.0,0.0,35.31,4.502,4.498,0.0,32128000000.0,27278000000.0,27278000000.0,0.0,0.011,0.138,0.014,0.323,0.0,17594000000.0,1.0,3478040602.0,3475124000,3475124000.0,7.85,599652000000.0,0.0,3079000000.0,0.0,172.556,
90,BAC,MRT,1998-12-31,1998-12-31,1998-12-31,2021-08-02,152000000.0,617679000000.0,458710000000.0,,,0.06,13.261,-1290000000.0,62173000000.0,62173000000.0,0.0,5165000000.0,,12.446,152547000000.0,,,152547000000.0,0.0,1998000000.0,357260000000.0,0.026,0.795,8023000000.0,10021000000.0,0.364,10021000000.0,8023000000.0,8023000000.0,1.485,1.45,1.485,45938000000.0,36283750000.0,45938000000.0,192315239812.0,24.0,19.191,12227000000.0,3.53,1.0,27567000000.0,1.0,14708000000.0,0.0,693345000000.0,522912750000.0,0.0,433169000000.0,,,571741000000.0,,,104064239812.0,-189000000.0,-335000000.0,-384000000.0,23166000000.0,-2604000000.0,36131000000.0,-49869000000.0,-48769000000.0,13517000000.0,32000000.0,5140000000.0,5140000000.0,5140000000.0,0.0,25000000.0,0.186,20536000000.0,7031000000.0,0.0,0.535,2.265,20.246,20.246,7289000000.0,0.0,30.065,3.775,3.778,0.0,30998000000.0,27567000000.0,27567000000.0,0.0,0.011,0.142,0.015,0.291,0.0,17839000000.0,1.0,3461308492.0,3464114000,3464114000.0,7.958,602971000000.0,0.0,2883000000.0,0.0,174.062,
91,BAC,MRT,1998-09-30,1998-09-30,1998-09-30,2021-08-02,784000000.0,594673000000.0,447036000000.0,,,0.063,13.593,-1083000000.0,62132000000.0,62132000000.0,0.0,5462000000.0,,11.571,150383000000.0,,,150383000000.0,0.0,2006000000.0,345756000000.0,0.028,0.76,8495000000.0,10501000000.0,0.374,10501000000.0,8495000000.0,8495000000.0,1.57,1.525,1.57,47307000000.0,35945250000.0,47307000000.0,114748483529.0,14.0,10.927,11511000000.0,3.308,1.0,28098000000.0,1.0,14882000000.0,0.0,668042000000.0,507080750000.0,0.0,419061000000.0,,,547366000000.0,,,51496483529.0,-1246000000.0,-1187000000.0,348000000.0,24962000000.0,-2384000000.0,36534000000.0,-50438000000.0,-48667000000.0,12594000000.0,64000000.0,5422000000.0,5422000000.0,5422000000.0,0.0,40000000.0,0.193,20287000000.0,7811000000.0,0.0,0.484,1.089,9.498,17.038,7249000000.0,0.0,26.75,1.833,3.313,0.0,30615000000.0,28098000000.0,28098000000.0,0.0,0.012,0.151,0.017,0.302,0.0,17911000000.0,1.0,1925102188.0,3480184000,3480184000.0,8.074,579791000000.0,0.0,3073000000.0,0.0,166.598,
92,BAC,MRT,1998-06-30,1998-06-30,1998-06-30,2021-08-02,447000000.0,307985000000.0,,,,,7.698,-1569000000.0,26657000000.0,26657000000.0,0.0,6818000000.0,,10.548,89909000000.0,,,89909000000.0,0.0,2450000000.0,169238000000.0,0.019,0.735,10844000000.0,13294000000.0,0.445,13294000000.0,10844000000.0,10844000000.0,1.96,1.9,1.96,26670000000.0,,26670000000.0,138580872417.0,13.0,10.424,8597000000.0,2.482,1.0,29878000000.0,1.0,10193000000.0,0.0,361044000000.0,,0.0,224036000000.0,,,281315000000.0,,,73459872417.0,-2112000000.0,-1203000000.0,-1511000000.0,12324000000.0,-2799000000.0,21345000000.0,-33752000000.0,-31756000000.0,10166000000.0,129000000.0,6756000000.0,6756000000.0,6756000000.0,0.0,62000000.0,0.226,19470000000.0,10408000000.0,0.0,0.375,2.754,10.873,19.564,4010000000.0,0.0,38.345,2.459,4.446,0.0,15767000000.0,29878000000.0,29878000000.0,0.0,,,,0.363,0.0,17744000000.0,1.0,1915761440.0,3464336000,3464336000.0,8.624,297792000000.0,0.0,4088000000.0,0.0,85.959,
93,BAC,MRT,1998-03-31,1998-03-31,1998-03-31,2021-08-02,0.0,314503000000.0,,,,,7.312,-1329000000.0,26176000000.0,26176000000.0,0.0,5439000000.0,,11.47,91297000000.0,,,91297000000.0,0.0,2216000000.0,170046000000.0,0.019,0.71,8736000000.0,10952000000.0,0.425,10952000000.0,8736000000.0,8736000000.0,1.785,1.73,1.785,25220000000.0,,25220000000.0,128297542841.0,15.0,11.715,4473000000.0,1.297,1.0,25749000000.0,1.0,10404000000.0,0.0,369220000000.0,,0.0,228893000000.0,,,289283000000.0,,,70183542841.0,-1452000000.0,-1253000000.0,-3281000000.0,26431000000.0,-2487000000.0,25685000000.0,-33043000000.0,-31169000000.0,5802000000.0,104000000.0,5385000000.0,5385000000.0,5385000000.0,0.0,54000000.0,0.209,17366000000.0,8383000000.0,0.0,0.398,2.783,13.033,20.431,4272000000.0,0.0,36.47,2.726,4.885,0.0,14724000000.0,25749000000.0,25749000000.0,0.0,,,,0.339,0.0,15310000000.0,1.0,1924418504.0,3448980000,3448980000.0,7.466,304099000000.0,0.0,3351000000.0,0.0,88.171,
94,BAC,MRT,1997-12-31,1997-12-31,1997-12-31,2021-08-02,407000000.0,570983000000.0,378388500000.0,,,0.075,12.862,-1307000000.0,57029000000.0,57029000000.0,0.0,6542000000.0,,11.807,131817000000.0,,,131817000000.0,0.0,1963000000.0,346297000000.0,0.023,0.685,10445000000.0,12408000000.0,0.439,12408000000.0,10445000000.0,10445000000.0,1.855,1.805,1.855,44584000000.0,29146500000.0,44584000000.0,,,,2942000000.0,0.849,1.0,28284000000.0,1.0,15754000000.0,0.0,630017000000.0,422427500000.0,0.0,404433000000.0,,,526399000000.0,,,58511944614.0,-105000000.0,1289000000.0,-6648000000.0,26323000000.0,-2175000000.0,21851000000.0,-26307000000.0,-26899000000.0,4249000000.0,102000000.0,6431000000.0,6431000000.0,6431000000.0,0.0,111000000.0,0.227,17999000000.0,10285000000.0,0.0,0.369,1.312,9.098,16.391,8123000000.0,0.0,30.405,2.069,3.726,0.0,28438000000.0,28284000000.0,28284000000.0,0.0,0.017,0.221,0.025,0.369,0.0,16770000000.0,1.0,1924418504.0,3466388000,3466388000.0,8.16,555229000000.0,0.0,4014000000.0,0.0,160.175,
95,BAC,MRT,1997-09-30,1997-09-30,1997-09-30,2021-08-02,,,,,,,,,,,,,,,,,,,,,,0.021,0.66,,,,,,,,,,,,,,,,,,1.0,,,,,,,,,,,,,,,,,,,,,,,,,,,,,,,,,,,,,,,,30.94,,,,,,,,,,,,,,1.0,,3444486000,,,,,,,,
96,BAC,MRT,1997-06-30,1997-06-30,1997-06-30,2021-08-02,,,,,,,,,,,,,,,,,,,,,,0.02,0.64,,,,,,,,,,,,,,,,,,1.0,,,,,,,,,,,,,,,,,,,,,,,,,,,,,,,,,,,,,,,,32.28,,,,,,,,,,,,,,1.0,,1892924000,,,,,,,,
97,BAC,MRT,1997-03-31,1997-03-31,1997-03-31,2021-08-02,,,,,,,,,,,,,,,,,,,,,,0.022,0.62,,,,,,,,,,,,,,,,,,1.0,,,,,,,,,,,,,,,,,,,,,,,,,,,,,,,,,,,,,,,,27.75,,,,,,,,,,,,,,1.0,,1890368000,,,,,,,,
98,BAC,MRT,1996-12-31,1996-12-31,1996-12-31,2021-08-02,0.0,185794000000.0,,,,,4.184,-1837000000.0,17735000000.0,17735000000.0,0.0,5813000000.0,,12.553,48809000000.0,,,48809000000.0,0.0,1527000000.0,106498000000.0,0.025,0.6,9109000000.0,10636000000.0,0.427,10636000000.0,9109000000.0,9109000000.0,1.71,1.68,1.71,13709000000.0,,13709000000.0,,,,2043000000.0,0.623,1.0,24913000000.0,1.0,2030000000.0,0.0,214838000000.0,,0.0,136863000000.0,,,172085000000.0,,,,2510000000.0,795000000.0,-2620000000.0,-3590000000.0,-1888000000.0,-4929000000.0,3537000000.0,3885000000.0,3880000000.0,22000000.0,5611000000.0,5611000000.0,5611000000.0,0.0,202000000.0,0.225,15749000000.0,9164000000.0,0.0,0.351,,,14.291,2712000000.0,0.0,24.438,,3.214,0.0,9673000000.0,24913000000.0,24913000000.0,0.0,,,,0.366,0.0,14807000000.0,1.0,,3276764000,3276764000.0,7.603,183764000000.0,0.0,3498000000.0,0.0,56.081,
99,BAC,MRT,1995-12-31,1995-12-31,1995-12-31,2021-08-02,,,,,,,,-905000000.0,,,0.0,1950000000.0,,,,,,,,399000000.0,,0.03,0.52,2983000000.0,3382000000.0,0.415,3382000000.0,2983000000.0,2983000000.0,1.78,1.76,1.78,,,,,,,-5838000000.0,-5.356,1.0,8143000000.0,1.0,,0.0,,,,,,,,,,,-1134000000.0,-567000000.0,-283000000.0,10997000000.0,-575000000.0,9981000000.0,-6182000000.0,-4914000000.0,-4933000000.0,0.0,1942000000.0,1942000000.0,1942000000.0,0.0,8000000.0,0.238,5181000000.0,2962000000.0,,0.292,,,9.778,,0.0,17.405,,2.33,,,8143000000.0,8143000000.0,0.0,,,,0.366,0.0,5044000000.0,1.0,,1089918000,1089918000.0,7.471,,,1041000000.0,,,
