None,ticker,dimension,calendardate,datekey,reportperiod,lastupdated,accoci,assets,assetsavg,assetsc,assetsnc,assetturnover,bvps,capex,cashneq,cashnequsd,cor,consolinc,currentratio,de,debt,debtc,debtnc,debtusd,deferredrev,depamor,deposits,divyield,dps,ebit,ebitda,ebitdamargin,ebitdausd,ebitusd,ebt,eps,epsdil,epsusd,equity,equityavg,equityusd,ev,evebit,evebitda,fcf,fcfps,fxusd,gp,grossmargin,intangibles,intexp,invcap,invcapavg,inventory,investments,investmentsc,investmentsnc,liabilities,liabilitiesc,liabilitiesnc,marketcap,ncf,ncfbus,ncfcommon,ncfdebt,ncfdiv,ncff,ncfi,ncfinv,ncfo,ncfx,netinc,netinccmn,netinccmnusd,netincdis,netincnci,netmargin,opex,opinc,payables,payoutratio,pb,pe,pe1,ppnenet,prefdivis,price,ps,ps1,receivables,retearn,revenue,revenueusd,rnd,roa,roe,roic,ros,sbcomp,sgna,sharefactor,sharesbas,shareswa,shareswadil,sps,tangibles,taxassets,taxexp,taxliabilities,tbvps,workingcapital
0,SHW,MRY,2020-12-31,2020-12-31,2020-12-31,2021-10-20,-718300000,20401600000,20569025000.0,4591400000,15810200000,0.893,13.31,-303800000.0,226600000,226600000,9679100000.0,2030400000.0,0.999,4.65,10113500000,412500000,9701000000,10113500000,0,962700000.0,0,0.007,1.787,2859600000.0,3822300000.0,0.208,3822300000.0,2859600000.0,2519200000.0,7.483,7.36,7.483,3610800000,3744275000.0,3610800000,76219937704.0,27.0,19.941,3104800000.0,11.445,1.0,8682600000.0,0.473,11520300000,340400000.0,14173800000,14655375000.0,1804100000,0,0,0,16790800000,4594400000,12196400000,66747837704.0,64800000.0,0.0,-2081200000.0,-410300000.0,-488000000.0,-3020100000.0,-322400000.0,-79300000.0,3408600000.0,-1300000.0,2030400000.0,2030400000.0,2030400000.0,0.0,0.0,0.111,5821300000.0,2861300000.0,2117800000,0.239,18.486,32.874,32.737,3595600000,0.0,244.97,3.635,3.619,2078100000,844300000,18361700000.0,18361700000.0,0.0,0.099,0.542,0.195,0.156,95900000.0,5505600000.0,1.0,272473518.0,271277583.0,275827869.0,67.686,8881300000,0,488800000.0,1029600000,32.739,-3000000
1,SHW,MRY,2019-12-31,2019-12-31,2019-12-31,2021-10-20,-679500000,20496200000,20877050000.0,4631700000,15864500000,0.857,14.971,-328900000.0,161800000,161800000,9864700000.0,1541300000.0,1.024,3.971,10427500000,1006100000,9421400000,10427500000,0,945700000.0,0,0.008,1.507,2331100000.0,3276800000.0,0.183,3276800000.0,2331100000.0,1981800000.0,5.597,5.497,5.597,4123300000,3838450000.0,4123300000,64301411910.0,28.0,19.623,1992400000.0,7.234,1.0,8036100000.0,0.449,11739300000,349300000.0,14500700000,14575300000.0,1889600000,0,0,0,16372900000,4521900000,11851000000,53866133910.0,6300000.0,-77300000.0,-624200000.0,-658600000.0,-420800000.0,-1846400000.0,-462600000.0,-63300000.0,2321300000.0,-6000000.0,1541300000.0,1541300000.0,1541300000.0,0.0,0.0,0.086,5748900000.0,2287200000.0,1876300000,0.269,13.064,34.949,34.753,3520800000,0.0,194.513,3.009,2.993,2088900000,7366900000,17900800000.0,17900800000.0,0.0,0.074,0.402,0.16,0.13,101700000.0,5314000000.0,1.0,276927720.0,275410584.0,280340526.0,64.997,8756900000,0,440500000.0,1055600000,31.796,109800000
2,SHW,MRY,2018-12-31,2018-12-31,2018-12-31,2021-10-20,-629900000,19134300000,19865171000.0,4344500000,14789800000,0.883,13.373,-251000000.0,155500000,155500000,10115900000.0,1108700000.0,1.011,4.129,9343700000,635600000,8708100000,9343700000,0,596300000.0,0,0.009,1.147,1726400000.0,2322700000.0,0.132,2322700000.0,1726400000.0,1359700000.0,3.973,3.89,3.973,3730700000,3752432500.0,3730700000,46328225687.0,27.0,19.946,1692700000.0,6.068,1.0,7418600000.0,0.423,12158300000,366700000.0,11866500000,12927461250.0,1815300000,0,0,0,15403600000,4297700000,11105900000,36838210687.0,-48700000.0,0.0,-522600000.0,-928200000.0,-322900000.0,-1746700000.0,-251600000.0,-39000000.0,1943700000.0,5900000.0,1108700000.0,1108700000.0,1108700000.0,0.0,0.0,0.063,5541000000.0,1877600000.0,1799400000,0.289,9.874,33.226,33.011,1776800000,0.0,131.153,2.101,2.087,2018800000,6246500000,17534500000.0,17534500000.0,0.0,0.056,0.295,0.134,0.098,82600000.0,5222900000.0,1.0,280878951.0,278977371.0,284964210.0,62.853,6976000000,0,251000000.0,1211700000,25.006,46800000
3,SHW,MRY,2017-12-31,2017-12-31,2017-12-31,2021-10-20,-384900000,19899500000,17096364500.0,4407000000,15492500000,0.876,13.003,-222800000.0,204200000,204200000,8265000000.0,1727900000.0,1.105,4.455,10520600000,634900000,9885700000,10520600000,0,491800000.0,0,0.008,1.133,1691200000.0,2183000000.0,0.146,2183000000.0,1691200000.0,1427700000.0,6.2,6.067,6.2,3647900000,2711374750.0,3647900000,49085889117.0,29.0,22.486,1661200000.0,5.921,1.0,6718800000.0,0.448,12816700000,263500000.0,13412000000,11364386250.0,1742500000,0,0,0,16251600000,3987200000,12264400000,38344446117.0,-685600000.0,-8810300000.0,143600000.0,6778700000.0,-319000000.0,6514100000.0,-9047400000.0,-61500000.0,1884000000.0,-36300000.0,1727900000.0,1727900000.0,1727900000.0,0.0,0.0,0.115,5027300000.0,1691500000.0,1791500000,0.183,10.511,22.191,22.045,1877100000,0.0,136.68,2.559,2.559,2104600000,5458400000,14983800000.0,14983800000.0,0.0,0.101,0.637,0.149,0.113,90300000.0,4818500000.0,1.0,280541748.0,280541748.0,,53.41,7082800000,0,-300200000.0,1499500000,25.247,419800000
4,SHW,MRY,2016-12-31,2016-12-31,2016-12-31,2021-10-20,-540351000,6752521000,6593569500.0,3627298000,3125223000,1.798,6.739,-239026000.0,889793000,889793000,5934344000.0,1132703000.0,1.282,2.595,1952540000,741214000,1211326000,1952540000,0,197478000.0,0,0.013,1.12,1749321000.0,1946799000.0,0.164,1946799000.0,1749321000.0,1595233000.0,4.11,3.997,4.11,1878441000,1430919000.0,1878441000,26227174316.0,15.0,13.472,1069546000.0,3.837,1.0,5921258000.0,0.499,1381902000,154088000.0,3604187000,4107311500.0,1068326000,0,0,0,4874080000,2829179000,2044901000,24968026316.0,684049000.0,0.0,86831000.0,-1510000.0,-312082000.0,-307353000.0,-303774000.0,-103182000.0,1308572000.0,-13396000.0,1132703000.0,1132703000.0,1132703000.0,0.0,0.0,0.096,4188720000.0,1732538000.0,1034608000,0.273,13.292,22.043,21.796,1095888000,0.0,89.58,2.106,2.106,1230987000,4049497000,11855602000.0,11855602000.0,0.0,0.172,0.792,0.426,0.148,72109000.0,4152628000.0,1.0,278723223.0,278723223.0,,42.535,5370619000,57162000,462530000.0,150598000,19.269,798119000
5,SHW,MRY,2015-12-31,2015-12-31,2015-12-31,2021-10-20,-587095000,5778937000,5962334000.0,2657180000,3121757000,1.902,3.107,-234340000.0,205744000,205744000,5779691000.0,1053849000.0,1.241,5.658,1949894000,42616000,1907278000,1949894000,0,198560000.0,0,0.01,0.893,1610757000.0,1809317000.0,0.16,1809317000.0,1610757000.0,1548966000.0,3.81,3.717,3.81,867910000,767647250.0,867910000,26038002694.0,16.0,14.391,1213123000.0,4.343,1.0,5559613000.0,0.49,1398704000,61791000.0,3982524000,3819731250.0,1018530000,0,0,0,4911027000,2141859000,2769168000,24168893694.0,165012000.0,0.0,-945301000.0,167288000.0,-249647000.0,-980353000.0,-288633000.0,-65593000.0,1447463000.0,-13465000.0,1053849000.0,1053849000.0,1053849000.0,0.0,0.0,0.093,3944173000.0,1615440000.0,1157561000,0.234,27.847,22.934,22.712,1041862000,0.0,86.533,2.131,2.131,1114275000,3228876000,11339304000.0,11339304000.0,0.0,0.177,1.373,0.422,0.142,72342000.0,3915936000.0,1.0,279301545.0,279301545.0,,40.599,4380233000,87883000,495117000.0,219855000,15.683,515321000
6,SHW,MRY,2014-12-31,2014-12-31,2014-12-31,2021-10-20,-471958000,5699333000,6136640750.0,2565566000,3133767000,1.814,3.46,-200545000.0,40732000,40732000,5965049000.0,865887000.0,0.957,4.72,1798697000,682701000,1115996000,1798697000,0,198945000.0,0,0.008,0.733,1322431000.0,1521376000.0,0.137,1521376000.0,1322431000.0,1258226000.0,3.0,2.923,3.0,996470000,1381601000.0,996470000,26670485167.0,20.0,17.531,880983000.0,3.059,1.0,5164484000.0,0.464,1447473000,64205000.0,3329159000,3471489750.0,1033527000,0,0,0,4702863000,2680666000,2022197000,25251233167.0,-704157000.0,0.0,-1388594000.0,92236000.0,-215263000.0,-1467075000.0,-310050000.0,-111021000.0,1081528000.0,-8560000.0,865887000.0,865887000.0,865887000.0,0.0,0.0,0.078,3860448000.0,1304036000.0,1042182000,0.244,25.341,29.162,29.227,1021030000,0.0,87.68,2.269,2.269,1130565000,2424674000,11129533000.0,11129533000.0,0.0,0.141,0.627,0.381,0.119,64735000.0,3860448000.0,1.0,287993079.0,287993079.0,,38.645,4251860000,109087000,392339000.0,86744000,14.764,-115100000
7,SHW,MRY,2013-12-31,2013-12-31,2013-12-31,2021-10-20,-321044000,6382507000,6469704750.0,3158717000,3223790000,1.574,5.837,-166680000.0,744889000,744889000,5568966000.0,752561000.0,1.249,2.597,1721872000,599499000,1122373000,1721872000,0,187794000.0,0,0.011,0.667,1148672000.0,1336466000.0,0.131,1336466000.0,1148672000.0,1085958000.0,2.47,2.42,2.47,1774535000,1831167750.0,1774535000,19488547822.0,17.0,14.582,917086000.0,3.017,1.0,4616566000.0,0.453,1491986000,62714000.0,3338947000,3786305000.0,970815000,0,0,0,4607972000,2528557000,2079415000,18594610822.0,-117701000.0,-79940000.0,-699510000.0,21175000.0,-204978000.0,-853308000.0,-338314000.0,-94739000.0,1083766000.0,-9845000.0,752561000.0,752561000.0,752561000.0,0.0,0.0,0.074,3470200000.0,1146366000.0,998484000,0.27,10.479,24.708,24.764,1021383000,0.0,61.167,1.826,1.826,1097751000,1774050000,10185532000.0,10185532000.0,0.0,0.116,0.411,0.303,0.113,58004000.0,3470200000.0,1.0,303999087.0,303999087.0,,33.505,4890521000,104496000,333397000.0,79504000,16.087,630160000
8,SHW,MRY,2012-12-31,2012-12-31,2012-12-31,2021-10-20,-370389000,6234737000,5735824000.0,3149238000,3085499000,1.662,5.793,-157112000.0,862590000,862590000,5328236000.0,631034000.0,1.678,2.48,1704889000,72724000,1632165000,1704889000,0,179202000.0,0,0.01,0.52,950097000.0,1129299000.0,0.118,1129299000.0,950097000.0,907309000.0,2.05,2.007,2.05,1791804000,1654766000.0,1791804000,16774177585.0,18.0,14.854,730774000.0,2.363,1.0,4206226000.0,0.441,1503558000,42788000.0,3697042000,3075414750.0,920324000,0,0,0,4442933000,1876436000,2566497000,15859926585.0,829894000.0,-99242000.0,-336640000.0,700858000.0,-160939000.0,286578000.0,-342455000.0,-95778000.0,887886000.0,-2115000.0,631034000.0,631034000.0,631034000.0,0.0,0.0,0.066,3268982000.0,937244000.0,922999000,0.254,8.851,25.133,25.011,965896000,0.0,51.273,1.663,1.663,1032508000,1226467000,9534462000.0,9534462000.0,0.0,0.11,0.381,0.309,0.1,54348000.0,3264896000.0,1.0,309321153.0,309321153.0,,30.824,4731179000,126730000,276275000.0,52104000,15.295,1272802000
9,SHW,MRY,2011-12-31,2011-12-31,2011-12-31,2021-10-20,-367878000,5229252000,5449203250.0,2261593000,2967659000,1.609,4.873,-153801000.0,32696000,32696000,5021137000.0,441860000.0,1.046,2.447,993367000,354136000,639231000,993367000,0,180904000.0,0,0.016,0.487,784045000.0,964949000.0,0.11,964949000.0,784045000.0,741548000.0,1.407,1.38,1.407,1516919000,1626731250.0,1516919000,10385529189.0,13.0,10.763,582011000.0,1.87,1.0,3744562000.0,0.427,1413881000,42497000.0,2613381000,2844929000.0,926809000,0,0,0,3712333000,2162661000,1549672000,9262715189.0,-25889000.0,-44436000.0,-297836000.0,-52450000.0,-153512000.0,-475209000.0,-277769000.0,-92374000.0,735812000.0,-8723000.0,441860000.0,441860000.0,441860000.0,0.0,0.0,0.05,2969037000.0,775525000.0,965149000,0.346,6.106,20.963,21.149,956530000,0.0,29.757,1.057,1.057,989873000,756372000,8765699000.0,8765699000.0,0.0,0.081,0.272,0.276,0.089,44965000.0,2963545000.0,1.0,311282016.0,311282016.0,,28.16,3815371000,149207000,299688000.0,120555000,12.257,98932000
10,SHW,MRY,2010-12-31,2010-12-31,2010-12-31,2021-10-20,-278321000,5169235000,4899837500.0,2213722000,2955513000,1.587,4.97,-125162000.0,58585000,58585000,4295346000.0,462485000.0,1.073,2.212,1044793000,396467000,648326000,1044793000,0,175311000.0,0,0.017,0.48,748379000.0,923690000.0,0.119,923690000.0,748379000.0,677784000.0,1.427,1.403,1.427,1609440000,1569737000.0,1609440000,10040933332.0,13.0,10.87,581428000.0,1.796,1.0,3481078000.0,0.448,1422962000,70595000.0,2668541000,2597960500.0,917701000,0,0,0,3559795000,2063940000,1495855000,9039539332.0,-10744000.0,-298161000.0,-273468000.0,213211000.0,-156424000.0,-223568000.0,-489949000.0,-74961000.0,706590000.0,-3817000.0,462485000.0,462485000.0,462485000.0,0.0,0.0,0.059,2736409000.0,744669000.0,909649000,0.336,5.617,19.546,19.563,952118000,0.0,27.917,1.162,1.162,916661000,4824489000,7776424000.0,7776424000.0,0.0,0.094,0.295,0.288,0.096,34761000.0,2731925000.0,1.0,323804394.0,323804394.0,,24.016,3746273000,127348000,215299000.0,62547000,11.57,149782000
11,SHW,MRY,2009-12-31,2009-12-31,2009-12-31,2021-10-20,-317455000,4323855000,4421942750.0,1770019000,2553836000,1.604,4.385,-91328000.0,69329000,69329000,3831080000.0,435848000.0,1.27,1.9,817611000,34941000,782670000,817611000,0,170904000.0,0,0.023,0.473,662843000.0,833747000.0,0.118,833747000.0,662843000.0,622817000.0,1.267,1.26,1.267,1490950000,1627439750.0,1490950000,7665665374.0,12.0,9.194,767858000.0,2.258,1.0,3263169000.0,0.46,1294238000,40026000.0,2384231000,2132905250.0,738488000,0,0,0,2832905000,1393668000,1439237000,6987456374.0,43117000.0,-15440000.0,-493767000.0,-23347000.0,-162561000.0,-682830000.0,-130399000.0,-29230000.0,859186000.0,-2840000.0,435848000.0,435848000.0,435848000.0,0.0,0.0,0.061,2582539000.0,680630000.0,674766000,0.373,4.687,16.032,16.219,818685000,0.0,20.55,0.985,0.985,696055000,4518428000,7094249000.0,7094249000.0,0.0,0.099,0.268,0.311,0.093,9860000.0,2568395000.0,1.0,340022208.0,340022208.0,,20.864,3029617000,121276000,186969000.0,76499000,8.91,376351000
12,SHW,MRY,2008-12-31,2008-12-31,2008-12-31,2021-10-20,-410618000,4415759000,4915382250.0,1909205000,2506554000,1.623,4.578,-117203000.0,26212000,26212000,4480927000.0,476876000.0,0.986,1.75,833735000,530008000,303727000,833735000,0,165511000.0,0,0.023,0.467,780159000.0,945670000.0,0.119,945670000.0,780159000.0,714475000.0,1.347,1.333,1.347,1605648000,1657268750.0,1605648000,7970788365.0,10.0,8.429,759030000.0,2.164,1.0,3498800000.0,0.438,1306675000,65684000.0,1979871000,2315976750.0,864200000,0,0,0,2810111000,1936736000,873375000,6984912365.0,-1113000.0,-68688000.0,-355227000.0,-123408000.0,-165111000.0,-637910000.0,-236828000.0,-62067000.0,876233000.0,-2608000.0,476876000.0,476876000.0,476876000.0,0.0,0.0,0.06,2717503000.0,781297000.0,738093000,0.347,4.35,14.647,14.786,860125000,0.0,19.917,0.875,0.875,769985000,4245141000,7979727000.0,7979727000.0,0.0,0.097,0.288,0.337,0.098,71742000.0,2662899000.0,1.0,350706897.0,350706897.0,,22.753,3109084000,97568000,237599000.0,58510000,8.865,-27531000
13,SHW,MRY,2007-12-31,2007-12-31,2007-12-31,2021-10-20,-198603000,4855340000,4990025750.0,2069580000,2785760000,1.604,4.739,-165870000.0,27325000,27325000,4406365000.0,615578000.0,0.966,1.719,965448000,671994000,293454000,965448000,0,163479000.0,0,0.022,0.42,984573000.0,1148052000.0,0.143,1148052000.0,984573000.0,912943000.0,1.613,1.567,1.613,1785727000,1889973500.0,1785727000,8230123598.0,8.0,7.169,708675000.0,1.881,1.0,3598927000.0,0.45,1347757000,71630000.0,2304321000,2357406750.0,887465000,0,0,0,3069613000,2141385000,928228000,7290668598.0,-441845000.0,-282416000.0,-791858000.0,72009000.0,-162301000.0,-866617000.0,-456616000.0,-32154000.0,874545000.0,6843000.0,615578000.0,615578000.0,615578000.0,0.0,0.0,0.077,2630774000.0,968153000.0,740797000,0.26,4.083,11.844,11.994,899372000,0.0,19.347,0.911,0.911,870675000,3935485000,8005292000.0,8005292000.0,0.0,0.123,0.326,0.418,0.123,57292000.0,2614651000.0,1.0,376843656.0,376843656.0,,21.243,3507583000,104600000,297365000.0,70669000,9.308,-71805000
14,SHW,MRY,2006-12-31,2006-12-31,2006-12-31,2021-10-20,-262464000,4995087000,5014705000.0,2450281000,2544806000,1.557,4.926,-209939000.0,469170000,469170000,4395119000.0,576058000.0,1.181,1.507,874507000,582631000,291876000,874507000,0,145917000.0,0,0.016,0.333,901474000.0,1047391000.0,0.134,1047391000.0,901474000.0,834312000.0,1.437,1.397,1.437,1992360000,1966926500.0,1992360000,8954809549.0,10.0,8.55,605902000.0,1.498,1.0,3414640000.0,0.437,1202386000,67162000.0,2123223000,2211204250.0,825179000,21200000,21200000,0,3002727000,2074815000,927912000,8572036549.0,433129000.0,-51176000.0,-212479000.0,251519000.0,-135357000.0,-63649000.0,-319752000.0,-67616000.0,815841000.0,689000.0,576058000.0,576058000.0,576058000.0,0.0,0.0,0.074,2536373000.0,878267000.0,779369000,0.232,4.302,14.881,14.748,828781000,0.0,21.193,1.098,1.098,864972000,3485564000,7809759000.0,7809759000.0,0.0,0.115,0.293,0.408,0.115,50162000.0,2534990000.0,1.0,404468538.0,404468538.0,,19.309,3792701000,120101000,258254000.0,61246000,9.377,375466000
15,SHW,MRY,2005-12-31,2005-12-31,2005-12-31,2021-10-20,-213540000,4369195000,4509891750.0,1894385000,2474810000,1.594,4.214,-143072000.0,36041000,36041000,4110296000.0,463258000.0,1.219,1.525,621170000,134174000,486996000,621170000,0,143517000.0,0,0.018,0.273,704445000.0,847962000.0,0.118,847962000.0,704445000.0,654859000.0,1.13,1.093,1.13,1730612000,1696926000.0,1730612000,6968870565.0,10.0,8.218,573630000.0,1.397,1.0,3080365000.0,0.428,1178317000,49586000.0,2221636000,2405842250.0,808544000,0,0,0,2638583000,1554371000,1084212000,6218271565.0,-9891000.0,-23285000.0,-298116000.0,-114392000.0,-113588000.0,-530006000.0,-199747000.0,-37134000.0,716702000.0,3160000.0,463258000.0,463258000.0,463258000.0,0.0,0.0,0.064,2377142000.0,703223000.0,719977000,0.242,3.593,13.423,13.398,745148000,0.0,15.14,0.865,0.865,809277000,3044863000,7190661000.0,7190661000.0,0.0,0.103,0.273,0.293,0.098,40258000.0,2355142000.0,1.0,410718069.0,410718069.0,,17.508,3190878000,107739000,191601000.0,80987000,7.769,340014000
16,SHW,MRY,2004-12-31,2004-12-31,2004-12-31,2021-10-20,-209582000,4274151000,4073310750.0,1781928000,2492223000,1.501,3.885,-106822000.0,45932000,45932000,3412378000.0,393254000.0,1.172,1.595,738268000,250029000,488239000,738268000,0,125642000.0,0,0.015,0.227,618864000.0,744506000.0,0.122,744506000.0,618864000.0,578916000.0,0.93,0.907,0.93,1647246000,1543115250.0,1647246000,7088638970.0,11.0,9.521,437859000.0,1.033,1.0,2701411000.0,0.442,1208344000,39948000.0,2238006000,2180885500.0,772852000,0,0,0,2626905000,1520137000,1106768000,6308306970.0,-256881000.0,-554478000.0,-178869000.0,157549000.0,-96915000.0,-123392000.0,-681881000.0,-12739000.0,544681000.0,3711000.0,393254000.0,393254000.0,393254000.0,0.0,0.0,0.064,2083452000.0,617959000.0,650977000,0.244,3.83,16.041,15.996,720360000,0.0,14.877,1.032,1.032,724385000,2695193000,6113789000.0,6113789000.0,0.0,0.097,0.255,0.284,0.101,51878000.0,2083452000.0,1.0,424040352.0,424040352.0,,14.418,3065807000,88985000,185662000.0,95558000,7.23,261791000
17,SHW,MRY,2003-12-31,2003-12-31,2003-12-31,2021-10-20,-229268000,3682608000,3565458250.0,1715144000,1967464000,1.517,3.336,-116507000.0,302813000,302813000,2952469000.0,332058000.0,1.486,1.524,513588000,10596000,502992000,513588000,0,116564000.0,0,0.018,0.207,561668000.0,678232000.0,0.125,678232000.0,561668000.0,522926000.0,0.763,0.753,0.763,1458857000,1384793250.0,1458857000,5432294300.0,10.0,8.009,442422000.0,1.012,1.0,2455295000.0,0.454,750733000,38742000.0,1988480000,2090274250.0,638237000,0,0,0,2223751000,1154170000,1069581000,5064294300.0,138801000.0,-48374000.0,-190680000.0,-8095000.0,-90689000.0,-290774000.0,-136053000.0,-27875000.0,558929000.0,6699000.0,332058000.0,332058000.0,332058000.0,0.0,0.0,0.061,1881664000.0,573631000.0,587935000,0.271,3.471,15.251,15.177,650250000,0.0,11.58,0.936,0.936,544070000,2398854000,5407764000.0,5407764000.0,0.0,0.093,0.24,0.269,0.104,37250000.0,1881664000.0,1.0,437331114.0,437331114.0,,12.365,2931875000,86616000,190868000.0,89081000,6.704,560974000
18,SHW,MRY,2002-12-31,2002-12-31,2002-12-31,2021-10-20,-261172000,3432312000,3443267250.0,1505993000,1926319000,1.506,2.984,-126530000.0,164012000,164012000,2846201000.0,127565000.0,1.39,1.558,521683000,15001000,506682000,521683000,0,115648000.0,0,0.021,0.2,354503000.0,470151000.0,0.091,470151000.0,354503000.0,314028000.0,0.283,0.28,0.283,1341890000,1318671750.0,1341890000,4706176814.0,13.0,10.01,432387000.0,0.962,1.0,2338587000.0,0.451,738246000,40475000.0,1968241000,2064549250.0,624650000,0,0,0,2090422000,1083496000,1006926000,4234010814.0,45198000.0,-26649000.0,-152804000.0,-95305000.0,-91007000.0,-343843000.0,-172561000.0,-16144000.0,558917000.0,2685000.0,127565000.0,127565000.0,127565000.0,0.0,0.0,0.025,1784527000.0,554060000.0,522339000,0.707,3.155,33.191,33.274,664600000,0.0,9.417,0.817,0.817,493935000,2157485000,5184788000.0,5184788000.0,0.0,0.037,0.097,0.172,0.068,31253000.0,1784527000.0,1.0,449629467.0,449629467.0,,11.531,2694066000,116228000,186463000.0,101178000,5.992,422497000
19,SHW,MRY,2001-12-31,2001-12-31,2001-12-31,2021-10-20,-204553000,3627925000,3735778500.0,1506945000,2120980000,1.356,3.211,-82572000.0,118814000,118814000,2846376000.0,263158000.0,1.32,1.439,615369000,111852000,503517000,615369000,0,148098000.0,0,0.021,0.193,479076000.0,627174000.0,0.124,627174000.0,479076000.0,424449000.0,0.563,0.56,0.563,1487764000,1460113750.0,1487764000,4961837558.0,10.0,7.911,479074000.0,1.034,1.0,2219629000.0,0.438,976903000,54627000.0,2006224000,2217740750.0,632763000,0,0,0,2140161000,1141353000,998808000,4247212557.0,115918000.0,-15162000.0,-139290000.0,-123064000.0,-90984000.0,-354124000.0,-90892000.0,-16614000.0,561646000.0,-712000.0,263158000.0,263158000.0,263158000.0,0.0,0.0,0.052,1729855000.0,489774000.0,454410000,0.343,2.855,16.139,16.282,672688000,0.0,9.167,0.838,0.838,523278000,2120927000,5066005000.0,5066005000.0,0.0,0.07,0.18,0.216,0.095,22902000.0,1729855000.0,1.0,463332279.0,463332279.0,,10.934,2651022000,104672000,161291000.0,106597000,5.722,365592000
20,SHW,MRY,2000-12-31,2000-12-31,2000-12-31,2021-10-20,-163609000,3750670000,4132581250.0,1551539000,2199131000,1.261,3.056,-132778000.0,2896000,2896000,2904013000.0,16026000.0,1.391,1.548,740449000,119774000,620675000,740449000,0,160030000.0,0,0.021,0.18,205432000.0,365462000.0,0.07,365462000.0,205432000.0,143406000.0,0.033,0.033,0.033,1471864000,1683369250.0,1471864000,5087259470.0,25.0,13.92,330566000.0,0.686,1.0,2307611000.0,0.443,1015939000,62026000.0,2357041000,2477191500.0,703727000,0,0,0,2278806000,1115243000,1163563000,4224325470.0,-15727000.0,-60108000.0,-140438000.0,-1003000.0,-88124000.0,-225667000.0,-253038000.0,-51163000.0,463344000.0,-366000.0,16026000.0,16026000.0,16026000.0,0.0,0.0,0.003,2092407000.0,215204000.0,448799000,5.455,2.87,263.592,265.758,722379000,0.0,8.77,0.811,0.811,594162000,1948753000,5211624000.0,5211624000.0,0.0,0.004,0.01,0.083,0.039,0.0,1740367000.0,1.0,481679073.0,481679073.0,,10.82,2734731000,104662000,127380000.0,74568000,5.677,436296000
21,SHW,MRY,1999-12-31,1999-12-31,1999-12-31,2021-10-20,-145624000,4032812000,4089505750.0,1578099000,2454713000,1.224,3.413,-134171000.0,18623000,18623000,2755323000.0,303860000.0,1.383,1.374,741906000,119949000,621957000,741906000,0,155744000.0,0,0.023,0.16,551286000.0,707030000.0,0.141,707030000.0,551286000.0,490118000.0,0.603,0.6,0.603,1698532000,1665629250.0,1698532000,4363725829.0,8.0,6.172,352895000.0,0.709,1.0,2248514000.0,0.449,1314479000,61168000.0,2300727000,2322010500.0,703388000,0,0,0,2334280000,1140889000,1193391000,3483392829.0,-510000.0,-15427000.0,-138699000.0,-98982000.0,-80954000.0,-320860000.0,-163922000.0,-23435000.0,487066000.0,-2794000.0,303860000.0,303860000.0,303860000.0,0.0,0.0,0.061,1673449000.0,575065000.0,458919000,0.265,2.051,11.464,11.609,711676000,0.0,7.0,0.696,0.696,606046000,2020851000,5003837000.0,5003837000.0,0.0,0.074,0.182,0.237,0.11,0.0,1673449000.0,1.0,497627547.0,497627547.0,,10.055,2718333000,108899000,186258000.0,85396000,5.463,437210000
22,SHW,MRY,1998-12-31,1998-12-31,1998-12-31,2021-10-20,-44927000,4050560000,4174066250.0,1532388000,2518172000,1.182,3.327,-146129000.0,19133000,19133000,2804459000.0,272864000.0,1.427,1.361,848467000,118184000,730283000,848467000,0,147888000.0,0,0.015,0.15,512074000.0,659962000.0,0.134,659962000.0,512074000.0,440103000.0,0.527,0.523,0.527,1715940000,1674104000.0,1715940000,6042354760.0,12.0,9.156,322628000.0,0.625,1.0,2129971000.0,0.432,1414843000,71971000.0,2391030000,2507521250.0,682523000,0,0,0,2334620000,1074021000,1260599000,5051623760.0,15603000.0,0.0,-66973000.0,-157027000.0,-77801000.0,-294222000.0,-158932000.0,-19281000.0,468757000.0,0.0,272864000.0,272864000.0,272864000.0,0.0,0.0,0.055,1598333000.0,531638000.0,408144000,0.285,2.944,18.513,18.583,718857000,0.0,9.793,1.024,1.024,604516000,1797945000,4934430000.0,4934430000.0,0.0,0.065,0.163,0.204,0.104,0.0,1598333000.0,1.0,515822712.0,515822712.0,,9.566,2635717000,102818000,167239000.0,76804000,5.11,458367000
23,SHW,MRY,1997-12-31,1997-12-31,1997-12-31,2021-10-20,-33517000,4035801000,4150703000.0,1532253000,2503548000,1.176,3.07,-163955000.0,3530000,3530000,2784392000.0,260614000.0,1.373,1.535,1004758000,160839000,843919000,1004758000,0,139246000.0,0,0.014,0.133,508114000.0,647360000.0,0.133,647360000.0,508114000.0,427277000.0,0.503,0.5,0.503,1592180000,1509722500.0,1592180000,5918692195.0,12.0,9.143,268351000.0,0.517,1.0,2096711000.0,0.43,1471350000,80837000.0,2450016000,2410234500.0,721668000,0,0,0,2443621000,1115663000,1327958000,4796809195.0,1650000.0,-884525000.0,9296000.0,686767000.0,-69027000.0,622608000.0,-1053264000.0,-5633000.0,432306000.0,0.0,260614000.0,260614000.0,260614000.0,0.0,0.0,0.053,1573510000.0,523201000.0,424184000,0.264,3.013,18.406,18.39,692258000,0.0,9.25,0.983,0.983,546314000,1602882000,4881103000.0,4881103000.0,0.0,0.063,0.173,0.211,0.104,0.0,1573510000.0,1.0,518573967.0,518573967.0,,9.413,2564451000,124669000,166663000.0,44539000,4.945,416590000
24,SHW,MRY,1996-12-31,1996-12-31,1996-12-31,2021-10-20,-18982000,2994590000,2904704250.0,1416187000,1578403000,1.423,2.713,-122720000.0,1880000,1880000,2405178000.0,229157000.0,1.347,1.137,312813000,170134000,142679000,312813000,0,103623000.0,0,0.013,0.117,399914000.0,503537000.0,0.122,503537000.0,399914000.0,375377000.0,0.447,0.443,0.447,1401232000,1320792250.0,1401232000,,,,216595000.0,0.419,1.0,1727701000.0,0.418,650667000,24537000.0,1603849000,1637098500.0,642687000,0,0,0,1593358000,1051007000,542351000,4820367104.0,-247604000.0,-670755000.0,9651000.0,164020000.0,-60029000.0,139579000.0,-726498000.0,57829000.0,339315000.0,0.0,229157000.0,229157000.0,229157000.0,0.0,0.0,0.055,1334606000.0,393095000.0,385928000,0.262,3.44,21.035,20.88,549391000,0.0,9.333,1.166,1.166,452421000,1411295000,4132879000.0,4132879000.0,0.0,0.079,0.173,0.244,0.097,0.0,1309086000.0,1.0,516467904.0,516467904.0,,8.002,2343923000,105065000,146220000.0,65957000,4.538,365180000
25,SHW,MRY,1995-12-31,1995-12-31,1995-12-31,2021-10-20,-20657000,2141053000,2051542000.0,1238898000,902155000,1.596,,-108392000.0,249484000,249484000,1877083000.0,200654000.0,2.002,0.766,24773000,755000,24018000,24773000,0,77918000.0,0,0.016,0.107,321030000.0,398948000.0,0.122,398948000.0,321030000.0,318498000.0,0.393,0.39,0.393,1212126000,1132735000.0,1212126000,,,,174333000.0,,1.0,1396736000.0,0.427,122862000,2532000.0,1174543000,1085166500.0,463087000,20000000,20000000,0,928927000,618937000,309990000,,-1931000.0,-72349000.0,-6263000.0,-804000.0,-54553000.0,-39906000.0,-244750000.0,-69833000.0,282725000.0,0.0,200654000.0,200654000.0,200654000.0,0.0,0.0,0.061,1087224000.0,309512000.0,276863000,0.272,,,17.282,456357000,0.0,6.792,,,334304000,1242167000,3273819000.0,3273819000.0,0.0,0.098,0.177,0.296,0.098,0.0,1075442000.0,1.0,,,,,2018191000,71583000,117844000.0,31891000,,619961000
26,SHW,MRY,1994-12-31,1994-12-31,1994-12-31,2021-10-20,-20006000,1962031000,,1188624000,773407000,,,-78660000.0,251415000,251415000,1772671000.0,186571000.0,1.991,0.863,20465000,0,20465000,20465000,0,73724000.0,0,0.017,0.093,301730000.0,375454000.0,0.121,375454000.0,301730000.0,298513000.0,0.357,,0.357,1053344000,,1053344000,,,,171863000.0,,1.0,1327398000.0,0.428,138243000,3217000.0,995790000,,459220000,0,0,0,908687000,597048000,311639000,,21323000.0,-9215000.0,-121847000.0,-19607000.0,-48363000.0,-187372000.0,-41828000.0,37303000.0,250523000.0,0.0,186571000.0,186571000.0,186571000.0,0.0,0.0,0.06,1033890000.0,293508000.0,258930000,0.261,,,15.467,409202000,0.0,5.522,,,310984000,1096066000,3100069000.0,3100069000.0,0.0,,,,0.097,0.0,1018470000.0,1.0,,,,,1823788000,73956000,111942000.0,40768000,,591576000
0,SHW,MRQ,2021-06-30,2021-06-30,2021-06-30,2021-10-20,-701200000,20519600000,,5185700000,15333900000,,10.808,-87100000.0,219600000,219600000,2968400000.0,648600000.0,0.838,6.224,10875500000,1842200000,9033300000,10875500000,0,245800000.0,0,0.007,0.55,902700000.0,1148500000.0,0.213,1148500000.0,902700000.0,819200000.0,2.47,2.42,2.47,2840400000,,2840400000,83040968520.0,27.0,20.651,918500000.0,3.495,1.0,2411400000.0,0.448,11183300000,83500000.0,13801800000,,1804100000,0,0,0,17679200000,6190400000,11488800000,72457968520.0,-95100000.0,-400000.0,-828600000.0,-56100000.0,-145900000.0,-1030500000.0,-66100000.0,9200000.0,1005600000.0,-4100000.0,648600000.0,648600000.0,648600000.0,0.0,0.0,0.121,1510400000.0,901000000.0,2502800000,0.223,25.51,33.375,33.524,3570500000,0.0,272.45,3.688,3.644,2590600000,1604800000,5379800000.0,5379800000.0,0.0,,,,,25500000.0,1432600000.0,1.0,265949600.0,262800000.0,267800000.0,20.471,9336300000,0,170600000.0,1032200000,35.526,-1004700000
1,SHW,MRQ,2021-03-31,2021-03-31,2021-03-31,2021-10-20,-763800000,20435000000,,5109600000,15325400000,,11.583,-64300000.0,314700000,314700000,2544000000.0,409600000.0,0.904,5.638,10897700000,1632400000,9265300000,10897700000,0,242100000.0,0,0.008,0.55,592200000.0,834300000.0,0.179,834300000.0,592200000.0,509000000.0,1.54,1.51,1.54,3078700000,,3078700000,76013975341.0,26.0,19.294,131400000.0,0.494,1.0,2112000000.0,0.454,11221300000,83200000.0,14145100000,,1847300000,0,0,0,17356300000,5651600000,11704700000,66127075341.0,88100000.0,91300000.0,-737000000.0,818000000.0,-151800000.0,-94800000.0,-6400000.0,-34300000.0,195700000.0,-6400000.0,409600000.0,409600000.0,409600000.0,0.0,0.0,0.088,1522600000.0,589400000.0,2217000000,0.357,21.479,31.217,31.31,3509200000,0.0,246.003,3.504,3.465,2414100000,1102100000,4656000000.0,4656000000.0,0.0,,,,,13500000.0,1443400000.0,1.0,268805607.0,265800000.0,270600000.0,17.517,9213700000,0,99400000.0,1080400000,34.664,-542000000
2,SHW,MRQ,2020-12-31,2020-12-31,2020-12-31,2021-10-20,-718300000,20401600000,,4591400000,15810200000,,13.43,-110000000.0,226600000,226600000,2360100000.0,407000000.0,0.999,4.65,10113500000,412500000,9701000000,10113500000,0,252400000.0,0,0.007,0.447,586700000.0,839100000.0,0.187,839100000.0,586700000.0,503900000.0,1.517,1.493,1.517,3610800000,,3610800000,76219937704.0,27.0,19.941,734800000.0,2.733,1.0,2128700000.0,0.474,11520300000,82800000.0,14173800000,,1804100000,0,0,0,16790800000,4594400000,12196400000,66747837704.0,-393300000.0,0.0,-979600000.0,-100000.0,-120200000.0,-1103900000.0,-145800000.0,-57700000.0,844800000.0,11600000.0,407000000.0,407000000.0,407000000.0,0.0,0.0,0.091,1568300000.0,560400000.0,2117800000,0.295,18.486,32.874,32.737,3595600000,0.0,244.97,3.635,3.619,2078100000,844300000,4488800000.0,4488800000.0,0.0,,,,,23000000.0,1486800000.0,1.0,272473518.0,268861479.0,272991384.0,16.696,8881300000,0,96900000.0,1029600000,33.033,-3000000
3,SHW,MRQ,2020-09-30,2020-09-30,2020-09-30,2021-10-20,-792300000,20809700000,,5175600000,15634100000,,15.49,-51500000.0,619900000,619900000,2666900000.0,705800000.0,1.188,3.946,10092000000,403800000,9688200000,10092000000,0,240400000.0,0,0.007,0.447,958900000.0,1199300000.0,0.234,1199300000.0,958900000.0,875600000.0,2.6,2.553,2.6,4207300000,,4207300000,73859538715.0,28.0,20.488,1437700000.0,5.293,1.0,2455300000.0,0.479,11504300000,83300000.0,14419200000,,1672800000,0,0,0,16602400000,4358300000,12244100000,63437938715.0,431800000.0,0.0,-346300000.0,-559500000.0,-122200000.0,-1030100000.0,-29800000.0,7700000.0,1489200000.0,2500000.0,705800000.0,705800000.0,705800000.0,0.0,0.0,0.138,1496000000.0,959300000.0,2056200000,0.172,15.078,33.888,33.722,3518600000,0.0,232.247,3.527,3.507,2454500000,8619500000,5122200000.0,5122200000.0,0.0,,,,,26500000.0,1417300000.0,1.0,273148974.0,271611942.0,276330687.0,18.859,9305400000,0,169800000.0,1121900000,34.26,817300000
4,SHW,MRQ,2020-06-30,2020-06-30,2020-06-30,2021-10-20,-867200000,20494500000,,4883200000,15611300000,,14.259,-35700000.0,188100000,188100000,2395100000.0,595900000.0,1.095,4.296,10609700000,929600000,9680100000,10609700000,0,231500000.0,0,0.009,0.447,835500000.0,1067000000.0,0.232,1067000000.0,835500000.0,747400000.0,2.2,2.16,2.2,3869900000,,3869900000,63745280000.0,26.0,18.554,984000000.0,3.626,1.0,2208900000.0,0.48,11510500000,88100000.0,14946000000,,1788600000,0,0,0,16624600000,4459600000,12165000000,52468780000.0,-50400000.0,0.0,47600000.0,-928200000.0,-122700000.0,-1001800000.0,-48900000.0,-35700000.0,1019700000.0,-19400000.0,595900000.0,595900000.0,595900000.0,0.0,0.0,0.129,1367600000.0,841300000.0,1848400000,0.203,13.558,30.108,30.191,3495200000,0.0,192.617,2.959,2.948,2472500000,8036000000,4604000000.0,4604000000.0,0.0,,,,,26300000.0,1290200000.0,1.0,272400000.0,271400000.0,275900000.0,16.964,8984000000,0,151500000.0,1208900000,33.102,423600000
5,SHW,MRQ,2020-03-31,2020-03-31,2020-03-31,2021-10-20,-901100000,20570300000,,4928000000,15642300000,,12.039,-106600000.0,238500000,238500000,2257000000.0,321700000.0,0.944,5.254,11515000000,1852100000,9662900000,11515000000,0,238400000.0,0,0.01,0.447,478500000.0,716900000.0,0.173,716900000.0,478500000.0,392300000.0,1.18,1.15,1.18,3289100000,,3289100000,52646174542.0,22.0,15.624,-51700000.0,-0.189,1.0,1889700000.0,0.456,11544100000,86200000.0,15082500000,,1954800000,0,0,0,17281200000,5220200000,12061000000,42380474542.0,76700000.0,0.0,-802900000.0,1077500000.0,-122900000.0,115700000.0,-97900000.0,6400000.0,54900000.0,4000000.0,321700000.0,321700000.0,321700000.0,0.0,0.0,0.078,1389400000.0,500300000.0,1958400000,0.379,12.885,26.196,26.006,3512900000,0.0,153.173,2.354,2.324,2291500000,7562700000,4146700000.0,4146700000.0,0.0,,,,,20100000.0,1311300000.0,1.0,276683112.0,273200000.0,278600000.0,15.178,9026200000,0,70600000.0,1056000000,33.039,-292200000
6,SHW,MRQ,2019-12-31,2019-12-31,2019-12-31,2021-10-20,-679500000,20496200000,,4631700000,15864500000,,14.995,-104100000.0,161800000,161800000,2220400000.0,248600000.0,1.024,3.971,10427500000,1006100000,9421400000,10427500000,0,240600000.0,0,0.008,0.377,381200000.0,621800000.0,0.151,621800000.0,381200000.0,297400000.0,0.907,0.89,0.907,4123300000,,4123300000,64301411910.0,28.0,19.623,555800000.0,2.021,1.0,1894000000.0,0.46,11739300000,83800000.0,14500700000,,1889600000,0,0,0,16372900000,4521900000,11851000000,53866133910.0,-27800000.0,-4700000.0,-157600000.0,-224700000.0,-105900000.0,-504700000.0,-174100000.0,-65300000.0,659900000.0,-8900000.0,248600000.0,248600000.0,248600000.0,0.0,0.0,0.06,1575300000.0,318700000.0,1876300000,0.416,13.064,34.949,34.753,3520800000,0.0,194.513,3.009,2.993,2088900000,7366900000,4114400000.0,4114400000.0,0.0,,,,,30800000.0,1374800000.0,1.0,276927720.0,274987251.0,279771168.0,14.962,8756900000,0,48800000.0,1055600000,31.845,109800000
7,SHW,MRQ,2019-09-30,2019-09-30,2019-09-30,2021-10-20,-767100000,20864300000,,4907700000,15956600000,,14.604,-96900000.0,189600000,189600000,2642100000.0,576500000.0,1.009,4.186,10624900000,1229700000,9395200000,10624900000,0,234900000.0,0,0.008,0.377,795100000.0,1030000000.0,0.212,1030000000.0,795100000.0,709800000.0,2.093,2.053,2.093,4022900000,,4022900000,61763408075.0,29.0,20.641,806500000.0,2.928,1.0,2225600000.0,0.457,11848000000,85300000.0,14585800000,,1825000000,0,0,0,16841400000,4865800000,11975600000,50728998075.0,44000000.0,-72600000.0,-81600000.0,-553700000.0,-105100000.0,-757100000.0,-111300000.0,54100000.0,903400000.0,9000000.0,576500000.0,576500000.0,576500000.0,0.0,0.0,0.118,1434700000.0,790900000.0,2028400000,0.18,12.61,36.4,36.223,3457300000,0.0,183.29,2.842,2.829,2479000000,7224300000,4867700000.0,4867700000.0,0.0,,,,,23200000.0,1357200000.0,1.0,276769044.0,275470719.0,280812780.0,17.67,9016300000,0,133300000.0,1191900000,32.731,41900000
8,SHW,MRQ,2019-06-30,2019-06-30,2019-06-30,2021-10-20,-630800000,21186100000,,5090000000,16096100000,,13.611,-76500000.0,145600000,145600000,2696400000.0,471000000.0,0.803,4.653,11180000000,2608300000,8571700000,11180000000,0,236000000.0,0,0.009,0.377,764900000.0,1000900000.0,0.205,1000900000.0,764900000.0,675700000.0,1.71,1.677,1.71,3747500000,,3747500000,53772452215.0,29.0,20.54,717500000.0,2.606,1.0,2181400000.0,0.447,12005500000,89200000.0,13872400000,,1894900000,0,0,0,17438600000,6342600000,11096000000,42307592215.0,51200000.0,0.0,-104800000.0,-376400000.0,-105000000.0,-636000000.0,-105000000.0,-28500000.0,794000000.0,-1800000.0,471000000.0,471000000.0,471000000.0,0.0,0.0,0.097,1416600000.0,764800000.0,2067900000,0.22,11.29,36.124,36.089,3441100000,0.0,152.763,2.388,2.374,2659100000,6753000000,4877800000.0,4877800000.0,0.0,,,,,24600000.0,1338500000.0,1.0,276948606.0,275325885.0,280685175.0,17.716,9180600000,0,204700000.0,1269300000,33.344,-1252600000
9,SHW,MRQ,2019-03-31,2019-03-31,2019-03-31,2021-10-20,-632200000,20961600000,,4815200000,16146400000,,12.543,-51400000.0,94400000,94400000,2305800000.0,245200000.0,0.963,5.058,11559200000,1485200000,10074000000,11559200000,0,234200000.0,0,0.009,0.377,389900000.0,624100000.0,0.154,624100000.0,389900000.0,298900000.0,0.89,0.873,0.89,3460100000,,3460100000,49122832072.0,29.0,20.51,-87400000.0,-0.317,1.0,1735100000.0,0.429,12083500000,91000000.0,15342300000,,1993400000,0,0,0,17501500000,5000600000,12500900000,39934686072.0,-61100000.0,0.0,-280200000.0,496200000.0,-104800000.0,51400000.0,-72200000.0,-23600000.0,-36000000.0,-4300000.0,245200000.0,245200000.0,245200000.0,0.0,0.0,0.061,1322300000.0,412800000.0,1894000000,0.424,11.541,36.18,36.164,3426400000,0.0,143.57,2.268,2.249,2339600000,6386900000,4040900000.0,4040900000.0,0.0,,,,,23100000.0,1243500000.0,1.0,278154810.0,275858484.0,281006184.0,14.648,8878100000,0,53700000.0,1257700000,32.184,-185400000
10,SHW,MRQ,2018-12-31,2018-12-31,2018-12-31,2021-10-20,-629900000,19134300000,,4344500000,14789800000,,13.429,-84816000.0,155500000,155500000,2381507000.0,100942000.0,1.011,4.129,9343700000,635600000,8708100000,9343700000,0,145767000.0,0,0.009,0.287,191440000.0,337207000.0,0.083,337207000.0,191440000.0,102075000.0,0.367,0.36,0.367,3730700000,,3730700000,46328225687.0,27.0,19.946,427669000.0,1.539,1.0,1682721000.0,0.414,12158300000,89365000.0,11866500000,,1815300000,0,0,0,15403600000,4297700000,11105900000,36838210687.0,-25998000.0,0.0,-228551000.0,-188193000.0,-80361000.0,-421214000.0,-136322000.0,-51552000.0,512485000.0,19053000.0,100942000.0,100942000.0,100942000.0,0.0,0.0,0.025,1464994000.0,217727000.0,1799400000,0.782,9.874,33.226,33.011,1776800000,0.0,131.153,2.101,2.087,2018800000,6246500000,4064228000.0,4064228000.0,0.0,,,,,29468000.0,1385913000.0,1.0,280878951.0,277812384.0,283319928.0,14.629,6976000000,0,1133000.0,1211700000,25.11,46800000
11,SHW,MRQ,2018-09-30,2018-09-30,2018-09-30,2021-10-20,-610596000,19921786000,,4979122000,14942664000,,14.073,-64358000.0,181511000,181511000,2721066000.0,354027000.0,1.028,4.068,9671526000,960695000,8710831000,9671526000,0,147458000.0,0,0.008,0.287,508234000.0,655692000.0,0.139,655692000.0,508234000.0,415953000.0,1.267,1.24,1.267,3930525000,,3930525000,52727817025.0,28.0,20.993,787761000.0,2.82,1.0,2010404000.0,0.425,12253184000,92281000.0,12316552000,,1802418000,0,0,0,15991261000,4842065000,11149196000,42507975025.0,26538000.0,0.0,6687000.0,-700779000.0,-80898000.0,-808773000.0,-8295000.0,32063000.0,852119000.0,-8513000.0,354027000.0,354027000.0,354027000.0,0.0,0.0,0.075,1364669000.0,645735000.0,2165724000,0.227,10.815,22.844,22.773,1766354000,0.0,151.737,2.436,2.429,2584280000,6226443000,4731470000.0,4731470000.0,0.0,,,,,16356000.0,1284592000.0,1.0,280143066.0,279299142.0,285405771.0,16.941,7668602000,0,61926000.0,1455198000,27.457,137057000
12,SHW,MRQ,2018-06-30,2018-06-30,2018-06-30,2021-10-20,-542449000,20095822000,,4978295000,15117527000,,13.282,-59573000.0,154973000,154973000,2735168000.0,403604000.0,1.188,4.427,10374815000,651897000,9722918000,10374815000,0,146435000.0,0,0.008,0.287,631593000.0,778028000.0,0.163,778028000.0,631593000.0,538086000.0,1.447,1.417,1.447,3702774000,,3702774000,48780009466.0,26.0,19.309,478774000.0,1.717,1.0,2038628000.0,0.427,12457724000,93507000.0,13667853000,,1815741000,0,0,0,16393048000,4190087000,12202961000,38126416466.0,-3640000.0,0.0,-81183000.0,-327286000.0,-80613000.0,-489264000.0,-66432000.0,-13861000.0,538347000.0,13709000.0,403604000.0,403604000.0,403604000.0,0.0,0.0,0.085,1408733000.0,629895000.0,2049123000,0.198,10.297,20.91,20.805,1776378000,0.0,135.857,2.213,2.199,2625066000,5953313000,4773796000.0,4773796000.0,0.0,,,,,22165000.0,1334840000.0,1.0,280637067.0,278779263.0,284652561.0,17.124,7638098000,0,134482000.0,1538797000,27.398,788208000
13,SHW,MRQ,2018-03-31,2018-03-31,2018-03-31,2021-10-20,-335655000,20308776000,,4827993000,15480783000,,13.02,-42253000.0,158613000,158613000,2278159000.0,250127000.0,1.116,4.571,10812206000,921189000,9891017000,10812206000,0,156640000.0,0,0.009,0.287,395133000.0,551773000.0,0.139,551773000.0,395133000.0,303586000.0,0.893,0.873,0.893,3645731000,,3645731000,47173287327.0,27.0,20.059,-1504000.0,-0.005,1.0,1686847000.0,0.425,12776277000,91547000.0,13858940000,,1942720000,0,0,0,16663045000,4327152000,12335893000,36856845327.0,-45600000.0,0.0,-219553000.0,288058000.0,-81028000.0,-27449000.0,-40551000.0,-5650000.0,40749000.0,-18349000.0,250127000.0,250127000.0,250127000.0,0.0,0.0,0.063,1302604000.0,384243000.0,1975323000,0.321,10.11,21.196,20.98,1840005000,0.0,130.707,2.277,2.261,2326411000,5630323000,3965006000.0,3965006000.0,0.0,,,,,14611000.0,1217555000.0,1.0,281981373.0,280018692.0,286638456.0,14.16,7532499000,0,53459000.0,1593089000,26.9,500841000
14,SHW,MRQ,2017-12-31,2017-12-31,2017-12-31,2021-10-20,-384900000,19899500000,,4407000000,15492500000,,13.003,-79394000.0,204200000,204200000,2240273000.0,853031000.0,1.105,4.455,10520600000,634900000,9885700000,10520600000,0,210787000.0,0,0.008,0.283,315393000.0,526180000.0,0.132,526180000.0,315393000.0,225910000.0,3.057,2.99,3.057,3647900000,,3647900000,49085889117.0,29.0,22.486,545774000.0,1.945,1.0,1739303000.0,0.437,12816700000,89483000.0,13412000000,,1742500000,0,0,0,16251600000,3987200000,12264400000,38344446117.0,-3744000.0,14000.0,49809000.0,-426035000.0,-79984000.0,-475954000.0,-136707000.0,-64999000.0,625168000.0,-16251000.0,853031000.0,853031000.0,853031000.0,0.0,0.0,0.214,1430139000.0,309164000.0,1791500000,0.093,10.511,22.191,22.045,1877100000,0.0,136.68,2.559,2.559,2104600000,5458400000,3979576000.0,3979576000.0,0.0,,,,,31154000.0,1340138000.0,1.0,280541748.0,280541748.0,,14.185,7082800000,0,-627121000.0,1499500000,25.247,419800000
15,SHW,MRQ,2017-09-30,2017-09-30,2017-09-30,2021-10-20,-452301000,20779657000,,4683904000,16095753000,,9.826,-59771000.0,207937000,207937000,2605193000.0,316606000.0,1.071,6.581,10949380000,865552000,10083828000,10949380000,0,150960000.0,0,0.009,0.283,519315000.0,670275000.0,0.149,670275000.0,519315000.0,427722000.0,1.133,1.11,1.133,2740989000,,2740989000,44738816909.0,26.0,21.783,612928000.0,2.197,1.0,1901827000.0,0.422,13386555000,91593000.0,13762884000,,1704213000,0,0,0,18038668000,4371661000,13667007000,33444576909.0,-2112000.0,-4032000.0,14634000.0,-550679000.0,-80082000.0,-613709000.0,-46463000.0,14943000.0,672699000.0,-14639000.0,316606000.0,316606000.0,316606000.0,0.0,0.0,0.07,1395222000.0,506605000.0,1832434000,0.25,12.202,31.028,30.815,1895549000,0.0,119.347,2.426,2.415,2426222000,4685313000,4507020000.0,4507020000.0,0.0,,,,,23280000.0,1311511000.0,1.0,280230507.0,278964354.0,285623652.0,16.156,7393102000,0,111116000.0,2891919000,26.502,312243000
16,SHW,MRQ,2017-06-30,2017-06-30,2017-06-30,2021-10-20,-519236000,20717398000,,4854001000,15863397000,,8.585,-42156000.0,210049000,210049000,2001200000.0,319111000.0,1.169,7.664,11504289000,753005000,10751284000,11504289000,0,79288000.0,0,0.01,0.283,524192000.0,603480000.0,0.162,603480000.0,524192000.0,467463000.0,1.147,1.12,1.147,2391260000,,2391260000,33620708572.0,19.0,16.701,312161000.0,1.121,1.0,1734617000.0,0.464,13180647000,56729000.0,14679078000,,1854937000,0,0,0,18326138000,4151913000,14174225000,32684309572.0,-807759000.0,-8806282000.0,37395000.0,7755159000.0,-79484000.0,7663905000.0,-8834319000.0,11750000.0,354317000.0,8338000.0,319111000.0,319111000.0,319111000.0,0.0,0.0,0.085,1184472000.0,550145000.0,1783648000,0.247,13.668,28.47,28.258,1889917000,0.0,116.987,2.602,2.594,2377874000,4448788000,3735817000.0,3735817000.0,0.0,,,,,18545000.0,1155554000.0,1.0,279384912.0,278523444.0,284905908.0,13.413,7536751000,0,148352000.0,2788238000,27.06,702088000
17,SHW,MRQ,2017-03-31,2017-03-31,2017-03-31,2021-10-20,-549413000,6988903000,,3876664000,3112239000,,7.439,-41479000.0,1017808000,1017808000,1418334000.0,239152000.0,1.319,2.384,1954207000,742695000,1211512000,1954207000,0,50765000.0,0,0.011,0.283,332300000.0,383065000.0,0.139,383065000.0,332300000.0,306605000.0,0.86,0.843,0.86,2065350000,,2065350000,30005716674.0,16.0,14.715,190337000.0,0.686,1.0,1343053000.0,0.486,1382717000,25695000.0,3603583000,,1247688000,0,0,0,4923553000,2939002000,1984551000,28942969674.0,128015000.0,0.0,41762000.0,255000.0,-79450000.0,-60142000.0,-29911000.0,-23194000.0,231816000.0,-13748000.0,239152000.0,239152000.0,239152000.0,0.0,0.0,0.087,1017467000.0,325586000.0,1221778000,0.329,14.014,23.98,23.677,1063095000,0.0,103.397,2.403,2.384,1356851000,4209198000,2761387000.0,2761387000.0,0.0,,,,,17321000.0,1011297000.0,1.0,279921690.0,277651677.0,283625577.0,9.946,5606186000,0,67453000.0,174014000,20.191,937662000
18,SHW,MRQ,2016-12-31,2016-12-31,2016-12-31,2021-10-20,-540351000,6752521000,,3627298000,3125223000,,6.739,-65925000.0,889793000,889793000,1395504000.0,203030000.0,1.282,2.595,1952540000,741214000,1211326000,1952540000,0,49616000.0,0,0.013,0.28,347412000.0,397028000.0,0.143,397028000.0,347412000.0,304034000.0,0.733,0.713,0.733,1878441000,,1878441000,26227174316.0,15.0,13.472,276113000.0,0.991,1.0,1387087000.0,0.498,1381902000,43378000.0,3604187000,,1068326000,0,0,0,4874080000,2829179000,2044901000,24968026316.0,187224000.0,0.0,20494000.0,-7407000.0,-78219000.0,-71647000.0,-67075000.0,-34039000.0,342038000.0,-16092000.0,203030000.0,203030000.0,203030000.0,0.0,0.0,0.073,1052821000.0,334266000.0,1034608000,0.382,13.292,22.043,21.796,1095888000,0.0,89.58,2.106,2.106,1230987000,4049497000,2782591000.0,2782591000.0,0.0,,,,,23994000.0,1036278000.0,1.0,278723223.0,278723223.0,,9.983,5370619000,57162000,101004000.0,150598000,19.269,798119000
19,SHW,MRQ,2016-09-30,2016-09-30,2016-09-30,2021-10-20,-658221000,6917771000,,3708231000,3209540000,,5.79,-59020000.0,702569000,702569000,1643037000.0,386733000.0,1.474,3.33,1961717000,52004000,1909713000,1961717000,0,49772000.0,0,0.012,0.28,579720000.0,629492000.0,0.192,629492000.0,579720000.0,535620000.0,1.4,1.36,1.4,1597783000,,1597783000,27082000459.0,16.0,14.119,397531000.0,1.44,1.0,1636425000.0,0.499,1399897000,44100000.0,4261215000,,1112512000,0,0,0,5319988000,2515807000,2804181000,25514057459.0,299913000.0,0.0,22629000.0,-9337000.0,-78142000.0,-64849000.0,-87707000.0,-32193000.0,456551000.0,-4082000.0,386733000.0,386733000.0,386733000.0,0.0,0.0,0.118,1059077000.0,577348000.0,1224358000,0.2,15.968,22.625,22.509,1083922000,0.0,92.22,2.185,2.179,1458073000,3924686000,3279462000.0,3279462000.0,0.0,,,,,16167000.0,1050894000.0,1.0,276665121.0,275978562.0,284315421.0,11.883,5517874000,148550000,148887000.0,277494000,19.994,1192424000
20,SHW,MRQ,2016-06-30,2016-06-30,2016-06-30,2021-10-20,-662089000,6665677000,,3483942000,3181735000,,4.527,-62082000.0,402656000,402656000,1583624000.0,378064000.0,1.327,4.347,1970599000,61382000,1909217000,1970599000,0,49413000.0,0,0.01,0.28,580092000.0,629505000.0,0.196,629505000.0,580092000.0,539214000.0,1.373,1.33,1.373,1246629000,,1246629000,29132119835.0,17.0,15.292,509960000.0,1.852,1.0,1635901000.0,0.508,1391770000,40878000.0,4216637000,,1152232000,0,0,0,5419048000,2625213000,2793835000,27163039835.0,332108000.0,0.0,23991000.0,-70536000.0,-77987000.0,-147177000.0,-87455000.0,-26424000.0,572042000.0,-5302000.0,378064000.0,378064000.0,378064000.0,0.0,0.0,0.117,1056813000.0,579088000.0,1289406000,0.204,21.789,24.352,24.17,1072257000,0.0,97.89,2.352,2.334,1473078000,3616095000,3219525000.0,3219525000.0,0.0,,,,,16183000.0,1051229000.0,1.0,277485339.0,275366202.0,284009253.0,11.692,5273907000,155407000,161150000.0,361741000,19.152,858729000
21,SHW,MRQ,2016-03-31,2016-03-31,2016-03-31,2021-10-20,-568085000,6038309000,,2888625000,3149684000,,3.647,-51999000.0,70548000,70548000,1312279000.0,164876000.0,1.277,5.033,2039628000,130854000,1908774000,2039628000,0,48677000.0,0,0.01,0.28,242097000.0,290774000.0,0.113,290774000.0,242097000.0,216365000.0,0.6,0.583,0.6,1000823000,,1000823000,28023689031.0,17.0,15.188,-114058000.0,-0.416,1.0,1261745000.0,0.49,1397621000,25732000.0,4347207000,,1147361000,0,0,0,5037486000,2262561000,2774925000,26266621031.0,-135196000.0,0.0,19717000.0,85770000.0,-77734000.0,-23680000.0,-61537000.0,-10526000.0,-62059000.0,12080000.0,164876000.0,164876000.0,164876000.0,0.0,0.0,0.064,1019909000.0,241836000.0,1152923000,0.467,26.245,24.157,24.084,1057025000,0.0,94.89,2.291,2.272,1290749000,3316018000,2574024000.0,2574024000.0,0.0,,,,,15765000.0,1019909000.0,1.0,276811266.0,274427580.0,282342342.0,9.38,4640688000,97562000,51489000.0,115403000,16.91,626064000
22,SHW,MRQ,2015-12-31,2015-12-31,2015-12-31,2021-10-20,-587095000,5778937000,,2657180000,3121757000,,3.107,-76350000.0,205744000,205744000,1281970000.0,198017000.0,1.241,5.658,1949894000,42616000,1907278000,1949894000,0,51619000.0,0,0.01,0.223,316781000.0,368400000.0,0.141,368400000.0,316781000.0,297221000.0,0.723,0.707,0.723,867910000,,867910000,26038002694.0,16.0,14.391,468609000.0,1.678,1.0,1322626000.0,0.508,1398704000,19560000.0,3982524000,,1018530000,0,0,0,4911027000,2141859000,2769168000,24168893694.0,114715000.0,0.0,-253234000.0,4143000.0,-62405000.0,-308963000.0,-126856000.0,-50647000.0,544959000.0,5575000.0,198017000.0,198017000.0,198017000.0,0.0,0.0,0.076,1004712000.0,317914000.0,1157561000,0.308,27.847,22.934,22.712,1041862000,0.0,86.533,2.131,2.131,1114275000,3228876000,2604596000.0,2604596000.0,0.0,,,,,24504000.0,976475000.0,1.0,279301545.0,279301545.0,,9.325,4380233000,87883000,99204000.0,219855000,15.683,515321000
23,SHW,MRQ,2015-09-30,2015-09-30,2015-09-30,2021-10-20,-569417000,6088978000,,2922562000,3166416000,,3.529,-70448000.0,91029000,91029000,1577733000.0,374491000.0,1.274,5.238,1947094000,39988000,1907106000,1947094000,0,48640000.0,0,0.011,0.223,567717000.0,616357000.0,0.196,616357000.0,567717000.0,550722000.0,1.353,1.323,1.353,976165000,,976165000,22975618493.0,15.0,13.549,483036000.0,1.746,1.0,1574552000.0,0.499,1411839000,16995000.0,4239008000,,1052830000,0,0,0,5112813000,2294196000,2818617000,20765467493.0,15961000.0,0.0,-70038000.0,-321491000.0,-61991000.0,-447194000.0,-80770000.0,-13460000.0,553484000.0,-9559000.0,374491000.0,374491000.0,374491000.0,0.0,0.0,0.119,1002742000.0,571810000.0,1216342000,0.165,21.272,21.005,20.743,1015167000,0.0,74.26,1.837,1.817,1413946000,3093265000,3152285000.0,3152285000.0,0.0,,,,,15260000.0,1002742000.0,1.0,279631935.0,276589374.0,283299225.0,11.397,4677139000,107063000,176231000.0,187904000,16.91,628366000
24,SHW,MRQ,2015-06-30,2015-06-30,2015-06-30,2021-10-20,-516662000,6128575000,,3003914000,3124661000,,2.736,-44639000.0,75068000,75068000,1602153000.0,349937000.0,0.895,7.092,2279130000,1162463000,1116667000,2279130000,0,48896000.0,0,0.009,0.223,520667000.0,569563000.0,0.182,569563000.0,520667000.0,507782000.0,1.263,1.233,1.263,757342000,,757342000,28095334851.0,20.0,17.351,359449000.0,1.299,1.0,1529986000.0,0.488,1425602000,12885000.0,3549796000,,1131976000,0,0,0,5371233000,3357239000,2013994000,25628094851.0,11055000.0,0.0,-44612000.0,-247001000.0,-62642000.0,-335331000.0,-44725000.0,-1430000.0,404088000.0,-12977000.0,349937000.0,349937000.0,349937000.0,0.0,0.0,0.112,1009195000.0,520791000.0,1253894000,0.177,33.84,27.255,27.227,1005319000,0.0,91.673,2.267,2.245,1454045000,2780764000,3132139000.0,3132139000.0,0.0,,,,,14499000.0,1009195000.0,1.0,279558885.0,276781101.0,283776171.0,11.316,4702973000,107902000,157845000.0,193834000,16.992,-353325000
25,SHW,MRQ,2015-03-31,2015-03-31,2015-03-31,2021-10-20,-528305000,5852846000,,2764576000,3088270000,,1.686,-42903000.0,64013000,64013000,1317835000.0,131404000.0,0.818,11.475,2524849000,1408512000,1116337000,2524849000,0,49405000.0,0,0.008,0.223,205592000.0,254997000.0,0.104,254997000.0,205592000.0,193241000.0,0.473,0.46,0.473,469172000,,469172000,28762223020.0,21.0,18.617,-97971000.0,-0.352,1.0,1132449000.0,0.462,1427040000,12351000.0,3507597000,,1161250000,0,0,0,5383674000,3379045000,2004629000,26997539020.0,23281000.0,0.0,-577417000.0,731637000.0,-62609000.0,111135000.0,-36282000.0,-56000.0,-55068000.0,3496000.0,131404000.0,131404000.0,131404000.0,0.0,0.0,0.054,927524000.0,204925000.0,1174840000,0.471,57.543,30.615,30.562,998432000,0.0,94.833,2.408,2.353,1234612000,2493469000,2450284000.0,2450284000.0,0.0,,,,,18079000.0,927524000.0,1.0,284684067.0,278220177.0,285836175.0,8.807,4425806000,107869000,61837000.0,77602000,15.908,-614469000
26,SHW,MRQ,2014-12-31,2014-12-31,2014-12-31,2021-10-20,-471958000,5699333000,,2565566000,3133767000,,3.46,-64642000.0,40732000,40732000,1351437000.0,132743000.0,0.957,4.72,1798697000,682701000,1115996000,1798697000,0,50573000.0,0,0.008,0.183,204283000.0,254856000.0,0.099,254856000.0,204283000.0,188871000.0,0.49,0.46,0.49,996470000,,996470000,26670485167.0,20.0,17.531,135576000.0,0.471,1.0,1217975000.0,0.474,1447473000,15412000.0,3329159000,,1033527000,0,0,0,4702863000,2680666000,2022197000,25251233167.0,-220614000.0,0.0,-367716000.0,128473000.0,-53085000.0,-280582000.0,-144507000.0,-80344000.0,200218000.0,4257000.0,132743000.0,132743000.0,132743000.0,0.0,0.0,0.052,1010740000.0,207235000.0,1042182000,0.373,25.341,29.162,29.227,1021030000,0.0,87.68,2.269,2.269,1130565000,2424674000,2569412000.0,2569412000.0,0.0,,,,,20922000.0,1010740000.0,1.0,287993079.0,287993079.0,,8.922,4251860000,109087000,56128000.0,86744000,14.764,-115100000
27,SHW,MRQ,2014-09-30,2014-09-30,2014-09-30,2021-10-20,-371786000,6317005000,,3079735000,3237270000,,4.754,-69033000.0,261346000,261346000,1679615000.0,326240000.0,1.074,3.673,1680598000,557899000,1122699000,1680598000,0,49713000.0,0,0.01,0.183,490073000.0,539786000.0,0.171,539786000.0,490073000.0,474048000.0,1.14,1.117,1.14,1351936000,,1351936000,22836670046.0,18.0,15.416,480697000.0,1.69,1.0,1470955000.0,0.467,1462298000,16025000.0,3405577000,,1046642000,0,0,0,4965069000,2868382000,2096687000,21414584046.0,-5852000.0,0.0,-414828000.0,-3560000.0,-53342000.0,-460829000.0,-81558000.0,-13189000.0,549730000.0,-13195000.0,326240000.0,326240000.0,326240000.0,0.0,0.0,0.104,996239000.0,474716000.0,1266167000,0.161,15.84,25.215,25.025,1013285000,0.0,72.997,1.944,1.884,1408967000,2345016000,3150570000.0,3150570000.0,0.0,,,,,14250000.0,996239000.0,1.0,293363862.0,284400573.0,290142129.0,11.078,4854707000,101815000,147808000.0,192464000,17.07,211353000
28,SHW,MRQ,2014-06-30,2014-06-30,2014-06-30,2021-10-20,-315516000,6341000000,,3108118000,3232882000,,5.262,-37506000.0,267198000,267198000,1633342000.0,291447000.0,1.14,3.158,1689284000,566864000,1122420000,1689284000,0,49699000.0,0,0.01,0.183,445604000.0,495303000.0,0.163,495303000.0,445604000.0,429230000.0,1.0,0.98,1.0,1524959000,,1524959000,21964502284.0,18.0,15.789,377193000.0,1.302,1.0,1409653000.0,0.463,1481639000,16374000.0,3556163000,,1091182000,0,0,0,4816041000,2725284000,2090757000,20618970284.0,-99267000.0,0.0,-398316000.0,-23065000.0,-53746000.0,-471358000.0,-38916000.0,-1783000.0,414699000.0,-3692000.0,291447000.0,291447000.0,291447000.0,0.0,0.0,0.096,969953000.0,439700000.0,1244574000,0.183,13.521,26.233,26.095,1006296000,0.0,68.97,1.924,1.866,1402803000,2072118000,3042995000.0,3042995000.0,0.0,,,,,13705000.0,969953000.0,1.0,298955637.0,289799607.0,295625727.0,10.5,4859361000,102733000,137783000.0,190368000,16.768,382834000
29,SHW,MRQ,2014-03-31,2014-03-31,2014-03-31,2021-10-20,-329247000,6189225000,,2967478000,3221747000,,5.575,-29364000.0,366465000,366465000,1300655000.0,115457000.0,1.21,2.744,1711997000,589601000,1122396000,1711997000,0,48960000.0,0,0.01,0.183,182471000.0,231431000.0,0.098,231431000.0,182471000.0,166077000.0,0.387,0.38,0.387,1653039000,,1653039000,20748478765.0,18.0,15.511,-112483000.0,-0.379,1.0,1065901000.0,0.45,1487053000,16394000.0,3595060000,,1096783000,0,0,0,4536186000,2452644000,2083542000,19771495765.0,-378424000.0,0.0,-207734000.0,-9612000.0,-55090000.0,-254306000.0,-45069000.0,-15705000.0,-83119000.0,4070000.0,115457000.0,115457000.0,115457000.0,0.0,0.0,0.049,884088000.0,181813000.0,1130338000,0.473,11.961,26.298,26.496,1004394000,0.0,65.71,1.904,1.876,1174116000,1834417000,2366556000.0,2366556000.0,0.0,,,,,15858000.0,884088000.0,1.0,300890211.0,296499630.0,302576643.0,7.982,4702172000,102473000,50620000.0,76538000,15.859,514834000
30,SHW,MRQ,2013-12-31,2013-12-31,2013-12-31,2021-10-20,-321044000,6382507000,,3158717000,3223790000,,5.837,-58180000.0,744889000,744889000,1332880000.0,116123000.0,1.249,2.597,1721872000,599499000,1122373000,1721872000,0,48628000.0,0,0.011,0.167,166168000.0,214796000.0,0.087,214796000.0,166168000.0,149228000.0,0.39,0.383,0.39,1774535000,,1774535000,19488547822.0,17.0,14.582,247675000.0,0.815,1.0,1124178000.0,0.458,1491986000,16940000.0,3338947000,,970815000,0,0,0,4607972000,2528557000,2079415000,18594610822.0,-290824000.0,12840000.0,-256461000.0,-205926000.0,-50626000.0,-505784000.0,-84460000.0,-38867000.0,305855000.0,-6435000.0,116123000.0,116123000.0,116123000.0,0.0,0.0,0.047,959441000.0,164737000.0,998484000,0.428,10.479,24.708,24.764,1021383000,0.0,61.167,1.826,1.826,1097751000,1774050000,2457058000.0,2457058000.0,0.0,,,,,22056000.0,959441000.0,1.0,303999087.0,303999087.0,,8.082,4890521000,104496000,33105000.0,79504000,16.087,630160000
31,SHW,MRQ,2013-09-30,2013-09-30,2013-09-30,2021-10-20,-389069000,6921588000,,3770715000,3150873000,,6.204,-36374000.0,1035713000,1035713000,1551459000.0,262966000.0,1.567,2.702,1929650000,297662000,1631988000,1929650000,0,46738000.0,0,0.01,0.167,402856000.0,449594000.0,0.158,449594000.0,402856000.0,387462000.0,0.867,0.85,0.867,1869651000,,1869651000,19650975259.0,18.0,15.431,439462000.0,1.458,1.0,1295958000.0,0.455,1482664000,15394000.0,3926588000,,1017618000,0,0,0,5051937000,2406273000,2645664000,18706812259.0,294629000.0,-87780000.0,-251149000.0,245457000.0,-51052000.0,-50767000.0,-126460000.0,-3018000.0,475836000.0,-3980000.0,262966000.0,262966000.0,262966000.0,0.0,0.0,0.092,890524000.0,405434000.0,1121001000,0.193,10.006,26.554,26.403,1010928000,0.0,60.727,1.88,1.839,1348607000,1708553000,2847417000.0,2847417000.0,0.0,,,,,11971000.0,890524000.0,1.0,308049384.0,301380555.0,307867542.0,9.448,5438924000,128306000,124496000.0,187662000,18.047,1364442000
32,SHW,MRQ,2013-06-30,2013-06-30,2013-06-30,2021-10-20,-412990000,6408504000,,3342435000,3066069000,,6.123,-40894000.0,741084000,741084000,1480310000.0,257287000.0,1.699,2.432,1685247000,53296000,1631951000,1685247000,0,45872000.0,0,0.01,0.167,395953000.0,441825000.0,0.163,441825000.0,395953000.0,380884000.0,0.837,0.82,0.837,1867530000,,1867530000,19308812585.0,19.0,15.798,352312000.0,1.155,1.0,1233579000.0,0.455,1483450000,15069000.0,3901712000,,984844000,0,0,0,4540974000,1967505000,2573469000,18218854585.0,127154000.0,-5000000.0,-131196000.0,-18754000.0,-51555000.0,-189352000.0,-79385000.0,-35086000.0,393206000.0,2685000.0,257287000.0,257287000.0,257287000.0,0.0,0.0,0.095,837609000.0,395970000.0,1117459000,0.2,9.756,26.932,26.794,952191000,0.0,58.867,1.877,1.85,1299679000,1496639000,2713889000.0,2713889000.0,0.0,,,,,12071000.0,837609000.0,1.0,309493566.0,304997211.0,311690340.0,8.898,4925054000,129732000,123597000.0,170447000,16.148,1374930000
33,SHW,MRQ,2013-03-31,2013-03-31,2013-03-31,2021-10-20,-368986000,6166220000,,3086752000,3079468000,,5.927,-31232000.0,613930000,613930000,1204317000.0,116185000.0,1.732,2.401,1703888000,71690000,1632198000,1703888000,0,46556000.0,0,0.01,0.167,183695000.0,230251000.0,0.106,230251000.0,183695000.0,168384000.0,0.377,0.37,0.377,1812955000,,1812955000,18305878487.0,19.0,15.748,-122363000.0,-0.4,1.0,962851000.0,0.444,1495599000,15311000.0,3977973000,,1013666000,0,0,0,4353265000,1782606000,2570659000,17463579487.0,-248660000.0,0.0,-60704000.0,398000.0,-51745000.0,-107405000.0,-48009000.0,-17768000.0,-91131000.0,-2115000.0,116185000.0,116185000.0,116185000.0,0.0,0.0,0.054,782626000.0,180225000.0,1023284000,0.443,9.633,26.991,26.77,954917000,0.0,56.297,1.826,1.8,1130940000,1290907000,2167168000.0,2167168000.0,0.0,,,,,11906000.0,782626000.0,1.0,310206279.0,305883177.0,312768789.0,7.085,4670621000,132213000,52199000.0,77971000,15.269,1304146000
34,SHW,MRQ,2012-12-31,2012-12-31,2012-12-31,2021-10-20,-370389000,6234737000,,3149238000,3085499000,,5.793,-54123000.0,862590000,862590000,1226362000.0,68052000.0,1.678,2.48,1704889000,72724000,1632165000,1704889000,0,45767000.0,0,0.01,0.13,106056000.0,151823000.0,0.068,151823000.0,106056000.0,94193000.0,0.22,0.217,0.22,1791804000,,1791804000,16774177585.0,18.0,14.854,264498000.0,0.855,1.0,995508000.0,0.448,1503558000,11863000.0,3697042000,,920324000,0,0,0,4442933000,1876436000,2566497000,15859926585.0,807409000.0,-52349000.0,-66003000.0,726923000.0,-40345000.0,656204000.0,-167416000.0,-59556000.0,318621000.0,0.0,68052000.0,68052000.0,68052000.0,0.0,0.0,0.031,892064000.0,103444000.0,922999000,0.591,8.851,25.133,25.011,965896000,0.0,51.273,1.663,1.663,1032508000,1226467000,2221870000.0,2221870000.0,0.0,,,,,21304000.0,887978000.0,1.0,309321153.0,309321153.0,,7.183,4731179000,126730000,26141000.0,52104000,15.295,1272802000
35,SHW,MRQ,2012-09-30,2012-09-30,2012-09-30,2021-10-20,-357350000,5625265000,,2609395000,3015870000,,5.842,-33017000.0,55181000,55181000,1452944000.0,234953000.0,1.138,2.161,969432000,334084000,635348000,969432000,0,44965000.0,0,0.01,0.13,353356000.0,398321000.0,0.153,398321000.0,353356000.0,342998000.0,0.763,0.747,0.763,1779410000,,1779410000,16481177559.0,17.0,14.19,334136000.0,1.097,1.0,1150282000.0,0.442,1439850000,10358000.0,2807642000,,963695000,0,0,0,3845855000,2292024000,1553831000,15282973559.0,8565000.0,-2900000.0,3804000.0,-275940000.0,-40156000.0,-273688000.0,-84901000.0,-51070000.0,367153000.0,1000.0,234953000.0,234953000.0,234953000.0,0.0,0.0,0.09,800909000.0,349373000.0,1034921000,0.17,8.589,26.462,26.36,943601000,0.0,49.637,1.629,1.611,1263079000,1198573000,2603226000.0,2603226000.0,0.0,,,,,11099000.0,800909000.0,1.0,307896855.0,304576974.0,312057960.0,8.547,4185415000,149090000,108045000.0,157558000,13.742,317371000
36,SHW,MRQ,2012-06-30,2012-06-30,2012-06-30,2021-10-20,-349288000,5626375000,,2624002000,3002373000,,5.058,-37189000.0,46616000,46616000,1422425000.0,227813000.0,1.036,2.655,1244820000,609231000,635589000,1244820000,0,43987000.0,0,0.011,0.13,338033000.0,382020000.0,0.148,382020000.0,338033000.0,327803000.0,0.743,0.723,0.743,1539253000,,1539253000,14965045832.0,17.0,13.831,319762000.0,1.051,1.0,1150597000.0,0.447,1437187000,10230000.0,2855589000,,1031478000,0,0,0,4087122000,2531803000,1555319000,13668726832.0,21123000.0,-43993000.0,-160532000.0,-76620000.0,-40075000.0,-271733000.0,-64097000.0,11686000.0,356951000.0,2000.0,227813000.0,227813000.0,227813000.0,0.0,0.0,0.089,813293000.0,337304000.0,1102148000,0.175,8.88,26.162,25.951,938395000,0.0,44.117,1.475,1.449,1237832000,1003693000,2573022000.0,2573022000.0,0.0,,,,,11177000.0,813293000.0,1.0,309831360.0,304339929.0,312009384.0,8.454,4189188000,148685000,99990000.0,126556000,13.765,92199000
37,SHW,MRQ,2012-03-31,2012-03-31,2012-03-31,2021-10-20,-336320000,5456919000,,2477126000,2979793000,,4.927,-32783000.0,25493000,25493000,1226505000.0,100216000.0,1.034,2.617,1321812000,683928000,637884000,1321812000,0,44483000.0,0,0.014,0.13,152652000.0,197135000.0,0.092,197135000.0,152652000.0,142315000.0,0.323,0.317,0.323,1508597000,,1508597000,12280691997.0,15.0,12.123,-187622000.0,-0.613,1.0,909839000.0,0.426,1416640000,10337000.0,2941386000,,1017195000,0,0,0,3948322000,2395212000,1553110000,11320020997.0,-7203000.0,0.0,-113909000.0,326495000.0,-40363000.0,175795000.0,-26041000.0,3162000.0,-154839000.0,-2118000.0,100216000.0,100216000.0,100216000.0,0.0,0.0,0.047,762716000.0,147123000.0,999685000,0.402,7.504,23.894,23.831,950782000,0.0,36.223,1.251,1.226,1135174000,816053000,2136344000.0,2136344000.0,0.0,,,,,10768000.0,762716000.0,1.0,312506331.0,306211047.0,313374264.0,6.977,4040279000,148786000,42099000.0,66694000,13.194,81914000
38,SHW,MRQ,2011-12-31,2011-12-31,2011-12-31,2021-10-20,-367878000,5229252000,,2261593000,2967659000,,4.873,-56918000.0,32696000,32696000,1184342000.0,14552000.0,1.046,2.447,993367000,354136000,639231000,993367000,0,44834000.0,0,0.016,0.122,139166000.0,184000000.0,0.089,184000000.0,139166000.0,129543000.0,0.053,0.053,0.053,1516919000,,1516919000,10385529189.0,13.0,10.763,232931000.0,0.748,1.0,886100000.0,0.428,1413881000,9623000.0,2613381000,,926809000,0,0,0,3712333000,2162661000,1549672000,9262715189.0,-13330000.0,-14589000.0,-10597000.0,-176019000.0,-37861000.0,-205714000.0,-96829000.0,-25966000.0,289849000.0,-636000.0,14552000.0,14552000.0,14552000.0,0.0,0.0,0.007,760106000.0,125994000.0,965149000,2.302,6.106,20.963,21.149,956530000,0.0,29.757,1.057,1.057,989873000,756372000,2070442000.0,2070442000.0,0.0,,,,,13190000.0,754614000.0,1.0,311282016.0,311282016.0,,6.651,3815371000,149207000,114991000.0,120555000,12.257,98932000
39,SHW,MRQ,2011-09-30,2011-09-30,2011-09-30,2021-10-20,-317859000,5490139000,,2509393000,2980746000,,5.336,-27954000.0,46026000,46026000,1446621000.0,179877000.0,1.066,2.348,1168840000,527583000,641257000,1168840000,0,48136000.0,0,0.02,0.122,270728000.0,318864000.0,0.128,318864000.0,270728000.0,260276000.0,0.58,0.57,0.58,1635302000,,1635302000,9051966963.0,12.0,9.44,309843000.0,1.011,1.0,1038299000.0,0.418,1423130000,10452000.0,2835094000,,966756000,0,0,0,3840212000,2354729000,1485483000,7898637963.0,-25537000.0,-27235000.0,-192688000.0,-42091000.0,-37802000.0,-270912000.0,-95549000.0,-45945000.0,337797000.0,3127000.0,179877000.0,179877000.0,179877000.0,0.0,0.0,0.072,761779000.0,276520000.0,996734000,0.21,4.83,15.79,15.61,939486000,0.0,24.773,0.919,0.884,1173581000,779509000,2484920000.0,2484920000.0,0.0,,,,,10342000.0,761779000.0,1.0,318836301.0,306453492.0,312369816.0,8.109,4067009000,127090000,80399000.0,142717000,13.271,154664000
40,SHW,MRQ,2011-06-30,2011-06-30,2011-06-30,2021-10-20,-245156000,5633769000,,2638182000,2995587000,,5.563,-41978000.0,71563000,71563000,1331996000.0,179115000.0,1.104,2.225,1224892000,580637000,644255000,1224892000,0,44208000.0,0,0.017,0.122,268763000.0,312971000.0,0.133,312971000.0,268763000.0,257016000.0,0.563,0.553,0.563,1746812000,,1746812000,10214447893.0,13.0,10.755,219354000.0,0.699,1.0,1022755000.0,0.434,1433472000,11747000.0,2963814000,,1067011000,0,0,0,3886957000,2389812000,1497145000,8929103893.0,17616000.0,-2612000.0,-27180000.0,-117208000.0,-38845000.0,-179927000.0,-56391000.0,-12189000.0,261332000.0,-7398000.0,179115000.0,179115000.0,179115000.0,0.0,0.0,0.076,754857000.0,267898000.0,1019310000,0.217,5.112,18.017,18.037,958306000,0.0,27.957,1.079,1.061,1183825000,637434000,2354751000.0,2354751000.0,0.0,,,,,10340000.0,754857000.0,1.0,319390863.0,314029431.0,320629383.0,7.499,4200297000,128492000,77901000.0,120867000,13.375,248370000
41,SHW,MRQ,2011-03-31,2011-03-31,2011-03-31,2021-10-20,-257548000,5443653000,,2466400000,2977253000,,5.105,-26951000.0,53947000,53947000,1058178000.0,68316000.0,1.06,2.386,1339291000,688410000,650881000,1339291000,0,43726000.0,0,0.017,0.122,105388000.0,149114000.0,0.08,149114000.0,105388000.0,94713000.0,0.213,0.21,0.213,1607892000,,1607892000,9993500452.0,13.0,10.389,-180117000.0,-0.572,1.0,797408000.0,0.43,1434408000,10675000.0,2967427000,,1064103000,0,0,0,3835761000,2327162000,1508599000,9007292452.0,-4638000.0,0.0,-67371000.0,282868000.0,-39004000.0,181344000.0,-29000000.0,-8274000.0,-153166000.0,-3816000.0,68316000.0,68316000.0,68316000.0,0.0,0.0,0.037,692295000.0,105113000.0,954217000,0.573,5.602,18.08,18.144,946419000,0.0,27.997,1.117,1.093,1012150000,497381000,1855586000.0,1855586000.0,0.0,,,,,11093000.0,692295000.0,1.0,321727317.0,314973042.0,322088007.0,5.891,4009245000,128040000,26397000.0,75356000,12.729,139238000
42,SHW,MRQ,2010-12-31,2010-12-31,2010-12-31,2021-10-20,-278321000,5169235000,,2213722000,2955513000,,4.97,-49046000.0,58585000,58585000,1049987000.0,72918000.0,1.073,2.212,1044793000,396467000,648326000,1044793000,0,52864000.0,0,0.017,0.12,125074000.0,177938000.0,0.094,177938000.0,125074000.0,103698000.0,0.23,0.227,0.23,1609440000,,1609440000,10040933332.0,13.0,10.87,179934000.0,0.556,1.0,845632000.0,0.446,1422962000,21376000.0,2668541000,,917701000,0,0,0,3559795000,2063940000,1495855000,9039539332.0,-6363000.0,-33821000.0,-92292000.0,-20670000.0,-38738000.0,-146626000.0,-82901000.0,-3535000.0,228980000.0,-5816000.0,72918000.0,72918000.0,72918000.0,0.0,0.0,0.038,722433000.0,123199000.0,909649000,0.522,5.617,19.546,19.563,952118000,0.0,27.917,1.162,1.162,916661000,4824489000,1895619000.0,1895619000.0,0.0,,,,,6263000.0,717949000.0,1.0,323804394.0,323804394.0,,5.854,3746273000,127348000,30780000.0,62547000,11.57,149782000
43,SHW,MRQ,2010-09-30,2010-09-30,2010-09-30,2021-10-20,-292164000,5180683000,,2325102000,2855581000,,5.145,-28663000.0,64948000,64948000,1200674000.0,175258000.0,1.094,2.153,1066342000,360870000,705472000,1066342000,0,43035000.0,0,0.019,0.12,266689000.0,309724000.0,0.143,309724000.0,266689000.0,255379000.0,0.543,0.533,0.543,1643136000,,1643136000,9034673367.0,13.0,10.286,212491000.0,0.665,1.0,971585000.0,0.447,1424891000,11310000.0,2632085000,,858988000,0,0,0,3537547000,2125101000,1412446000,8174503367.0,16547000.0,-215279000.0,-68159000.0,141062000.0,-38903000.0,37093000.0,-252598000.0,-12381000.0,241154000.0,-9102000.0,175258000.0,175258000.0,175258000.0,0.0,0.0,0.081,702855000.0,268730000.0,927616000,0.221,4.975,17.97,17.852,912880000,0.0,25.047,1.093,1.069,1069890000,4790309000,2172259000.0,2172259000.0,0.0,,,,,9009000.0,702855000.0,1.0,326370909.0,319362126.0,325193211.0,6.802,3755792000,121438000,80121000.0,139956000,11.76,200001000
44,SHW,MRQ,2010-06-30,2010-06-30,2010-06-30,2021-10-20,-323983000,4740286000,,2139922000,2600364000,,4.74,-22030000.0,48401000,48401000,1171171000.0,181706000.0,1.167,2.096,908571000,208756000,699815000,908571000,0,39562000.0,0,0.021,0.12,285588000.0,325150000.0,0.152,325150000.0,285588000.0,259248000.0,0.557,0.547,0.557,1531226000,,1531226000,8542135745.0,12.0,9.72,330244000.0,1.022,1.0,971893000.0,0.454,1288378000,26340000.0,2478537000,,793828000,0,0,0,3209060000,1833541000,1375519000,7592572745.0,-42772000.0,-49061000.0,-106992000.0,-130957000.0,-39415000.0,-289581000.0,-111912000.0,-41410000.0,352274000.0,6447000.0,181706000.0,181706000.0,181706000.0,0.0,0.0,0.085,696340000.0,275553000.0,881141000,0.215,4.958,16.692,16.835,827513000,0.0,23.063,1.039,1.02,986327000,4653954000,2143064000.0,2143064000.0,0.0,,,,,8977000.0,696340000.0,1.0,329205351.0,323059005.0,329497956.0,6.634,3451908000,120948000,77542000.0,134854000,10.685,306381000
45,SHW,MRQ,2010-03-31,2010-03-31,2010-03-31,2021-10-20,-306984000,4509146000,,1950398000,2558748000,,4.616,-25423000.0,91173000,91173000,873514000.0,32603000.0,1.252,2.016,1040736000,257654000,783082000,1040736000,0,39850000.0,0,0.021,0.12,71028000.0,110878000.0,0.071,110878000.0,71028000.0,59458000.0,0.1,0.1,0.1,1495146000,,1495146000,8163690471.0,12.0,9.725,-141241000.0,-0.436,1.0,691968000.0,0.442,1288288000,11570000.0,2612679000,,787316000,0,0,0,3014000000,1557742000,1456258000,7415408471.0,21844000.0,0.0,-6025000.0,223776000.0,-39368000.0,175546000.0,-42538000.0,-17635000.0,-115818000.0,4654000.0,32603000.0,32603000.0,32603000.0,0.0,0.0,0.021,614781000.0,77187000.0,705309000,1.2,4.96,17.198,17.806,807722000,0.0,22.56,1.043,1.028,797816000,4511663000,1565482000.0,1565482000.0,0.0,,,,,10512000.0,614781000.0,1.0,328697184.0,323878794.0,328482033.0,4.834,3220858000,121142000,26855000.0,62408000,9.945,392656000
46,SHW,MRQ,2009-12-31,2009-12-31,2009-12-31,2021-10-20,-317455000,4323855000,,1770019000,2553836000,,4.385,-27772000.0,69329000,69329000,840598000.0,65338000.0,1.27,1.9,817611000,34941000,782670000,817611000,0,42474000.0,0,0.023,0.118,90150000.0,132624000.0,0.083,132624000.0,90150000.0,81153000.0,0.203,0.203,0.203,1490950000,,1490950000,7665665374.0,12.0,9.194,215773000.0,0.635,1.0,758238000.0,0.474,1294238000,8997000.0,2384231000,,738488000,0,0,0,2832905000,1393668000,1439237000,6987456374.0,36559000.0,-1347000.0,-244874000.0,105678000.0,-37927000.0,-182906000.0,-24204000.0,1067000.0,243545000.0,124000.0,65338000.0,65338000.0,65338000.0,0.0,0.0,0.041,646119000.0,112119000.0,674766000,0.581,4.687,16.032,16.219,818685000,0.0,20.55,0.985,0.985,696055000,4518428000,1598836000.0,1598836000.0,0.0,,,,,-10291000.0,631975000.0,1.0,340022208.0,340022208.0,,4.702,3029617000,121276000,15815000.0,76499000,8.91,376351000
47,SHW,MRQ,2009-09-30,2009-09-30,2009-09-30,2021-10-20,-334150000,4449450000,,1922714000,2526736000,,5.003,-22660000.0,32770000,32770000,1067926000.0,175208000.0,1.019,1.613,710979000,421558000,289421000,710979000,0,43034000.0,0,0.024,0.118,267119000.0,310153000.0,0.155,310153000.0,267119000.0,258648000.0,0.51,0.503,0.51,1702852000,,1702852000,7747261085.0,12.0,9.265,326557000.0,0.959,1.0,928983000.0,0.465,1309445000,8471000.0,1932098000,,726493000,0,0,0,2746598000,1886116000,860482000,6995775085.0,-16489000.0,-35000.0,-211863000.0,-91764000.0,-41444000.0,-341031000.0,-14327000.0,8121000.0,349217000.0,-10348000.0,175208000.0,175208000.0,175208000.0,0.0,0.0,0.088,661115000.0,267868000.0,728420000,0.231,4.108,16.63,16.669,832613000,0.0,20.053,0.972,0.949,901199000,4492042000,1996909000.0,1996909000.0,0.0,,,,,8904000.0,661115000.0,1.0,348858465.0,340342710.0,344097399.0,5.867,3140005000,99389000,83440000.0,140053000,9.226,36598000
48,SHW,MRQ,2009-06-30,2009-06-30,2009-06-30,2021-10-20,-368066000,4502110000,,1977771000,2524339000,,5.017,-18460000.0,49259000,49259000,1052485000.0,158023000.0,1.039,1.596,800745000,509720000,291025000,800745000,0,43285000.0,0,0.026,0.118,242479000.0,285764000.0,0.147,285764000.0,242479000.0,232123000.0,0.453,0.45,0.453,1733998000,,1733998000,7329327375.0,11.0,8.625,360232000.0,1.042,1.0,895342000.0,0.46,1311707000,10356000.0,2038159000,,769992000,0,0,0,2768112000,1903730000,864382000,6293700375.0,7014000.0,-1040000.0,-21627000.0,-280224000.0,-41547000.0,-341942000.0,-41266000.0,-22996000.0,378692000.0,11530000.0,158023000.0,158023000.0,158023000.0,0.0,0.0,0.081,656052000.0,239290000.0,704747000,0.26,3.63,14.895,14.893,842303000,0.0,17.917,0.843,0.829,908660000,4358169000,1947827000.0,1947827000.0,0.0,,,,,8895000.0,656052000.0,1.0,351276300.0,345590673.0,348892575.0,5.636,3190403000,98848000,74100000.0,117484000,9.232,74041000
49,SHW,MRQ,2009-03-31,2009-03-31,2009-03-31,2021-10-20,-414814000,4412356000,,1907689000,2504667000,,4.548,-22436000.0,42245000,42245000,870071000.0,37279000.0,0.972,1.789,1077872000,780118000,297754000,1077872000,0,42111000.0,0,0.027,0.118,63095000.0,105206000.0,0.068,105206000.0,63095000.0,50893000.0,0.107,0.107,0.107,1581959000,,1581959000,6899015673.0,10.0,7.848,-134704000.0,-0.387,1.0,680606000.0,0.439,1308698000,12202000.0,2177133000,,838816000,0,0,0,2830397000,1962152000,868245000,6091492673.0,16033000.0,-13018000.0,-15403000.0,242963000.0,-41643000.0,183049000.0,-50602000.0,-15422000.0,-112268000.0,-4146000.0,37279000.0,37279000.0,37279000.0,0.0,0.0,0.024,619253000.0,61353000.0,629965000,1.103,3.851,13.965,13.937,848469000,0.0,17.323,0.786,0.778,785640000,4241586000,1550677000.0,1550677000.0,0.0,,,,,2352000.0,619253000.0,1.0,351635136.0,347839887.0,354089316.0,4.458,3103658000,97676000,13614000.0,51436000,8.923,-54463000
50,SHW,MRQ,2008-12-31,2008-12-31,2008-12-31,2021-10-20,-410618000,4415759000,,1909205000,2506554000,,4.578,-25404000.0,26212000,26212000,914942000.0,50166000.0,0.986,1.75,833735000,530008000,303727000,833735000,0,41294000.0,0,0.023,0.117,93810000.0,135104000.0,0.079,135104000.0,93810000.0,79132000.0,0.133,0.143,0.133,1605648000,,1605648000,7970788365.0,10.0,8.429,258244000.0,0.736,1.0,784900000.0,0.462,1306675000,14678000.0,1979871000,,864200000,0,0,0,2810111000,1936736000,873375000,6984912365.0,-14715000.0,-20223000.0,-1030000.0,-184252000.0,-40949000.0,-222578000.0,-81199000.0,-37930000.0,283648000.0,5414000.0,50166000.0,50166000.0,50166000.0,0.0,0.0,0.03,683623000.0,101277000.0,738093000,0.88,4.35,14.647,14.786,860125000,0.0,19.917,0.875,0.875,769985000,4245141000,1699842000.0,1699842000.0,0.0,,,,,44678000.0,652931000.0,1.0,350706897.0,350706897.0,,4.847,3109084000,97568000,28966000.0,58510000,8.865,-27531000
51,SHW,MRQ,2008-09-30,2008-09-30,2008-09-30,2021-10-20,-221481000,5069156000,,2276891000,2792265000,,5.002,-20914000.0,40927000,40927000,1308169000.0,177081000.0,0.944,1.916,1026803000,729412000,297391000,1026803000,0,42395000.0,0,0.024,0.117,281342000.0,323737000.0,0.143,323737000.0,281342000.0,266142000.0,0.51,0.5,0.51,1738286000,,1738286000,7908004768.0,9.0,7.7,308871000.0,0.889,1.0,960489000.0,0.423,1340156000,15200000.0,2304017000,,863459000,0,0,0,3330870000,2410859000,920011000,6714098768.0,-4647000.0,-33788000.0,-34155000.0,-209569000.0,-40987000.0,-284034000.0,-50381000.0,-770000.0,329785000.0,-17000.0,177081000.0,177081000.0,177081000.0,0.0,0.0,0.078,679882000.0,280607000.0,882313000,0.229,3.862,12.727,12.677,884917000,0.0,19.053,0.825,0.814,1072964000,4235925000,2268658000.0,2268658000.0,0.0,,,,,8761000.0,679882000.0,1.0,352384470.0,347485398.0,354550059.0,6.529,3729000000,103725000,89061000.0,204719000,10.731,-133968000
52,SHW,MRQ,2008-06-30,2008-06-30,2008-06-30,2021-10-20,-182879000,5165777000,,2367629000,2798148000,,4.777,-31061000.0,45574000,45574000,1256642000.0,171683000.0,0.921,2.102,1239480000,945001000,294479000,1239480000,0,40689000.0,0,0.029,0.117,274305000.0,314994000.0,0.141,314994000.0,274305000.0,256172000.0,0.493,0.483,0.493,1665529000,,1665529000,6798145932.0,8.0,6.438,292269000.0,0.838,1.0,972903000.0,0.436,1329994000,18133000.0,2459579000,,920638000,0,0,0,3500248000,2570110000,930138000,5470115932.0,25449000.0,696000.0,-105614000.0,-110071000.0,-41137000.0,-251463000.0,-45398000.0,-18627000.0,323330000.0,-1020000.0,171683000.0,171683000.0,171683000.0,0.0,0.0,0.077,702176000.0,270727000.0,874161000,0.237,3.284,9.931,10.053,904819000,0.0,15.31,0.678,0.662,1092306000,4099831000,2229545000.0,2229545000.0,0.0,,,,,9098000.0,678264000.0,1.0,357290394.0,348661383.0,356054160.0,6.395,3835783000,105138000,84489000.0,169316000,11.001,-202481000
53,SHW,MRQ,2008-03-31,2008-03-31,2008-03-31,2021-10-20,-189425000,5010837000,,2194642000,2816195000,,4.518,-39824000.0,20125000,20125000,1001174000.0,77946000.0,0.891,2.094,1348155000,1054656000,293499000,1348155000,0,41133000.0,0,0.025,0.117,130702000.0,171835000.0,0.096,171835000.0,130702000.0,113029000.0,0.217,0.213,0.217,1619612000,,1619612000,7206042733.0,8.0,6.55,-100354000.0,-0.28,1.0,780508000.0,0.438,1354480000,17673000.0,2520440000,,953465000,0,0,0,3391225000,2463947000,927278000,6267919733.0,-7200000.0,-15373000.0,-214428000.0,380484000.0,-42038000.0,120165000.0,-59850000.0,-4740000.0,-60530000.0,-6985000.0,77946000.0,77946000.0,77946000.0,0.0,0.0,0.044,651822000.0,128686000.0,781370000,0.539,3.87,10.775,10.976,907777000,0.0,17.013,0.78,0.759,931448000,3969284000,1781682000.0,1781682000.0,0.0,,,,,9205000.0,651822000.0,1.0,368412210.0,358494882.0,366290598.0,4.97,3656357000,104704000,35083000.0,88333000,10.199,-269305000
54,SHW,MRQ,2007-12-31,2007-12-31,2007-12-31,2021-10-20,-198603000,4855340000,,2069580000,2785760000,,4.739,-48664000.0,27325000,27325000,1021282000.0,100820000.0,0.966,1.719,965448000,671994000,293454000,965448000,0,45204000.0,0,0.022,0.105,171178000.0,216382000.0,0.117,216382000.0,171178000.0,151963000.0,0.283,0.273,0.283,1785727000,,1785727000,8230123598.0,8.0,7.169,262126000.0,0.696,1.0,832602000.0,0.449,1347757000,19215000.0,2304321000,,887465000,0,0,0,3069613000,2141385000,928228000,7290668598.0,6092000.0,-34231000.0,-176023000.0,2000.0,-39164000.0,-222204000.0,-87259000.0,-19997000.0,310790000.0,4765000.0,100820000.0,100820000.0,100820000.0,0.0,0.0,0.054,665492000.0,167110000.0,740797000,0.371,4.083,11.844,11.994,899372000,0.0,19.347,0.911,0.911,870675000,3935485000,1853884000.0,1853884000.0,0.0,,,,,33367000.0,649369000.0,1.0,376843656.0,376843656.0,,4.92,3507583000,104600000,51143000.0,70669000,9.308,-71805000
55,SHW,MRQ,2007-09-30,2007-09-30,2007-09-30,2021-10-20,-228676000,5107885000,,2320314000,2787571000,,4.882,-33875000.0,21233000,21233000,1208654000.0,200349000.0,1.011,1.769,960688000,666717000,293971000,960688000,0,41416000.0,0,0.018,0.105,311365000.0,352781000.0,0.161,352781000.0,311365000.0,294317000.0,0.53,0.517,0.53,1844796000,,1844796000,9295593725.0,10.0,8.351,259190000.0,0.686,1.0,988388000.0,0.45,1352267000,17048000.0,2401046000,,886342000,0,0,0,3263089000,2294027000,969062000,8595889725.0,-36309000.0,-98869000.0,-360132000.0,201747000.0,-40186000.0,-194844000.0,-143067000.0,-12308000.0,293065000.0,8537000.0,200349000.0,200349000.0,200349000.0,0.0,0.0,0.091,673618000.0,314770000.0,837934000,0.198,4.66,14.013,13.837,880744000,0.0,21.903,1.082,1.042,1097342000,3873830000,2197042000.0,2197042000.0,0.0,,,,,8114000.0,673618000.0,1.0,392446647.0,377876634.0,388778046.0,5.814,3755618000,123452000,93968000.0,172790000,9.939,26287000
56,SHW,MRQ,2007-06-30,2007-06-30,2007-06-30,2021-10-20,-246529000,5052880000,,2340274000,2712606000,,5.181,-44844000.0,57542000,57542000,1211618000.0,202607000.0,1.115,1.507,757246000,465187000,292059000,757246000,0,39169000.0,0,0.017,0.105,319931000.0,359100000.0,0.163,359100000.0,319931000.0,303145000.0,0.52,0.507,0.52,2015233000,,2015233000,9501001687.0,10.0,8.717,314008000.0,0.807,1.0,986570000.0,0.449,1302371000,16786000.0,2351287000,,898049000,0,0,0,3037647000,2098926000,938721000,8766687687.0,-242297000.0,-149316000.0,-70092000.0,-288573000.0,-41444000.0,-407182000.0,-189243000.0,-3555000.0,358852000.0,-4724000.0,202607000.0,202607000.0,202607000.0,0.0,0.0,0.092,674688000.0,311882000.0,885187000,0.202,4.35,14.803,14.771,878240000,0.0,22.157,1.115,1.096,1093345000,3713667000,2198188000.0,2198188000.0,0.0,,,,,7995000.0,674688000.0,1.0,395668167.0,388943622.0,399860184.0,5.652,3750509000,122647000,100538000.0,154073000,9.643,241348000
57,SHW,MRQ,2007-03-31,2007-03-31,2007-03-31,2021-10-20,-255629000,4943998000,,2386871000,2557127000,,4.869,-38487000.0,299839000,299839000,964812000.0,111802000.0,1.133,1.583,1034153000,742519000,291634000,1034153000,0,37690000.0,0,0.016,0.105,182099000.0,219789000.0,0.125,219789000.0,182099000.0,163518000.0,0.283,0.277,0.283,1914138000,,1914138000,9284610016.0,10.0,8.821,-126649000.0,-0.322,1.0,791366000.0,0.451,1198350000,18581000.0,2372973000,,880175000,0,0,0,3029860000,2106989000,922871000,8879273016.0,-169331000.0,0.0,-185611000.0,158833000.0,-41507000.0,-42387000.0,-37047000.0,3706000.0,-88162000.0,-1735000.0,111802000.0,111802000.0,111802000.0,0.0,0.0,0.064,616975000.0,174391000.0,784714000,0.371,4.639,15.464,15.319,839422000,0.0,22.013,1.139,1.11,922202000,3552503000,1756178000.0,1756178000.0,0.0,,,,,7816000.0,616975000.0,1.0,403358859.0,393163719.0,404956698.0,4.467,3745648000,122053000,51716000.0,84592000,9.527,279882000
58,SHW,MRQ,2006-12-31,2006-12-31,2006-12-31,2021-10-20,-262464000,4995087000,,2450281000,2544806000,,4.926,-65571000.0,469170000,469170000,1023687000.0,98683000.0,1.181,1.507,874507000,582631000,291876000,874507000,0,38322000.0,0,0.016,0.083,143123000.0,181445000.0,0.101,181445000.0,143123000.0,126585000.0,0.25,0.243,0.25,1992360000,,1992360000,8954809549.0,10.0,8.55,213404000.0,0.528,1.0,770863000.0,0.43,1202386000,16538000.0,2123223000,,825179000,21200000,21200000,0,3002727000,2074815000,927912000,8572036549.0,68810000.0,-51176000.0,-124235000.0,91444000.0,-33348000.0,-52360000.0,-157955000.0,-41143000.0,278975000.0,150000.0,98683000.0,98683000.0,98683000.0,0.0,0.0,0.055,633527000.0,137336000.0,779369000,0.332,4.302,14.881,14.748,828781000,0.0,21.193,1.098,1.098,864972000,3485564000,1794550000.0,1794550000.0,0.0,,,,,32419000.0,632144000.0,1.0,404468538.0,404468538.0,,4.437,3792701000,120101000,27902000.0,61246000,9.377,375466000
59,SHW,MRQ,2006-09-30,2006-09-30,2006-09-30,2021-10-20,-205508000,5085809000,,2545062000,2540747000,,5.144,-49937000.0,400360000,400360000,1180933000.0,179112000.0,1.205,1.466,783133000,484378000,298755000,783133000,0,36497000.0,0,0.017,0.083,293128000.0,329625000.0,0.156,329625000.0,293128000.0,276691000.0,0.447,0.433,0.447,2062162000,,2062162000,8113427381.0,9.0,7.919,253911000.0,0.633,1.0,935778000.0,0.442,1167527000,16437000.0,2188943000,,855401000,0,0,0,3023647000,2112112000,911535000,7573044381.0,151716000.0,0.0,-67333000.0,-6901000.0,-33902000.0,-101260000.0,-50706000.0,-7373000.0,303848000.0,-166000.0,179112000.0,179112000.0,179112000.0,0.0,0.0,0.085,648432000.0,287346000.0,855273000,0.186,3.672,13.707,13.542,796797000,0.0,18.593,0.98,0.965,1015139000,3420229000,2116711000.0,2116711000.0,0.0,,,,,6326000.0,648432000.0,1.0,407298909.0,400866498.0,412125333.0,5.28,3918282000,110204000,97579000.0,158493000,9.775,432950000
60,SHW,MRQ,2006-06-30,2006-06-30,2006-06-30,2021-10-20,-206839000,4935227000,,2417054000,2518173000,,4.884,-52968000.0,248644000,248644000,1193382000.0,184592000.0,1.174,1.505,789027000,488077000,300950000,789027000,0,35782000.0,0,0.019,0.083,285962000.0,321744000.0,0.151,321744000.0,285962000.0,269125000.0,0.457,0.443,0.457,1969896000,,1969896000,7167753498.0,9.0,7.455,259426000.0,0.643,1.0,936588000.0,0.44,1171286000,16837000.0,2245236000,,864872000,0,0,0,2965331000,2059088000,906243000,6450768498.0,-245608000.0,0.0,-33482000.0,-423091000.0,-34057000.0,-489010000.0,-61962000.0,-8014000.0,312394000.0,-7030000.0,184592000.0,184592000.0,184592000.0,0.0,0.0,0.087,654063000.0,282525000.0,849934000,0.182,3.275,12.287,12.203,778620000,0.0,15.827,0.85,0.842,1040647000,3275017000,2129970000.0,2129970000.0,0.0,,,,,6271000.0,654063000.0,1.0,407588574.0,403310862.0,415324677.0,5.281,3763941000,109799000,84533000.0,146585000,9.333,357966000
61,SHW,MRQ,2006-03-31,2006-03-31,2006-03-31,2021-10-20,-208645000,5042697000,,2555429000,2487268000,,4.567,-41463000.0,494252000,494252000,997117000.0,113671000.0,1.111,1.736,1211237000,908662000,302575000,1211237000,0,35316000.0,0,0.017,0.083,179261000.0,214577000.0,0.121,214577000.0,179261000.0,161911000.0,0.28,0.273,0.28,1843288000,,1843288000,7271858990.0,10.0,8.013,-120839000.0,-0.299,1.0,771411000.0,0.436,1172777000,17350000.0,2287415000,,902225000,0,0,0,3199409000,2299490000,899919000,6686729990.0,458211000.0,0.0,12571000.0,590067000.0,-34050000.0,578981000.0,-49129000.0,-11086000.0,-79376000.0,7735000.0,113671000.0,113671000.0,113671000.0,0.0,0.0,0.064,600350000.0,171061000.0,795721000,0.296,3.628,13.546,13.586,755781000,0.0,16.48,0.901,0.896,909155000,3124483000,1768528000.0,1768528000.0,0.0,,,,,5146000.0,600350000.0,1.0,405748179.0,403594479.0,415193991.0,4.382,3869920000,107757000,48240000.0,101627000,9.589,255939000
62,SHW,MRQ,2005-12-31,2005-12-31,2005-12-31,2021-10-20,-213540000,4369195000,,1894385000,2474810000,,4.214,-40049000.0,36041000,36041000,968350000.0,75135000.0,1.219,1.525,621170000,134174000,486996000,621170000,0,36564000.0,0,0.018,0.068,121984000.0,158548000.0,0.093,158548000.0,121984000.0,110010000.0,0.19,0.183,0.19,1730612000,,1730612000,6968870565.0,10.0,8.218,313283000.0,0.763,1.0,741680000.0,0.434,1178317000,11974000.0,2221636000,,808544000,0,0,0,2638583000,1554371000,1084212000,6218271565.0,6205000.0,-18000.0,-80813000.0,-159414000.0,-27874000.0,-287265000.0,-62845000.0,-17347000.0,353332000.0,2983000.0,75135000.0,75135000.0,75135000.0,0.0,0.0,0.044,639965000.0,101715000.0,719977000,0.358,3.593,13.423,13.398,745148000,0.0,15.14,0.865,0.865,809277000,3044863000,1710030000.0,1710030000.0,0.0,,,,,34673000.0,617965000.0,1.0,410718069.0,410718069.0,,4.164,3190878000,107739000,34875000.0,80987000,7.769,340014000
63,SHW,MRQ,2005-09-30,2005-09-30,2005-09-30,2021-10-20,-190051000,4575442000,,2048415000,2527027000,,4.268,-33530000.0,29836000,29836000,1136983000.0,151608000.0,1.2,1.61,780435000,293122000,487313000,780435000,0,35893000.0,0,0.018,0.068,230670000.0,266563000.0,0.135,266563000.0,230670000.0,218578000.0,0.37,0.357,0.37,1753069000,,1753069000,7006918285.0,10.0,8.369,230992000.0,0.562,1.0,839745000.0,0.425,1203950000,12092000.0,2414771000,,821637000,0,0,0,2822373000,1707320000,1115053000,6118135285.0,17316000.0,3188000.0,-92761000.0,-118157000.0,-28502000.0,-220248000.0,-27449000.0,-3910000.0,264522000.0,491000.0,151608000.0,151608000.0,151608000.0,0.0,0.0,0.077,602517000.0,237228000.0,722251000,0.184,3.49,13.0,12.886,737771000,0.0,14.69,0.877,0.864,956109000,2997602000,1976728000.0,1976728000.0,0.0,,,,,1603000.0,602517000.0,1.0,416483001.0,410734041.0,423682404.0,4.813,3371492000,90269000,66970000.0,138909000,8.208,341095000
64,SHW,MRQ,2005-06-30,2005-06-30,2005-06-30,2021-10-20,-201157000,4614228000,,2090260000,2523968000,,4.153,-39231000.0,12520000,12520000,1127192000.0,153221000.0,1.177,1.698,901303000,413705000,487598000,901303000,0,35430000.0,0,0.016,0.068,232424000.0,267854000.0,0.136,267854000.0,232424000.0,218868000.0,0.373,0.36,0.373,1710357000,,1710357000,7538538527.0,11.0,9.224,158375000.0,0.385,1.0,838166000.0,0.426,1212884000,13556000.0,2514895000,,864244000,0,0,0,2903871000,1775232000,1128639000,6549468527.0,5024000.0,-1825000.0,-20147000.0,-95119000.0,-28314000.0,-147030000.0,-46031000.0,-9588000.0,197606000.0,479000.0,153221000.0,153221000.0,153221000.0,0.0,0.0,0.078,593063000.0,245103000.0,739028000,0.182,3.829,14.494,14.44,733691000,0.0,15.697,0.98,0.968,982968000,2874496000,1965358000.0,1965358000.0,0.0,,,,,1522000.0,593063000.0,1.0,417252189.0,411789144.0,424470708.0,4.773,3401344000,89409000,65647000.0,122467000,8.26,315028000
65,SHW,MRQ,2005-03-31,2005-03-31,2005-03-31,2021-10-20,-214996000,4480702000,,1962821000,2517881000,,3.831,-30262000.0,7496000,7496000,877771000.0,83294000.0,1.104,1.812,996566000,508623000,487943000,996566000,0,35630000.0,0,0.016,0.068,119367000.0,154997000.0,0.101,154997000.0,119367000.0,107403000.0,0.2,0.193,0.2,1593666000,,1593666000,6871255025.0,11.0,8.782,-129020000.0,-0.31,1.0,660774000.0,0.429,1219064000,11964000.0,2472067000,,875150000,0,0,0,2887036000,1778641000,1108395000,6178919025.0,-38436000.0,-24630000.0,-104395000.0,258298000.0,-28898000.0,124537000.0,-63422000.0,-6289000.0,-98758000.0,-793000.0,83294000.0,83294000.0,83294000.0,0.0,0.0,0.054,541597000.0,119177000.0,719246000,0.34,3.877,14.536,14.518,721995000,0.0,14.663,0.976,0.963,838879000,2749588000,1538545000.0,1538545000.0,0.0,,,,,2460000.0,541597000.0,1.0,421385703.0,416044167.0,430093083.0,3.698,3261638000,88562000,24109000.0,94465000,7.84,184180000
66,SHW,MRQ,2004-12-31,2004-12-31,2004-12-31,2021-10-20,-209582000,4274151000,,1781928000,2492223000,,3.885,-30421000.0,45932000,45932000,834361000.0,82485000.0,1.172,1.595,738268000,250029000,488239000,738268000,0,36430000.0,0,0.015,0.057,111402000.0,147832000.0,0.099,147832000.0,111402000.0,100441000.0,0.197,0.193,0.197,1647246000,,1647246000,7088638970.0,11.0,9.521,156481000.0,0.369,1.0,664822000.0,0.443,1208344000,10961000.0,2238006000,,772852000,0,0,0,2626905000,1520137000,1106768000,6308306970.0,-51290000.0,-2413000.0,-42111000.0,-139323000.0,-24044000.0,-208903000.0,-31638000.0,4542000.0,186902000.0,2349000.0,82485000.0,82485000.0,82485000.0,0.0,0.0,0.055,557379000.0,107443000.0,650977000,0.289,3.83,16.041,15.996,720360000,0.0,14.877,1.032,1.032,724385000,2695193000,1499183000.0,1499183000.0,0.0,,,,,51878000.0,557379000.0,1.0,424040352.0,424040352.0,,3.535,3065807000,88985000,17956000.0,95558000,7.23,261791000
67,SHW,MRQ,2004-09-30,2004-09-30,2004-09-30,2021-10-20,-226998000,4457109000,,1929195000,2527914000,,3.677,-23419000.0,97222000,97222000,933585000.0,132863000.0,1.071,1.838,877554000,379131000,498423000,877554000,0,31807000.0,0,0.015,0.057,214779000.0,246586000.0,0.147,246586000.0,214779000.0,204544000.0,0.317,0.307,0.317,1570534000,,1570534000,6537185335.0,10.0,8.743,190232000.0,0.445,1.0,743545000.0,0.443,1221665000,10235000.0,2214014000,,737433000,0,0,0,2886575000,1801762000,1084813000,6258256335.0,-136327000.0,-545266000.0,-62266000.0,297247000.0,-23987000.0,216563000.0,-565873000.0,-659000.0,213651000.0,-668000.0,132863000.0,132863000.0,132863000.0,0.0,0.0,0.079,527124000.0,216421000.0,711794000,0.18,3.985,16.4,16.336,718642000,0.0,14.653,1.061,1.061,839657000,2636752000,1677130000.0,1677130000.0,0.0,,,,,0.0,527124000.0,1.0,427087557.0,427087557.0,,3.927,3235444000,86732000,71681000.0,193670000,7.576,127433000
68,SHW,MRQ,2004-06-30,2004-06-30,2004-06-30,2021-10-20,-237757000,3910735000,,1928338000,1982397000,,3.499,-27156000.0,233549000,233549000,896538000.0,126438000.0,1.432,1.601,512478000,11288000,501190000,512478000,0,28873000.0,0,0.016,0.057,204114000.0,232987000.0,0.144,232987000.0,204114000.0,194749000.0,0.297,0.29,0.297,1503340000,,1503340000,6359746713.0,10.0,8.719,220084000.0,0.512,1.0,721417000.0,0.446,750442000,9365000.0,2092749000,,684820000,0,0,0,2407395000,1346473000,1060922000,5949839713.0,129979000.0,-6799000.0,-37416000.0,519000.0,-24343000.0,-68295000.0,-51136000.0,-11757000.0,247240000.0,2170000.0,126438000.0,126438000.0,126438000.0,0.0,0.0,0.078,514403000.0,207014000.0,705638000,0.192,3.958,16.123,16.161,655312000,0.0,13.85,1.039,1.039,775292000,2527876000,1617955000.0,1617955000.0,0.0,,,,,0.0,514403000.0,1.0,429591315.0,429591315.0,,3.766,3160293000,86641000,68311000.0,167853000,7.357,581865000
69,SHW,MRQ,2004-03-31,2004-03-31,2004-03-31,2021-10-20,-230098000,3651248000,,1682950000,1968298000,,3.378,-25826000.0,103570000,103570000,747895000.0,51468000.0,1.483,1.516,513477000,9967000,503510000,513477000,0,28532000.0,0,0.017,0.057,88569000.0,117101000.0,0.089,117101000.0,88569000.0,79182000.0,0.12,0.117,0.12,1451341000,,1451341000,5714627522.0,10.0,8.066,-128938000.0,-0.3,1.0,571627000.0,0.433,747816000,9387000.0,2178773000,,685544000,0,0,0,2199907000,1134566000,1065341000,5503852522.0,-199243000.0,0.0,-37076000.0,-894000.0,-24541000.0,-62757000.0,-33234000.0,-4865000.0,-103112000.0,-140000.0,51468000.0,51468000.0,51468000.0,0.0,0.0,0.039,484546000.0,87081000.0,630297000,0.475,3.792,15.604,15.756,652118000,0.0,12.81,0.987,0.987,657644000,2425781000,1319522000.0,1319522000.0,0.0,,,,,0.0,484546000.0,1.0,429652812.0,429652812.0,,3.071,2903432000,86703000,27714000.0,102450000,6.758,548384000
70,SHW,MRQ,2003-12-31,2003-12-31,2003-12-31,2021-10-20,-229268000,3682608000,,1715144000,1967464000,,3.336,-28640000.0,302813000,302813000,675406000.0,70831000.0,1.486,1.524,513588000,10596000,502992000,513588000,0,30279000.0,0,0.018,0.052,120742000.0,151021000.0,0.118,151021000.0,120742000.0,111545000.0,0.163,0.163,0.163,1458857000,,1458857000,5432294300.0,10.0,8.009,253196000.0,0.579,1.0,609133000.0,0.474,750733000,9197000.0,1988480000,,638237000,0,0,0,2223751000,1154170000,1069581000,5064294300.0,154095000.0,-47531000.0,-70853000.0,-3494000.0,-22530000.0,-96493000.0,-36238000.0,-21944000.0,281836000.0,4990000.0,70831000.0,70831000.0,70831000.0,0.0,0.0,0.055,477056000.0,132077000.0,587935000,0.319,3.471,15.251,15.177,650250000,0.0,11.58,0.936,0.936,544070000,2398854000,1284539000.0,1284539000.0,0.0,,,,,37250000.0,477056000.0,1.0,437331114.0,437331114.0,,2.937,2931875000,86616000,40714000.0,89081000,6.704,560974000
71,SHW,MRQ,2003-09-30,2003-09-30,2003-09-30,2021-10-20,-244269000,3639060000,,1667581000,1971479000,,3.27,-25844000.0,148718000,148718000,824440000.0,120297000.0,1.394,1.541,516718000,11595000,505123000,516718000,0,29348000.0,0,0.021,0.052,198945000.0,228293000.0,0.152,228293000.0,198945000.0,189444000.0,0.277,0.273,0.277,1431964000,,1431964000,4790919525.0,9.0,7.304,179711000.0,0.41,1.0,678646000.0,0.452,732446000,9501000.0,2078105000,,610005000,0,0,0,2207096000,1196509000,1010587000,4292946525.0,128702000.0,0.0,-30566000.0,-1043000.0,-22588000.0,-54068000.0,-22457000.0,1494000.0,205555000.0,-328000.0,120297000.0,120297000.0,120297000.0,0.0,0.0,0.08,480076000.0,198570000.0,552341000,0.188,2.998,13.488,13.485,672558000,0.0,9.803,0.813,0.813,657167000,2350552000,1503086000.0,1503086000.0,0.0,,,,,0.0,480076000.0,1.0,437906820.0,437906820.0,,3.432,2906614000,116540000,69147000.0,194266000,6.638,471072000
72,SHW,MRQ,2003-06-30,2003-06-30,2003-06-30,2021-10-20,-239782000,3532325000,,1574894000,1957431000,,3.107,-29059000.0,20016000,20016000,805926000.0,110130000.0,1.358,1.581,517989000,12474000,505515000,517989000,0,28720000.0,0,0.023,0.052,183384000.0,212104000.0,0.144,212104000.0,183384000.0,173432000.0,0.253,0.25,0.253,1368640000,,1368640000,4553002097.0,9.0,7.053,154187000.0,0.35,1.0,665752000.0,0.452,736172000,9952000.0,2134296000,,652412000,0,0,0,2163685000,1159830000,1003855000,3946648097.0,7182000.0,-843000.0,-18634000.0,-101289000.0,-22753000.0,-144408000.0,-32687000.0,1487000.0,183246000.0,1031000.0,110130000.0,110130000.0,110130000.0,0.0,0.0,0.075,484082000.0,181670000.0,569998000,0.206,2.884,12.759,12.855,679471000,0.0,8.96,0.759,0.759,675750000,2252843000,1471678000.0,1471678000.0,0.0,,,,,0.0,484082000.0,1.0,440474118.0,440474118.0,,3.341,2796153000,116530000,63302000.0,170332000,6.348,415064000
73,SHW,MRQ,2003-03-31,2003-03-31,2003-03-31,2021-10-20,-261458000,3407840000,,1457671000,1950169000,,2.912,-32964000.0,12834000,12834000,646697000.0,30802000.0,1.304,1.663,619188000,112732000,506456000,619188000,0,28217000.0,0,0.023,0.052,58598000.0,86815000.0,0.076,86815000.0,58598000.0,48507000.0,0.07,0.07,0.07,1279712000,,1279712000,4228783899.0,8.0,6.526,-144672000.0,-0.329,1.0,501764000.0,0.437,736049000,10091000.0,2160216000,,662312000,0,0,0,2128128000,1117929000,1010199000,3871112899.0,-151178000.0,0.0,-70627000.0,97731000.0,-22818000.0,4195000.0,-44671000.0,-8912000.0,-111708000.0,1006000.0,30802000.0,30802000.0,30802000.0,0.0,0.0,0.027,440450000.0,61314000.0,530146000,0.743,3.025,12.621,12.956,671355000,0.0,8.81,0.747,0.747,553816000,2165469000,1148461000.0,1148461000.0,0.0,,,,,0.0,440450000.0,1.0,439399875.0,439399875.0,,2.614,2671791000,116319000,17705000.0,109151000,6.081,339742000
74,SHW,MRQ,2002-12-31,2002-12-31,2002-12-31,2021-10-20,-261172000,3432312000,,1505993000,1926319000,,2.984,-36654000.0,164012000,164012000,606766000.0,57058000.0,1.39,1.558,521683000,15001000,506682000,521683000,0,30044000.0,0,0.021,0.05,98717000.0,128761000.0,0.111,128761000.0,98717000.0,88062000.0,0.127,0.127,0.127,1341890000,,1341890000,4706176814.0,13.0,10.01,184119000.0,0.409,1.0,549380000.0,0.475,738246000,10655000.0,1968241000,,624650000,0,0,0,2090422000,1083496000,1006926000,4234010814.0,114156000.0,-401000.0,-34832000.0,-349000.0,-22500000.0,-59810000.0,-48138000.0,-1104000.0,220773000.0,1331000.0,57058000.0,57058000.0,57058000.0,0.0,0.0,0.049,440723000.0,108657000.0,522339000,0.394,3.155,33.191,33.274,664600000,0.0,9.417,0.817,0.817,493935000,2157485000,1156146000.0,1156146000.0,0.0,,,,,31253000.0,440723000.0,1.0,449629467.0,449629467.0,,2.571,2694066000,116228000,31004000.0,101178000,5.992,422497000
75,SHW,MRQ,2002-09-30,2002-09-30,2002-09-30,2021-10-20,-238966000,3436137000,,1512258000,1923879000,,2.963,-36065000.0,49856000,49856000,780974000.0,111333000.0,1.315,1.569,522022000,14000000,508022000,522022000,0,29251000.0,0,0.025,0.05,188570000.0,217821000.0,0.153,217821000.0,188570000.0,179569000.0,0.247,0.243,0.247,1337661000,,1337661000,4125197972.0,12.0,8.265,165760000.0,0.367,1.0,645292000.0,0.452,750612000,9001000.0,2007265000,,595796000,0,0,0,2098476000,1150426000,948050000,3563979972.0,38353000.0,0.0,-51162000.0,-47446000.0,-22643000.0,-121104000.0,-42205000.0,-1832000.0,201825000.0,-163000.0,111333000.0,111333000.0,111333000.0,0.0,0.0,0.078,456101000.0,189191000.0,526982000,0.202,2.664,30.74,30.713,656789000,0.0,7.893,0.69,0.69,637289000,2122927000,1426266000.0,1426266000.0,0.0,,,,,0.0,456101000.0,1.0,451517733.0,451517733.0,,3.159,2685525000,107747000,68236000.0,171420000,5.948,361832000
76,SHW,MRQ,2002-06-30,2002-06-30,2002-06-30,2021-10-20,-221344000,3470724000,,1550935000,1919789000,,2.876,-35446000.0,11503000,11503000,801388000.0,107526000.0,1.296,1.635,572721000,65477000,507244000,572721000,0,31073000.0,0,0.02,0.05,183556000.0,214629000.0,0.148,214629000.0,183556000.0,173429000.0,0.237,0.233,0.237,1317005000,,1317005000,5284445978.0,17.0,11.387,212071000.0,0.463,1.0,651810000.0,0.449,753208000,10127000.0,2081827000,,612371000,0,0,0,2153719000,1196907000,956812000,4568126978.0,-7830000.0,1157000.0,-29557000.0,-168725000.0,-22979000.0,-224153000.0,-31187000.0,-284000.0,247517000.0,-7000.0,107526000.0,107526000.0,107526000.0,0.0,0.0,0.074,465517000.0,186293000.0,530774000,0.211,3.469,48.122,49.146,650944000,0.0,9.977,0.895,0.895,687259000,2034238000,1453198000.0,1453198000.0,0.0,,,,,0.0,465517000.0,1.0,457881087.0,457881087.0,,3.174,2717516000,108124000,65903000.0,175952000,5.935,354028000
77,SHW,MRQ,2002-03-31,2002-03-31,2002-03-31,2021-10-20,-206370000,3433896000,,1528251000,1905645000,,2.792,-18365000.0,19333000,19333000,657074000.0,-148351000.0,1.275,1.687,735652000,232124000,503528000,735652000,0,25280000.0,0,0.021,0.05,-116339000.0,-91059000.0,-0.079,-91059000.0,-116339000.0,-127031000.0,-0.327,-0.327,-0.327,1278131000,,1278131000,4841994012.0,17.0,11.112,-129563000.0,-0.283,1.0,492104000.0,0.428,750912000,10692000.0,2200864000,,652734000,0,0,0,2155765000,1198439000,957326000,4345439012.0,-99481000.0,-27405000.0,-37253000.0,121215000.0,-22885000.0,61224000.0,-51031000.0,-12924000.0,-111198000.0,1524000.0,-148351000.0,-148351000.0,-148351000.0,0.0,0.0,-0.129,422186000.0,69918000.0,469802000,-0.153,3.4,55.794,59.333,652271000,0.0,9.493,0.859,0.859,597862000,1949691000,1149178000.0,1149178000.0,0.0,,,,,0.0,422186000.0,1.0,457735851.0,457735851.0,,2.511,2682984000,109267000,21320000.0,108561000,5.861,329812000
78,SHW,MRQ,2001-12-31,2001-12-31,2001-12-31,2021-10-20,-204553000,3627925000,,1506945000,2120980000,,3.211,-18497000.0,118814000,118814000,612323000.0,45433000.0,1.32,1.439,615369000,111852000,503517000,615369000,0,67581000.0,0,0.021,0.048,90123000.0,157704000.0,0.139,157704000.0,90123000.0,78854000.0,0.1,0.1,0.1,1487764000,,1487764000,4961837558.0,10.0,7.911,231273000.0,0.499,1.0,521030000.0,0.46,976903000,11269000.0,2006224000,,632763000,0,0,0,2140161000,1141353000,998808000,4247212557.0,116300000.0,-13283000.0,-19890000.0,-90623000.0,-22399000.0,-133095000.0,-981000.0,-5030000.0,249770000.0,606000.0,45433000.0,45433000.0,45433000.0,0.0,0.0,0.04,420646000.0,100384000.0,454410000,0.48,2.855,16.139,16.282,672688000,0.0,9.167,0.838,0.838,523278000,2120927000,1133353000.0,1133353000.0,0.0,,,,,22902000.0,420646000.0,1.0,463332279.0,463332279.0,,2.446,2651022000,104672000,33421000.0,106597000,5.722,365592000
79,SHW,MRQ,2001-09-30,2001-09-30,2001-09-30,2021-10-20,-206891000,3692133000,,1526057000,2166076000,,3.106,-18827000.0,2514000,2514000,765729000.0,90321000.0,1.211,1.534,700929000,194576000,506353000,700929000,0,26756000.0,0,0.026,0.048,156048000.0,182804000.0,0.134,182804000.0,156048000.0,143367000.0,0.193,0.193,0.193,1456972000,,1456972000,4336433091.0,36.0,15.395,232390000.0,0.495,1.0,601039000.0,0.44,976533000,12681000.0,2154202000,,600836000,0,0,0,2235161000,1259813000,975348000,3474072091.0,-10863000.0,-1879000.0,-40143000.0,-158827000.0,-22668000.0,-221406000.0,-40590000.0,-1238000.0,251217000.0,-84000.0,90321000.0,90321000.0,90321000.0,0.0,0.0,0.066,443173000.0,157866000.0,443233000,0.249,2.384,-116.838,-172.248,689789000,0.0,7.407,0.684,0.684,673602000,2097893000,1366768000.0,1366768000.0,0.0,,,,,0.0,443173000.0,1.0,469046637.0,469046637.0,,2.914,2715600000,104862000,53046000.0,194243000,5.79,266244000
80,SHW,MRQ,2001-06-30,2001-06-30,2001-06-30,2021-10-20,-190349000,3802488000,,1632156000,2170332000,,3.076,-22636000.0,13377000,13377000,798977000.0,90480000.0,1.177,1.63,869566000,363383000,506183000,869566000,0,27205000.0,0,0.025,0.048,159090000.0,186295000.0,0.132,186295000.0,159090000.0,143619000.0,0.193,0.193,0.193,1445629000,,1445629000,4474460849.0,29.0,14.228,205484000.0,0.437,1.0,608537000.0,0.432,987328000,15471000.0,2285141000,,647170000,0,0,0,2356859000,1386208000,970651000,3477958849.0,12226000.0,0.0,-46578000.0,-121929000.0,-22717000.0,-191821000.0,-23204000.0,-766000.0,228120000.0,-869000.0,90480000.0,90480000.0,90480000.0,0.0,0.0,0.064,444377000.0,164160000.0,464897000,0.249,2.406,-260.795,-435.294,701120000,0.0,7.4,0.678,0.678,711601000,2030240000,1407514000.0,1407514000.0,0.0,,,,,0.0,444377000.0,1.0,469994439.0,469994439.0,,2.995,2815160000,104958000,53139000.0,145207000,5.99,245948000
81,SHW,MRQ,2001-03-31,2001-03-31,2001-03-31,2021-10-20,-166782000,3820568000,,1627006000,2193562000,,3.025,-22612000.0,1151000,1151000,669347000.0,36924000.0,1.178,1.635,991912000,472719000,519193000,991912000,0,26556000.0,0,0.022,0.048,73815000.0,100371000.0,0.087,100371000.0,73815000.0,58609000.0,0.077,0.077,0.077,1450090000,,1450090000,4818034450.0,24.0,13.434,-190073000.0,-0.397,1.0,489023000.0,0.422,1004946000,15206000.0,2425396000,,709775000,0,0,0,2370478000,1380987000,989491000,4071113450.0,-1745000.0,0.0,-32679000.0,248315000.0,-23200000.0,192198000.0,-26117000.0,-9580000.0,-167461000.0,-365000.0,36924000.0,36924000.0,36924000.0,0.0,0.0,0.032,421659000.0,67364000.0,462131000,0.623,2.807,338.498,314.568,711232000,0.0,8.493,0.791,0.791,637304000,1962476000,1158370000.0,1158370000.0,0.0,,,,,0.0,421659000.0,1.0,479330469.0,479330469.0,,2.417,2815622000,104728000,21685000.0,88103000,5.874,246019000
82,SHW,MRQ,2000-12-31,2000-12-31,2000-12-31,2021-10-20,-163609000,3750670000,,1551539000,2199131000,,3.056,-35122000.0,2896000,2896000,624740000.0,-247459000.0,1.391,1.548,740449000,119774000,620675000,740449000,0,79206000.0,0,0.021,0.045,-266992000.0,-187786000.0,-0.164,-187786000.0,-266992000.0,-281570000.0,-0.507,-0.503,-0.507,1471864000,,1471864000,5087259470.0,25.0,13.92,176987000.0,0.367,1.0,523798000.0,0.456,1015939000,14578000.0,2357041000,,703727000,0,0,0,2278806000,1115243000,1163563000,4224325470.0,-108000.0,-1184000.0,-33681000.0,-120460000.0,-21710000.0,-172473000.0,-39253000.0,-5860000.0,212109000.0,-491000.0,-247459000.0,-247459000.0,-247459000.0,0.0,0.0,-0.215,777939000.0,-254141000.0,448799000,-0.089,2.87,263.592,265.758,722379000,0.0,8.77,0.811,0.811,594162000,1948753000,1148538000.0,1148538000.0,0.0,,,,,0.0,431646000.0,1.0,481679073.0,481679073.0,,2.384,2734731000,104662000,-34111000.0,74568000,5.677,436296000
83,SHW,MRQ,2000-09-30,2000-09-30,2000-09-30,2021-10-20,-145748000,4248126000,,1686004000,2562122000,,3.668,-19001000.0,3004000,3004000,785808000.0,106719000.0,1.324,1.373,865946000,241564000,624382000,865946000,0,27570000.0,0,0.025,0.045,188032000.0,215602000.0,0.153,215602000.0,188032000.0,172126000.0,0.22,0.22,0.22,1790171000,,1790171000,4412561622.0,8.0,6.021,190141000.0,0.39,1.0,626095000.0,0.443,1327968000,15906000.0,2509693000,,671167000,0,0,0,2457955000,1273407000,1184548000,3477827622.0,1278000.0,-15714000.0,-41419000.0,-70348000.0,-21952000.0,-133678000.0,-74197000.0,-26866000.0,209142000.0,11000.0,106719000.0,106719000.0,106719000.0,0.0,0.0,0.076,439186000.0,186909000.0,459935000,0.205,1.943,10.886,10.914,731500000,0.0,7.127,0.668,0.668,741747000,2217922000,1411903000.0,1411903000.0,0.0,,,,,0.0,437954000.0,1.0,488002005.0,488002005.0,,2.893,2920158000,111686000,65407000.0,132196000,5.984,412597000
84,SHW,MRQ,2000-06-30,2000-06-30,2000-06-30,2021-10-20,-113743000,4341743000,,1811579000,2530164000,,3.62,-43976000.0,1726000,1726000,787793000.0,115843000.0,1.315,1.441,936468000,315374000,621094000,936468000,0,26940000.0,0,0.024,0.045,203510000.0,230450000.0,0.161,230450000.0,203510000.0,186845000.0,0.237,0.237,0.237,1778403000,,1778403000,4367061003.0,7.0,5.884,59979000.0,0.122,1.0,641474000.0,0.449,1328892000,16665000.0,2569769000,,719617000,0,0,0,2563340000,1377824000,1185516000,3469932003.0,-1907000.0,-43210000.0,-27871000.0,35688000.0,-22088000.0,-14021000.0,-91724000.0,-9691000.0,103955000.0,-117000.0,115843000.0,115843000.0,115843000.0,0.0,0.0,0.081,438881000.0,202593000.0,503132000,0.19,1.951,10.702,10.751,736444000,0.0,7.063,0.675,0.675,767785000,2133155000,1429267000.0,1429267000.0,0.0,,,,,0.0,434846000.0,1.0,491259840.0,491259840.0,,2.909,3012851000,110669000,71002000.0,128015000,6.133,433755000
85,SHW,MRQ,2000-03-31,2000-03-31,2000-03-31,2021-10-20,-132949000,4189786000,,1712789000,2476997000,,3.405,-34679000.0,3633000,3633000,705672000.0,40923000.0,1.313,1.475,900769000,276535000,624234000,900769000,0,26314000.0,0,0.022,0.045,80882000.0,107196000.0,0.088,107196000.0,80882000.0,66005000.0,0.083,0.083,0.083,1693039000,,1693039000,4395378139.0,8.0,6.044,-96541000.0,-0.194,1.0,516244000.0,0.422,1310523000,14877000.0,2472263000,,731952000,0,0,0,2496747000,1304136000,1192611000,3667366139.0,-14990000.0,0.0,-37467000.0,154117000.0,-22374000.0,94505000.0,-47864000.0,-8746000.0,-61862000.0,231000.0,40923000.0,40923000.0,40923000.0,0.0,0.0,0.033,436401000.0,79843000.0,497098000,0.542,2.166,11.606,11.654,725493000,0.0,7.377,0.719,0.719,708206000,2039399000,1221916000.0,1221916000.0,0.0,,,,,0.0,435921000.0,1.0,497157633.0,497157633.0,,2.458,2879263000,107304000,25082000.0,97960000,5.791,408653000
86,SHW,MRQ,1999-12-31,1999-12-31,1999-12-31,2021-10-20,-145624000,4032812000,,1578099000,2454713000,,3.413,-32360000.0,18623000,18623000,595212000.0,55987000.0,1.383,1.374,741906000,119949000,621957000,741906000,0,74687000.0,0,0.023,0.04,104932000.0,179619000.0,0.157,179619000.0,104932000.0,90322000.0,0.113,0.113,0.113,1698532000,,1698532000,4363725829.0,8.0,6.172,202586000.0,0.407,1.0,551204000.0,0.481,1314479000,14610000.0,2300727000,,703388000,0,0,0,2334280000,1140889000,1193391000,3483392829.0,13610000.0,-2764000.0,-15188000.0,-135670000.0,-19904000.0,-174045000.0,-46836000.0,-11790000.0,234946000.0,-455000.0,55987000.0,55987000.0,55987000.0,0.0,0.0,0.049,417899000.0,133305000.0,458919000,0.354,2.051,11.464,11.609,711676000,0.0,7.0,0.696,0.696,606046000,2020851000,1146416000.0,1146416000.0,0.0,,,,,0.0,420229000.0,1.0,497627547.0,497627547.0,,2.304,2718333000,108899000,34335000.0,85396000,5.463,437210000
87,SHW,MRQ,1999-09-30,1999-09-30,1999-09-30,2021-10-20,-141188000,4106695000,,1665894000,2440801000,,3.316,-33970000.0,5013000,5013000,735649000.0,111482000.0,1.272,1.439,885346000,260875000,624471000,885346000,0,30231000.0,0,0.023,0.04,194664000.0,224895000.0,0.167,224895000.0,194664000.0,179810000.0,0.223,0.22,0.223,1683950000,,1683950000,4399740534.0,8.0,6.68,75083000.0,0.148,1.0,609834000.0,0.453,1328974000,14854000.0,2348862000,,649091000,0,0,0,2422745000,1309192000,1113553000,3544228534.0,-2403000.0,-12000.0,-77268000.0,22297000.0,-20254000.0,-74815000.0,-35022000.0,-3018000.0,109053000.0,-1619000.0,111482000.0,111482000.0,111482000.0,0.0,0.0,0.083,416770000.0,193064000.0,409573000,0.179,2.105,12.0,11.973,710006000,0.0,6.98,0.713,0.713,735629000,1984769000,1345483000.0,1345483000.0,0.0,,,,,0.0,417497000.0,1.0,507769131.0,507769131.0,,2.65,2777721000,117686000,68328000.0,129357000,5.47,356702000
88,SHW,MRQ,1999-06-30,1999-06-30,1999-06-30,2021-10-20,-124643000,4161400000,,1700513000,2460887000,,3.304,-30629000.0,7416000,7416000,773681000.0,107594000.0,1.26,1.468,862922000,236116000,626806000,862922000,0,26010000.0,0,0.017,0.04,189474000.0,215484000.0,0.156,215484000.0,189474000.0,173540000.0,0.213,0.21,0.213,1686094000,,1686094000,5667277632.0,11.0,8.699,123173000.0,0.241,1.0,610390000.0,0.441,1348658000,15934000.0,2318319000,,676165000,0,0,0,2475306000,1349929000,1125377000,4720254632.0,3913000.0,-4389000.0,-15682000.0,-87623000.0,-20414000.0,-123392000.0,-28898000.0,-1059000.0,153802000.0,2401000.0,107594000.0,107594000.0,107594000.0,0.0,0.0,0.078,422218000.0,188172000.0,475888000,0.188,2.8,16.585,16.607,715547000,0.0,9.25,0.951,0.951,744608000,1893540000,1384071000.0,1384071000.0,0.0,,,,,0.0,424110000.0,1.0,510297798.0,510297798.0,,2.712,2812742000,117351000,65946000.0,138699000,5.512,350584000
89,SHW,MRQ,1999-03-31,1999-03-31,1999-03-31,2021-10-20,-145492000,4057116000,,1615124000,2441992000,,3.114,-37212000.0,3503000,3503000,650781000.0,28797000.0,1.208,1.545,950526000,321402000,629124000,950526000,0,24816000.0,0,0.016,0.04,62216000.0,87032000.0,0.077,87032000.0,62216000.0,46446000.0,0.057,0.057,0.057,1593941000,,1593941000,5628908854.0,11.0,8.631,-47947000.0,-0.094,1.0,477086000.0,0.423,1346834000,15770000.0,2320134000,,684389000,0,0,0,2463175000,1337171000,1126004000,4799580854.0,-15630000.0,-8262000.0,-30561000.0,102014000.0,-20382000.0,51392000.0,-53166000.0,-7568000.0,-10735000.0,-3121000.0,28797000.0,28797000.0,28797000.0,0.0,0.0,0.026,416562000.0,60524000.0,415353000,0.702,3.011,17.361,17.461,706743000,0.0,9.377,0.968,0.968,652430000,1806360000,1127867000.0,1127867000.0,0.0,,,,,0.0,411613000.0,1.0,511864293.0,511864293.0,,2.203,2710282000,117233000,17649000.0,91210000,5.295,277953000
90,SHW,MRQ,1998-12-31,1998-12-31,1998-12-31,2021-10-20,-44927000,4050560000,,1532388000,2518172000,,3.327,-37856000.0,19133000,19133000,623402000.0,47468000.0,1.427,1.361,848467000,118184000,730283000,848467000,0,38963000.0,0,0.015,0.037,92240000.0,131203000.0,0.118,131203000.0,92240000.0,76560000.0,0.09,0.093,0.09,1715940000,,1715940000,6042354760.0,12.0,9.156,195007000.0,0.378,1.0,487665000.0,0.439,1414843000,15680000.0,2391030000,,682523000,0,0,0,2334620000,1074021000,1260599000,5051623760.0,15762000.0,0.0,-27238000.0,-145619000.0,-19357000.0,-185704000.0,-31397000.0,-4148000.0,232863000.0,0.0,47468000.0,47468000.0,47468000.0,0.0,0.0,0.043,371085000.0,116580000.0,408144000,0.411,2.944,18.513,18.583,718857000,0.0,9.793,1.024,1.024,604516000,1797945000,1111067000.0,1111067000.0,0.0,,,,,0.0,380759000.0,1.0,515822712.0,515822712.0,,2.154,2635717000,102818000,29092000.0,76804000,5.11,458367000
91,SHW,MRQ,1998-09-30,1998-09-30,1998-09-30,2021-10-20,-41108000,4191514000,,1663059000,2528455000,,3.304,-30353000.0,3371000,3371000,753529000.0,100748000.0,1.36,1.446,994102000,210999000,783103000,994102000,0,36982000.0,0,0.02,0.037,180774000.0,217756000.0,0.162,217756000.0,180774000.0,162498000.0,0.197,0.193,0.197,1713737000,,1713737000,4854040380.0,9.0,7.386,155403000.0,0.3,1.0,587902000.0,0.438,1438148000,18276000.0,2520973000,,688623000,0,0,0,2477777000,1223124000,1254653000,3760466380.0,-17383000.0,0.0,-18927000.0,-120238000.0,-19443000.0,-158787000.0,-44352000.0,-8140000.0,185756000.0,0.0,100748000.0,100748000.0,100748000.0,0.0,0.0,0.075,408416000.0,179486000.0,398395000,0.188,2.194,13.904,13.757,718683000,0.0,7.25,0.765,0.765,705424000,1769834000,1341431000.0,1341431000.0,0.0,,,,,0.0,404795000.0,1.0,518685018.0,518685018.0,,2.586,2753366000,0,61750000.0,126887000,5.308,439935000
92,SHW,MRQ,1998-06-30,1998-06-30,1998-06-30,2021-10-20,-34205000,4260380000,,1739997000,2520383000,,3.184,-38831000.0,20754000,20754000,778320000.0,99450000.0,1.297,1.57,1114328000,331196000,783132000,1114328000,0,36319000.0,0,0.013,0.037,179831000.0,216150000.0,0.157,216150000.0,179831000.0,160403000.0,0.193,0.19,0.193,1657512000,,1657512000,6871824257.0,13.0,10.425,78794000.0,0.151,1.0,599465000.0,0.435,1443621000,19428000.0,2569208000,,723448000,0,0,0,2602868000,1341125000,1261743000,5748154257.0,18020000.0,0.0,-31547000.0,-12908000.0,-19502000.0,-62903000.0,-36702000.0,1548000.0,117625000.0,0.0,99450000.0,99450000.0,99450000.0,0.0,0.0,0.072,421814000.0,177651000.0,452402000,0.192,3.468,21.375,21.115,714831000,0.0,11.043,1.168,1.168,725850000,1688529000,1377785000.0,1377785000.0,0.0,,,,,0.0,418557000.0,1.0,520508988.0,520508988.0,,2.647,2816759000,0,60953000.0,108065000,5.412,398872000
93,SHW,MRQ,1998-03-31,1998-03-31,1998-03-31,2021-10-20,-33658000,4193811000,,1679292000,2514519000,,3.101,-39089000.0,2734000,2734000,649208000.0,25198000.0,1.281,1.606,1126404000,334731000,791673000,1126404000,0,35624000.0,0,0.012,0.037,59229000.0,94853000.0,0.086,94853000.0,59229000.0,40642000.0,0.05,0.047,0.05,1609227000,,1609227000,7164973293.0,14.0,11.072,-106576000.0,-0.205,1.0,454939000.0,0.412,1457564000,18587000.0,2548874000,,768192000,0,0,0,2584584000,1311043000,1273541000,6163745293.0,-796000.0,0.0,10739000.0,121738000.0,-19499000.0,113172000.0,-46481000.0,-8541000.0,-67487000.0,0.0,25198000.0,25198000.0,25198000.0,0.0,0.0,0.023,397018000.0,57921000.0,454830000,0.74,3.83,23.465,23.288,702807000,0.0,11.877,1.254,1.254,638694000,1608581000,1104147000.0,1104147000.0,0.0,,,,,0.0,394222000.0,1.0,518979396.0,518979396.0,,2.128,2736247000,0,15444000.0,53778000,5.272,368249000
94,SHW,MRQ,1997-12-31,1997-12-31,1997-12-31,2021-10-20,-33517000,4035801000,,1532253000,2503548000,,3.07,-41894000.0,3530000,3530000,619284000.0,45066000.0,1.373,1.535,1004758000,160839000,843919000,1004758000,0,36056000.0,0,0.014,0.033,92370000.0,128426000.0,0.118,128426000.0,92370000.0,73920000.0,0.087,0.087,0.087,1592180000,,1592180000,5918692195.0,12.0,9.143,129915000.0,0.251,1.0,472150000.0,0.433,1471350000,18450000.0,2450016000,,721668000,0,0,0,2443621000,1115663000,1327958000,4796809195.0,-14711000.0,-7204000.0,1663000.0,-125652000.0,-16475000.0,-145800000.0,-40720000.0,6684000.0,171809000.0,0.0,45066000.0,45066000.0,45066000.0,0.0,0.0,0.041,358305000.0,113845000.0,424184000,0.379,3.013,18.406,18.39,692258000,0.0,9.25,0.983,0.983,546314000,1602882000,1091434000.0,1091434000.0,0.0,,,,,0.0,368556000.0,1.0,518573967.0,518573967.0,,2.105,2564451000,124669000,28854000.0,44539000,4.945,416590000
95,SHW,MRQ,1997-09-30,1997-09-30,1997-09-30,2021-10-20,-31234000,4186506000,,1653234000,2533272000,,3.016,-49763000.0,18241000,18241000,763140000.0,99211000.0,1.167,1.68,1140124000,340530000,799594000,1140124000,0,36824000.0,0,0.013,0.033,182891000.0,219715000.0,0.163,219715000.0,182891000.0,162641000.0,0.193,0.19,0.193,1561861000,,1561861000,6309797906.0,13.0,10.242,112753000.0,0.218,1.0,583391000.0,0.433,1513206000,20250000.0,2378391000,,714948000,0,0,0,2624645000,1416792000,1207853000,5082533906.0,10835000.0,-9445000.0,4808000.0,-94545000.0,-17264000.0,-107045000.0,-44636000.0,2705000.0,162516000.0,0.0,99211000.0,99211000.0,99211000.0,0.0,0.0,0.074,401850000.0,181541000.0,430503000,0.171,3.254,19.958,19.745,680365000,0.0,9.813,1.07,1.07,672106000,1574292000,1346531000.0,1346531000.0,0.0,,,,,0.0,398065000.0,1.0,517921254.0,517921254.0,,2.6,2673300000,0,63430000.0,158333000,5.162,236442000
96,SHW,MRQ,1997-06-30,1997-06-30,1997-06-30,2021-10-20,-22506000,4219348000,,1688123000,2531225000,,2.868,-38415000.0,7406000,7406000,775795000.0,93203000.0,1.106,1.845,1234670000,438437000,796233000,1234670000,0,30021000.0,0,0.012,0.033,174130000.0,204151000.0,0.149,204151000.0,174130000.0,152791000.0,0.18,0.18,0.18,1483082000,,1483082000,6611111994.0,14.0,11.464,78220000.0,0.151,1.0,597556000.0,0.435,1538745000,21339000.0,2381724000,,751665000,0,0,0,2736266000,1526143000,1210123000,5321998994.0,-50797000.0,1205000.0,416000.0,-113055000.0,-18082000.0,-130073000.0,-37359000.0,937000.0,116635000.0,0.0,93203000.0,93203000.0,93203000.0,0.0,0.0,0.068,425504000.0,172052000.0,462760000,0.183,3.588,21.812,21.762,656984000,0.0,10.293,1.164,1.164,688732000,1492344000,1373351000.0,1373351000.0,0.0,,,,,0.0,419013000.0,1.0,517033581.0,517033581.0,,2.656,2680603000,0,59588000.0,126049000,5.185,161980000
97,SHW,MRQ,1997-03-31,1997-03-31,1997-03-31,2021-10-20,-24942000,4161157000,,1650303000,2510854000,,2.714,-33883000.0,58203000,58203000,626173000.0,23134000.0,1.084,1.969,1347316000,551643000,795673000,1347316000,0,36345000.0,0,0.013,0.033,58723000.0,95068000.0,0.089,95068000.0,58723000.0,37925000.0,0.043,0.043,0.043,1401767000,,1401767000,4957011136.0,12.0,9.226,-52537000.0,-0.102,1.0,443614000.0,0.415,1497087000,20798000.0,2430807000,,755192000,0,0,0,2759390000,1522376000,1237014000,4648211136.0,56323000.0,-869081000.0,2409000.0,1020019000.0,-17206000.0,1005526000.0,-930549000.0,-15959000.0,-18654000.0,0.0,23134000.0,23134000.0,23134000.0,0.0,0.0,0.022,387851000.0,55763000.0,399541000,0.767,3.316,19.975,20.0,641650000,0.0,9.0,1.07,1.07,596846000,1417225000,1069787000.0,1069787000.0,0.0,,,,,0.0,387876000.0,1.0,516467904.0,516467904.0,,2.071,2664070000,0,14791000.0,72860000,5.158,127927000
98,SHW,MRQ,1996-12-31,1996-12-31,1996-12-31,2021-10-20,-18982000,2994590000,,1416187000,1578403000,,2.713,-36751000.0,1880000,1880000,530854000.0,39112000.0,1.347,1.137,312813000,170134000,142679000,312813000,0,27783000.0,0,0.013,0.029,69349000.0,97132000.0,0.101,97132000.0,69349000.0,63828000.0,0.08,,0.08,1401232000,,1401232000,,,,102896000.0,0.199,1.0,427990000.0,0.446,650667000,5521000.0,1603849000,,642687000,0,0,0,1593358000,1051007000,542351000,4820367104.0,-4314000.0,-71001000.0,1451000.0,-71551000.0,-15031000.0,-57511000.0,-86450000.0,7294000.0,139647000.0,0.0,39112000.0,39112000.0,39112000.0,0.0,0.0,0.041,360623000.0,67367000.0,385928000,0.362,3.44,21.035,20.88,549391000,0.0,9.333,1.166,1.166,452421000,1411295000,958844000.0,958844000.0,0.0,,,,,0.0,340732000.0,1.0,516467904.0,516467904.0,,1.857,2343923000,105065000,24716000.0,65957000,4.538,365180000
99,SHW,MRQ,1996-09-30,1996-09-30,1996-09-30,2021-10-20,-20530000,2942064000,,1394046000,1548018000,,,-16688000.0,6194000,6194000,678773000.0,88550000.0,1.237,1.151,361075000,223434000,137641000,361075000,0,25916000.0,0,0.015,0.029,154414000.0,180330000.0,0.154,180330000.0,154414000.0,147848000.0,0.17,,0.17,1367696000,,1367696000,,,,134791000.0,,1.0,492237000.0,0.42,519811000,6566000.0,1650501000,,580516000,0,0,0,1574368000,1126633000,447735000,,-6472000.0,-13141000.0,1023000.0,-97075000.0,-15027000.0,-112547000.0,-45404000.0,1738000.0,151479000.0,0.0,88550000.0,88550000.0,88550000.0,0.0,0.0,0.076,339362000.0,152875000.0,367522000,0.171,,,,553213000,0.0,7.73,,,584023000,1387214000,1171010000.0,1171010000.0,0.0,,,,,0.0,338242000.0,1.0,,,,,2422253000,0,59298000.0,95361000,,267413000
100,SHW,MRQ,1996-06-30,1996-06-30,1996-06-30,2021-10-20,-19139000,2949834000,,1456493000,1493341000,,,-37390000.0,12666000,12666000,675273000.0,81902000.0,1.204,1.28,461713000,327075000,134638000,461713000,0,25660000.0,0,0.014,0.029,139113000.0,164773000.0,0.144,164773000.0,139113000.0,132099000.0,0.157,,0.157,1293761000,,1293761000,,,,71575000.0,,1.0,469981000.0,0.41,533738000,7014000.0,1655418000,,583272000,0,0,0,1656073000,1209725000,446348000,,-183000.0,-94630000.0,4291000.0,13679000.0,-14995000.0,2933000.0,-112081000.0,2585000.0,108965000.0,0.0,81902000.0,81902000.0,81902000.0,0.0,0.0,0.072,332569000.0,137412000.0,390847000,0.185,,,,539193000,0.0,7.729,,,602200000,1313691000,1145254000.0,1145254000.0,0.0,,,,,0.0,330453000.0,1.0,,,,,2416096000,0,50197000.0,88790000,,246768000
101,SHW,MRQ,1996-03-31,1996-03-31,1996-03-31,2021-10-20,-20472000,2732329000,,1333597000,1398732000,,,-31891000.0,12849000,12849000,520278000.0,19593000.0,1.239,1.239,443937000,316544000,127393000,443937000,0,24264000.0,0,0.015,0.029,37038000.0,61302000.0,0.071,61302000.0,37038000.0,31602000.0,0.037,,0.037,1220480000,,1220480000,,,,-92667000.0,,1.0,337493000.0,0.393,448435000,5436000.0,1638626000,,597034000,0,0,0,1511849000,1076356000,435493000,,-236635000.0,-491983000.0,2886000.0,318967000.0,-14976000.0,306704000.0,-482563000.0,46212000.0,-60776000.0,0.0,19593000.0,19593000.0,19593000.0,0.0,0.0,0.023,302052000.0,35441000.0,326124000,0.784,,,,522728000,0.0,7.271,,,479586000,1246784000,857771000.0,857771000.0,0.0,,,,,0.0,299659000.0,1.0,,,,,2283894000,0,12009000.0,45733000,,257241000
102,SHW,MRQ,1995-12-31,1995-12-31,1995-12-31,2021-10-20,-20657000,2141053000,,1238898000,902155000,,,,249484000,249484000,,,2.002,0.766,24773000,755000,24018000,24773000,0,,0,0.016,0.027,,,,,,,,,,1212126000,,1212126000,,,,,,1.0,,,122862000,,1174543000,,463087000,20000000,20000000,0,928927000,618937000,309990000,,,,,,,,,,,,,,,,,,,,276863000,,,,17.282,456357000,,6.792,,,334304000,1242167000,,,,,,,,,,1.0,,,,,2018191000,71583000,,31891000,,619961000
103,SHW,MRQ,1994-12-31,1994-12-31,1994-12-31,2021-10-20,-20006000,1962031000,,1188624000,773407000,,,,251415000,251415000,,,1.991,0.863,20465000,0,20465000,20465000,0,,0,0.017,0.023,,,,,,,,,,1053344000,,1053344000,,,,,,1.0,,,138243000,,995790000,,459220000,0,0,0,908687000,597048000,311639000,,,,,,,,,,,,,,,,,,,,258930000,,,,15.467,409202000,,5.522,,,310984000,1096066000,,,,,,,,,,1.0,,,,,1823788000,73956000,,40768000,,591576000
0,SHW,MRT,2021-06-30,2021-06-30,2021-06-30,2021-10-20,-701200000,20519600000,20541475000.0,5185700000,15333900000,0.956,10.808,-312900000.0,219600000,219600000,10539400000.0,2171000000.0,0.838,6.224,10875500000,1842200000,9033300000,10875500000,0,980700000.0,0,0.007,1.993,3040500000.0,4021200000.0,0.205,4021200000.0,3040500000.0,2707700000.0,8.127,7.977,8.127,2840400000,3434300000.0,2840400000,83040968520.0,27.0,20.651,3222400000.0,12.262,1.0,9107400000.0,0.464,11183300000,332800000.0,13801800000,14134975000.0,1804100000,0,0,0,17679200000,6190400000,11488800000,72457968520.0,31500000.0,90900000.0,-2891500000.0,202300000.0,-540100000.0,-3259300000.0,-248100000.0,-75100000.0,3535300000.0,3600000.0,2171000000.0,2171000000.0,2171000000.0,0.0,0.0,0.111,6097300000.0,3010100000.0,2502800000,0.245,25.51,33.375,33.524,3570500000,0.0,272.45,3.688,3.644,2590600000,1604800000,19646800000.0,19646800000.0,0.0,0.106,0.632,0.215,0.155,88500000.0,5780100000.0,1.0,265949600.0,262800000.0,267800000.0,74.76,9336300000,0,536700000.0,1032200000,35.526,-1004700000
1,SHW,MRT,2021-03-31,2021-03-31,2021-03-31,2021-10-20,-763800000,20435000000,20535200000.0,5109600000,15325400000,0.919,11.583,-261500000.0,314700000,314700000,9966100000.0,2118300000.0,0.904,5.638,10897700000,1632400000,9265300000,10897700000,0,966400000.0,0,0.008,1.89,2973300000.0,3939700000.0,0.209,3939700000.0,2973300000.0,2635900000.0,7.857,7.717,7.857,3078700000,3691675000.0,3078700000,76013975341.0,26.0,19.294,3287900000.0,12.37,1.0,8904900000.0,0.472,11221300000,337400000.0,14145100000,14421025000.0,1847300000,0,0,0,17356300000,5651600000,11704700000,66127075341.0,76200000.0,91300000.0,-2015300000.0,-669800000.0,-516900000.0,-3230600000.0,-230900000.0,-120000000.0,3549400000.0,-11700000.0,2118300000.0,2118300000.0,2118300000.0,0.0,0.0,0.112,5954500000.0,2950400000.0,2217000000,0.241,21.479,31.217,31.31,3509200000,0.0,246.003,3.504,3.465,2414100000,1102100000,18871000000.0,18871000000.0,0.0,0.103,0.574,0.206,0.158,89300000.0,5637700000.0,1.0,268805607.0,265800000.0,270600000.0,70.997,9213700000,0,517600000.0,1080400000,34.664,-542000000
2,SHW,MRT,2020-12-31,2020-12-31,2020-12-31,2021-10-20,-718300000,20401600000,20569025000.0,4591400000,15810200000,0.893,13.31,-303800000.0,226600000,226600000,9679100000.0,2030400000.0,0.999,4.65,10113500000,412500000,9701000000,10113500000,0,962700000.0,0,0.007,1.787,2859600000.0,3822300000.0,0.208,3822300000.0,2859600000.0,2519200000.0,7.483,7.36,7.483,3610800000,3744275000.0,3610800000,76219937704.0,27.0,19.941,3104800000.0,11.445,1.0,8682600000.0,0.473,11520300000,340400000.0,14173800000,14655375000.0,1804100000,0,0,0,16790800000,4594400000,12196400000,66747837704.0,64800000.0,0.0,-2081200000.0,-410300000.0,-488000000.0,-3020100000.0,-322400000.0,-79300000.0,3408600000.0,-1300000.0,2030400000.0,2030400000.0,2030400000.0,0.0,0.0,0.111,5821300000.0,2861300000.0,2117800000,0.239,18.486,32.874,32.737,3595600000,0.0,244.97,3.635,3.619,2078100000,844300000,18361700000.0,18361700000.0,0.0,0.099,0.542,0.195,0.156,95900000.0,5505600000.0,1.0,272473518.0,271277583.0,275827869.0,67.686,8881300000,0,488800000.0,1029600000,32.739,-3000000
3,SHW,MRT,2020-09-30,2020-09-30,2020-09-30,2021-10-20,-792300000,20809700000,20592675000.0,5175600000,15634100000,0.873,15.49,-297900000.0,619900000,619900000,9539400000.0,1872000000.0,1.188,3.946,10092000000,403800000,9688200000,10092000000,0,950900000.0,0,0.007,1.717,2654100000.0,3605000000.0,0.2,3605000000.0,2654100000.0,2312700000.0,6.887,6.753,6.887,4207300000,3872400000.0,4207300000,73859538715.0,28.0,20.488,2925800000.0,10.772,1.0,8447900000.0,0.47,11504300000,341400000.0,14419200000,14737100000.0,1672800000,0,0,0,16602400000,4358300000,12244100000,63437938715.0,430300000.0,-4700000.0,-1259200000.0,-634900000.0,-473700000.0,-2420900000.0,-350700000.0,-86900000.0,3223700000.0,-21800000.0,1872000000.0,1872000000.0,1872000000.0,0.0,0.0,0.104,5828300000.0,2619600000.0,2056200000,0.249,15.078,33.888,33.722,3518600000,0.0,232.247,3.527,3.507,2454500000,8619500000,17987300000.0,17987300000.0,0.0,0.091,0.483,0.18,0.148,103700000.0,5393600000.0,1.0,273148974.0,271611942.0,276330687.0,66.224,9305400000,0,440700000.0,1121900000,34.26,817300000
4,SHW,MRT,2020-06-30,2020-06-30,2020-06-30,2021-10-20,-867200000,20494500000,20606325000.0,4883200000,15611300000,0.861,14.259,-343300000.0,188100000,188100000,9514600000.0,1742700000.0,1.095,4.296,10609700000,929600000,9680100000,10609700000,0,945400000.0,0,0.009,1.647,2490300000.0,3435700000.0,0.194,3435700000.0,2490300000.0,2146900000.0,6.38,6.253,6.38,3869900000,3826300000.0,3869900000,63745280000.0,26.0,18.554,2294600000.0,8.455,1.0,8218200000.0,0.463,11510500000,343400000.0,14946000000,14778750000.0,1788600000,0,0,0,16624600000,4459600000,12165000000,52468780000.0,42500000.0,-77300000.0,-994500000.0,-629100000.0,-456600000.0,-2147900000.0,-432200000.0,-40500000.0,2637900000.0,-15300000.0,1742700000.0,1742700000.0,1742700000.0,0.0,0.0,0.098,5767000000.0,2451200000.0,1848400000,0.258,13.558,30.108,30.191,3495200000,0.0,192.617,2.959,2.948,2472500000,8036000000,17732800000.0,17732800000.0,0.0,0.085,0.455,0.169,0.14,100400000.0,5333500000.0,1.0,272400000.0,271400000.0,275900000.0,65.338,8984000000,0,404200000.0,1208900000,33.102,423600000
5,SHW,MRT,2020-03-31,2020-03-31,2020-03-31,2021-10-20,-901100000,20570300000,20779225000.0,4928000000,15642300000,0.867,12.039,-384100000.0,238500000,238500000,9815900000.0,1617800000.0,0.944,5.254,11515000000,1852100000,9662900000,11515000000,0,949900000.0,0,0.01,1.577,2419700000.0,3369600000.0,0.187,3369600000.0,2419700000.0,2075200000.0,5.89,5.77,5.89,3289100000,3795700000.0,3289100000,52646174542.0,22.0,15.624,2028100000.0,7.423,1.0,8190700000.0,0.455,11544100000,344500000.0,15082500000,14510350000.0,1954800000,0,0,0,17281200000,5220200000,12061000000,42380474542.0,144100000.0,-77300000.0,-1146900000.0,-77300000.0,-438900000.0,-1782100000.0,-488300000.0,-33300000.0,2412200000.0,2300000.0,1617800000.0,1617800000.0,1617800000.0,0.0,0.0,0.09,5816000000.0,2374700000.0,1958400000,0.268,12.885,26.196,26.006,3512900000,0.0,153.173,2.354,2.324,2291500000,7562700000,18006600000.0,18006600000.0,0.0,0.078,0.426,0.167,0.134,98700000.0,5381800000.0,1.0,276683112.0,273200000.0,278600000.0,65.91,9026200000,0,457400000.0,1056000000,33.039,-292200000
6,SHW,MRT,2019-12-31,2019-12-31,2019-12-31,2021-10-20,-679500000,20496200000,20877050000.0,4631700000,15864500000,0.857,14.971,-328900000.0,161800000,161800000,9864700000.0,1541300000.0,1.024,3.971,10427500000,1006100000,9421400000,10427500000,0,945700000.0,0,0.008,1.507,2331100000.0,3276800000.0,0.183,3276800000.0,2331100000.0,1981800000.0,5.597,5.497,5.597,4123300000,3838450000.0,4123300000,64301411910.0,28.0,19.623,1992400000.0,7.234,1.0,8036100000.0,0.449,11739300000,349300000.0,14500700000,14575300000.0,1889600000,0,0,0,16372900000,4521900000,11851000000,53866133910.0,6300000.0,-77300000.0,-624200000.0,-658600000.0,-420800000.0,-1846400000.0,-462600000.0,-63300000.0,2321300000.0,-6000000.0,1541300000.0,1541300000.0,1541300000.0,0.0,0.0,0.086,5748900000.0,2287200000.0,1876300000,0.269,13.064,34.949,34.753,3520800000,0.0,194.513,3.009,2.993,2088900000,7366900000,17900800000.0,17900800000.0,0.0,0.074,0.402,0.16,0.13,101700000.0,5314000000.0,1.0,276927720.0,275410584.0,280340526.0,64.997,8756900000,0,440500000.0,1055600000,31.796,109800000
7,SHW,MRT,2019-09-30,2019-09-30,2019-09-30,2021-10-20,-767100000,20864300000,20536575000.0,4907700000,15956600000,0.869,14.604,-309616000.0,189600000,189600000,10025807000.0,1393642000.0,1.009,4.186,10624900000,1229700000,9395200000,10624900000,0,850867000.0,0,0.008,1.417,2141340000.0,2992207000.0,0.168,2992207000.0,2141340000.0,1786475000.0,5.06,4.963,5.06,4022900000,3740300000.0,4022900000,61763408075.0,29.0,20.641,1864269000.0,6.768,1.0,7824821000.0,0.438,11848000000,354865000.0,14585800000,13916750000.0,1825000000,0,0,0,16841400000,4865800000,11975600000,50728998075.0,8102000.0,-72600000.0,-695151000.0,-622093000.0,-395261000.0,-1762914000.0,-424822000.0,-49552000.0,2173885000.0,21953000.0,1393642000.0,1393642000.0,1393642000.0,0.0,0.0,0.078,5638594000.0,2186227000.0,2028400000,0.28,12.61,36.4,36.223,3457300000,0.0,183.29,2.842,2.829,2479000000,7224300000,17850628000.0,17850628000.0,0.0,0.068,0.373,0.154,0.12,100368000.0,5325113000.0,1.0,276769044.0,275470719.0,280812780.0,64.8,9016300000,0,392833000.0,1191900000,32.731,41900000
8,SHW,MRT,2019-06-30,2019-06-30,2019-06-30,2021-10-20,-630800000,21186100000,20300946500.0,5090000000,16096100000,0.873,13.611,-277074000.0,145600000,145600000,10104773000.0,1171169000.0,0.803,4.653,11180000000,2608300000,8571700000,11180000000,0,763425000.0,0,0.009,1.327,1854474000.0,2617899000.0,0.148,2617899000.0,1854474000.0,1492628000.0,4.233,4.15,4.233,3747500000,3717206250.0,3747500000,53772452215.0,29.0,20.54,1845530000.0,6.703,1.0,7609625000.0,0.43,12005500000,361846000.0,13872400000,13349438000.0,1894900000,0,0,0,17438600000,6342600000,11096000000,42307592215.0,-9360000.0,0.0,-606864000.0,-769172000.0,-371059000.0,-1814587000.0,-321817000.0,-71589000.0,2122604000.0,4440000.0,1171169000.0,1171169000.0,1171169000.0,0.0,0.0,0.066,5568563000.0,2041062000.0,2067900000,0.313,11.29,36.124,36.089,3441100000,0.0,152.763,2.388,2.374,2659100000,6753000000,17714398000.0,17714398000.0,0.0,0.058,0.315,0.139,0.105,93524000.0,5252505000.0,1.0,276948606.0,275325885.0,280685175.0,64.34,9180600000,0,321459000.0,1269300000,33.344,-1252600000
9,SHW,MRT,2019-03-31,2019-03-31,2019-03-31,2021-10-20,-632200000,20961600000,20028377000.0,4815200000,16146400000,0.879,12.543,-260147000.0,94400000,94400000,10143541000.0,1103773000.0,0.963,5.058,11559200000,1485200000,10074000000,11559200000,0,673860000.0,0,0.009,1.237,1721167000.0,2395027000.0,0.136,2395027000.0,1721167000.0,1355014000.0,3.97,3.89,3.97,3460100000,3706024750.0,3460100000,49122832072.0,29.0,20.51,1606804000.0,5.825,1.0,7466853000.0,0.424,12083500000,366153000.0,15342300000,13298301250.0,1993400000,0,0,0,17501500000,5000600000,12500900000,39934686072.0,-64200000.0,0.0,-583247000.0,-720058000.0,-346672000.0,-1667851000.0,-283249000.0,-56950000.0,1866951000.0,19949000.0,1103773000.0,1103773000.0,1103773000.0,0.0,0.0,0.063,5560696000.0,1906157000.0,1894000000,0.312,11.541,36.18,36.164,3426400000,0.0,143.57,2.268,2.249,2339600000,6386900000,17610394000.0,17610394000.0,0.0,0.055,0.298,0.129,0.098,91089000.0,5248845000.0,1.0,278154810.0,275858484.0,281006184.0,63.839,8878100000,0,251241000.0,1257700000,32.184,-185400000
10,SHW,MRT,2018-12-31,2018-12-31,2018-12-31,2021-10-20,-629900000,19134300000,19865171000.0,4344500000,14789800000,0.883,13.373,-251000000.0,155500000,155500000,10115900000.0,1108700000.0,1.011,4.129,9343700000,635600000,8708100000,9343700000,0,596300000.0,0,0.009,1.147,1726400000.0,2322700000.0,0.132,2322700000.0,1726400000.0,1359700000.0,3.973,3.89,3.973,3730700000,3752432500.0,3730700000,46328225687.0,27.0,19.946,1692700000.0,6.068,1.0,7418600000.0,0.423,12158300000,366700000.0,11866500000,12927461250.0,1815300000,0,0,0,15403600000,4297700000,11105900000,36838210687.0,-48700000.0,0.0,-522600000.0,-928200000.0,-322900000.0,-1746700000.0,-251600000.0,-39000000.0,1943700000.0,5900000.0,1108700000.0,1108700000.0,1108700000.0,0.0,0.0,0.063,5541000000.0,1877600000.0,1799400000,0.289,9.874,33.226,33.011,1776800000,0.0,131.153,2.101,2.087,2018800000,6246500000,17534500000.0,17534500000.0,0.0,0.056,0.295,0.134,0.098,82600000.0,5222900000.0,1.0,280878951.0,278977371.0,284964210.0,62.853,6976000000,0,251000000.0,1211700000,25.006,46800000
11,SHW,MRT,2018-09-30,2018-09-30,2018-09-30,2021-10-20,-610596000,19921786000,20056471000.0,4979122000,14942664000,0.87,14.073,-245578000.0,181511000,181511000,9974666000.0,1860789000.0,1.028,4.068,9671526000,960695000,8710831000,9671526000,0,661320000.0,0,0.008,1.143,1850353000.0,2511673000.0,0.144,2511673000.0,1850353000.0,1483535000.0,6.663,6.52,6.663,3930525000,3731732500.0,3930525000,52727817025.0,28.0,20.993,1810805000.0,6.483,1.0,7475182000.0,0.428,12253184000,366818000.0,12316552000,13313836250.0,1802418000,0,0,0,15991261000,4842065000,11149196000,42507975025.0,-26446000.0,14000.0,-244240000.0,-1166042000.0,-322523000.0,-1801440000.0,-251985000.0,-52447000.0,2056383000.0,-29404000.0,1860789000.0,1860789000.0,1860789000.0,0.0,0.0,0.107,5506145000.0,1969037000.0,2165724000,0.172,10.815,22.844,22.773,1766354000,0.0,151.737,2.436,2.429,2584280000,6226443000,17449848000.0,17449848000.0,0.0,0.093,0.499,0.139,0.106,84286000.0,5177125000.0,1.0,280143066.0,279299142.0,,62.477,7668602000,0,-377254000.0,1455198000,27.457,137057000
12,SHW,MRT,2018-06-30,2018-06-30,2018-06-30,2021-10-20,-542449000,20095822000,20270938750.0,4978295000,15117527000,0.85,13.282,-240991000.0,154973000,154973000,9858793000.0,1823368000.0,1.188,4.427,10374815000,651897000,9722918000,10374815000,0,664822000.0,0,0.008,1.14,1861434000.0,2526256000.0,0.147,2526256000.0,1861434000.0,1495304000.0,6.53,6.39,6.53,3702774000,3434348500.0,3702774000,48780009466.0,26.0,19.309,1635972000.0,5.868,1.0,7366605000.0,0.428,12457724000,366130000.0,13667853000,13675419250.0,1815741000,0,0,0,16393048000,4190087000,12202961000,38126416466.0,-55096000.0,-4018000.0,-236293000.0,-1015942000.0,-321707000.0,-1606376000.0,-290153000.0,-69567000.0,1876963000.0,-35530000.0,1823368000.0,1823368000.0,1823368000.0,0.0,0.0,0.106,5536698000.0,1829907000.0,2049123000,0.175,10.297,20.91,20.805,1776378000,0.0,135.857,2.213,2.199,2625066000,5953313000,17225398000.0,17225398000.0,0.0,0.09,0.531,0.136,0.108,91210000.0,5204044000.0,1.0,280637067.0,278779263.0,,61.789,7638098000,0,-328064000.0,1538797000,27.398,788208000
13,SHW,MRT,2018-03-31,2018-03-31,2018-03-31,2021-10-20,-335655000,20308776000,20426332750.0,4827993000,15480783000,0.792,13.02,-223574000.0,158613000,158613000,9124825000.0,1738875000.0,1.116,4.571,10812206000,921189000,9891017000,10812206000,0,597675000.0,0,0.009,1.137,1754033000.0,2351708000.0,0.145,2351708000.0,1754033000.0,1424681000.0,6.23,6.093,6.23,3645731000,3106470000.0,3645731000,47173287327.0,27.0,20.059,1469359000.0,5.247,1.0,7062594000.0,0.436,12776277000,329352000.0,13858940000,13928225500.0,1942720000,0,0,0,16663045000,4327152000,12335893000,36856845327.0,-859215000.0,-8810300000.0,-117715000.0,7066503000.0,-320578000.0,6546793000.0,-9058040000.0,-43956000.0,1692933000.0,-40901000.0,1738875000.0,1738875000.0,1738875000.0,0.0,0.0,0.107,5312437000.0,1750157000.0,1975323000,0.183,10.11,21.196,20.98,1840005000,0.0,130.707,2.277,2.261,2326411000,5630323000,16187419000.0,16187419000.0,0.0,0.085,0.56,0.126,0.108,87590000.0,5024758000.0,1.0,281981373.0,280018692.0,,57.808,7532499000,0,-314194000.0,1593089000,26.9,500841000
14,SHW,MRT,2017-12-31,2017-12-31,2017-12-31,2021-10-20,-384900000,19899500000,17096364500.0,4407000000,15492500000,0.876,13.003,-222800000.0,204200000,204200000,8265000000.0,1727900000.0,1.105,4.455,10520600000,634900000,9885700000,10520600000,0,491800000.0,0,0.008,1.133,1691200000.0,2183000000.0,0.146,2183000000.0,1691200000.0,1427700000.0,6.2,6.067,6.2,3647900000,2711374750.0,3647900000,49085889117.0,29.0,22.486,1661200000.0,5.921,1.0,6718800000.0,0.448,12816700000,263500000.0,13412000000,11364386250.0,1742500000,0,0,0,16251600000,3987200000,12264400000,38344446117.0,-685600000.0,-8810300000.0,143600000.0,6778700000.0,-319000000.0,6514100000.0,-9047400000.0,-61500000.0,1884000000.0,-36300000.0,1727900000.0,1727900000.0,1727900000.0,0.0,0.0,0.115,5027300000.0,1691500000.0,1791500000,0.183,10.511,22.191,22.045,1877100000,0.0,136.68,2.559,2.559,2104600000,5458400000,14983800000.0,14983800000.0,0.0,0.101,0.637,0.149,0.113,90300000.0,4818500000.0,1.0,280541748.0,280541748.0,,53.41,7082800000,0,-300200000.0,1499500000,25.247,419800000
15,SHW,MRT,2017-09-30,2017-09-30,2017-09-30,2021-10-20,-452301000,20779657000,13809619750.0,4683904000,16095753000,0.998,9.826,-209331000.0,207937000,207937000,7420231000.0,1077899000.0,1.071,6.581,10949380000,865552000,10083828000,10949380000,0,330629000.0,0,0.009,1.13,1723219000.0,2053848000.0,0.149,2053848000.0,1723219000.0,1505824000.0,3.873,3.787,3.873,2740989000,2269010000.0,2740989000,44738816909.0,26.0,21.783,1391539000.0,4.988,1.0,6366584000.0,0.462,13386555000,217395000.0,13762884000,8912433000.0,1704213000,0,0,0,18038668000,4371661000,13667007000,33444576909.0,-494632000.0,-8810314000.0,114285000.0,7197328000.0,-317235000.0,6918407000.0,-8977768000.0,-30540000.0,1600870000.0,-36141000.0,1077899000.0,1077899000.0,1077899000.0,0.0,0.0,0.078,4649982000.0,1716602000.0,1832434000,0.292,12.202,31.028,30.815,1895549000,0.0,119.347,2.426,2.415,2426222000,4685313000,13786815000.0,13786815000.0,0.0,0.078,0.475,0.193,0.125,83140000.0,4514640000.0,1.0,280230507.0,278964354.0,,49.421,7393102000,0,427925000.0,2891919000,26.502,312243000
16,SHW,MRT,2017-06-30,2017-06-30,2017-06-30,2021-10-20,-519236000,20717398000,10344148250.0,4854001000,15863397000,1.214,8.585,-208580000.0,210049000,210049000,6458075000.0,1148026000.0,1.169,7.664,11504289000,753005000,10751284000,11504289000,0,229441000.0,0,0.01,1.127,1783624000.0,2013065000.0,0.16,2013065000.0,1783624000.0,1613722000.0,4.14,4.037,4.14,2391260000,1983208500.0,2391260000,33620708572.0,19.0,16.701,1176142000.0,4.223,1.0,6101182000.0,0.486,13180647000,169902000.0,14679078000,6537015750.0,1854937000,0,0,0,18326138000,4151913000,14174225000,32684309572.0,-192607000.0,-8806282000.0,122280000.0,7738670000.0,-315295000.0,7467267000.0,-9019012000.0,-77676000.0,1384722000.0,-25584000.0,1148026000.0,1148026000.0,1148026000.0,0.0,0.0,0.091,4313837000.0,1787345000.0,1783648000,0.272,13.668,28.47,28.258,1889917000,0.0,116.987,2.602,2.594,2377874000,4448788000,12559257000.0,12559257000.0,0.0,0.111,0.579,0.273,0.142,76027000.0,4254023000.0,1.0,279384912.0,278523444.0,,45.092,7536751000,0,465696000.0,2788238000,27.06,702088000
17,SHW,MRT,2017-03-31,2017-03-31,2017-03-31,2021-10-20,-549413000,6988903000,6831218000.0,3876664000,3112239000,1.763,7.439,-228506000.0,1017808000,1017808000,6040499000.0,1206979000.0,1.319,2.384,1954207000,742695000,1211512000,1954207000,0,199566000.0,0,0.011,1.123,1839524000.0,2039090000.0,0.169,2039090000.0,1839524000.0,1685473000.0,4.367,4.247,4.367,2065350000,1697050750.0,2065350000,30005716674.0,16.0,14.715,1373941000.0,4.948,1.0,6002466000.0,0.498,1382717000,154051000.0,3603583000,3921405500.0,1247688000,0,0,0,4923553000,2939002000,1984551000,28942969674.0,947260000.0,0.0,108876000.0,-87025000.0,-313798000.0,-343815000.0,-272148000.0,-115850000.0,1602447000.0,-39224000.0,1206979000.0,1206979000.0,1206979000.0,0.0,0.0,0.1,4186178000.0,1816288000.0,1221778000,0.257,14.014,23.98,23.677,1063095000,0.0,103.397,2.403,2.384,1356851000,4209198000,12042965000.0,12042965000.0,0.0,0.177,0.711,0.469,0.153,73665000.0,4149698000.0,1.0,279921690.0,277651677.0,,43.374,5606186000,0,478494000.0,174014000,20.191,937662000
18,SHW,MRT,2016-12-31,2016-12-31,2016-12-31,2021-10-20,-540351000,6752521000,6593569500.0,3627298000,3125223000,1.798,6.739,-239026000.0,889793000,889793000,5934344000.0,1132703000.0,1.282,2.595,1952540000,741214000,1211326000,1952540000,0,197478000.0,0,0.013,1.12,1749321000.0,1946799000.0,0.164,1946799000.0,1749321000.0,1595233000.0,4.11,3.997,4.11,1878441000,1430919000.0,1878441000,26227174316.0,15.0,13.472,1069546000.0,3.837,1.0,5921258000.0,0.499,1381902000,154088000.0,3604187000,4107311500.0,1068326000,0,0,0,4874080000,2829179000,2044901000,24968026316.0,684049000.0,0.0,86831000.0,-1510000.0,-312082000.0,-307353000.0,-303774000.0,-103182000.0,1308572000.0,-13396000.0,1132703000.0,1132703000.0,1132703000.0,0.0,0.0,0.096,4188720000.0,1732538000.0,1034608000,0.273,13.292,22.043,21.796,1095888000,0.0,89.58,2.106,2.106,1230987000,4049497000,11855602000.0,11855602000.0,0.0,0.172,0.792,0.426,0.148,72109000.0,4152628000.0,1.0,278723223.0,278723223.0,,42.535,5370619000,57162000,462530000.0,150598000,19.269,798119000
19,SHW,MRT,2016-09-30,2016-09-30,2016-09-30,2021-10-20,-658221000,6917771000,6350173500.0,3708231000,3209540000,1.839,5.79,-249451000.0,702569000,702569000,5820910000.0,1127690000.0,1.474,3.33,1961717000,52004000,1909713000,1961717000,0,199481000.0,0,0.012,1.063,1718690000.0,1918171000.0,0.164,1918171000.0,1718690000.0,1588420000.0,4.097,3.98,4.097,1597783000,1178286250.0,1597783000,27082000459.0,16.0,14.119,1262042000.0,4.573,1.0,5856697000.0,0.502,1399897000,130270000.0,4261215000,4201895750.0,1112512000,0,0,0,5319988000,2515807000,2804181000,25514057459.0,611540000.0,0.0,-186897000.0,10040000.0,-296268000.0,-544669000.0,-363555000.0,-119790000.0,1511493000.0,8271000.0,1127690000.0,1127690000.0,1127690000.0,0.0,0.0,0.097,4140511000.0,1716186000.0,1224358000,0.259,15.968,22.625,22.509,1083922000,0.0,92.22,2.185,2.179,1458073000,3924686000,11677607000.0,11677607000.0,0.0,0.178,0.957,0.409,0.147,72619000.0,4098507000.0,1.0,276665121.0,275978562.0,,42.313,5517874000,148550000,460730000.0,277494000,19.994,1192424000
20,SHW,MRT,2016-06-30,2016-06-30,2016-06-30,2021-10-20,-662089000,6665677000,6142975250.0,3483942000,3181735000,1.88,4.527,-260879000.0,402656000,402656000,5755606000.0,1115448000.0,1.327,4.347,1970599000,61382000,1909217000,1970599000,0,198349000.0,0,0.01,1.007,1706687000.0,1905036000.0,0.165,1905036000.0,1706687000.0,1603522000.0,4.05,3.943,4.05,1246629000,1022881750.0,1246629000,29132119835.0,17.0,15.292,1347547000.0,4.894,1.0,5794824000.0,0.502,1391770000,103165000.0,4216637000,4196344000.0,1152232000,0,0,0,5419048000,2625213000,2793835000,27163039835.0,327588000.0,0.0,-279564000.0,-302114000.0,-280117000.0,-927014000.0,-356618000.0,-101057000.0,1608426000.0,2794000.0,1115448000.0,1115448000.0,1115448000.0,0.0,0.0,0.097,4084176000.0,1710648000.0,1289406000,0.249,21.789,24.352,24.17,1072257000,0.0,97.89,2.352,2.334,1473078000,3616095000,11550430000.0,11550430000.0,0.0,0.182,1.09,0.407,0.148,71712000.0,4050355000.0,1.0,277485339.0,275366202.0,,41.946,5273907000,155407000,488074000.0,361741000,19.152,858729000
21,SHW,MRT,2016-03-31,2016-03-31,2016-03-31,2021-10-20,-568085000,6038309000,6008699750.0,2888625000,3149684000,1.908,3.647,-243436000.0,70548000,70548000,5774135000.0,1087321000.0,1.277,5.033,2039628000,130854000,1908774000,2039628000,0,197832000.0,0,0.01,0.95,1647262000.0,1845094000.0,0.161,1845094000.0,1647262000.0,1572090000.0,3.94,3.847,3.94,1000823000,900560000.0,1000823000,28023689031.0,17.0,15.188,1197036000.0,4.362,1.0,5688909000.0,0.496,1397621000,75172000.0,4347207000,4029633750.0,1147361000,0,0,0,5037486000,2262561000,2774925000,26266621031.0,6535000.0,0.0,-348167000.0,-478579000.0,-264772000.0,-1115168000.0,-313888000.0,-76063000.0,1440472000.0,-4881000.0,1087321000.0,1087321000.0,1087321000.0,0.0,0.0,0.095,4036558000.0,1652351000.0,1152923000,0.241,26.245,24.157,24.084,1057025000,0.0,94.89,2.291,2.272,1290749000,3316018000,11463044000.0,11463044000.0,0.0,0.181,1.207,0.409,0.144,70028000.0,4008321000.0,1.0,276811266.0,274427580.0,,41.771,4640688000,97562000,484769000.0,115403000,16.91,626064000
22,SHW,MRT,2015-12-31,2015-12-31,2015-12-31,2021-10-20,-587095000,5778937000,5962334000.0,2657180000,3121757000,1.902,3.107,-234340000.0,205744000,205744000,5779691000.0,1053849000.0,1.241,5.658,1949894000,42616000,1907278000,1949894000,0,198560000.0,0,0.01,0.893,1610757000.0,1809317000.0,0.16,1809317000.0,1610757000.0,1548966000.0,3.81,3.717,3.81,867910000,767647250.0,867910000,26038002694.0,16.0,14.391,1213123000.0,4.343,1.0,5559613000.0,0.49,1398704000,61791000.0,3982524000,3819731250.0,1018530000,0,0,0,4911027000,2141859000,2769168000,24168893694.0,165012000.0,0.0,-945301000.0,167288000.0,-249647000.0,-980353000.0,-288633000.0,-65593000.0,1447463000.0,-13465000.0,1053849000.0,1053849000.0,1053849000.0,0.0,0.0,0.093,3944173000.0,1615440000.0,1157561000,0.234,27.847,22.934,22.712,1041862000,0.0,86.533,2.131,2.131,1114275000,3228876000,11339304000.0,11339304000.0,0.0,0.177,1.373,0.422,0.142,72342000.0,3915936000.0,1.0,279301545.0,279301545.0,,40.599,4380233000,87883000,495117000.0,219855000,15.683,515321000
23,SHW,MRT,2015-09-30,2015-09-30,2015-09-30,2021-10-20,-569417000,6088978000,5942433000.0,2922562000,3166416000,1.902,3.529,-222632000.0,91029000,91029000,5849158000.0,988575000.0,1.274,5.238,1947094000,39988000,1907106000,1947094000,0,197514000.0,0,0.011,0.853,1498259000.0,1695773000.0,0.15,1695773000.0,1498259000.0,1440616000.0,3.58,3.477,3.58,976165000,799787250.0,976165000,22975618493.0,15.0,13.549,880090000.0,3.182,1.0,5454962000.0,0.483,1411839000,57643000.0,4239008000,3656390000.0,1052830000,0,0,0,5112813000,2294196000,2818617000,20765467493.0,-170317000.0,0.0,-1059783000.0,291618000.0,-240327000.0,-951972000.0,-306284000.0,-95290000.0,1102722000.0,-14783000.0,988575000.0,988575000.0,988575000.0,0.0,0.0,0.087,3950201000.0,1504761000.0,1216342000,0.238,21.272,21.005,20.743,1015167000,0.0,74.26,1.837,1.817,1413946000,3093265000,11304120000.0,11304120000.0,0.0,0.166,1.236,0.41,0.133,68760000.0,3950201000.0,1.0,279631935.0,276589374.0,,40.87,4677139000,107063000,452041000.0,187904000,16.91,628366000
24,SHW,MRT,2015-06-30,2015-06-30,2015-06-30,2021-10-20,-516662000,6128575000,5999439750.0,3003914000,3124661000,1.884,2.736,-221217000.0,75068000,75068000,5951040000.0,940324000.0,0.895,7.092,2279130000,1162463000,1116667000,2279130000,0,198587000.0,0,0.009,0.813,1420615000.0,1619202000.0,0.143,1619202000.0,1420615000.0,1363942000.0,3.367,3.27,3.367,757342000,893730000.0,757342000,28095334851.0,20.0,17.351,877751000.0,3.171,1.0,5351365000.0,0.473,1425602000,56673000.0,3549796000,3448032250.0,1131976000,0,0,0,5371233000,3357239000,2013994000,25628094851.0,-192130000.0,0.0,-1404573000.0,609549000.0,-231678000.0,-965607000.0,-307072000.0,-95019000.0,1098968000.0,-18419000.0,940324000.0,940324000.0,940324000.0,0.0,0.0,0.083,3943698000.0,1407667000.0,1253894000,0.241,33.84,27.255,27.227,1005319000,0.0,91.673,2.267,2.245,1454045000,2780764000,11302405000.0,11302405000.0,0.0,0.157,1.052,0.412,0.126,67750000.0,3943698000.0,1.0,279558885.0,276781101.0,,40.835,4702973000,107902000,423618000.0,193834000,16.992,-353325000
25,SHW,MRT,2015-03-31,2015-03-31,2015-03-31,2021-10-20,-528305000,5852846000,6052546000.0,2764576000,3088270000,1.853,1.686,-214084000.0,64013000,64013000,5982229000.0,881834000.0,0.818,11.475,2524849000,1408512000,1116337000,2524849000,0,199390000.0,0,0.008,0.773,1345552000.0,1544942000.0,0.138,1544942000.0,1345552000.0,1285390000.0,3.103,3.017,3.103,469172000,1085634250.0,469172000,28762223020.0,21.0,18.617,895495000.0,3.219,1.0,5231032000.0,0.467,1427040000,60162000.0,3507597000,3449624000.0,1161250000,0,0,0,5383674000,3379045000,2004629000,26997539020.0,-302452000.0,0.0,-1758277000.0,833485000.0,-222782000.0,-1101634000.0,-301263000.0,-95372000.0,1109579000.0,-9134000.0,881834000.0,881834000.0,881834000.0,0.0,0.0,0.079,3904456000.0,1326576000.0,1174840000,0.249,57.543,30.615,30.562,998432000,0.0,94.833,2.408,2.353,1234612000,2493469000,11213261000.0,11213261000.0,0.0,0.146,0.812,0.39,0.12,66956000.0,3904456000.0,1.0,284684067.0,278220177.0,,40.304,4425806000,107869000,403556000.0,77602000,15.908,-614469000
26,SHW,MRT,2014-12-31,2014-12-31,2014-12-31,2021-10-20,-471958000,5699333000,6136640750.0,2565566000,3133767000,1.814,3.46,-200545000.0,40732000,40732000,5965049000.0,865887000.0,0.957,4.72,1798697000,682701000,1115996000,1798697000,0,198945000.0,0,0.008,0.733,1322431000.0,1521376000.0,0.137,1521376000.0,1322431000.0,1258226000.0,3.0,2.923,3.0,996470000,1381601000.0,996470000,26670485167.0,20.0,17.531,880983000.0,3.059,1.0,5164484000.0,0.464,1447473000,64205000.0,3329159000,3471489750.0,1033527000,0,0,0,4702863000,2680666000,2022197000,25251233167.0,-704157000.0,0.0,-1388594000.0,92236000.0,-215263000.0,-1467075000.0,-310050000.0,-111021000.0,1081528000.0,-8560000.0,865887000.0,865887000.0,865887000.0,0.0,0.0,0.078,3860448000.0,1304036000.0,1042182000,0.244,25.341,29.162,29.227,1021030000,0.0,87.68,2.269,2.269,1130565000,2424674000,11129533000.0,11129533000.0,0.0,0.141,0.627,0.381,0.119,64735000.0,3860448000.0,1.0,287993079.0,287993079.0,,38.645,4251860000,109087000,392339000.0,86744000,14.764,-115100000
27,SHW,MRT,2014-09-30,2014-09-30,2014-09-30,2021-10-20,-371786000,6317005000,6307434250.0,3079735000,3237270000,1.747,4.754,-194083000.0,261346000,261346000,5946492000.0,849267000.0,1.074,3.673,1680598000,557899000,1122699000,1680598000,0,197000000.0,0,0.01,0.717,1284316000.0,1481316000.0,0.134,1481316000.0,1284316000.0,1218583000.0,2.917,2.86,2.917,1351936000,1576117250.0,1351936000,22836670046.0,18.0,15.416,993082000.0,3.492,1.0,5070687000.0,0.46,1462298000,65733000.0,3405577000,3473936750.0,1046642000,0,0,0,4965069000,2868382000,2096687000,21414584046.0,-774367000.0,12840000.0,-1277339000.0,-242163000.0,-212804000.0,-1692277000.0,-250003000.0,-69544000.0,1187165000.0,-19252000.0,849267000.0,849267000.0,849267000.0,0.0,0.0,0.077,3809721000.0,1260966000.0,1266167000,0.246,15.84,25.215,25.025,1013285000,0.0,72.997,1.944,1.884,1408967000,2345016000,11017179000.0,11017179000.0,0.0,0.135,0.539,0.37,0.117,65869000.0,3809721000.0,1.0,293363862.0,284400573.0,,38.738,4854707000,101815000,369316000.0,192464000,17.07,211353000
28,SHW,MRT,2014-06-30,2014-06-30,2014-06-30,2021-10-20,-315516000,6341000000,6458580000.0,3108118000,3232882000,1.659,5.262,-161424000.0,267198000,267198000,5818336000.0,785993000.0,1.14,3.158,1689284000,566864000,1122420000,1689284000,0,194025000.0,0,0.01,0.7,1197099000.0,1391124000.0,0.13,1391124000.0,1197099000.0,1131997000.0,2.643,2.593,2.643,1524959000,1705546000.0,1524959000,21964502284.0,18.0,15.789,951847000.0,3.285,1.0,4895690000.0,0.457,1481639000,65102000.0,3556163000,3604189500.0,1091182000,0,0,0,4816041000,2725284000,2090757000,20618970284.0,-473886000.0,-74940000.0,-1113660000.0,6854000.0,-210514000.0,-1282215000.0,-294905000.0,-59373000.0,1113271000.0,-10037000.0,785993000.0,785993000.0,785993000.0,0.0,0.0,0.073,3704006000.0,1191684000.0,1244574000,0.265,13.521,26.233,26.095,1006296000,0.0,68.97,1.924,1.866,1402803000,2072118000,10714026000.0,10714026000.0,0.0,0.122,0.461,0.332,0.112,63590000.0,3704006000.0,1.0,298955637.0,289799607.0,,36.97,4859361000,102733000,346004000.0,190368000,16.768,382834000
29,SHW,MRT,2014-03-31,2014-03-31,2014-03-31,2021-10-20,-329247000,6189225000,6475456000.0,2967478000,3221747000,1.604,5.575,-164812000.0,366465000,366465000,5665304000.0,751833000.0,1.21,2.744,1711997000,589601000,1122396000,1711997000,0,190198000.0,0,0.01,0.683,1147448000.0,1337646000.0,0.129,1337646000.0,1147448000.0,1083651000.0,2.48,2.433,2.48,1653039000,1791188750.0,1653039000,20748478765.0,18.0,15.511,926966000.0,3.126,1.0,4719616000.0,0.454,1487053000,63797000.0,3595060000,3690576750.0,1096783000,0,0,0,4536186000,2452644000,2083542000,19771495765.0,-247465000.0,-79940000.0,-846540000.0,11165000.0,-208323000.0,-1000209000.0,-335374000.0,-92676000.0,1091778000.0,-3660000.0,751833000.0,751833000.0,751833000.0,0.0,0.0,0.072,3571662000.0,1147954000.0,1130338000,0.275,11.961,26.298,26.496,1004394000,0.0,65.71,1.904,1.876,1174116000,1834417000,10384920000.0,10384920000.0,0.0,0.116,0.42,0.311,0.11,61956000.0,3571662000.0,1.0,300890211.0,296499630.0,,35.025,4702172000,102473000,331818000.0,76538000,15.859,514834000
30,SHW,MRT,2013-12-31,2013-12-31,2013-12-31,2021-10-20,-321044000,6382507000,6469704750.0,3158717000,3223790000,1.574,5.837,-166680000.0,744889000,744889000,5568966000.0,752561000.0,1.249,2.597,1721872000,599499000,1122373000,1721872000,0,187794000.0,0,0.011,0.667,1148672000.0,1336466000.0,0.131,1336466000.0,1148672000.0,1085958000.0,2.47,2.42,2.47,1774535000,1831167750.0,1774535000,19488547822.0,17.0,14.582,917086000.0,3.017,1.0,4616566000.0,0.453,1491986000,62714000.0,3338947000,3786305000.0,970815000,0,0,0,4607972000,2528557000,2079415000,18594610822.0,-117701000.0,-79940000.0,-699510000.0,21175000.0,-204978000.0,-853308000.0,-338314000.0,-94739000.0,1083766000.0,-9845000.0,752561000.0,752561000.0,752561000.0,0.0,0.0,0.074,3470200000.0,1146366000.0,998484000,0.27,10.479,24.708,24.764,1021383000,0.0,61.167,1.826,1.826,1097751000,1774050000,10185532000.0,10185532000.0,0.0,0.116,0.411,0.303,0.113,58004000.0,3470200000.0,1.0,303999087.0,303999087.0,,33.505,4890521000,104496000,333397000.0,79504000,16.087,630160000
31,SHW,MRT,2013-09-30,2013-09-30,2013-09-30,2021-10-20,-389069000,6921588000,6432762250.0,3770715000,3150873000,1.547,6.204,-162623000.0,1035713000,1035713000,5462448000.0,704490000.0,1.567,2.702,1929650000,297662000,1631988000,1929650000,0,184933000.0,0,0.01,0.63,1088560000.0,1273493000.0,0.128,1273493000.0,1088560000.0,1030923000.0,2.3,2.257,2.3,1869651000,1835485000.0,1869651000,19650975259.0,18.0,15.431,933909000.0,3.099,1.0,4487896000.0,0.451,1482664000,57637000.0,3926588000,3875828750.0,1017618000,0,0,0,5051937000,2406273000,2645664000,18706812259.0,980532000.0,-145129000.0,-509052000.0,954024000.0,-194697000.0,308680000.0,-421270000.0,-115428000.0,1096532000.0,-3410000.0,704490000.0,704490000.0,704490000.0,0.0,0.0,0.071,3402823000.0,1085073000.0,1121001000,0.274,10.006,26.554,26.403,1010928000,0.0,60.727,1.88,1.839,1348607000,1708553000,9950344000.0,9950344000.0,0.0,0.11,0.384,0.281,0.109,57252000.0,3398737000.0,1.0,308049384.0,301380555.0,,33.016,5438924000,128306000,326433000.0,187662000,18.047,1364442000
32,SHW,MRT,2013-06-30,2013-06-30,2013-06-30,2021-10-20,-412990000,6408504000,6108681500.0,3342435000,3066069000,1.589,6.123,-159266000.0,741084000,741084000,5363933000.0,676477000.0,1.699,2.432,1685247000,53296000,1631951000,1685247000,0,183160000.0,0,0.01,0.593,1039060000.0,1222220000.0,0.126,1222220000.0,1039060000.0,986459000.0,2.197,2.153,2.197,1867530000,1812924750.0,1867530000,19308812585.0,19.0,15.798,828583000.0,2.717,1.0,4342220000.0,0.447,1483450000,52601000.0,3901712000,3596092250.0,984844000,0,0,0,4540974000,1967505000,2573469000,18218854585.0,694468000.0,-60249000.0,-254099000.0,432627000.0,-183801000.0,85759000.0,-379711000.0,-163480000.0,987849000.0,571000.0,676477000.0,676477000.0,676477000.0,0.0,0.0,0.07,3313208000.0,1029012000.0,1117459000,0.27,9.756,26.932,26.794,952191000,0.0,58.867,1.877,1.85,1299679000,1496639000,9706153000.0,9706153000.0,0.0,0.111,0.373,0.289,0.107,56380000.0,3309122000.0,1.0,309493566.0,304997211.0,,31.824,4925054000,129732000,309982000.0,170447000,16.148,1374930000
33,SHW,MRT,2013-03-31,2013-03-31,2013-03-31,2021-10-20,-368986000,6166220000,5913149250.0,3086752000,3079468000,1.618,5.927,-155561000.0,613930000,613930000,5306048000.0,647003000.0,1.732,2.401,1703888000,71690000,1632198000,1703888000,0,181275000.0,0,0.01,0.557,981140000.0,1162415000.0,0.122,1162415000.0,981140000.0,933378000.0,2.103,2.057,2.103,1812955000,1730855500.0,1812955000,18305878487.0,19.0,15.748,796033000.0,2.602,1.0,4259238000.0,0.445,1495599000,47762000.0,3977973000,3334561500.0,1013666000,0,0,0,4353265000,1782606000,2570659000,17463579487.0,588437000.0,-99242000.0,-283435000.0,374761000.0,-172321000.0,3378000.0,-364423000.0,-116708000.0,951594000.0,-2112000.0,647003000.0,647003000.0,647003000.0,0.0,0.0,0.068,3288892000.0,970346000.0,1023284000,0.265,9.633,26.991,26.77,954917000,0.0,56.297,1.826,1.8,1130940000,1290907000,9565286000.0,9565286000.0,0.0,0.109,0.374,0.294,0.103,55486000.0,3284806000.0,1.0,310206279.0,305883177.0,,31.271,4670621000,132213000,286375000.0,77971000,15.269,1304146000
34,SHW,MRT,2012-12-31,2012-12-31,2012-12-31,2021-10-20,-370389000,6234737000,5735824000.0,3149238000,3085499000,1.662,5.793,-157112000.0,862590000,862590000,5328236000.0,631034000.0,1.678,2.48,1704889000,72724000,1632165000,1704889000,0,179202000.0,0,0.01,0.52,950097000.0,1129299000.0,0.118,1129299000.0,950097000.0,907309000.0,2.05,2.007,2.05,1791804000,1654766000.0,1791804000,16774177585.0,18.0,14.854,730774000.0,2.363,1.0,4206226000.0,0.441,1503558000,42788000.0,3697042000,3075414750.0,920324000,0,0,0,4442933000,1876436000,2566497000,15859926585.0,829894000.0,-99242000.0,-336640000.0,700858000.0,-160939000.0,286578000.0,-342455000.0,-95778000.0,887886000.0,-2115000.0,631034000.0,631034000.0,631034000.0,0.0,0.0,0.066,3268982000.0,937244000.0,922999000,0.254,8.851,25.133,25.011,965896000,0.0,51.273,1.663,1.663,1032508000,1226467000,9534462000.0,9534462000.0,0.0,0.11,0.381,0.309,0.1,54348000.0,3264896000.0,1.0,309321153.0,309321153.0,,30.824,4731179000,126730000,276275000.0,52104000,15.295,1272802000
35,SHW,MRT,2012-09-30,2012-09-30,2012-09-30,2021-10-20,-357350000,5625265000,5484452750.0,2609395000,3015870000,1.711,5.842,-159907000.0,55181000,55181000,5286216000.0,577534000.0,1.138,2.161,969432000,334084000,635348000,969432000,0,178269000.0,0,0.01,0.512,983207000.0,1161476000.0,0.124,1161476000.0,983207000.0,942659000.0,1.883,1.84,1.883,1779410000,1586044750.0,1779410000,16481177559.0,17.0,14.19,699207000.0,2.296,1.0,4096818000.0,0.437,1439850000,40548000.0,2807642000,2804499500.0,963695000,0,0,0,3845855000,2292024000,1553831000,15282973559.0,9155000.0,-61482000.0,-281234000.0,-202084000.0,-158455000.0,-575340000.0,-271868000.0,-62188000.0,859114000.0,-2751000.0,577534000.0,577534000.0,577534000.0,0.0,0.0,0.062,3137024000.0,959794000.0,1034921000,0.272,8.589,26.462,26.36,943601000,0.0,49.637,1.629,1.611,1263079000,1198573000,9383034000.0,9383034000.0,0.0,0.105,0.364,0.351,0.105,46234000.0,3131532000.0,1.0,307896855.0,304576974.0,,30.807,4185415000,149090000,365125000.0,157558000,13.742,317371000
36,SHW,MRT,2012-06-30,2012-06-30,2012-06-30,2021-10-20,-349288000,5626375000,5450671250.0,2624002000,3002373000,1.7,5.058,-154844000.0,46616000,46616000,5279893000.0,522458000.0,1.036,2.655,1244820000,609231000,635589000,1244820000,0,181440000.0,0,0.011,0.503,900579000.0,1082019000.0,0.117,1082019000.0,900579000.0,859937000.0,1.7,1.663,1.7,1539253000,1550017750.0,1539253000,14965045832.0,17.0,13.831,674914000.0,2.218,1.0,3984835000.0,0.43,1437187000,40642000.0,2855589000,2811362500.0,1031478000,0,0,0,4087122000,2531803000,1555319000,13668726832.0,-24947000.0,-85817000.0,-477726000.0,31765000.0,-156101000.0,-572564000.0,-282516000.0,-57063000.0,829758000.0,375000.0,522458000.0,522458000.0,522458000.0,0.0,0.0,0.056,3097894000.0,886941000.0,1102148000,0.296,8.88,26.162,25.951,938395000,0.0,44.117,1.475,1.449,1237832000,1003693000,9264728000.0,9264728000.0,0.0,0.096,0.337,0.32,0.097,45477000.0,3092402000.0,1.0,309831360.0,304339929.0,,30.442,4189188000,148685000,337479000.0,126556000,13.765,92199000
37,SHW,MRT,2012-03-31,2012-03-31,2012-03-31,2021-10-20,-336320000,5456919000,5452519750.0,2477126000,2979793000,1.659,4.927,-159633000.0,25493000,25493000,5189464000.0,473760000.0,1.034,2.617,1321812000,683928000,637884000,1321812000,0,181661000.0,0,0.014,0.495,831309000.0,1012970000.0,0.112,1012970000.0,831309000.0,789150000.0,1.52,1.493,1.52,1508597000,1601907500.0,1508597000,12280691997.0,15.0,12.123,574506000.0,1.876,1.0,3856993000.0,0.426,1416640000,42159000.0,2941386000,2838418750.0,1017195000,0,0,0,3948322000,2395212000,1553110000,11320020997.0,-28454000.0,-44436000.0,-344374000.0,-8823000.0,-154871000.0,-480758000.0,-274810000.0,-80938000.0,734139000.0,-7025000.0,473760000.0,473760000.0,473760000.0,0.0,0.0,0.052,3039458000.0,817535000.0,999685000,0.326,7.504,23.894,23.831,950782000,0.0,36.223,1.251,1.226,1135174000,816053000,9046457000.0,9046457000.0,0.0,0.087,0.296,0.293,0.092,44640000.0,3033966000.0,1.0,312506331.0,306211047.0,,29.543,4040279000,148786000,315390000.0,66694000,13.194,81914000
38,SHW,MRT,2011-12-31,2011-12-31,2011-12-31,2021-10-20,-367878000,5229252000,5449203250.0,2261593000,2967659000,1.609,4.873,-153801000.0,32696000,32696000,5021137000.0,441860000.0,1.046,2.447,993367000,354136000,639231000,993367000,0,180904000.0,0,0.016,0.487,784045000.0,964949000.0,0.11,964949000.0,784045000.0,741548000.0,1.407,1.38,1.407,1516919000,1626731250.0,1516919000,10385529189.0,13.0,10.763,582011000.0,1.87,1.0,3744562000.0,0.427,1413881000,42497000.0,2613381000,2844929000.0,926809000,0,0,0,3712333000,2162661000,1549672000,9262715189.0,-25889000.0,-44436000.0,-297836000.0,-52450000.0,-153512000.0,-475209000.0,-277769000.0,-92374000.0,735812000.0,-8723000.0,441860000.0,441860000.0,441860000.0,0.0,0.0,0.05,2969037000.0,775525000.0,965149000,0.346,6.106,20.963,21.149,956530000,0.0,29.757,1.057,1.057,989873000,756372000,8765699000.0,8765699000.0,0.0,0.081,0.272,0.276,0.089,44965000.0,2963545000.0,1.0,311282016.0,311282016.0,,28.16,3815371000,149207000,299688000.0,120555000,12.257,98932000
39,SHW,MRT,2011-09-30,2011-09-30,2011-09-30,2021-10-20,-317859000,5490139000,5434199000.0,2509393000,2980746000,1.581,5.336,-145929000.0,46026000,46026000,4886782000.0,500226000.0,1.066,2.348,1168840000,527583000,641257000,1168840000,0,188934000.0,0,0.02,0.485,769953000.0,958887000.0,0.112,958887000.0,769953000.0,715703000.0,1.587,1.56,1.587,1635302000,1649861500.0,1635302000,9051966963.0,12.0,9.44,529014000.0,1.726,1.0,3704094000.0,0.431,1423130000,54250000.0,2835094000,2858719000.0,966756000,0,0,0,3840212000,2354729000,1485483000,7898637963.0,-18922000.0,-63668000.0,-379531000.0,102899000.0,-154389000.0,-416121000.0,-263841000.0,-69943000.0,674943000.0,-13903000.0,500226000.0,500226000.0,500226000.0,0.0,0.0,0.058,2931364000.0,772730000.0,996734000,0.306,4.83,15.79,15.61,939486000,0.0,24.773,0.919,0.884,1173581000,779509000,8590876000.0,8590876000.0,0.0,0.092,0.303,0.269,0.09,38038000.0,2926880000.0,1.0,318836301.0,306453492.0,,28.033,4067009000,127090000,215477000.0,142717000,13.271,154664000
40,SHW,MRT,2011-06-30,2011-06-30,2011-06-30,2021-10-20,-245156000,5633769000,5356835000.0,2638182000,2995587000,1.545,5.563,-146638000.0,71563000,71563000,4640835000.0,495607000.0,1.104,2.225,1224892000,580637000,644255000,1224892000,0,183833000.0,0,0.017,0.483,765914000.0,949747000.0,0.115,949747000.0,765914000.0,710806000.0,1.55,1.523,1.55,1746812000,1651820000.0,1746812000,10214447893.0,13.0,10.755,431662000.0,1.375,1.0,3637380000.0,0.439,1433472000,55108000.0,2963814000,2807966750.0,1067011000,0,0,0,3886957000,2389812000,1497145000,8929103893.0,23162000.0,-251712000.0,-255002000.0,286052000.0,-155490000.0,-108116000.0,-420890000.0,-36379000.0,578300000.0,-26132000.0,495607000.0,495607000.0,495607000.0,0.0,0.0,0.06,2872440000.0,764940000.0,1019310000,0.312,5.112,18.017,18.037,958306000,0.0,27.957,1.079,1.061,1183825000,637434000,8278215000.0,8278215000.0,0.0,0.093,0.3,0.273,0.093,36705000.0,2867956000.0,1.0,319390863.0,314029431.0,,26.361,4200297000,128492000,215199000.0,120867000,13.375,248370000
41,SHW,MRT,2011-03-31,2011-03-31,2011-03-31,2021-10-20,-257548000,5443653000,5133464250.0,2466400000,2977253000,1.571,5.105,-126690000.0,53947000,53947000,4480010000.0,498198000.0,1.06,2.386,1339291000,688410000,650881000,1339291000,0,179187000.0,0,0.017,0.482,782739000.0,961926000.0,0.119,961926000.0,782739000.0,713038000.0,1.543,1.517,1.543,1607892000,1597923500.0,1607892000,9993500452.0,13.0,10.389,542552000.0,1.723,1.0,3586518000.0,0.445,1434408000,69701000.0,2967427000,2686647500.0,1064103000,0,0,0,3835761000,2327162000,1508599000,9007292452.0,-37226000.0,-298161000.0,-334814000.0,272303000.0,-156060000.0,-217770000.0,-476411000.0,-65600000.0,669242000.0,-12287000.0,498198000.0,498198000.0,498198000.0,0.0,0.0,0.062,2813923000.0,772595000.0,954217000,0.312,5.602,18.08,18.144,946419000,0.0,27.997,1.117,1.093,1012150000,497381000,8066528000.0,8066528000.0,0.0,0.097,0.312,0.291,0.097,35342000.0,2809439000.0,1.0,321727317.0,314973042.0,,25.61,4009245000,128040000,214840000.0,75356000,12.729,139238000
42,SHW,MRT,2010-12-31,2010-12-31,2010-12-31,2021-10-20,-278321000,5169235000,4899837500.0,2213722000,2955513000,1.587,4.97,-125162000.0,58585000,58585000,4295346000.0,462485000.0,1.073,2.212,1044793000,396467000,648326000,1044793000,0,175311000.0,0,0.017,0.48,748379000.0,923690000.0,0.119,923690000.0,748379000.0,677784000.0,1.427,1.403,1.427,1609440000,1569737000.0,1609440000,10040933332.0,13.0,10.87,581428000.0,1.796,1.0,3481078000.0,0.448,1422962000,70595000.0,2668541000,2597960500.0,917701000,0,0,0,3559795000,2063940000,1495855000,9039539332.0,-10744000.0,-298161000.0,-273468000.0,213211000.0,-156424000.0,-223568000.0,-489949000.0,-74961000.0,706590000.0,-3817000.0,462485000.0,462485000.0,462485000.0,0.0,0.0,0.059,2736409000.0,744669000.0,909649000,0.336,5.617,19.546,19.563,952118000,0.0,27.917,1.162,1.162,916661000,4824489000,7776424000.0,7776424000.0,0.0,0.094,0.295,0.288,0.096,34761000.0,2731925000.0,1.0,323804394.0,323804394.0,,24.016,3746273000,127348000,215299000.0,62547000,11.57,149782000
43,SHW,MRT,2010-09-30,2010-09-30,2010-09-30,2021-10-20,-292164000,5180683000,4688492500.0,2325102000,2855581000,1.595,5.145,-103888000.0,64948000,64948000,4085957000.0,454905000.0,1.094,2.153,1066342000,360870000,705472000,1066342000,0,164921000.0,0,0.019,0.478,713455000.0,878376000.0,0.117,878376000.0,713455000.0,655238000.0,1.403,1.383,1.403,1643136000,1540114500.0,1643136000,9034673367.0,13.0,10.286,617267000.0,1.933,1.0,3393684000.0,0.454,1424891000,58217000.0,2632085000,2526883000.0,858988000,0,0,0,3537547000,2125101000,1412446000,8174503367.0,32178000.0,-265687000.0,-426050000.0,339559000.0,-155613000.0,-259848000.0,-431252000.0,-70359000.0,721155000.0,2123000.0,454905000.0,454905000.0,454905000.0,0.0,0.0,0.061,2660095000.0,733589000.0,927616000,0.341,4.975,17.97,17.852,912880000,0.0,25.047,1.093,1.069,1069890000,4790309000,7479641000.0,7479641000.0,0.0,0.097,0.295,0.282,0.095,18207000.0,2645951000.0,1.0,326370909.0,319362126.0,,23.421,3755792000,121438000,200333000.0,139956000,11.76,200001000
44,SHW,MRT,2010-06-30,2010-06-30,2010-06-30,2021-10-20,-323983000,4740286000,4505684250.0,2139922000,2600364000,1.621,4.74,-97885000.0,48401000,48401000,3953209000.0,454855000.0,1.167,2.096,908571000,208756000,699815000,908571000,0,164920000.0,0,0.021,0.477,713885000.0,878805000.0,0.12,878805000.0,713885000.0,658507000.0,1.37,1.353,1.37,1531226000,1555043500.0,1531226000,8542135745.0,12.0,9.72,731333000.0,2.264,1.0,3351082000.0,0.459,1288378000,55378000.0,2478537000,2351886250.0,793828000,0,0,0,3209060000,1833541000,1375519000,7592572745.0,-858000.0,-50443000.0,-569754000.0,106733000.0,-158154000.0,-637972000.0,-192981000.0,-49857000.0,829218000.0,877000.0,454855000.0,454855000.0,454855000.0,0.0,0.0,0.062,2618355000.0,732727000.0,881141000,0.348,4.958,16.692,16.835,827513000,0.0,23.063,1.039,1.02,986327000,4653954000,7304291000.0,7304291000.0,0.0,0.101,0.293,0.304,0.098,18102000.0,2604211000.0,1.0,329205351.0,323059005.0,,22.61,3451908000,120948000,203652000.0,134854000,10.685,306381000
45,SHW,MRT,2010-03-31,2010-03-31,2010-03-31,2021-10-20,-306984000,4509146000,4446140250.0,1950398000,2558748000,1.599,4.616,-94315000.0,91173000,91173000,3834523000.0,431172000.0,1.252,2.016,1040736000,257654000,783082000,1040736000,0,168643000.0,0,0.021,0.475,670776000.0,839419000.0,0.118,839419000.0,670776000.0,631382000.0,1.267,1.257,1.267,1495146000,1605736500.0,1495146000,8163690471.0,12.0,9.725,761321000.0,2.351,1.0,3274531000.0,0.461,1288288000,39394000.0,2612679000,2241791750.0,787316000,0,0,0,3014000000,1557742000,1456258000,7415408471.0,48928000.0,-2422000.0,-484389000.0,-42534000.0,-160286000.0,-690333000.0,-122335000.0,-31443000.0,855636000.0,5960000.0,431172000.0,431172000.0,431172000.0,0.0,0.0,0.061,2578067000.0,696464000.0,705309000,0.375,4.96,17.198,17.806,807722000,0.0,22.56,1.043,1.028,797816000,4511663000,7109054000.0,7109054000.0,0.0,0.097,0.269,0.299,0.094,18020000.0,2563923000.0,1.0,328697184.0,323878794.0,,21.95,3220858000,121142000,200210000.0,62408000,9.945,392656000
46,SHW,MRT,2009-12-31,2009-12-31,2009-12-31,2021-10-20,-317455000,4323855000,4421942750.0,1770019000,2553836000,1.604,4.385,-91328000.0,69329000,69329000,3831080000.0,435848000.0,1.27,1.9,817611000,34941000,782670000,817611000,0,170904000.0,0,0.023,0.473,662843000.0,833747000.0,0.118,833747000.0,662843000.0,622817000.0,1.267,1.26,1.267,1490950000,1627439750.0,1490950000,7665665374.0,12.0,9.194,767858000.0,2.258,1.0,3263169000.0,0.46,1294238000,40026000.0,2384231000,2132905250.0,738488000,0,0,0,2832905000,1393668000,1439237000,6987456374.0,43117000.0,-15440000.0,-493767000.0,-23347000.0,-162561000.0,-682830000.0,-130399000.0,-29230000.0,859186000.0,-2840000.0,435848000.0,435848000.0,435848000.0,0.0,0.0,0.061,2582539000.0,680630000.0,674766000,0.373,4.687,16.032,16.219,818685000,0.0,20.55,0.985,0.985,696055000,4518428000,7094249000.0,7094249000.0,0.0,0.099,0.268,0.311,0.093,9860000.0,2568395000.0,1.0,340022208.0,340022208.0,,20.864,3029617000,121276000,186969000.0,76499000,8.91,376351000
47,SHW,MRT,2009-09-30,2009-09-30,2009-09-30,2021-10-20,-334150000,4449450000,4444918750.0,1922714000,2526736000,1.619,5.003,-88960000.0,32770000,32770000,3905424000.0,420676000.0,1.019,1.613,710979000,421558000,289421000,710979000,0,169724000.0,0,0.024,0.472,666503000.0,836227000.0,0.116,836227000.0,666503000.0,620796000.0,1.203,1.203,1.203,1702852000,1656114250.0,1702852000,7747261085.0,12.0,9.265,810329000.0,2.381,1.0,3289831000.0,0.457,1309445000,45707000.0,1932098000,2031815250.0,726493000,0,0,0,2746598000,1886116000,860482000,6995775085.0,-8157000.0,-34316000.0,-249923000.0,-313277000.0,-165583000.0,-722502000.0,-187394000.0,-68227000.0,899289000.0,2450000.0,420676000.0,420676000.0,420676000.0,0.0,0.0,0.058,2620043000.0,669788000.0,728420000,0.392,4.108,16.63,16.669,832613000,0.0,20.053,0.972,0.949,901199000,4492042000,7195255000.0,7195255000.0,0.0,0.095,0.254,0.328,0.093,64829000.0,2589351000.0,1.0,348858465.0,340342710.0,,21.141,3140005000,99389000,200120000.0,140053000,9.226,36598000
48,SHW,MRT,2009-06-30,2009-06-30,2009-06-30,2021-10-20,-368066000,4502110000,4599845250.0,1977771000,2524339000,1.623,5.017,-87214000.0,49259000,49259000,4145667000.0,422549000.0,1.039,1.596,800745000,509720000,291025000,800745000,0,169085000.0,0,0.026,0.47,680726000.0,849811000.0,0.114,849811000.0,680726000.0,628290000.0,1.203,1.2,1.203,1733998000,1664972750.0,1733998000,7329327375.0,11.0,8.625,792643000.0,2.294,1.0,3321337000.0,0.445,1311707000,52436000.0,2038159000,2124795000.0,769992000,0,0,0,2768112000,1903730000,864382000,6293700375.0,3685000.0,-68069000.0,-72215000.0,-431082000.0,-165126000.0,-665505000.0,-223448000.0,-77118000.0,879857000.0,12781000.0,422549000.0,422549000.0,422549000.0,0.0,0.0,0.057,2638810000.0,682527000.0,704747000,0.391,3.63,14.895,14.893,842303000,0.0,17.917,0.843,0.829,908660000,4358169000,7467004000.0,7467004000.0,0.0,0.092,0.254,0.32,0.091,64686000.0,2608118000.0,1.0,351276300.0,345590673.0,,21.606,3190403000,98848000,205741000.0,117484000,9.232,74041000
49,SHW,MRT,2009-03-31,2009-03-31,2009-03-31,2021-10-20,-414814000,4412356000,4765762000.0,1907689000,2504667000,1.626,4.548,-99815000.0,42245000,42245000,4349824000.0,436209000.0,0.972,1.789,1077872000,780118000,297754000,1077872000,0,166489000.0,0,0.027,0.468,712552000.0,879041000.0,0.113,879041000.0,712552000.0,652339000.0,1.243,1.233,1.243,1581959000,1647855500.0,1581959000,6899015673.0,10.0,7.848,724680000.0,2.083,1.0,3398898000.0,0.439,1308698000,60213000.0,2177133000,2230150000.0,838816000,0,0,0,2830397000,1962152000,868245000,6091492673.0,22120000.0,-66333000.0,-156202000.0,-260929000.0,-164716000.0,-575026000.0,-227580000.0,-72749000.0,824495000.0,231000.0,436209000.0,436209000.0,436209000.0,0.0,0.0,0.056,2684934000.0,713964000.0,629965000,0.377,3.851,13.965,13.937,848469000,0.0,17.323,0.786,0.778,785640000,4241586000,7748722000.0,7748722000.0,0.0,0.092,0.265,0.32,0.092,64889000.0,2630330000.0,1.0,351635136.0,347839887.0,,22.277,3103658000,97676000,216130000.0,51436000,8.923,-54463000
50,SHW,MRT,2008-12-31,2008-12-31,2008-12-31,2021-10-20,-410618000,4415759000,4915382250.0,1909205000,2506554000,1.623,4.578,-117203000.0,26212000,26212000,4480927000.0,476876000.0,0.986,1.75,833735000,530008000,303727000,833735000,0,165511000.0,0,0.023,0.467,780159000.0,945670000.0,0.119,945670000.0,780159000.0,714475000.0,1.347,1.333,1.347,1605648000,1657268750.0,1605648000,7970788365.0,10.0,8.429,759030000.0,2.164,1.0,3498800000.0,0.438,1306675000,65684000.0,1979871000,2315976750.0,864200000,0,0,0,2810111000,1936736000,873375000,6984912365.0,-1113000.0,-68688000.0,-355227000.0,-123408000.0,-165111000.0,-637910000.0,-236828000.0,-62067000.0,876233000.0,-2608000.0,476876000.0,476876000.0,476876000.0,0.0,0.0,0.06,2717503000.0,781297000.0,738093000,0.347,4.35,14.647,14.786,860125000,0.0,19.917,0.875,0.875,769985000,4245141000,7979727000.0,7979727000.0,0.0,0.097,0.288,0.337,0.098,71742000.0,2662899000.0,1.0,350706897.0,350706897.0,,22.753,3109084000,97568000,237599000.0,58510000,8.865,-27531000
51,SHW,MRT,2008-09-30,2008-09-30,2008-09-30,2021-10-20,-221481000,5069156000,5025277500.0,2276891000,2792265000,1.619,5.002,-140463000.0,40927000,40927000,4587267000.0,527530000.0,0.944,1.916,1026803000,729412000,297391000,1026803000,0,169421000.0,0,0.024,0.455,857527000.0,1026948000.0,0.126,1026948000.0,857527000.0,787306000.0,1.503,1.47,1.503,1738286000,1702288500.0,1738286000,7908004768.0,9.0,7.7,762912000.0,2.196,1.0,3546502000.0,0.436,1340156000,70221000.0,2304017000,2397089250.0,863459000,0,0,0,3330870000,2410859000,920011000,6714098768.0,19694000.0,-82696000.0,-530220000.0,60846000.0,-163326000.0,-637536000.0,-242888000.0,-44134000.0,903375000.0,-3257000.0,527530000.0,527530000.0,527530000.0,0.0,0.0,0.065,2699372000.0,847130000.0,882313000,0.303,3.862,12.727,12.677,884917000,0.0,19.053,0.825,0.814,1072964000,4235925000,8133769000.0,8133769000.0,0.0,0.105,0.31,0.358,0.105,60431000.0,2659337000.0,1.0,352384470.0,347485398.0,,23.408,3729000000,103725000,259776000.0,204719000,10.731,-133968000
52,SHW,MRT,2008-06-30,2008-06-30,2008-06-30,2021-10-20,-182879000,5165777000,5034959750.0,2367629000,2798148000,1.601,4.777,-153424000.0,45574000,45574000,4487752000.0,550798000.0,0.921,2.102,1239480000,945001000,294479000,1239480000,0,168442000.0,0,0.029,0.443,887550000.0,1055992000.0,0.131,1055992000.0,887550000.0,815481000.0,1.523,1.487,1.523,1665529000,1728916000.0,1665529000,6798145932.0,8.0,6.438,713231000.0,2.046,1.0,3574401000.0,0.443,1329994000,72069000.0,2459579000,2421346500.0,920638000,0,0,0,3500248000,2570110000,930138000,5470115932.0,-11968000.0,-147777000.0,-856197000.0,472162000.0,-162525000.0,-548346000.0,-335574000.0,-55672000.0,866655000.0,5297000.0,550798000.0,550798000.0,550798000.0,0.0,0.0,0.068,2693108000.0,881293000.0,874161000,0.291,3.284,9.931,10.053,904819000,0.0,15.31,0.678,0.662,1092306000,4099831000,8062153000.0,8062153000.0,0.0,0.109,0.319,0.367,0.11,59784000.0,2653073000.0,1.0,357290394.0,348661383.0,,23.123,3835783000,105138000,264683000.0,169316000,11.001,-202481000
53,SHW,MRT,2008-03-31,2008-03-31,2008-03-31,2021-10-20,-189425000,5010837000,5006735500.0,2194642000,2816195000,1.604,4.518,-167207000.0,20125000,20125000,4442728000.0,581722000.0,0.891,2.094,1348155000,1054656000,293499000,1348155000,0,166922000.0,0,0.025,0.432,933176000.0,1100098000.0,0.137,1100098000.0,933176000.0,862454000.0,1.55,1.51,1.55,1619612000,1816342000.0,1619612000,7206042733.0,8.0,6.55,734970000.0,2.05,1.0,3588068000.0,0.447,1354480000,70722000.0,2520440000,2394273500.0,953465000,0,0,0,3391225000,2463947000,927278000,6267919733.0,-279714000.0,-297789000.0,-820675000.0,293660000.0,-162832000.0,-704065000.0,-479419000.0,-40600000.0,902177000.0,1593000.0,581722000.0,581722000.0,581722000.0,0.0,0.0,0.072,2665620000.0,922448000.0,781370000,0.279,3.87,10.775,10.976,907777000,0.0,17.013,0.78,0.759,931448000,3969284000,8030796000.0,8030796000.0,0.0,0.116,0.32,0.39,0.116,58681000.0,2649497000.0,1.0,368412210.0,358494882.0,,22.401,3656357000,104704000,280732000.0,88333000,10.199,-269305000
54,SHW,MRT,2007-12-31,2007-12-31,2007-12-31,2021-10-20,-198603000,4855340000,4990025750.0,2069580000,2785760000,1.604,4.739,-165870000.0,27325000,27325000,4406365000.0,615578000.0,0.966,1.719,965448000,671994000,293454000,965448000,0,163479000.0,0,0.022,0.42,984573000.0,1148052000.0,0.143,1148052000.0,984573000.0,912943000.0,1.613,1.567,1.613,1785727000,1889973500.0,1785727000,8230123598.0,8.0,7.169,708675000.0,1.881,1.0,3598927000.0,0.45,1347757000,71630000.0,2304321000,2357406750.0,887465000,0,0,0,3069613000,2141385000,928228000,7290668598.0,-441845000.0,-282416000.0,-791858000.0,72009000.0,-162301000.0,-866617000.0,-456616000.0,-32154000.0,874545000.0,6843000.0,615578000.0,615578000.0,615578000.0,0.0,0.0,0.077,2630774000.0,968153000.0,740797000,0.26,4.083,11.844,11.994,899372000,0.0,19.347,0.911,0.911,870675000,3935485000,8005292000.0,8005292000.0,0.0,0.123,0.326,0.418,0.123,57292000.0,2614651000.0,1.0,376843656.0,376843656.0,,21.243,3507583000,104600000,297365000.0,70669000,9.308,-71805000
55,SHW,MRT,2007-09-30,2007-09-30,2007-09-30,2021-10-20,-228676000,5107885000,5024962500.0,2320314000,2787571000,1.581,4.882,-182777000.0,21233000,21233000,4408771000.0,613441000.0,1.011,1.769,960688000,666717000,293971000,960688000,0,156597000.0,0,0.018,0.398,956518000.0,1113115000.0,0.14,1113115000.0,956518000.0,887565000.0,1.583,1.543,1.583,1844796000,1941631750.0,1844796000,9295593725.0,10.0,8.351,659953000.0,1.746,1.0,3537187000.0,0.445,1352267000,68953000.0,2401046000,2312132250.0,886342000,0,0,0,3263089000,2294027000,969062000,8595889725.0,-379127000.0,-299361000.0,-740070000.0,163451000.0,-156485000.0,-696773000.0,-527312000.0,-53300000.0,842730000.0,2228000.0,613441000.0,613441000.0,613441000.0,0.0,0.0,0.077,2598808000.0,938379000.0,837934000,0.251,4.66,14.013,13.837,880744000,0.0,21.903,1.082,1.042,1097342000,3873830000,7945958000.0,7945958000.0,0.0,0.122,0.316,0.414,0.12,56344000.0,2597425000.0,1.0,392446647.0,377876634.0,,21.028,3755618000,123452000,274124000.0,172790000,9.939,26287000
56,SHW,MRT,2007-06-30,2007-06-30,2007-06-30,2021-10-20,-246529000,5052880000,5019443500.0,2340274000,2712606000,1.567,5.181,-198839000.0,57542000,57542000,4381050000.0,592204000.0,1.115,1.507,757246000,465187000,292059000,757246000,0,151678000.0,0,0.017,0.377,938281000.0,1089959000.0,0.139,1089959000.0,938281000.0,869939000.0,1.5,1.46,1.5,2015233000,1995973250.0,2015233000,9501001687.0,10.0,8.717,654674000.0,1.683,1.0,3484577000.0,0.443,1302371000,68342000.0,2351287000,2259106500.0,898049000,0,0,0,3037647000,2098926000,938721000,8766687687.0,-191102000.0,-200492000.0,-447271000.0,-45197000.0,-150201000.0,-603189000.0,-434951000.0,-48365000.0,853513000.0,-6475000.0,592204000.0,592204000.0,592204000.0,0.0,0.0,0.075,2573622000.0,910955000.0,885187000,0.251,4.35,14.803,14.771,878240000,0.0,22.157,1.115,1.096,1093345000,3713667000,7865627000.0,7865627000.0,0.0,0.118,0.297,0.415,0.119,54556000.0,2572239000.0,1.0,395668167.0,388943622.0,,20.223,3750509000,122647000,277735000.0,154073000,9.643,241348000
57,SHW,MRT,2007-03-31,2007-03-31,2007-03-31,2021-10-20,-255629000,4943998000,4990030250.0,2386871000,2557127000,1.563,4.869,-206963000.0,299839000,299839000,4362814000.0,574189000.0,1.133,1.583,1034153000,742519000,291634000,1034153000,0,148291000.0,0,0.016,0.355,904312000.0,1052603000.0,0.135,1052603000.0,904312000.0,835919000.0,1.437,1.397,1.437,1914138000,1984639000.0,1914138000,9284610016.0,10.0,8.821,600092000.0,1.526,1.0,3434595000.0,0.44,1198350000,68393000.0,2372973000,2232593750.0,880175000,0,0,0,3029860000,2106989000,922871000,8879273016.0,-194413000.0,-51176000.0,-410661000.0,-179715000.0,-142814000.0,-685017000.0,-307670000.0,-52824000.0,807055000.0,-8781000.0,574189000.0,574189000.0,574189000.0,0.0,0.0,0.074,2552997000.0,881598000.0,784714000,0.247,4.639,15.464,15.319,839422000,0.0,22.013,1.139,1.11,922202000,3552503000,7797409000.0,7797409000.0,0.0,0.115,0.289,0.405,0.116,52832000.0,2551614000.0,1.0,403358859.0,393163719.0,,19.832,3745648000,122053000,261730000.0,84592000,9.527,279882000
58,SHW,MRT,2006-12-31,2006-12-31,2006-12-31,2021-10-20,-262464000,4995087000,5014705000.0,2450281000,2544806000,1.557,4.926,-209939000.0,469170000,469170000,4395119000.0,576058000.0,1.181,1.507,874507000,582631000,291876000,874507000,0,145917000.0,0,0.016,0.333,901474000.0,1047391000.0,0.134,1047391000.0,901474000.0,834312000.0,1.437,1.397,1.437,1992360000,1966926500.0,1992360000,8954809549.0,10.0,8.55,605902000.0,1.498,1.0,3414640000.0,0.437,1202386000,67162000.0,2123223000,2211204250.0,825179000,21200000,21200000,0,3002727000,2074815000,927912000,8572036549.0,433129000.0,-51176000.0,-212479000.0,251519000.0,-135357000.0,-63649000.0,-319752000.0,-67616000.0,815841000.0,689000.0,576058000.0,576058000.0,576058000.0,0.0,0.0,0.074,2536373000.0,878267000.0,779369000,0.232,4.302,14.881,14.748,828781000,0.0,21.193,1.098,1.098,864972000,3485564000,7809759000.0,7809759000.0,0.0,0.115,0.293,0.408,0.115,50162000.0,2534990000.0,1.0,404468538.0,404468538.0,,19.309,3792701000,120101000,258254000.0,61246000,9.377,375466000
59,SHW,MRT,2006-09-30,2006-09-30,2006-09-30,2021-10-20,-205508000,5085809000,4858232000.0,2545062000,2540747000,1.59,5.144,-184417000.0,400360000,400360000,4339782000.0,552510000.0,1.205,1.466,783133000,484378000,298755000,783133000,0,144159000.0,0,0.017,0.318,880335000.0,1024494000.0,0.133,1024494000.0,880335000.0,817737000.0,1.373,1.333,1.373,2062162000,1901489500.0,2062162000,8113427381.0,9.0,7.919,705781000.0,1.761,1.0,3385457000.0,0.438,1167527000,62598000.0,2188943000,2235807500.0,855401000,0,0,0,3023647000,2112112000,911535000,7573044381.0,370524000.0,-18000.0,-169057000.0,661000.0,-129883000.0,-298554000.0,-224642000.0,-43820000.0,890198000.0,3522000.0,552510000.0,552510000.0,552510000.0,0.0,0.0,0.072,2542810000.0,842647000.0,855273000,0.232,3.672,13.707,13.542,796797000,0.0,18.593,0.98,0.965,1015139000,3420229000,7725239000.0,7725239000.0,0.0,0.114,0.291,0.394,0.114,52416000.0,2520810000.0,1.0,407298909.0,400866498.0,,19.271,3918282000,110204000,265227000.0,158493000,9.775,432950000
60,SHW,MRT,2006-06-30,2006-06-30,2006-06-30,2021-10-20,-206839000,4935227000,4730640250.0,2417054000,2518173000,1.603,4.884,-168010000.0,248644000,248644000,4295832000.0,525006000.0,1.174,1.505,789027000,488077000,300950000,789027000,0,143555000.0,0,0.019,0.303,817877000.0,961432000.0,0.127,961432000.0,817877000.0,759624000.0,1.297,1.257,1.297,1969896000,1824216250.0,1969896000,7167753498.0,9.0,7.455,682862000.0,1.693,1.0,3289424000.0,0.434,1171286000,58253000.0,2245236000,2292264500.0,864872000,0,0,0,2965331000,2059088000,906243000,6450768498.0,236124000.0,3170000.0,-194485000.0,-110595000.0,-124483000.0,-417542000.0,-201385000.0,-40357000.0,850872000.0,4179000.0,525006000.0,525006000.0,525006000.0,0.0,0.0,0.069,2496895000.0,792529000.0,849934000,0.234,3.275,12.287,12.203,778620000,0.0,15.827,0.85,0.842,1040647000,3275017000,7585256000.0,7585256000.0,0.0,0.111,0.288,0.357,0.108,47693000.0,2474895000.0,1.0,407588574.0,403310862.0,,18.807,3763941000,109799000,234618000.0,146585000,9.333,357966000
61,SHW,MRT,2006-03-31,2006-03-31,2006-03-31,2021-10-20,-208645000,5042697000,4650390500.0,2555429000,2487268000,1.596,4.567,-154273000.0,494252000,494252000,4229642000.0,493635000.0,1.111,1.736,1211237000,908662000,302575000,1211237000,0,143203000.0,0,0.017,0.288,764339000.0,907542000.0,0.122,907542000.0,764339000.0,709367000.0,1.213,1.173,1.213,1843288000,1759331500.0,1843288000,7271858990.0,10.0,8.013,581811000.0,1.442,1.0,3191002000.0,0.43,1172777000,54972000.0,2287415000,2359679250.0,902225000,0,0,0,3199409000,2299490000,899919000,6686729990.0,486756000.0,1345000.0,-181150000.0,217377000.0,-118740000.0,-75562000.0,-185454000.0,-41931000.0,736084000.0,11688000.0,493635000.0,493635000.0,493635000.0,0.0,0.0,0.067,2435895000.0,755107000.0,795721000,0.237,3.628,13.546,13.586,755781000,0.0,16.48,0.901,0.896,909155000,3124483000,7420644000.0,7420644000.0,0.0,0.106,0.281,0.324,0.103,42944000.0,2413895000.0,1.0,405748179.0,403594479.0,,18.386,3869920000,107757000,215732000.0,101627000,9.589,255939000
62,SHW,MRT,2005-12-31,2005-12-31,2005-12-31,2021-10-20,-213540000,4369195000,4509891750.0,1894385000,2474810000,1.594,4.214,-143072000.0,36041000,36041000,4110296000.0,463258000.0,1.219,1.525,621170000,134174000,486996000,621170000,0,143517000.0,0,0.018,0.273,704445000.0,847962000.0,0.118,847962000.0,704445000.0,654859000.0,1.13,1.093,1.13,1730612000,1696926000.0,1730612000,6968870565.0,10.0,8.218,573630000.0,1.397,1.0,3080365000.0,0.428,1178317000,49586000.0,2221636000,2405842250.0,808544000,0,0,0,2638583000,1554371000,1084212000,6218271565.0,-9891000.0,-23285000.0,-298116000.0,-114392000.0,-113588000.0,-530006000.0,-199747000.0,-37134000.0,716702000.0,3160000.0,463258000.0,463258000.0,463258000.0,0.0,0.0,0.064,2377142000.0,703223000.0,719977000,0.242,3.593,13.423,13.398,745148000,0.0,15.14,0.865,0.865,809277000,3044863000,7190661000.0,7190661000.0,0.0,0.103,0.273,0.293,0.098,40258000.0,2355142000.0,1.0,410718069.0,410718069.0,,17.508,3190878000,107739000,191601000.0,80987000,7.769,340014000
63,SHW,MRT,2005-09-30,2005-09-30,2005-09-30,2021-10-20,-190051000,4575442000,4486130750.0,2048415000,2527027000,1.556,4.268,-133444000.0,29836000,29836000,3976307000.0,470608000.0,1.2,1.61,780435000,293122000,487313000,780435000,0,143383000.0,0,0.018,0.262,693863000.0,837246000.0,0.12,837246000.0,693863000.0,645290000.0,1.14,1.103,1.14,1753069000,1676084500.0,1753069000,7006918285.0,10.0,8.369,416828000.0,1.015,1.0,3003507000.0,0.43,1203950000,48573000.0,2414771000,2409934750.0,821637000,0,0,0,2822373000,1707320000,1115053000,6118135285.0,-67386000.0,-25680000.0,-259414000.0,-94301000.0,-109758000.0,-451644000.0,-168540000.0,-15245000.0,550272000.0,2526000.0,470608000.0,470608000.0,470608000.0,0.0,0.0,0.067,2294556000.0,708951000.0,722251000,0.23,3.49,13.0,12.886,737771000,0.0,14.69,0.877,0.864,956109000,2997602000,6979814000.0,6979814000.0,0.0,0.105,0.281,0.288,0.099,57463000.0,2294556000.0,1.0,416483001.0,410734041.0,,16.994,3371492000,90269000,174682000.0,138909000,8.208,341095000
64,SHW,MRT,2005-06-30,2005-06-30,2005-06-30,2021-10-20,-201157000,4614228000,4456547500.0,2090260000,2523968000,1.499,4.153,-123333000.0,12520000,12520000,3772909000.0,451863000.0,1.177,1.698,901303000,413705000,487598000,901303000,0,139297000.0,0,0.016,0.25,677972000.0,817269000.0,0.122,817269000.0,677972000.0,631256000.0,1.087,1.053,1.087,1710357000,1630450750.0,1710357000,7538538527.0,11.0,9.224,376068000.0,0.913,1.0,2907307000.0,0.435,1212884000,46716000.0,2514895000,2359745500.0,864244000,0,0,0,2903871000,1775232000,1128639000,6549468527.0,-221029000.0,-574134000.0,-228919000.0,321103000.0,-105243000.0,-14833000.0,-706964000.0,-11994000.0,499401000.0,1367000.0,451863000.0,451863000.0,451863000.0,0.0,0.0,0.068,2219163000.0,688144000.0,739028000,0.23,3.829,14.494,14.44,733691000,0.0,15.697,0.98,0.968,982968000,2874496000,6680216000.0,6680216000.0,0.0,0.101,0.277,0.287,0.101,55860000.0,2219163000.0,1.0,417252189.0,411789144.0,,16.222,3401344000,89409000,179393000.0,122467000,8.26,315028000
65,SHW,MRT,2005-03-31,2005-03-31,2005-03-31,2021-10-20,-214996000,4480702000,4280674250.0,1962821000,2517881000,1.479,3.831,-111258000.0,7496000,7496000,3542255000.0,425080000.0,1.104,1.812,996566000,508623000,487943000,996566000,0,132740000.0,0,0.016,0.238,649662000.0,782402000.0,0.124,782402000.0,649662000.0,607137000.0,1.01,0.983,1.01,1593666000,1578696500.0,1593666000,6871255025.0,11.0,8.782,437777000.0,1.052,1.0,2790558000.0,0.441,1219064000,42525000.0,2472067000,2254209000.0,875150000,0,0,0,2887036000,1778641000,1108395000,6178919025.0,-96074000.0,-579108000.0,-246188000.0,416741000.0,-101272000.0,63902000.0,-712069000.0,-14163000.0,549035000.0,3058000.0,425080000.0,425080000.0,425080000.0,0.0,0.0,0.067,2140503000.0,650055000.0,719246000,0.236,3.877,14.536,14.518,721995000,0.0,14.663,0.976,0.963,838879000,2749588000,6332813000.0,6332813000.0,0.0,0.099,0.269,0.288,0.103,54338000.0,2140503000.0,1.0,421385703.0,416044167.0,,15.221,3261638000,88562000,182057000.0,94465000,7.84,184180000
66,SHW,MRT,2004-12-31,2004-12-31,2004-12-31,2021-10-20,-209582000,4274151000,4073310750.0,1781928000,2492223000,1.501,3.885,-106822000.0,45932000,45932000,3412378000.0,393254000.0,1.172,1.595,738268000,250029000,488239000,738268000,0,125642000.0,0,0.015,0.227,618864000.0,744506000.0,0.122,744506000.0,618864000.0,578916000.0,0.93,0.907,0.93,1647246000,1543115250.0,1647246000,7088638970.0,11.0,9.521,437859000.0,1.033,1.0,2701411000.0,0.442,1208344000,39948000.0,2238006000,2180885500.0,772852000,0,0,0,2626905000,1520137000,1106768000,6308306970.0,-256881000.0,-554478000.0,-178869000.0,157549000.0,-96915000.0,-123392000.0,-681881000.0,-12739000.0,544681000.0,3711000.0,393254000.0,393254000.0,393254000.0,0.0,0.0,0.064,2083452000.0,617959000.0,650977000,0.244,3.83,16.041,15.996,720360000,0.0,14.877,1.032,1.032,724385000,2695193000,6113789000.0,6113789000.0,0.0,0.097,0.255,0.284,0.101,51878000.0,2083452000.0,1.0,424040352.0,424040352.0,,14.418,3065807000,88985000,185662000.0,95558000,7.23,261791000
67,SHW,MRT,2004-09-30,2004-09-30,2004-09-30,2021-10-20,-226998000,4457109000,3925425000.0,1929195000,2527914000,1.503,3.677,-105041000.0,97222000,97222000,3253424000.0,381600000.0,1.071,1.838,877554000,379131000,498423000,877554000,0,119491000.0,0,0.015,0.222,628204000.0,747695000.0,0.127,747695000.0,628204000.0,590020000.0,0.897,0.877,0.897,1570534000,1496018000.0,1570534000,6537185335.0,10.0,8.743,534574000.0,1.252,1.0,2645722000.0,0.448,1221665000,38184000.0,2214014000,2118504000.0,737433000,0,0,0,2886575000,1801762000,1084813000,6258256335.0,-51496000.0,-599596000.0,-207611000.0,293378000.0,-95401000.0,-10982000.0,-686481000.0,-39225000.0,639615000.0,6352000.0,381600000.0,381600000.0,381600000.0,0.0,0.0,0.065,2003129000.0,642593000.0,711794000,0.247,3.985,16.4,16.336,718642000,0.0,14.653,1.061,1.061,839657000,2636752000,5899146000.0,5899146000.0,0.0,0.097,0.255,0.297,0.106,37250000.0,2003129000.0,1.0,427087557.0,427087557.0,,13.812,3235444000,86732000,208420000.0,193670000,7.576,127433000
68,SHW,MRT,2004-06-30,2004-06-30,2004-06-30,2021-10-20,-237757000,3910735000,3720912750.0,1928338000,1982397000,1.539,3.499,-107466000.0,233549000,233549000,3144279000.0,369034000.0,1.432,1.601,512478000,11288000,501190000,512478000,0,117032000.0,0,0.016,0.217,612370000.0,729402000.0,0.127,729402000.0,612370000.0,574920000.0,0.857,0.843,0.857,1503340000,1461375500.0,1503340000,6359746713.0,10.0,8.719,524053000.0,1.22,1.0,2580823000.0,0.451,750442000,37450000.0,2092749000,2084526750.0,684820000,0,0,0,2407395000,1346473000,1060922000,5949839713.0,213533000.0,-54330000.0,-175911000.0,-4912000.0,-94002000.0,-281613000.0,-143065000.0,-37072000.0,631519000.0,6692000.0,369034000.0,369034000.0,369034000.0,0.0,0.0,0.064,1956081000.0,624742000.0,705638000,0.253,3.958,16.123,16.161,655312000,0.0,13.85,1.039,1.039,775292000,2527876000,5725102000.0,5725102000.0,0.0,0.099,0.253,0.294,0.107,37250000.0,1956081000.0,1.0,429591315.0,429591315.0,,13.327,3160293000,86641000,205886000.0,167853000,7.357,581865000
69,SHW,MRT,2004-03-31,2004-03-31,2004-03-31,2021-10-20,-230098000,3651248000,3626310250.0,1682950000,1968298000,1.538,3.378,-109369000.0,103570000,103570000,3053667000.0,352726000.0,1.483,1.516,513477000,9967000,503510000,513477000,0,116879000.0,0,0.017,0.212,591640000.0,708519000.0,0.127,708519000.0,591640000.0,553603000.0,0.813,0.803,0.813,1451341000,1427700500.0,1451341000,5714627522.0,10.0,8.066,458156000.0,1.066,1.0,2525158000.0,0.453,747816000,38037000.0,2178773000,2094913500.0,685544000,0,0,0,2199907000,1134566000,1065341000,5503852522.0,90736000.0,-48374000.0,-157129000.0,-106720000.0,-92412000.0,-357726000.0,-124616000.0,-23828000.0,567525000.0,5553000.0,352726000.0,352726000.0,352726000.0,0.0,0.0,0.063,1925760000.0,599398000.0,630297000,0.261,3.792,15.604,15.756,652118000,0.0,12.81,0.987,0.987,657644000,2425781000,5578825000.0,5578825000.0,0.0,0.097,0.247,0.282,0.106,37250000.0,1925760000.0,1.0,429652812.0,429652812.0,,12.984,2903432000,86703000,200877000.0,102450000,6.758,548384000
70,SHW,MRT,2003-12-31,2003-12-31,2003-12-31,2021-10-20,-229268000,3682608000,3565458250.0,1715144000,1967464000,1.517,3.336,-116507000.0,302813000,302813000,2952469000.0,332058000.0,1.486,1.524,513588000,10596000,502992000,513588000,0,116564000.0,0,0.018,0.207,561668000.0,678232000.0,0.125,678232000.0,561668000.0,522926000.0,0.763,0.753,0.763,1458857000,1384793250.0,1458857000,5432294300.0,10.0,8.009,442422000.0,1.012,1.0,2455295000.0,0.454,750733000,38742000.0,1988480000,2090274250.0,638237000,0,0,0,2223751000,1154170000,1069581000,5064294300.0,138801000.0,-48374000.0,-190680000.0,-8095000.0,-90689000.0,-290774000.0,-136053000.0,-27875000.0,558929000.0,6699000.0,332058000.0,332058000.0,332058000.0,0.0,0.0,0.061,1881664000.0,573631000.0,587935000,0.271,3.471,15.251,15.177,650250000,0.0,11.58,0.936,0.936,544070000,2398854000,5407764000.0,5407764000.0,0.0,0.093,0.24,0.269,0.104,37250000.0,1881664000.0,1.0,437331114.0,437331114.0,,12.365,2931875000,86616000,190868000.0,89081000,6.704,560974000
71,SHW,MRT,2003-09-30,2003-09-30,2003-09-30,2021-10-20,-244269000,3639060000,3502884250.0,1667581000,1971479000,1.507,3.27,-124521000.0,148718000,148718000,2883829000.0,318287000.0,1.394,1.541,516718000,11595000,505123000,516718000,0,116329000.0,0,0.021,0.205,539644000.0,655973000.0,0.124,655973000.0,539644000.0,499445000.0,0.727,0.72,0.727,1431964000,1355551500.0,1431964000,4790919525.0,9.0,7.304,373345000.0,0.853,1.0,2395542000.0,0.454,732446000,40199000.0,2078105000,2085214500.0,610005000,0,0,0,2207096000,1196509000,1010587000,4292946525.0,98862000.0,-1244000.0,-154659000.0,-4950000.0,-90659000.0,-254091000.0,-147953000.0,-7035000.0,497866000.0,3040000.0,318287000.0,318287000.0,318287000.0,0.0,0.0,0.06,1845331000.0,550211000.0,552341000,0.282,2.998,13.488,13.485,672558000,0.0,9.803,0.813,0.813,657167000,2350552000,5279371000.0,5279371000.0,0.0,0.091,0.235,0.259,0.102,31253000.0,1845331000.0,1.0,437906820.0,437906820.0,,12.056,2906614000,116540000,181158000.0,194266000,6.638,471072000
72,SHW,MRT,2003-06-30,2003-06-30,2003-06-30,2021-10-20,-239782000,3532325000,3452153500.0,1574894000,1957431000,1.507,3.107,-134742000.0,20016000,20016000,2840363000.0,309323000.0,1.358,1.581,517989000,12474000,505515000,517989000,0,116232000.0,0,0.023,0.203,529269000.0,645501000.0,0.124,645501000.0,529269000.0,489570000.0,0.697,0.69,0.697,1368640000,1331975750.0,1368640000,4553002097.0,9.0,7.053,359394000.0,0.816,1.0,2362188000.0,0.454,736172000,39699000.0,2134296000,2067504500.0,652412000,0,0,0,2163685000,1159830000,1003855000,3946648097.0,8513000.0,-1244000.0,-175255000.0,-51353000.0,-90714000.0,-321127000.0,-167701000.0,-10361000.0,494136000.0,3205000.0,309323000.0,309323000.0,309323000.0,0.0,0.0,0.059,1821356000.0,540832000.0,569998000,0.291,2.884,12.759,12.855,679471000,0.0,8.96,0.759,0.759,675750000,2252843000,5202551000.0,5202551000.0,0.0,0.09,0.232,0.256,0.102,31253000.0,1821356000.0,1.0,440474118.0,440474118.0,,11.811,2796153000,116530000,180247000.0,170332000,6.348,415064000
73,SHW,MRT,2003-03-31,2003-03-31,2003-03-31,2021-10-20,-261458000,3407840000,3436753250.0,1457671000,1950169000,1.508,2.912,-141129000.0,12834000,12834000,2835825000.0,306719000.0,1.304,1.663,619188000,112732000,506456000,619188000,0,118585000.0,0,0.023,0.202,529441000.0,648026000.0,0.125,648026000.0,529441000.0,489567000.0,0.68,0.673,0.68,1279712000,1319067000.0,1279712000,4228783899.0,8.0,6.526,417278000.0,0.95,1.0,2348246000.0,0.453,736049000,39874000.0,2160216000,2054387250.0,662312000,0,0,0,2128128000,1117929000,1010199000,3871112899.0,-6499000.0,756000.0,-186178000.0,-118789000.0,-90940000.0,-400872000.0,-166201000.0,-12132000.0,558407000.0,2167000.0,306719000.0,306719000.0,306719000.0,0.0,0.0,0.059,1802791000.0,545455000.0,530146000,0.297,3.025,12.621,12.956,671355000,0.0,8.81,0.747,0.747,553816000,2165469000,5184071000.0,5184071000.0,0.0,0.089,0.233,0.258,0.102,31253000.0,1802791000.0,1.0,439399875.0,439399875.0,,11.798,2671791000,116319000,182848000.0,109151000,6.081,339742000
74,SHW,MRT,2002-12-31,2002-12-31,2002-12-31,2021-10-20,-261172000,3432312000,3443267250.0,1505993000,1926319000,1.506,2.984,-126530000.0,164012000,164012000,2846201000.0,127565000.0,1.39,1.558,521683000,15001000,506682000,521683000,0,115648000.0,0,0.021,0.2,354503000.0,470151000.0,0.091,470151000.0,354503000.0,314028000.0,0.283,0.28,0.283,1341890000,1318671750.0,1341890000,4706176814.0,13.0,10.01,432387000.0,0.962,1.0,2338587000.0,0.451,738246000,40475000.0,1968241000,2064549250.0,624650000,0,0,0,2090422000,1083496000,1006926000,4234010814.0,45198000.0,-26649000.0,-152804000.0,-95305000.0,-91007000.0,-343843000.0,-172561000.0,-16144000.0,558917000.0,2685000.0,127565000.0,127565000.0,127565000.0,0.0,0.0,0.025,1784527000.0,554060000.0,522339000,0.707,3.155,33.191,33.274,664600000,0.0,9.417,0.817,0.817,493935000,2157485000,5184788000.0,5184788000.0,0.0,0.037,0.097,0.172,0.068,31253000.0,1784527000.0,1.0,449629467.0,449629467.0,,11.531,2694066000,116228000,186463000.0,101178000,5.992,422497000
75,SHW,MRT,2002-09-30,2002-09-30,2002-09-30,2021-10-20,-238966000,3436137000,3492170500.0,1512258000,1923879000,1.478,2.963,-108373000.0,49856000,49856000,2851759000.0,115941000.0,1.315,1.569,522022000,14000000,508022000,522022000,0,153185000.0,0,0.025,0.198,345910000.0,499095000.0,0.097,499095000.0,345910000.0,304821000.0,0.257,0.25,0.257,1337661000,1355140250.0,1337661000,4125197972.0,12.0,8.265,479541000.0,1.062,1.0,2310236000.0,0.448,750612000,41089000.0,2007265000,2074045000.0,595796000,0,0,0,2098476000,1150426000,948050000,3563979972.0,47342000.0,-39531000.0,-137862000.0,-185579000.0,-90906000.0,-417128000.0,-125404000.0,-20070000.0,587914000.0,1960000.0,115941000.0,115941000.0,115941000.0,0.0,0.0,0.022,1764450000.0,545786000.0,526982000,0.77,2.664,30.74,30.713,656789000,0.0,7.893,0.69,0.69,637289000,2122927000,5161995000.0,5161995000.0,0.0,0.033,0.086,0.167,0.067,22902000.0,1764450000.0,1.0,451517733.0,451517733.0,,11.433,2685525000,107747000,188880000.0,171420000,5.948,361832000
76,SHW,MRT,2002-06-30,2002-06-30,2002-06-30,2021-10-20,-221344000,3470724000,3556169500.0,1550935000,1919789000,1.435,2.876,-91135000.0,11503000,11503000,2836514000.0,94929000.0,1.296,1.635,572721000,65477000,507244000,572721000,0,150690000.0,0,0.02,0.197,313388000.0,464078000.0,0.091,464078000.0,313388000.0,268619000.0,0.203,0.2,0.203,1317005000,1384968000.0,1317005000,5284445978.0,17.0,11.387,546171000.0,1.193,1.0,2265983000.0,0.444,753208000,44769000.0,2081827000,2110779250.0,612371000,0,0,0,2153719000,1196907000,956812000,4568126978.0,-1874000.0,-41410000.0,-126843000.0,-296960000.0,-90931000.0,-517430000.0,-123789000.0,-19476000.0,637306000.0,2039000.0,94929000.0,94929000.0,94929000.0,0.0,0.0,0.019,1751522000.0,514461000.0,530774000,0.97,3.469,48.122,49.146,650944000,0.0,9.977,0.895,0.895,687259000,2034238000,5102497000.0,5102497000.0,0.0,0.027,0.069,0.148,0.061,22902000.0,1751522000.0,1.0,457881087.0,457881087.0,,11.144,2717516000,108124000,173690000.0,175952000,5.935,354028000
77,SHW,MRT,2002-03-31,2002-03-31,2002-03-31,2021-10-20,-206370000,3433896000,3639110500.0,1528251000,1905645000,1.39,2.792,-78325000.0,19333000,19333000,2834103000.0,77883000.0,1.275,1.687,735652000,232124000,503528000,735652000,0,146822000.0,0,0.021,0.195,288922000.0,435744000.0,0.086,435744000.0,288922000.0,238809000.0,0.16,0.16,0.16,1278131000,1417124000.0,1278131000,4841994012.0,17.0,11.112,539584000.0,1.179,1.0,2222710000.0,0.44,750912000,50113000.0,2200864000,2161607750.0,652734000,0,0,0,2155765000,1198439000,957326000,4345439012.0,18182000.0,-42567000.0,-143864000.0,-250164000.0,-90669000.0,-485098000.0,-115806000.0,-19958000.0,617909000.0,1177000.0,77883000.0,77883000.0,77883000.0,0.0,0.0,0.015,1730382000.0,492328000.0,469802000,1.219,3.4,55.794,59.333,652271000,0.0,9.493,0.859,0.859,597862000,1949691000,5056813000.0,5056813000.0,0.0,0.021,0.055,0.134,0.057,22902000.0,1730382000.0,1.0,457735851.0,457735851.0,,11.047,2682984000,109267000,160926000.0,108561000,5.861,329812000
78,SHW,MRT,2001-12-31,2001-12-31,2001-12-31,2021-10-20,-204553000,3627925000,3735778500.0,1506945000,2120980000,1.356,3.211,-82572000.0,118814000,118814000,2846376000.0,263158000.0,1.32,1.439,615369000,111852000,503517000,615369000,0,148098000.0,0,0.021,0.193,479076000.0,627174000.0,0.124,627174000.0,479076000.0,424449000.0,0.563,0.56,0.563,1487764000,1460113750.0,1487764000,4961837558.0,10.0,7.911,479074000.0,1.034,1.0,2219629000.0,0.438,976903000,54627000.0,2006224000,2217740750.0,632763000,0,0,0,2140161000,1141353000,998808000,4247212557.0,115918000.0,-15162000.0,-139290000.0,-123064000.0,-90984000.0,-354124000.0,-90892000.0,-16614000.0,561646000.0,-712000.0,263158000.0,263158000.0,263158000.0,0.0,0.0,0.052,1729855000.0,489774000.0,454410000,0.343,2.855,16.139,16.282,672688000,0.0,9.167,0.838,0.838,523278000,2120927000,5066005000.0,5066005000.0,0.0,0.07,0.18,0.216,0.095,22902000.0,1729855000.0,1.0,463332279.0,463332279.0,,10.934,2651022000,104672000,161291000.0,106597000,5.722,365592000
79,SHW,MRT,2001-09-30,2001-09-30,2001-09-30,2021-10-20,-206891000,3692133000,3766464750.0,1526057000,2166076000,1.349,3.106,-99197000.0,2514000,2514000,2858793000.0,-29734000.0,1.211,1.534,700929000,194576000,506353000,700929000,0,159723000.0,0,0.026,0.19,121961000.0,281684000.0,0.055,281684000.0,121961000.0,64025000.0,-0.043,-0.04,-0.043,1456972000,1456138750.0,1456972000,4336433091.0,36.0,15.395,424788000.0,0.906,1.0,2222397000.0,0.437,976533000,57936000.0,2154202000,2305445000.0,600836000,0,0,0,2235161000,1259813000,975348000,3474072091.0,-490000.0,-3063000.0,-153081000.0,-152901000.0,-90295000.0,-393502000.0,-129164000.0,-17444000.0,523985000.0,-1809000.0,-29734000.0,-29734000.0,-29734000.0,0.0,0.0,-0.006,2087148000.0,135249000.0,443233000,-4.419,2.384,-116.838,-172.248,689789000,0.0,7.407,0.684,0.684,673602000,2097893000,5081190000.0,5081190000.0,0.0,-0.008,-0.02,0.053,0.024,0.0,1740855000.0,1.0,469046637.0,469046637.0,,10.833,2715600000,104862000,93759000.0,194243000,5.79,266244000
80,SHW,MRT,2001-06-30,2001-06-30,2001-06-30,2021-10-20,-190349000,3802488000,3905463000.0,1632156000,2170332000,1.313,3.076,-99371000.0,13377000,13377000,2878872000.0,-13336000.0,1.177,1.63,869566000,363383000,506183000,869566000,0,160537000.0,0,0.025,0.187,153945000.0,314482000.0,0.061,314482000.0,153945000.0,92784000.0,-0.017,-0.013,-0.017,1445629000,1539438500.0,1445629000,4474460849.0,29.0,14.228,382539000.0,0.814,1.0,2247453000.0,0.438,987328000,61161000.0,2285141000,2394317750.0,647170000,0,0,0,2356859000,1386208000,970651000,3477958849.0,11651000.0,-16898000.0,-154357000.0,-64422000.0,-89579000.0,-305774000.0,-162771000.0,-43072000.0,481910000.0,-1714000.0,-13336000.0,-13336000.0,-13336000.0,0.0,0.0,-0.003,2083161000.0,164292000.0,464897000,-11.0,2.406,-260.795,-435.294,701120000,0.0,7.4,0.678,0.678,711601000,2030240000,5126325000.0,5126325000.0,0.0,-0.003,-0.009,0.064,0.03,0.0,1735636000.0,1.0,469994439.0,469994439.0,,10.907,2815160000,104958000,106120000.0,145207000,5.99,245948000
81,SHW,MRT,2001-03-31,2001-03-31,2001-03-31,2021-10-20,-166782000,3820568000,4040276750.0,1627006000,2193562000,1.274,3.025,-120711000.0,1151000,1151000,2867688000.0,12027000.0,1.178,1.635,991912000,472719000,519193000,991912000,0,160272000.0,0,0.022,0.183,198365000.0,358637000.0,0.07,358637000.0,198365000.0,136010000.0,0.027,0.03,0.027,1450090000,1622632000.0,1450090000,4818034450.0,24.0,13.434,237034000.0,0.495,1.0,2280390000.0,0.443,1004946000,62355000.0,2425396000,2465474750.0,709775000,0,0,0,2370478000,1380987000,989491000,4071113450.0,-2482000.0,-60108000.0,-135650000.0,93195000.0,-88950000.0,-127974000.0,-231291000.0,-51997000.0,357745000.0,-962000.0,12027000.0,12027000.0,12027000.0,0.0,0.0,0.002,2077665000.0,202725000.0,462131000,6.778,2.807,338.498,314.568,711232000,0.0,8.493,0.791,0.791,637304000,1962476000,5148078000.0,5148078000.0,0.0,0.003,0.007,0.08,0.039,0.0,1726105000.0,1.0,479330469.0,479330469.0,,10.74,2815622000,104728000,123983000.0,88103000,5.874,246019000
82,SHW,MRT,2000-12-31,2000-12-31,2000-12-31,2021-10-20,-163609000,3750670000,4132581250.0,1551539000,2199131000,1.261,3.056,-132778000.0,2896000,2896000,2904013000.0,16026000.0,1.391,1.548,740449000,119774000,620675000,740449000,0,160030000.0,0,0.021,0.18,205432000.0,365462000.0,0.07,365462000.0,205432000.0,143406000.0,0.033,0.033,0.033,1471864000,1683369250.0,1471864000,5087259470.0,25.0,13.92,330566000.0,0.686,1.0,2307611000.0,0.443,1015939000,62026000.0,2357041000,2477191500.0,703727000,0,0,0,2278806000,1115243000,1163563000,4224325470.0,-15727000.0,-60108000.0,-140438000.0,-1003000.0,-88124000.0,-225667000.0,-253038000.0,-51163000.0,463344000.0,-366000.0,16026000.0,16026000.0,16026000.0,0.0,0.0,0.003,2092407000.0,215204000.0,448799000,5.455,2.87,263.592,265.758,722379000,0.0,8.77,0.811,0.811,594162000,1948753000,5211624000.0,5211624000.0,0.0,0.004,0.01,0.083,0.039,0.0,1740367000.0,1.0,481679073.0,481679073.0,,10.82,2734731000,104662000,127380000.0,74568000,5.677,436296000
83,SHW,MRT,2000-09-30,2000-09-30,2000-09-30,2021-10-20,-145748000,4248126000,4203116750.0,1686004000,2562122000,1.239,3.668,-130016000.0,3004000,3004000,2874485000.0,319472000.0,1.324,1.373,865946000,241564000,624382000,865946000,0,155511000.0,0,0.025,0.175,577356000.0,732867000.0,0.141,732867000.0,577356000.0,515298000.0,0.653,0.653,0.653,1790171000,1740036250.0,1790171000,4412561622.0,8.0,6.021,356165000.0,0.73,1.0,2335017000.0,0.448,1327968000,62058000.0,2509693000,2463113000.0,671167000,0,0,0,2457955000,1273407000,1184548000,3477827622.0,-2009000.0,-61688000.0,-121945000.0,-16213000.0,-86318000.0,-227239000.0,-260621000.0,-57093000.0,486181000.0,-330000.0,319472000.0,319472000.0,319472000.0,0.0,0.0,0.061,1732367000.0,602650000.0,459935000,0.268,1.943,10.886,10.914,731500000,0.0,7.127,0.668,0.668,741747000,2217922000,5209502000.0,5209502000.0,0.0,0.076,0.184,0.234,0.111,0.0,1728950000.0,1.0,488002005.0,488002005.0,,10.675,2920158000,111686000,195826000.0,132196000,5.984,412597000
84,SHW,MRT,2000-06-30,2000-06-30,2000-06-30,2021-10-20,-113743000,4341743000,4167759000.0,1811579000,2530164000,1.234,3.62,-144985000.0,1726000,1726000,2824326000.0,324235000.0,1.315,1.441,936468000,315374000,621094000,936468000,0,158172000.0,0,0.024,0.17,583988000.0,742160000.0,0.144,742160000.0,583988000.0,522982000.0,0.657,0.653,0.657,1778403000,1713481000.0,1778403000,4367061003.0,7.0,5.884,241107000.0,0.491,1.0,2318756000.0,0.451,1328892000,61006000.0,2569769000,2422905250.0,719617000,0,0,0,2563340000,1377824000,1185516000,3469932003.0,-5690000.0,-45986000.0,-157794000.0,76432000.0,-84620000.0,-168376000.0,-221446000.0,-33245000.0,386092000.0,-1960000.0,324235000.0,324235000.0,324235000.0,0.0,0.0,0.063,1709951000.0,608805000.0,503132000,0.259,1.951,10.702,10.751,736444000,0.0,7.063,0.675,0.675,767785000,2133155000,5143082000.0,5143082000.0,0.0,0.078,0.189,0.241,0.114,0.0,1708493000.0,1.0,491259840.0,491259840.0,,10.469,3012851000,110669000,198747000.0,128015000,6.133,433755000
85,SHW,MRT,2000-03-31,2000-03-31,2000-03-31,2021-10-20,-132949000,4189786000,4122673250.0,1712789000,2476997000,1.237,3.405,-131638000.0,3633000,3633000,2810214000.0,315986000.0,1.313,1.475,900769000,276535000,624234000,900769000,0,157242000.0,0,0.022,0.165,569952000.0,727194000.0,0.143,727194000.0,569952000.0,509677000.0,0.633,0.627,0.633,1693039000,1690403750.0,1693039000,4395378139.0,8.0,6.044,304301000.0,0.612,1.0,2287672000.0,0.449,1310523000,60275000.0,2472263000,2360042750.0,731952000,0,0,0,2496747000,1304136000,1192611000,3667366139.0,130000.0,-7165000.0,-145605000.0,-46879000.0,-82946000.0,-277747000.0,-158620000.0,-24613000.0,435939000.0,558000.0,315986000.0,315986000.0,315986000.0,0.0,0.0,0.062,1693288000.0,594384000.0,497098000,0.261,2.166,11.606,11.654,725493000,0.0,7.377,0.719,0.719,708206000,2039399000,5097886000.0,5097886000.0,0.0,0.077,0.187,0.242,0.112,0.0,1697757000.0,1.0,497157633.0,497157633.0,,10.254,2879263000,107304000,193691000.0,97960000,5.791,408653000
86,SHW,MRT,1999-12-31,1999-12-31,1999-12-31,2021-10-20,-145624000,4032812000,4089505750.0,1578099000,2454713000,1.224,3.413,-134171000.0,18623000,18623000,2755323000.0,303860000.0,1.383,1.374,741906000,119949000,621957000,741906000,0,155744000.0,0,0.023,0.16,551286000.0,707030000.0,0.141,707030000.0,551286000.0,490118000.0,0.603,0.6,0.603,1698532000,1665629250.0,1698532000,4363725829.0,8.0,6.172,352895000.0,0.709,1.0,2248514000.0,0.449,1314479000,61168000.0,2300727000,2322010500.0,703388000,0,0,0,2334280000,1140889000,1193391000,3483392829.0,-510000.0,-15427000.0,-138699000.0,-98982000.0,-80954000.0,-320860000.0,-163922000.0,-23435000.0,487066000.0,-2794000.0,303860000.0,303860000.0,303860000.0,0.0,0.0,0.061,1673449000.0,575065000.0,458919000,0.265,2.051,11.464,11.609,711676000,0.0,7.0,0.696,0.696,606046000,2020851000,5003837000.0,5003837000.0,0.0,0.074,0.182,0.237,0.11,0.0,1673449000.0,1.0,497627547.0,497627547.0,,10.055,2718333000,108899000,186258000.0,85396000,5.463,437210000
87,SHW,MRT,1999-09-30,1999-09-30,1999-09-30,2021-10-20,-141188000,4106695000,4093942750.0,1665894000,2440801000,1.214,3.316,-139667000.0,5013000,5013000,2783513000.0,295341000.0,1.272,1.439,885346000,260875000,624471000,885346000,0,120020000.0,0,0.023,0.158,538594000.0,658614000.0,0.133,658614000.0,538594000.0,476356000.0,0.583,0.58,0.583,1683950000,1669981250.0,1683950000,4399740534.0,8.0,6.68,345316000.0,0.68,1.0,2184975000.0,0.44,1328974000,62238000.0,2348862000,2344586250.0,649091000,0,0,0,2422745000,1309192000,1113553000,3544228534.0,1642000.0,-12663000.0,-150749000.0,-108931000.0,-80407000.0,-332519000.0,-148483000.0,-15793000.0,484983000.0,-2339000.0,295341000.0,295341000.0,295341000.0,0.0,0.0,0.059,1626635000.0,558340000.0,409573000,0.271,2.105,12.0,11.973,710006000,0.0,6.98,0.713,0.713,735629000,1984769000,4968488000.0,4968488000.0,0.0,0.072,0.177,0.23,0.108,0.0,1633979000.0,1.0,507769131.0,507769131.0,,9.785,2777721000,117686000,181015000.0,129357000,5.47,356702000
88,SHW,MRT,1999-06-30,1999-06-30,1999-06-30,2021-10-20,-124643000,4161400000,4115147500.0,1700513000,2460887000,1.206,3.304,-136050000.0,7416000,7416000,2801393000.0,284607000.0,1.26,1.468,862922000,236116000,626806000,862922000,0,126771000.0,0,0.017,0.155,524704000.0,651475000.0,0.131,651475000.0,524704000.0,459044000.0,0.557,0.553,0.557,1686094000,1677428000.0,1686094000,5667277632.0,11.0,8.699,425636000.0,0.834,1.0,2163043000.0,0.436,1348658000,65660000.0,2318319000,2387614000.0,676165000,0,0,0,2475306000,1349929000,1125377000,4720254632.0,-13338000.0,-12651000.0,-92408000.0,-251466000.0,-79596000.0,-416491000.0,-157813000.0,-20915000.0,561686000.0,-720000.0,284607000.0,284607000.0,284607000.0,0.0,0.0,0.057,1618281000.0,544762000.0,475888000,0.278,2.8,16.585,16.607,715547000,0.0,9.25,0.951,0.951,744608000,1893540000,4964436000.0,4964436000.0,0.0,0.069,0.17,0.22,0.106,0.0,1621277000.0,1.0,510297798.0,510297798.0,,9.729,2812742000,117351000,174437000.0,138699000,5.512,350584000
89,SHW,MRT,1999-03-31,1999-03-31,1999-03-31,2021-10-20,-145492000,4057116000,4139892500.0,1615124000,2441992000,1.198,3.114,-144252000.0,3503000,3503000,2806032000.0,276463000.0,1.208,1.545,950526000,321402000,629124000,950526000,0,137080000.0,0,0.016,0.152,515061000.0,652141000.0,0.132,652141000.0,515061000.0,445907000.0,0.537,0.533,0.537,1593941000,1670282500.0,1593941000,5628908854.0,11.0,8.631,381257000.0,0.745,1.0,2152118000.0,0.434,1346834000,69154000.0,2320134000,2450336250.0,684389000,0,0,0,2463175000,1337171000,1126004000,4799580854.0,769000.0,-8262000.0,-108273000.0,-176751000.0,-78684000.0,-356002000.0,-165617000.0,-18308000.0,525509000.0,-3121000.0,276463000.0,276463000.0,276463000.0,0.0,0.0,0.056,1617877000.0,534241000.0,415353000,0.283,3.011,17.361,17.461,706743000,0.0,9.377,0.968,0.968,652430000,1806360000,4958150000.0,4958150000.0,0.0,0.067,0.166,0.21,0.104,0.0,1615724000.0,1.0,511864293.0,511864293.0,,9.686,2710282000,117233000,169444000.0,91210000,5.295,277953000
90,SHW,MRT,1998-12-31,1998-12-31,1998-12-31,2021-10-20,-44927000,4050560000,4174066250.0,1532388000,2518172000,1.182,3.327,-146129000.0,19133000,19133000,2804459000.0,272864000.0,1.427,1.361,848467000,118184000,730283000,848467000,0,147888000.0,0,0.015,0.15,512074000.0,659962000.0,0.134,659962000.0,512074000.0,440103000.0,0.527,0.523,0.527,1715940000,1674104000.0,1715940000,6042354760.0,12.0,9.156,322628000.0,0.625,1.0,2129971000.0,0.432,1414843000,71971000.0,2391030000,2507521250.0,682523000,0,0,0,2334620000,1074021000,1260599000,5051623760.0,15603000.0,0.0,-66973000.0,-157027000.0,-77801000.0,-294222000.0,-158932000.0,-19281000.0,468757000.0,0.0,272864000.0,272864000.0,272864000.0,0.0,0.0,0.055,1598333000.0,531638000.0,408144000,0.285,2.944,18.513,18.583,718857000,0.0,9.793,1.024,1.024,604516000,1797945000,4934430000.0,4934430000.0,0.0,0.065,0.163,0.204,0.104,0.0,1598333000.0,1.0,515822712.0,515822712.0,,9.566,2635717000,102818000,167239000.0,76804000,5.11,458367000
91,SHW,MRT,1998-09-30,1998-09-30,1998-09-30,2021-10-20,-41108000,4191514000,4170376500.0,1663059000,2528455000,1.179,3.304,-150167000.0,3371000,3371000,2800341000.0,270462000.0,1.36,1.446,994102000,210999000,783103000,994102000,0,144981000.0,0,0.02,0.146,512204000.0,657185000.0,0.134,657185000.0,512204000.0,437463000.0,0.527,0.517,0.527,1713737000,1643164000.0,1713737000,4854040380.0,9.0,7.386,257536000.0,0.497,1.0,2114456000.0,0.43,1438148000,74741000.0,2520973000,2522267750.0,688623000,0,0,0,2477777000,1223124000,1254653000,3760466380.0,-14870000.0,-7204000.0,-38072000.0,-137060000.0,-74919000.0,-254318000.0,-168255000.0,-8449000.0,407703000.0,0.0,270462000.0,270462000.0,270462000.0,0.0,0.0,0.055,1585553000.0,528903000.0,398395000,0.277,2.194,13.904,13.757,718683000,0.0,7.25,0.765,0.765,705424000,1769834000,4914797000.0,4914797000.0,0.0,0.065,0.165,0.203,0.104,0.0,1586130000.0,1.0,518685018.0,518685018.0,,9.475,2753366000,0,167001000.0,126887000,5.308,439935000
92,SHW,MRT,1998-06-30,1998-06-30,1998-06-30,2021-10-20,-34205000,4260380000,4169124500.0,1739997000,2520383000,1.18,3.184,-169577000.0,20754000,20754000,2809952000.0,268925000.0,1.297,1.57,1114328000,331196000,783132000,1114328000,0,144823000.0,0,0.013,0.142,514321000.0,659144000.0,0.134,659144000.0,514321000.0,437606000.0,0.523,0.513,0.523,1657512000,1605195000.0,1657512000,6871824257.0,13.0,10.425,214886000.0,0.413,1.0,2109945000.0,0.429,1443621000,76715000.0,2569208000,2486622250.0,723448000,0,0,0,2602868000,1341125000,1261743000,5748154257.0,13348000.0,-16649000.0,-14337000.0,-111367000.0,-72740000.0,-202576000.0,-168539000.0,2396000.0,384463000.0,0.0,268925000.0,268925000.0,268925000.0,0.0,0.0,0.055,1578987000.0,530958000.0,452402000,0.272,3.468,21.375,21.115,714831000,0.0,11.043,1.168,1.168,725850000,1688529000,4919897000.0,4919897000.0,0.0,0.065,0.168,0.207,0.105,0.0,1579400000.0,1.0,520508988.0,520508988.0,,9.452,2816759000,0,168681000.0,108065000,5.412,398872000
93,SHW,MRT,1998-03-31,1998-03-31,1998-03-31,2021-10-20,-33658000,4193811000,4158866500.0,1679292000,2514519000,1.182,3.101,-169161000.0,2734000,2734000,2807427000.0,262678000.0,1.281,1.606,1126404000,334731000,791673000,1126404000,0,138525000.0,0,0.012,0.137,508620000.0,647145000.0,0.132,647145000.0,508620000.0,429994000.0,0.51,0.503,0.51,1609227000,1561587500.0,1609227000,7164973293.0,14.0,11.072,214312000.0,0.413,1.0,2108036000.0,0.429,1457564000,78626000.0,2548874000,2439751250.0,768192000,0,0,0,2584584000,1311043000,1273541000,6163745293.0,-55469000.0,-15444000.0,17626000.0,-211514000.0,-71320000.0,-269746000.0,-169196000.0,1785000.0,383473000.0,0.0,262678000.0,262678000.0,262678000.0,0.0,0.0,0.053,1582677000.0,525359000.0,454830000,0.269,3.83,23.465,23.288,702807000,0.0,11.877,1.254,1.254,638694000,1608581000,4915463000.0,4915463000.0,0.0,0.063,0.168,0.208,0.103,0.0,1579856000.0,1.0,518979396.0,518979396.0,,9.471,2736247000,0,167316000.0,53778000,5.272,368249000
94,SHW,MRT,1997-12-31,1997-12-31,1997-12-31,2021-10-20,-33517000,4035801000,4150703000.0,1532253000,2503548000,1.176,3.07,-163955000.0,3530000,3530000,2784392000.0,260614000.0,1.373,1.535,1004758000,160839000,843919000,1004758000,0,139246000.0,0,0.014,0.133,508114000.0,647360000.0,0.133,647360000.0,508114000.0,427277000.0,0.503,0.5,0.503,1592180000,1509722500.0,1592180000,5918692195.0,12.0,9.143,268351000.0,0.517,1.0,2096711000.0,0.43,1471350000,80837000.0,2450016000,2410234500.0,721668000,0,0,0,2443621000,1115663000,1327958000,4796809195.0,1650000.0,-884525000.0,9296000.0,686767000.0,-69027000.0,622608000.0,-1053264000.0,-5633000.0,432306000.0,0.0,260614000.0,260614000.0,260614000.0,0.0,0.0,0.053,1573510000.0,523201000.0,424184000,0.264,3.013,18.406,18.39,692258000,0.0,9.25,0.983,0.983,546314000,1602882000,4881103000.0,4881103000.0,0.0,0.063,0.173,0.211,0.104,0.0,1573510000.0,1.0,518573967.0,518573967.0,,9.413,2564451000,124669000,166663000.0,44539000,4.945,416590000
95,SHW,MRT,1997-09-30,1997-09-30,1997-09-30,2021-10-20,-31234000,4186506000,3890400250.0,1653234000,2533272000,1.221,3.016,-158812000.0,18241000,18241000,2695962000.0,254660000.0,1.167,1.68,1140124000,340530000,799594000,1140124000,0,130973000.0,0,0.013,0.129,485093000.0,616066000.0,0.13,616066000.0,485093000.0,417185000.0,0.497,,0.497,1561861000,1461985500.0,1561861000,6309797906.0,13.0,10.242,241332000.0,0.466,1.0,2052551000.0,0.432,1513206000,67908000.0,2378391000,2198692750.0,714948000,0,0,0,2624645000,1416792000,1207853000,5082533906.0,12047000.0,-948322000.0,9084000.0,740868000.0,-67583000.0,710897000.0,-1098994000.0,-5023000.0,400144000.0,0.0,254660000.0,254660000.0,254660000.0,0.0,0.0,0.054,1575828000.0,476723000.0,430503000,0.26,3.254,19.958,19.745,680365000,0.0,9.813,1.07,1.07,672106000,1574292000,4748513000.0,4748513000.0,0.0,0.065,0.174,0.221,0.102,0.0,1545686000.0,1.0,517921254.0,517921254.0,,9.168,2673300000,0,162525000.0,158333000,5.162,236442000
96,SHW,MRT,1997-06-30,1997-06-30,1997-06-30,2021-10-20,-22506000,4219348000,3579289750.0,1688123000,2531225000,1.278,2.868,-125737000.0,7406000,7406000,2611595000.0,243999000.0,1.106,1.845,1234670000,438437000,796233000,1234670000,0,120065000.0,0,0.012,0.125,456616000.0,576681000.0,0.126,576681000.0,456616000.0,402392000.0,0.473,,0.473,1483082000,1413444250.0,1483082000,6611111994.0,14.0,11.464,263370000.0,0.509,1.0,1961397000.0,0.429,1538745000,54224000.0,2381724000,2016720250.0,751665000,0,0,0,2736266000,1526143000,1210123000,5321998994.0,-5260000.0,-952018000.0,5299000.0,738338000.0,-65346000.0,705395000.0,-1099762000.0,-5990000.0,389107000.0,0.0,243999000.0,243999000.0,243999000.0,0.0,0.0,0.053,1513340000.0,448057000.0,462760000,0.264,3.588,21.812,21.762,656984000,0.0,10.293,1.164,1.164,688732000,1492344000,4572992000.0,4572992000.0,0.0,0.068,0.173,0.226,0.1,0.0,1485863000.0,1.0,517033581.0,517033581.0,,8.845,2680603000,0,158393000.0,126049000,5.185,161980000
97,SHW,MRT,1997-03-31,1997-03-31,1997-03-31,2021-10-20,-24942000,4161157000,3261911250.0,1650303000,2510854000,1.332,2.714,-124712000.0,58203000,58203000,2511073000.0,232698000.0,1.084,1.969,1347316000,551643000,795673000,1347316000,0,115704000.0,0,0.013,0.121,421599000.0,537303000.0,0.124,537303000.0,421599000.0,381700000.0,0.45,,0.45,1401767000,1366114000.0,1401767000,4957011136.0,12.0,9.226,256725000.0,0.497,1.0,1833822000.0,0.422,1497087000,39899000.0,2430807000,1835143750.0,755192000,0,0,0,2759390000,1522376000,1237014000,4648211136.0,45354000.0,-1047853000.0,9174000.0,865072000.0,-62259000.0,838401000.0,-1174484000.0,-4342000.0,381437000.0,0.0,232698000.0,232698000.0,232698000.0,0.0,0.0,0.054,1420405000.0,413417000.0,399541000,0.269,3.316,19.975,20.0,641650000,0.0,9.0,1.07,1.07,596846000,1417225000,4344895000.0,4344895000.0,0.0,0.071,0.17,0.23,0.097,0.0,1397303000.0,1.0,516467904.0,516467904.0,,8.413,2664070000,0,149002000.0,72860000,5.158,127927000
98,SHW,MRT,1996-12-31,1996-12-31,1996-12-31,2021-10-20,-18982000,2994590000,2904704250.0,1416187000,1578403000,1.423,2.713,-122720000.0,1880000,1880000,2405178000.0,229157000.0,1.347,1.137,312813000,170134000,142679000,312813000,0,103623000.0,0,0.013,0.117,399914000.0,503537000.0,0.122,503537000.0,399914000.0,375377000.0,0.447,0.443,0.447,1401232000,1320792250.0,1401232000,,,,216595000.0,0.419,1.0,1727701000.0,0.418,650667000,24537000.0,1603849000,1637098500.0,642687000,0,0,0,1593358000,1051007000,542351000,4820367104.0,-247604000.0,-670755000.0,9651000.0,164020000.0,-60029000.0,139579000.0,-726498000.0,57829000.0,339315000.0,0.0,229157000.0,229157000.0,229157000.0,0.0,0.0,0.055,1334606000.0,393095000.0,385928000,0.262,3.44,21.035,20.88,549391000,0.0,9.333,1.166,1.166,452421000,1411295000,4132879000.0,4132879000.0,0.0,0.079,0.173,0.244,0.097,0.0,1309086000.0,1.0,516467904.0,516467904.0,,8.002,2343923000,105065000,146220000.0,65957000,4.538,365180000
99,SHW,MRT,1996-09-30,1996-09-30,1996-09-30,2021-10-20,-20530000,2942064000,2691320000.0,1394046000,1548018000,,,,6194000,6194000,,,1.237,1.151,361075000,223434000,137641000,361075000,0,,0,0.015,0.114,,,,,,,,,,1367696000,1273515750.0,1367696000,,,,,,1.0,,,519811000,,1650501000,1529772000.0,580516000,0,0,0,1574368000,1126633000,447735000,,,,,,,,,,,,,,,,,,,,367522000,,,,,553213000,,7.73,,,584023000,1387214000,,,,,,,,,,1.0,,,,,2422253000,0,,95361000,,267413000
100,SHW,MRT,1996-06-30,1996-06-30,1996-06-30,2021-10-20,-19139000,2949834000,,1456493000,1493341000,,,,12666000,12666000,,,1.204,1.28,461713000,327075000,134638000,461713000,0,,0,0.014,0.112,,,,,,,,,,1293761000,,1293761000,,,,,,1.0,,,533738000,,1655418000,,583272000,0,0,0,1656073000,1209725000,446348000,,,,,,,,,,,,,,,,,,,,390847000,,,,,539193000,,7.729,,,602200000,1313691000,,,,,,,,,,1.0,,,,,2416096000,0,,88790000,,246768000
101,SHW,MRT,1996-03-31,1996-03-31,1996-03-31,2021-10-20,-20472000,2732329000,,1333597000,1398732000,,,,12849000,12849000,,,1.239,1.239,443937000,316544000,127393000,443937000,0,,0,0.015,0.109,,,,,,,,,,1220480000,,1220480000,,,,,,1.0,,,448435000,,1638626000,,597034000,0,0,0,1511849000,1076356000,435493000,,,,,,,,,,,,,,,,,,,,326124000,,,,,522728000,,7.271,,,479586000,1246784000,,,,,,,,,,1.0,,,,,2283894000,0,,45733000,,257241000
102,SHW,MRT,1995-12-31,1995-12-31,1995-12-31,2021-10-20,-20657000,2141053000,2051542000.0,1238898000,902155000,1.596,,-108392000.0,249484000,249484000,1877083000.0,200654000.0,2.002,0.766,24773000,755000,24018000,24773000,0,77918000.0,0,0.016,0.107,321030000.0,398948000.0,0.122,398948000.0,321030000.0,318498000.0,0.393,0.39,0.393,1212126000,1132735000.0,1212126000,,,,174333000.0,,1.0,1396736000.0,0.427,122862000,2532000.0,1174543000,1085166500.0,463087000,20000000,20000000,0,928927000,618937000,309990000,,-1931000.0,-72349000.0,-6263000.0,-804000.0,-54553000.0,-39906000.0,-244750000.0,-69833000.0,282725000.0,0.0,200654000.0,200654000.0,200654000.0,0.0,0.0,0.061,1087224000.0,309512000.0,276863000,0.272,,,17.282,456357000,0.0,6.792,,,334304000,1242167000,3273819000.0,3273819000.0,0.0,0.098,0.177,0.296,0.098,0.0,1075442000.0,1.0,,,,,2018191000,71583000,117844000.0,31891000,,619961000
103,SHW,MRT,1994-12-31,1994-12-31,1994-12-31,2021-10-20,-20006000,1962031000,,1188624000,773407000,,,-78660000.0,251415000,251415000,1772671000.0,186571000.0,1.991,0.863,20465000,0,20465000,20465000,0,73724000.0,0,0.017,0.093,301730000.0,375454000.0,0.121,375454000.0,301730000.0,298513000.0,0.357,,0.357,1053344000,,1053344000,,,,171863000.0,,1.0,1327398000.0,0.428,138243000,3217000.0,995790000,,459220000,0,0,0,908687000,597048000,311639000,,21323000.0,-9215000.0,-121847000.0,-19607000.0,-48363000.0,-187372000.0,-41828000.0,37303000.0,250523000.0,0.0,186571000.0,186571000.0,186571000.0,0.0,0.0,0.06,1033890000.0,293508000.0,258930000,0.261,,,15.467,409202000,0.0,5.522,,,310984000,1096066000,3100069000.0,3100069000.0,0.0,,,,0.097,0.0,1018470000.0,1.0,,,,,1823788000,73956000,111942000.0,40768000,,591576000
