None,ticker,dimension,calendardate,datekey,reportperiod,lastupdated,accoci,assets,assetsavg,assetsc,assetsnc,assetturnover,bvps,capex,cashneq,cashnequsd,cor,consolinc,currentratio,de,debt,debtc,debtnc,debtusd,deferredrev,depamor,deposits,divyield,dps,ebit,ebitda,ebitdamargin,ebitdausd,ebitusd,ebt,eps,epsdil,epsusd,equity,equityavg,equityusd,ev,evebit,evebitda,fcf,fcfps,fxusd,gp,grossmargin,intangibles,intexp,invcap,invcapavg,inventory,investments,investmentsc,investmentsnc,liabilities,liabilitiesc,liabilitiesnc,marketcap,ncf,ncfbus,ncfcommon,ncfdebt,ncfdiv,ncff,ncfi,ncfinv,ncfo,ncfx,netinc,netinccmn,netinccmnusd,netincdis,netincnci,netmargin,opex,opinc,payables,payoutratio,pb,pe,pe1,ppnenet,prefdivis,price,ps,ps1,receivables,retearn,revenue,revenueusd,rnd,roa,roe,roic,ros,sbcomp,sgna,sharefactor,sharesbas,shareswa,shareswadil,sps,tangibles,taxassets,taxexp,taxliabilities,tbvps,workingcapital
0,SITC,MRY,2020-12-31,2020-12-31,2020-12-31,2021-08-25,-2682000.0,4108284000.0,4136689500.0,,,0.111,10.048,-62263000.0,74414000.0,74414000.0,138402000.0,36590000.0,,1.114,1933508000.0,,,1933508000.0,0.0,170669000.0,0.0,0.025,0.25,113325000.0,283994000.0,0.617,283994000.0,113325000.0,35721000.0,0.08,0.08,0.08,1941508000.0,1954722250.0,1941508000.0,3674853184.0,32.0,12.94,127907000.0,0.662,1.0,321931000.0,0.699,0.0,77604000.0,5967378000.0,5903958250.0,0.0,267332000.0,,,2163461000.0,,,1955384184.0,55285000.0,157241000.0,-9925000.0,-128449000.0,-98348000.0,-237363000.0,102478000.0,7500000.0,190170000.0,-4000.0,35721000.0,15190000.0,15190000.0,0.0,869000.0,0.033,228750000.0,93181000.0,215109000.0,3.125,1.007,128.728,126.5,3562331000.0,20531000.0,10.12,4.248,4.248,73517000.0,-4099534000.0,460333000.0,460333000.0,0.0,0.004,0.008,0.019,0.246,8800000.0,52881000.0,1.0,193219781.0,193219781.0,,2.382,4108284000.0,0.0,0.0,0.0,21.262,
1,SITC,MRY,2019-12-31,2019-12-31,2019-12-31,2021-08-25,-491000.0,4093622000.0,4113062000.0,,,0.124,10.208,145000.0,19133000.0,19133000.0,139663000.0,101825000.0,,1.068,1847297000.0,,,1847297000.0,0.0,165087000.0,0.0,0.057,0.8,185420000.0,350507000.0,0.69,350507000.0,185420000.0,100699000.0,0.33,0.33,0.33,1978414000.0,2014230500.0,1978414000.0,4524391673.0,24.0,12.908,270299000.0,1.395,1.0,368325000.0,0.725,0.0,84721000.0,5921786000.0,5936968250.0,0.0,484600000.0,,,2112144000.0,,,2717131673.0,5481000.0,-21679000.0,179811000.0,-52370000.0,-180698000.0,-254278000.0,-10395000.0,11139000.0,270154000.0,2000.0,100699000.0,61292000.0,61292000.0,0.0,1126000.0,0.121,226841000.0,141484000.0,220811000.0,2.424,1.373,44.331,42.485,3420664000.0,32231000.0,14.02,5.349,5.349,60594000.0,-4066099000.0,507988000.0,507988000.0,0.0,0.015,0.03,0.031,0.365,9890000.0,58384000.0,1.0,193803971.0,193803971.0,,2.621,4093622000.0,0.0,0.0,0.0,21.122,
2,SITC,MRY,2018-12-31,2018-12-31,2018-12-31,2021-08-25,-1381000.0,4206331000.0,5610314500.0,,,0.126,11.209,814534000.0,13650000.0,13650000.0,207992000.0,116105000.0,,1.031,1884405000.0,,,1884405000.0,0.0,242102000.0,0.0,0.105,1.16,255739000.0,497841000.0,0.704,497841000.0,255739000.0,114434000.0,0.43,0.43,0.43,2070074000.0,2373733250.0,2070074000.0,4416089198.0,17.0,8.87,1077952000.0,5.837,1.0,499263000.0,0.706,0.0,141305000.0,6077086000.0,8460599250.0,0.0,553608000.0,,,2133329000.0,,,2044360198.0,-81070000.0,-16399000.0,-32307000.0,-795509000.0,-281332000.0,-1162816000.0,818328000.0,0.0,263418000.0,-4000.0,114434000.0,80903000.0,80903000.0,0.0,1671000.0,0.114,373882000.0,125381000.0,203662000.0,2.698,0.988,25.269,25.744,3455509000.0,33531000.0,11.07,2.891,2.891,67335000.0,-3980151000.0,707255000.0,707255000.0,0.0,0.014,0.034,0.03,0.362,7468000.0,61639000.0,1.0,184675718.0,184675718.0,,3.83,4206331000.0,0.0,0.0,0.0,22.777,
3,SITC,MRY,2017-12-31,2017-12-31,2017-12-31,2021-08-25,-1106000.0,7170073000.0,7793443500.0,,,0.118,15.692,508889000.0,94724000.0,94724000.0,263743000.0,-243132000.0,,1.478,3849312000.0,,,3849312000.0,0.0,346204000.0,0.0,0.085,1.52,-53038000.0,293166000.0,0.318,293166000.0,-53038000.0,-241685000.0,-1.48,-1.48,-1.48,2890932000.0,3109810000.0,2890932000.0,7298880739.0,-138.0,24.897,919296000.0,4.99,1.0,657845000.0,0.714,0.0,188647000.0,10924661000.0,11867888250.0,0.0,383813000.0,,,4272635000.0,,,3301443739.0,55499000.0,-71349000.0,21445000.0,-717177000.0,-305819000.0,-833516000.0,478608000.0,31068000.0,410407000.0,0.0,-241685000.0,-270444000.0,-270444000.0,0.0,-1447000.0,-0.293,769642000.0,-111797000.0,344774000.0,-1.027,1.142,-12.207,-12.108,6294524000.0,28759000.0,17.92,3.582,3.582,128370000.0,-3183134000.0,921588000.0,921588000.0,0.0,-0.035,-0.087,-0.004,-0.058,11493000.0,77028000.0,1.0,184232352.0,184232352.0,,5.002,7170073000.0,0.0,0.0,0.0,38.919,
4,SITC,MRY,2016-12-31,2016-12-31,2016-12-31,2021-08-25,-4192000.0,8197518000.0,8668936750.0,,,0.116,17.678,595138000.0,39225000.0,39225000.0,292134000.0,61199000.0,,1.529,4493968000.0,,,4493968000.0,0.0,389519000.0,0.0,0.05,1.52,277601000.0,667120000.0,0.663,667120000.0,277601000.0,60012000.0,0.2,0.2,0.2,3237515000.0,3335050500.0,3237515000.0,10525916776.0,38.0,15.778,1055801000.0,5.765,1.0,713671000.0,0.71,0.0,217589000.0,12652261000.0,13493151500.0,0.0,454131000.0,,,4951506000.0,,,5592891776.0,6704000.0,-116031000.0,13536000.0,-645538000.0,-293905000.0,-926992000.0,473033000.0,-6074000.0,460663000.0,1000.0,60012000.0,37637000.0,37637000.0,0.0,1187000.0,0.037,561476000.0,152195000.0,382293000.0,7.6,1.728,148.601,152.7,7247882000.0,22375000.0,30.54,5.561,5.561,170870000.0,-2632327000.0,1005805000.0,1005805000.0,0.0,0.004,0.011,0.021,0.276,7765000.0,61051000.0,1.0,183133326.0,183133326.0,,5.492,8197518000.0,0.0,0.0,0.0,44.763,
5,SITC,MRY,2015-12-31,2015-12-31,2015-12-31,2021-08-25,-6283000.0,9097088000.0,9172316000.0,,,0.112,19.083,182504000.0,32520000.0,32520000.0,293693000.0,-70310000.0,,1.63,5139537000.0,,,5139537000.0,0.0,402045000.0,0.0,0.041,1.38,169559000.0,571604000.0,0.556,571604000.0,169559000.0,-72168000.0,-0.54,-0.54,-0.54,3455185000.0,3442825500.0,3455185000.0,11258882259.0,66.0,19.697,615980000.0,3.402,1.0,734378000.0,0.714,0.0,241727000.0,14204105000.0,14340829250.0,0.0,467732000.0,,,5633619000.0,,,6098265259.0,56000.0,-246673000.0,2325000.0,-109368000.0,-265277000.0,-378772000.0,-54648000.0,9521000.0,433476000.0,152000.0,-72168000.0,-94543000.0,-94543000.0,0.0,1858000.0,-0.092,754448000.0,-20070000.0,425478000.0,-2.556,1.765,-64.503,-62.37,8065300000.0,22375000.0,33.68,5.932,5.932,171623000.0,-2391793000.0,1028071000.0,1028071000.0,0.0,-0.01,-0.027,0.012,0.165,7895000.0,73382000.0,1.0,181064883.0,181064883.0,,5.678,9097088000.0,0.0,0.0,0.0,50.242,
6,SITC,MRY,2014-12-31,2014-12-31,2014-12-31,2021-08-25,-7352000.0,9519412000.0,9597777500.0,,,0.103,20.919,-260897000.0,32312000.0,32312000.0,281107000.0,113565000.0,,1.518,5212224000.0,,,5212224000.0,0.0,419079000.0,0.0,0.034,1.24,354402000.0,773481000.0,0.785,773481000.0,354402000.0,117282000.0,0.5,0.5,0.5,3770248000.0,3813079750.0,3770248000.0,11711493749.0,33.0,15.141,159385000.0,0.884,1.0,704568000.0,0.715,0.0,237120000.0,14699324000.0,14663103250.0,0.0,414848000.0,,,5721884000.0,,,6618019749.0,-65157000.0,391951000.0,11141000.0,-344872000.0,-240551000.0,-638635000.0,153196000.0,4652000.0,420282000.0,-570000.0,117282000.0,91285000.0,91285000.0,-89398000.0,-3717000.0,0.093,516484000.0,188084000.0,448192000.0,2.48,1.755,72.498,73.44,8426200000.0,24054000.0,36.72,6.714,6.714,188906000.0,-2047212000.0,985675000.0,985675000.0,0.0,0.01,0.024,0.024,0.36,9962000.0,84484000.0,1.0,180229296.0,180229296.0,,5.469,9519412000.0,0.0,0.0,0.0,52.818,
7,SITC,MRY,2013-12-31,2013-12-31,2013-12-31,2021-08-25,-36493000.0,9693073000.0,8558189250.0,,,0.097,21.738,-210709000.0,120140000.0,120140000.0,239179000.0,-9381000.0,,1.476,5294674000.0,,,5294674000.0,0.0,324129000.0,0.0,0.035,1.08,204195000.0,528324000.0,0.637,528324000.0,204195000.0,-10175000.0,-0.28,-0.28,-0.28,3904661000.0,3470352000.0,3904661000.0,10056431420.0,49.0,19.035,163265000.0,0.909,1.0,590756000.0,0.712,0.0,214370000.0,14867607000.0,13158512000.0,0.0,448008000.0,,,5765194000.0,,,5521578420.0,55434000.0,-673740000.0,783629000.0,-3485000.0,-194497000.0,579319000.0,-897859000.0,-10029000.0,373974000.0,56000.0,-10175000.0,-43142000.0,-43142000.0,31267000.0,794000.0,-0.052,395160000.0,195596000.0,415413000.0,-3.857,1.414,-127.986,-109.786,8401082000.0,27721000.0,30.74,6.653,6.653,207851000.0,-1915638000.0,829935000.0,829935000.0,0.0,-0.005,-0.012,0.016,0.246,8371000.0,79556000.0,1.0,179621940.0,179621940.0,,4.62,9693073000.0,0.0,0.0,0.0,53.964,
8,SITC,MRY,2012-12-31,2012-12-31,2012-12-31,2021-08-25,-27925000.0,8055837000.0,7750291000.0,,,0.091,21.579,-193363000.0,54832000.0,54832000.0,208261000.0,-25329000.0,,1.403,4319143000.0,,,4319143000.0,0.0,251085000.0,0.0,0.031,0.96,171819000.0,422904000.0,0.598,422904000.0,171819000.0,-25822000.0,-0.42,-0.42,-0.42,3342138000.0,3209189000.0,3342138000.0,9111928448.0,53.0,21.546,110833000.0,0.716,1.0,498826000.0,0.705,0.0,197641000.0,12320148000.0,11919416750.0,0.0,613017000.0,,,4689377000.0,,,4850927448.0,-9471000.0,-396132000.0,488288000.0,-72983000.0,-154761000.0,274763000.0,-588430000.0,-9159000.0,304196000.0,-561000.0,-25822000.0,-60271000.0,-60271000.0,59364000.0,493000.0,-0.085,343087000.0,155739000.0,326024000.0,-2.286,1.451,-80.485,-74.571,6968394000.0,28645000.0,31.32,6.86,6.86,194946000.0,-1694822000.0,707087000.0,707087000.0,0.0,-0.008,-0.019,0.014,0.243,7553000.0,76444000.0,1.0,154882741.0,154882741.0,,4.565,8055837000.0,0.0,0.0,0.0,52.012,
9,SITC,MRY,2011-12-31,2011-12-31,2011-12-31,2021-08-25,-1403000.0,7469425000.0,7630250000.0,,,0.094,21.993,220268000.0,72189000.0,72189000.0,214578000.0,-19397000.0,,1.442,4104584000.0,,,4104584000.0,0.0,230332000.0,0.0,0.018,0.44,196985000.0,427317000.0,0.599,427317000.0,196985000.0,-15854000.0,-0.4,-0.56,-0.4,3045684000.0,3135202250.0,3045684000.0,7571742239.0,38.0,17.719,493463000.0,3.563,1.0,499220000.0,0.699,0.0,212839000.0,11501820000.0,11798480750.0,0.0,353907000.0,,,4391533000.0,,,3370708239.0,22037000.0,-47862000.0,183007000.0,-377265000.0,-75720000.0,-451854000.0,200696000.0,23208000.0,273195000.0,-247000.0,-15854000.0,-53843000.0,-53843000.0,20873000.0,-3543000.0,-0.075,353640000.0,145580000.0,257821000.0,-1.1,1.107,-62.603,-60.85,6719063000.0,31587000.0,24.34,4.722,4.722,211368000.0,-1493353000.0,713798000.0,713798000.0,0.0,-0.007,-0.017,0.017,0.276,7439000.0,85221000.0,1.0,138484316.0,138484316.0,,5.154,7469425000.0,0.0,0.0,0.0,53.937,
10,SITC,MRY,2010-12-31,2010-12-31,2010-12-31,2021-08-25,25646000.0,7768090000.0,7996278750.0,,,0.093,24.177,156374000.0,47555000.0,47555000.0,222046000.0,-247721000.0,,1.496,4302000000.0,,,4302000000.0,0.0,227304000.0,0.0,0.006,0.16,285000.0,227589000.0,0.307,227589000.0,285000.0,-209358000.0,-2.06,-2.06,-2.06,3096602000.0,3128420500.0,3096602000.0,7968892575.0,27961.0,35.014,434498000.0,3.392,1.0,519886000.0,0.701,0.0,209643000.0,12022535000.0,12457043000.0,0.0,417223000.0,,,4633403000.0,,,3609308575.0,-7179000.0,-147827000.0,438667000.0,-692225000.0,-61367000.0,-317065000.0,31762000.0,-62958000.0,278124000.0,423000.0,-209358000.0,-251627000.0,-251627000.0,86786000.0,-38363000.0,-0.339,373409000.0,146477000.0,223074000.0,-0.078,1.166,-14.344,-13.68,6959127000.0,42269000.0,28.18,4.865,4.865,243589000.0,-1378341000.0,741932000.0,741932000.0,0.0,-0.031,-0.08,0.0,0.0,6459000.0,85573000.0,1.0,128080503.0,128080503.0,,5.793,7768090000.0,0.0,0.0,0.0,60.65,
11,SITC,MRY,2009-12-31,2009-12-31,2009-12-31,2021-08-25,9549000.0,8426606000.0,8628220000.0,,,0.088,29.125,348176000.0,121845000.0,121845000.0,222526000.0,-403640000.0,,1.912,5178663000.0,,,5178663000.0,0.0,233967000.0,0.0,0.048,0.88,-144976000.0,88991000.0,0.118,88991000.0,-144976000.0,-356593000.0,-5.02,-5.02,-5.02,2862562000.0,2809269000.0,2862562000.0,6856195024.0,-47.0,77.044,577111000.0,5.872,1.0,533460000.0,0.706,0.0,211617000.0,13483424000.0,13908121250.0,0.0,420541000.0,,,5474270000.0,,,1820239024.0,-1529000.0,-211526000.0,314426000.0,-649772000.0,-52289000.0,-381348000.0,150884000.0,-1885000.0,228935000.0,-1793000.0,-356593000.0,-398862000.0,-398862000.0,181911000.0,-47047000.0,-0.528,311332000.0,222128000.0,130404000.0,-0.175,0.636,-4.564,-3.689,7490403000.0,42269000.0,18.52,2.408,2.408,221806000.0,-1098661000.0,755986000.0,755986000.0,0.0,-0.046,-0.142,-0.01,-0.192,20398000.0,94365000.0,1.0,98285044.0,98285044.0,,7.692,8426606000.0,0.0,0.0,0.0,85.736,
12,SITC,MRY,2008-12-31,2008-12-31,2008-12-31,2021-08-25,-49849000.0,9020222000.0,9185493500.0,,,0.09,45.516,133546000.0,141286000.0,141286000.0,227051000.0,-83069000.0,,2.249,5866655000.0,,,5866655000.0,0.0,246374000.0,0.0,0.424,4.14,157233000.0,403607000.0,0.489,403607000.0,157233000.0,-71930000.0,-1.92,-1.92,-1.92,2737291000.0,2865562750.0,2737291000.0,6360274461.0,40.0,15.759,525487000.0,8.738,1.0,598017000.0,0.725,0.0,229163000.0,14745591000.0,14886028500.0,0.0,583767000.0,,,6155428000.0,,,586961461.0,-20335000.0,-513237000.0,42723000.0,340067000.0,-369765000.0,56296000.0,-468572000.0,-36047000.0,391941000.0,282000.0,-71930000.0,-114199000.0,-114199000.0,36882000.0,-11139000.0,-0.138,337863000.0,260154000.0,169014000.0,-2.156,0.214,-5.14,-5.083,7900663000.0,42269000.0,9.76,0.711,0.711,240137000.0,-635239000.0,825068000.0,825068000.0,0.0,-0.012,-0.04,0.011,0.191,27970000.0,97719000.0,1.0,60139494.0,60139494.0,,13.719,9020222000.0,0.0,0.0,0.0,149.988,
13,SITC,MRY,2007-12-31,2007-12-31,2007-12-31,2021-08-25,8965000.0,9089816000.0,9378848250.0,,,0.094,48.817,606546000.0,108505000.0,108505000.0,226846000.0,282726000.0,,2.031,5591014000.0,,,5591014000.0,0.0,224375000.0,0.0,0.069,5.28,522329000.0,746704000.0,0.844,746704000.0,522329000.0,264942000.0,3.52,3.5,3.52,2998825000.0,3258997500.0,2998825000.0,9858751226.0,19.0,13.203,1027291000.0,16.723,1.0,658179000.0,0.744,0.0,257387000.0,14572325000.0,14819624750.0,0.0,638111000.0,,,6090991000.0,,,4704305226.0,21791000.0,-1710889000.0,379701000.0,930435000.0,-356464000.0,763333000.0,-1162287000.0,1014000.0,420745000.0,-622000.0,264942000.0,214008000.0,214008000.0,-15379000.0,8094000.0,0.242,278208000.0,379971000.0,141629000.0,1.5,1.569,21.982,21.756,7960623000.0,50934000.0,76.58,5.315,5.315,217911000.0,-260018000.0,885025000.0,885025000.0,0.0,0.023,0.066,0.035,0.59,5224000.0,81244000.0,1.0,61429946.0,61429946.0,,14.407,9089816000.0,0.0,0.0,0.0,147.97,
14,SITC,MRY,2006-12-31,2006-12-31,2006-12-31,2021-08-25,7829000.0,7179753000.0,7077425000.0,,,0.109,45.845,101578000.0,28378000.0,28378000.0,195520000.0,253264000.0,,1.876,4248812000.0,,,4248812000.0,0.0,193527000.0,0.0,0.037,4.72,461800000.0,655327000.0,0.847,655327000.0,461800000.0,253264000.0,3.64,3.62,3.64,2496183000.0,2541275750.0,2496183000.0,10884956731.0,24.0,16.61,442270000.0,8.123,1.0,577831000.0,0.747,0.0,208536000.0,11400187000.0,11156713500.0,0.0,291685000.0,,,4683570000.0,,,6855103731.0,-2277000.0,-311459000.0,-38753000.0,229311000.0,-307652000.0,-139922000.0,-203047000.0,6834000.0,340692000.0,0.0,253264000.0,198095000.0,198095000.0,-9406000.0,0.0,0.256,238559000.0,339272000.0,134781000.0,1.297,2.746,34.605,34.588,6586193000.0,55169000.0,125.9,8.864,8.864,170322000.0,-159615000.0,773351000.0,773351000.0,0.0,0.028,0.078,0.041,0.597,3446000.0,60679000.0,1.0,54448798.0,54448798.0,,14.203,7179753000.0,0.0,0.0,0.0,131.862,
15,SITC,MRY,2005-12-31,2005-12-31,2005-12-31,2021-08-25,10425000.0,6862977000.0,6730681000.0,,,0.101,47.221,211603000.0,30655000.0,30655000.0,171260000.0,282643000.0,,1.67,3891001000.0,,,3891001000.0,0.0,170701000.0,0.0,0.046,4.32,453230000.0,623931000.0,0.92,623931000.0,453230000.0,282643000.0,4.2,4.16,4.2,2570281000.0,2589550250.0,2570281000.0,8917017357.0,20.0,14.292,567026000.0,10.417,1.0,506849000.0,0.747,0.0,170587000.0,10723323000.0,10458333000.0,0.0,275136000.0,,,4292696000.0,,,5118663357.0,-19216000.0,-543874000.0,12139000.0,248961000.0,-286400000.0,-35196000.0,-339443000.0,-7172000.0,355423000.0,0.0,282643000.0,227474000.0,227474000.0,-15039000.0,0.0,0.335,207929000.0,298920000.0,111186000.0,1.029,1.991,22.502,22.39,6336514000.0,55169000.0,94.04,7.548,7.548,137460000.0,-99756000.0,678109000.0,678109000.0,0.0,0.034,0.088,0.043,0.668,0.0,54048000.0,1.0,54430704.0,54430704.0,,12.458,6862977000.0,0.0,0.0,0.0,126.087,
16,SITC,MRY,2004-12-31,2004-12-31,2004-12-31,2021-08-25,326000.0,5583547000.0,5303347000.0,,,0.106,49.905,15515000.0,49871000.0,49871000.0,136779000.0,269762000.0,,1.186,2718690000.0,,,2718690000.0,0.0,132647000.0,0.0,0.044,3.88,393289000.0,525936000.0,0.935,525936000.0,393289000.0,269762000.0,4.54,4.48,4.54,2554319000.0,2192318500.0,2554319000.0,7798548134.0,20.0,14.828,307741000.0,6.013,1.0,425577000.0,0.757,0.0,123527000.0,8252366000.0,8101932500.0,0.0,288020000.0,,,3029228000.0,,,4541991134.0,38178000.0,-1251684000.0,793919000.0,151522000.0,-226747000.0,880553000.0,-1134601000.0,2228000.0,292226000.0,0.0,269762000.0,219056000.0,219056000.0,-10603000.0,0.0,0.39,171378000.0,254199000.0,103256000.0,0.855,1.778,20.734,19.546,5035193000.0,50706000.0,88.74,8.077,8.077,102666000.0,-92290000.0,562356000.0,562356000.0,0.0,0.041,0.1,0.049,0.699,0.0,47126000.0,1.0,51183132.0,51183132.0,,10.987,5583547000.0,0.0,0.0,0.0,109.09,
17,SITC,MRY,2003-12-31,2003-12-31,2003-12-31,2021-08-25,-541000.0,3941151000.0,3922010000.0,,,0.111,37.368,26092000.0,111033000.0,111033000.0,107061000.0,240261000.0,,1.442,2083131000.0,,,2083131000.0,0.0,95219000.0,0.0,0.05,3.38,272885000.0,368104000.0,0.844,368104000.0,272885000.0,189056000.0,4.62,4.54,4.62,1614070000.0,1577162750.0,1614070000.0,5000323560.0,18.0,13.584,289221000.0,6.696,1.0,329019000.0,0.754,0.0,83829000.0,5913249000.0,6000534000.0,0.0,260143000.0,,,2327081000.0,,,2900021560.0,-4678000.0,48238000.0,20188000.0,-77596000.0,-167980000.0,-251561000.0,-16246000.0,8764000.0,263129000.0,0.0,189056000.0,189056000.0,189056000.0,0.0,51205000.0,0.434,129150000.0,199869000.0,98046000.0,0.732,1.797,15.339,14.532,3426698000.0,0.0,67.14,6.65,6.65,88250000.0,-116737000.0,436080000.0,436080000.0,0.0,0.048,0.12,0.045,0.626,0.0,40820000.0,1.0,43193648.0,43193648.0,,10.096,3941151000.0,0.0,0.0,0.0,91.244,
18,SITC,MRY,2002-12-31,2002-12-31,2002-12-31,2021-08-25,-588000.0,2776852000.0,2685274750.0,,,0.129,29.119,32403000.0,16371000.0,16371000.0,84702000.0,101970000.0,,1.937,1498798000.0,,,1498798000.0,0.0,78368000.0,0.0,0.069,3.04,145122000.0,223490000.0,0.645,223490000.0,145122000.0,69368000.0,2.18,2.14,2.18,945561000.0,959847500.0,945561000.0,2919283343.0,20.0,13.062,243142000.0,7.488,1.0,261999000.0,0.756,0.0,75754000.0,4259279000.0,4051159000.0,0.0,258610000.0,,,1831291000.0,,,1428124343.0,-2698000.0,-290841000.0,51960000.0,170736000.0,-122841000.0,66560000.0,-279997000.0,-21559000.0,210739000.0,0.0,69368000.0,69368000.0,69368000.0,0.0,32602000.0,0.2,106289000.0,155710000.0,68438000.0,1.394,1.51,20.588,20.174,2395264000.0,0.0,43.98,4.119,4.119,71736000.0,-160165000.0,346701000.0,346701000.0,0.0,0.026,0.072,0.036,0.419,0.0,29392000.0,1.0,32472132.0,32472132.0,,10.677,2776852000.0,0.0,0.0,0.0,85.515,
19,SITC,MRY,2001-12-31,2001-12-31,2001-12-31,2021-08-25,-8174000.0,2497207000.0,2466493000.0,,,0.128,30.145,71567000.0,19069000.0,19069000.0,70161000.0,92372000.0,,1.994,1308301000.0,,,1308301000.0,0.0,64493000.0,0.0,0.077,2.96,145468000.0,209961000.0,0.667,209961000.0,145468000.0,65110000.0,2.36,2.34,2.36,834014000.0,790204000.0,834014000.0,2430699429.0,17.0,11.577,245893000.0,8.888,1.0,244820000.0,0.777,0.0,80358000.0,3786439000.0,3791609750.0,0.0,255565000.0,,,1663193000.0,,,1056886429.0,14826000.0,-113860000.0,76117000.0,-66858000.0,-108212000.0,-121518000.0,-37982000.0,4311000.0,174326000.0,0.0,65110000.0,65110000.0,65110000.0,0.0,27262000.0,0.207,90211000.0,154609000.0,55560000.0,1.254,1.267,16.232,16.186,2141956000.0,0.0,38.2,3.355,3.355,56915000.0,-130436000.0,314981000.0,314981000.0,0.0,0.026,0.082,0.038,0.462,0.0,24374000.0,1.0,27667184.0,27667184.0,,11.385,2497207000.0,0.0,0.0,0.0,90.259,
20,SITC,MRY,2000-12-31,2000-12-31,2000-12-31,2021-08-25,0.0,2332021000.0,2323407250.0,,,0.122,28.563,44478000.0,4243000.0,4243000.0,61143000.0,100833000.0,,1.975,1227575000.0,,,1227575000.0,0.0,54201000.0,0.0,0.108,2.88,149659000.0,203860000.0,0.72,203860000.0,149659000.0,73571000.0,2.62,2.62,2.62,783750000.0,798619750.0,783750000.0,2042974416.0,14.0,10.021,190750000.0,6.952,1.0,221852000.0,0.784,0.0,76088000.0,3555353000.0,3572970750.0,0.0,395955000.0,,,1548271000.0,,,730443416.0,-1749000.0,-64760000.0,-61995000.0,45533000.0,-108502000.0,-127442000.0,-20579000.0,-297000.0,146272000.0,0.0,73571000.0,73571000.0,73571000.0,0.0,27262000.0,0.26,73519000.0,148333000.0,53818000.0,1.099,0.932,9.928,10.16,1864563000.0,0.0,26.62,2.581,2.581,49414000.0,-112357000.0,282995000.0,282995000.0,0.0,0.032,0.092,0.042,0.529,0.0,20449000.0,1.0,27439648.0,27439648.0,,10.313,2332021000.0,0.0,0.0,0.0,84.987,
21,SITC,MRY,1999-12-31,1999-12-31,1999-12-31,2021-08-25,0.0,2320860000.0,2252578250.0,,,0.118,28.523,-168578000.0,5992000.0,5992000.0,53514000.0,87397000.0,,1.723,1152051000.0,,,1152051000.0,0.0,50083000.0,0.0,0.109,2.8,128158000.0,178241000.0,0.671,178241000.0,128158000.0,60135000.0,1.98,1.9,1.98,852345000.0,880634500.0,852345000.0,1850187058.0,14.0,10.38,-15648000.0,-0.524,1.0,212037000.0,0.798,0.0,68023000.0,3466919000.0,3395842750.0,0.0,436410000.0,,,1468515000.0,,,769773058.0,3732000.0,-62557000.0,-25451000.0,133437000.0,-111703000.0,60510000.0,-209708000.0,21427000.0,152930000.0,0.0,60135000.0,60135000.0,60135000.0,0.0,27262000.0,0.226,67857000.0,144180000.0,49860000.0,1.414,0.903,12.801,13.01,1818362000.0,0.0,25.76,2.899,2.899,44852000.0,-105757000.0,265551000.0,265551000.0,0.0,0.027,0.068,0.038,0.483,0.0,17774000.0,1.0,29882494.0,29882494.0,,8.887,2320860000.0,0.0,0.0,0.0,77.666,
22,SITC,MRY,1998-12-31,1998-12-31,1998-12-31,2021-08-25,0.0,2126524000.0,1791009250.0,,,0.127,31.515,-562903000.0,2260000.0,2260000.0,46580000.0,77922000.0,,1.356,1082811000.0,,,1082811000.0,0.0,42957000.0,0.0,0.074,2.62,115165000.0,158122000.0,0.693,158122000.0,115165000.0,57969000.0,2.04,1.96,2.04,902785000.0,776501750.0,902785000.0,1990442223.0,17.0,12.588,-422825000.0,-14.76,1.0,181588000.0,0.796,0.0,57196000.0,3207075000.0,2698706250.0,0.0,346967000.0,,,1223739000.0,,,1016955223.0,2242000.0,69542000.0,93815000.0,203015000.0,-75029000.0,400453000.0,-538289000.0,-44928000.0,140078000.0,0.0,57969000.0,57969000.0,57969000.0,0.0,19953000.0,0.254,55875000.0,125713000.0,50380000.0,1.284,1.126,17.543,17.402,1693666000.0,0.0,35.5,4.457,4.457,73030000.0,-80697000.0,228168000.0,228168000.0,0.0,0.032,0.075,0.043,0.505,0.0,12918000.0,1.0,28646626.0,28646626.0,,7.965,2126524000.0,0.0,0.0,0.0,74.233,
23,SITC,MRY,1997-12-31,1997-12-31,1997-12-31,2021-08-25,0.0,1391918000.0,1183522000.0,,,0.143,24.049,-381961000.0,18000.0,18000.0,36145000.0,67522000.0,,1.08,706222000.0,,,706222000.0,0.0,32313000.0,0.0,0.066,2.52,88880000.0,121193000.0,0.716,121193000.0,88880000.0,53322000.0,2.06,2.06,2.06,669050000.0,569193000.0,669050000.0,,,,-287568000.0,-10.337,1.0,133078000.0,0.786,0.0,35558000.0,2098122000.0,1775833500.0,0.0,136267000.0,,,722868000.0,,,1064104137.0,5000.0,-30178000.0,198924000.0,203247000.0,-79655000.0,321832000.0,-416220000.0,-4081000.0,94393000.0,0.0,53322000.0,53322000.0,53322000.0,0.0,14200000.0,0.315,43368000.0,89710000.0,28601000.0,1.223,1.59,19.956,18.568,1154005000.0,0.0,38.25,6.288,6.288,20363000.0,-63517000.0,169223000.0,169223000.0,0.0,0.045,0.094,0.05,0.525,0.0,11055000.0,1.0,27819716.0,27819716.0,,6.083,1391918000.0,0.0,0.0,0.0,50.034,
24,SITC,MRY,1996-12-31,1996-12-31,1996-12-31,2021-08-25,0.0,975126000.0,,,,,,-183945000.0,13000.0,13000.0,26988000.0,49542000.0,,1.078,478432000.0,,,478432000.0,0.0,25062000.0,0.0,0.065,2.4,65230000.0,90292000.0,0.69,90292000.0,65230000.0,35342000.0,1.68,1.68,1.68,469336000.0,,469336000.0,,,,-108125000.0,,1.0,103917000.0,0.794,0.0,29888000.0,1453545000.0,,0.0,106796000.0,,,505790000.0,,,,1000.0,-15725000.0,77423000.0,108218000.0,-65972000.0,123851000.0,-199670000.0,0.0,75820000.0,0.0,35342000.0,35342000.0,35342000.0,0.0,14200000.0,0.27,33197000.0,70720000.0,20921000.0,1.429,,,22.095,849608000.0,0.0,37.12,,,11439000.0,-51384000.0,130905000.0,130905000.0,0.0,,,,0.498,0.0,8135000.0,1.0,,,,,975126000.0,0.0,0.0,0.0,,
25,SITC,MRY,1995-12-31,1995-12-31,1995-12-31,2021-08-25,,,,,,,,-149096000.0,,,21846000.0,25505000.0,,,,,,,,21865000.0,,0.072,2.16,53845000.0,75710000.0,0.702,75710000.0,53845000.0,24250000.0,1.29,1.28,1.29,,,,,,,-100057000.0,,1.0,85959000.0,0.797,,29595000.0,,,,,,,,,,,-907000.0,-73994000.0,76874000.0,-5662000.0,-41751000.0,167252000.0,-217198000.0,0.0,49039000.0,0.0,24250000.0,24250000.0,24250000.0,0.0,1255000.0,0.225,27788000.0,58171000.0,,1.674,,,23.256,,0.0,30.0,,,,,107805000.0,107805000.0,0.0,,,,0.499,0.0,6223000.0,1.0,,,,,,,0.0,,,
0,SITC,MRQ,2021-06-30,2021-06-30,2021-06-30,2021-08-25,0.0,4053458000.0,,,,,9.541,-14536000.0,61151000.0,61151000.0,38957000.0,21987000.0,,1.011,1798422000.0,,,1798422000.0,0.0,47217000.0,0.0,0.019,0.12,41005000.0,88222000.0,0.651,88222000.0,41005000.0,21869000.0,0.07,0.07,0.07,2013458000.0,,2013458000.0,4764891149.0,40.0,15.926,74110000.0,0.351,1.0,96511000.0,0.712,0.0,19136000.0,5790729000.0,,0.0,265167000.0,,,2036427000.0,,,3178129149.0,-132550000.0,-27564000.0,-210000.0,-589000.0,-28262000.0,-179096000.0,-42100000.0,0.0,88646000.0,0.0,21869000.0,13768000.0,13768000.0,0.0,118000.0,0.102,59642000.0,36869000.0,209757000.0,1.714,1.578,155.951,150.6,3544326000.0,2945000.0,15.06,6.525,6.525,61984000.0,-4123347000.0,135468000.0,135468000.0,0.0,,,,,1932000.0,12425000.0,1.0,211031152.0,211031152.0,,0.642,4053458000.0,0.0,0.0,0.0,19.208,
1,SITC,MRQ,2021-03-31,2021-03-31,2021-03-31,2021-08-25,0.0,4175380000.0,,,,,11.212,-6852000.0,193701000.0,193701000.0,39880000.0,16181000.0,,0.924,1780463000.0,,,1780463000.0,0.0,45560000.0,0.0,0.012,0.11,35403000.0,80963000.0,0.632,80963000.0,35403000.0,16008000.0,0.05,0.05,0.05,2168132000.0,,2168132000.0,4481241331.0,48.0,16.781,49258000.0,0.255,1.0,88259000.0,0.689,0.0,19395000.0,5762142000.0,,0.0,266017000.0,,,2003776000.0,,,2622147331.0,119288000.0,17391000.0,221053000.0,-153563000.0,-14844000.0,52639000.0,10539000.0,0.0,56110000.0,-1000.0,16008000.0,10875000.0,10875000.0,0.0,173000.0,0.085,70225000.0,18034000.0,195050000.0,2.2,1.209,-836.411,-678.0,3520950000.0,5133000.0,13.56,5.711,5.711,63760000.0,-4111779000.0,128139000.0,128139000.0,0.0,,,,,7694000.0,17395000.0,1.0,193373697.0,193373697.0,,0.663,4175380000.0,0.0,0.0,0.0,21.592,
2,SITC,MRQ,2020-12-31,2020-12-31,2020-12-31,2021-08-25,-2682000.0,4108284000.0,,,,,10.048,-12503000.0,74414000.0,74414000.0,36081000.0,-1038000.0,,1.114,1933508000.0,,,1933508000.0,0.0,45655000.0,0.0,0.025,0.05,17831000.0,63486000.0,0.538,63486000.0,17831000.0,-1286000.0,-0.03,-0.03,-0.03,1941508000.0,,1941508000.0,3674853184.0,32.0,12.94,51733000.0,0.268,1.0,81817000.0,0.694,0.0,19117000.0,5967378000.0,,0.0,267332000.0,,,2163461000.0,,,1955384184.0,16922000.0,12611000.0,-1470000.0,-40651000.0,-5133000.0,-47422000.0,108000.0,0.0,64236000.0,-21000.0,-1286000.0,-6418000.0,-6418000.0,0.0,248000.0,-0.054,65194000.0,16623000.0,215109000.0,-1.667,1.007,128.728,126.5,3562331000.0,5132000.0,10.12,4.248,4.248,73517000.0,-4099534000.0,117898000.0,117898000.0,0.0,,,,,3130000.0,14339000.0,1.0,193219781.0,193219781.0,,0.61,4108284000.0,0.0,0.0,0.0,21.262,
3,SITC,MRQ,2020-09-30,2020-09-30,2020-09-30,2021-08-25,-3728000.0,3944862000.0,,,,,10.127,-10617000.0,57513000.0,57513000.0,32317000.0,7403000.0,,1.015,1776982000.0,,,1776982000.0,0.0,41148000.0,0.0,0.056,0.0,25376000.0,66524000.0,0.63,66524000.0,25376000.0,7287000.0,0.01,0.01,0.01,1956471000.0,,1956471000.0,3149141244.0,22.0,10.26,43452000.0,0.225,1.0,73237000.0,0.694,0.0,18089000.0,5664331000.0,,0.0,366017000.0,,,1985150000.0,,,1390976244.0,-71184000.0,1068000.0,-6000.0,-110400000.0,-5132000.0,-115704000.0,-9549000.0,0.0,54069000.0,13000.0,7287000.0,2154000.0,2154000.0,0.0,116000.0,0.02,54812000.0,18425000.0,203035000.0,0.0,0.711,44.368,45.0,3354083000.0,5133000.0,7.2,2.971,2.971,79208000.0,-4083405000.0,105554000.0,105554000.0,0.0,,,,,2904000.0,13664000.0,1.0,193191145.0,193191145.0,,0.546,3944862000.0,0.0,0.0,0.0,20.419,
4,SITC,MRQ,2020-06-30,2020-06-30,2020-06-30,2021-08-25,188000.0,4048531000.0,,,,,10.13,-17181000.0,128684000.0,128684000.0,33867000.0,-4403000.0,,1.068,1886849000.0,,,1886849000.0,0.0,40873000.0,0.0,0.074,0.0,15198000.0,56071000.0,0.521,56071000.0,15198000.0,-4613000.0,-0.05,-0.05,-0.05,1956513000.0,,1956513000.0,3296855868.0,21.0,10.115,18834000.0,0.098,1.0,73704000.0,0.685,0.0,19811000.0,5806696000.0,,0.0,363586000.0,,,2088727000.0,,,1564508868.0,-385676000.0,-39000.0,-1000.0,-360394000.0,-44047000.0,-404471000.0,-17220000.0,0.0,36015000.0,-4000.0,-4613000.0,-9746000.0,-9746000.0,0.0,210000.0,-0.091,54375000.0,19329000.0,196745000.0,0.0,0.8,35.201,35.217,3381069000.0,5133000.0,8.1,3.225,3.225,81184000.0,-4085559000.0,107571000.0,107571000.0,0.0,,,,,2748000.0,13502000.0,1.0,193149243.0,193149243.0,,0.557,4048531000.0,0.0,0.0,0.0,20.961,
5,SITC,MRQ,2020-03-31,2020-03-31,2020-03-31,2021-08-25,-104000.0,4445081000.0,,,,,10.135,-21962000.0,514364000.0,514364000.0,36137000.0,34628000.0,,1.261,2246711000.0,,,2246711000.0,0.0,42993000.0,0.0,0.154,0.2,54920000.0,97913000.0,0.757,97913000.0,54920000.0,34333000.0,0.15,0.15,0.15,1964397000.0,,1964397000.0,2838021999.0,16.0,8.148,13888000.0,0.072,1.0,93173000.0,0.721,0.0,20587000.0,6177428000.0,,0.0,369088000.0,,,2477603000.0,,,1009857999.0,495223000.0,143601000.0,-8448000.0,382996000.0,-44036000.0,330234000.0,129139000.0,7500000.0,35850000.0,8000.0,34333000.0,29200000.0,29200000.0,0.0,295000.0,0.226,54369000.0,38804000.0,186845000.0,1.333,0.514,16.008,15.788,3403579000.0,5133000.0,5.21,1.995,1.995,56436000.0,-4075813000.0,129310000.0,129310000.0,0.0,,,,,18000.0,11376000.0,1.0,193830710.0,193830710.0,,0.667,4445081000.0,0.0,0.0,0.0,22.933,
6,SITC,MRQ,2019-12-31,2019-12-31,2019-12-31,2021-08-25,-491000.0,4093622000.0,,,,,10.208,-26759000.0,19133000.0,19133000.0,33079000.0,24292000.0,,1.068,1847297000.0,,,1847297000.0,0.0,41687000.0,0.0,0.057,0.2,44750000.0,86437000.0,0.687,86437000.0,44750000.0,24002000.0,0.05,0.05,0.05,1978414000.0,,1978414000.0,4524391673.0,24.0,12.908,53975000.0,0.279,1.0,92705000.0,0.737,0.0,20748000.0,5921786000.0,,0.0,484600000.0,,,2112144000.0,,,2717131673.0,-6894000.0,-24406000.0,194588000.0,4305000.0,-46159000.0,-47602000.0,-40026000.0,11139000.0,80734000.0,4000.0,24002000.0,9743000.0,9743000.0,0.0,290000.0,0.077,55723000.0,36982000.0,220811000.0,4.0,1.373,44.331,42.485,3420664000.0,7083000.0,14.02,5.349,5.349,60594000.0,-4066099000.0,125784000.0,125784000.0,0.0,,,,,308000.0,14036000.0,1.0,193803971.0,193803971.0,,0.649,4093622000.0,0.0,0.0,0.0,21.122,
7,SITC,MRQ,2019-09-30,2019-09-30,2019-09-30,2021-08-25,-757000.0,4099861000.0,,,,,11.101,107000.0,26023000.0,26023000.0,33459000.0,23901000.0,,1.044,1833283000.0,,,1833283000.0,0.0,40732000.0,0.0,0.053,0.2,44790000.0,85522000.0,0.698,85522000.0,44790000.0,23630000.0,0.08,0.08,0.08,2004426000.0,,2004426000.0,4575999040.0,13.0,8.87,69318000.0,0.384,1.0,89066000.0,0.727,0.0,21160000.0,5907121000.0,,0.0,537547000.0,,,2092356000.0,,,2728289040.0,14859000.0,21092000.0,-23000.0,-30582000.0,-44641000.0,-75551000.0,21199000.0,0.0,69211000.0,-1000.0,23630000.0,15248000.0,15248000.0,0.0,271000.0,0.124,58786000.0,30280000.0,214430000.0,2.5,1.361,12.179,12.488,3354820000.0,8382000.0,15.11,5.259,5.259,60655000.0,-4037373000.0,122525000.0,122525000.0,0.0,,,,,3790000.0,15304000.0,1.0,180561816.0,180561816.0,,0.679,4099861000.0,0.0,0.0,0.0,22.706,
8,SITC,MRQ,2019-06-30,2019-06-30,2019-06-30,2021-08-25,-769000.0,4142742000.0,,,,,11.211,-25088000.0,11165000.0,11165000.0,36541000.0,17537000.0,,1.045,1858875000.0,,,1858875000.0,0.0,40060000.0,0.0,0.06,0.2,38364000.0,78424000.0,0.61,78424000.0,38364000.0,17277000.0,0.05,0.05,0.05,2024137000.0,,2024137000.0,4202921880.0,13.0,8.439,52858000.0,0.293,1.0,92116000.0,0.716,0.0,21087000.0,5990452000.0,,0.0,564640000.0,,,2115491000.0,,,2390430880.0,-510000.0,-42940000.0,-58000.0,34433000.0,-44636000.0,-10428000.0,-68028000.0,0.0,77946000.0,2000.0,17277000.0,8894000.0,8894000.0,0.0,260000.0,0.069,54992000.0,37124000.0,211975000.0,4.0,1.181,12.486,12.731,3380683000.0,8383000.0,13.24,4.424,4.424,63935000.0,-4016360000.0,128657000.0,128657000.0,0.0,,,,,2875000.0,14932000.0,1.0,180546139.0,180546139.0,,0.713,4142742000.0,0.0,0.0,0.0,22.946,
9,SITC,MRQ,2019-03-31,2019-03-31,2019-03-31,2021-08-25,-1077000.0,4116023000.0,,,,,11.36,51885000.0,11673000.0,11673000.0,36584000.0,36095000.0,,1.006,1824164000.0,,,1824164000.0,0.0,42608000.0,0.0,0.072,0.2,57516000.0,100124000.0,0.764,100124000.0,57516000.0,35790000.0,0.15,0.15,0.15,2049945000.0,,2049945000.0,4328459824.0,13.0,8.111,94148000.0,0.522,1.0,94438000.0,0.721,0.0,21726000.0,5928514000.0,,0.0,526792000.0,,,2063057000.0,,,2457704824.0,-1974000.0,24575000.0,-14696000.0,-60526000.0,-45262000.0,-120697000.0,76460000.0,0.0,42263000.0,-3000.0,35790000.0,27407000.0,27407000.0,0.0,305000.0,0.209,57340000.0,37098000.0,194257000.0,1.333,1.199,14.385,14.804,3385422000.0,8383000.0,13.62,3.944,3.944,80626000.0,-3988996000.0,131022000.0,131022000.0,0.0,,,,,2917000.0,14112000.0,1.0,180448225.0,180448225.0,,0.726,4116023000.0,0.0,0.0,0.0,22.81,
10,SITC,MRQ,2018-12-31,2018-12-31,2018-12-31,2021-08-25,-1381000.0,4206331000.0,,,,,11.209,608412000.0,13650000.0,13650000.0,38807000.0,181327000.0,,1.031,1884405000.0,,,1884405000.0,0.0,45587000.0,0.0,0.105,0.2,206237000.0,251824000.0,1.844,251824000.0,206237000.0,180847000.0,0.93,0.93,0.93,2070074000.0,,2070074000.0,4416089198.0,17.0,8.87,674361000.0,3.652,1.0,97769000.0,0.716,0.0,25390000.0,6077086000.0,,0.0,553608000.0,,,2133329000.0,,,2044360198.0,379000.0,-81044000.0,-36619000.0,-510700000.0,-45406000.0,-592938000.0,527368000.0,0.0,65949000.0,-2000.0,180847000.0,172464000.0,172464000.0,0.0,480000.0,1.263,62803000.0,34966000.0,203662000.0,0.215,0.988,25.269,25.744,3455509000.0,8383000.0,11.07,2.891,2.891,67335000.0,-3980151000.0,136576000.0,136576000.0,0.0,,,,,2124000.0,16286000.0,1.0,184675718.0,184675718.0,,0.74,4206331000.0,0.0,0.0,0.0,22.777,
11,SITC,MRQ,2018-09-30,2018-09-30,2018-09-30,2021-08-25,-1093000.0,4620092000.0,,,,,10.668,-27315000.0,13273000.0,13273000.0,39598000.0,-8692000.0,,1.343,2385002000.0,,,2385002000.0,0.0,49629000.0,0.0,0.1,0.2,18031000.0,67660000.0,0.47,67660000.0,18031000.0,-8931000.0,-0.09,-0.09,-0.09,1970007000.0,,1970007000.0,5955515376.0,-47.0,39.855,8399000.0,0.045,1.0,104497000.0,0.725,0.0,26962000.0,6991821000.0,,0.0,514339000.0,,,2645101000.0,,,2472563376.0,-93524000.0,-6788000.0,-100000.0,36704000.0,-78690000.0,-95135000.0,-34103000.0,0.0,35714000.0,0.0,-8931000.0,-17313000.0,-17313000.0,0.0,239000.0,-0.12,84593000.0,19904000.0,214693000.0,-2.222,1.255,-7.776,-7.651,3886781000.0,8382000.0,13.39,3.137,3.137,93923000.0,-4115736000.0,144095000.0,144095000.0,0.0,,,,,622000.0,15231000.0,1.0,184657459.0,184657459.0,,0.78,4620092000.0,0.0,0.0,0.0,25.02,
12,SITC,MRQ,2018-06-30,2018-06-30,2018-06-30,2021-08-25,-1457000.0,6704389000.0,,,,,14.555,132675000.0,106797000.0,106797000.0,64538000.0,-2633000.0,,1.493,3589749000.0,,,3589749000.0,0.0,72462000.0,0.0,0.085,0.38,41584000.0,114046000.0,0.539,114046000.0,41584000.0,-3329000.0,-0.07,-0.07,-0.07,2687435000.0,,2687435000.0,6980738129.0,-71.0,32.581,236669000.0,1.282,1.0,146978000.0,0.695,0.0,44913000.0,10187341000.0,,0.0,321104000.0,,,4012051000.0,,,3305035129.0,40981000.0,18661000.0,-1000.0,-155662000.0,-78687000.0,-234542000.0,171529000.0,0.0,103994000.0,-1000.0,-3329000.0,-11712000.0,-11712000.0,0.0,696000.0,-0.055,108022000.0,38956000.0,343612000.0,-5.429,1.23,-10.728,-10.529,5921767000.0,8383000.0,17.9,3.792,3.792,123451000.0,-3397993000.0,211516000.0,211516000.0,0.0,,,,,2994000.0,17276000.0,1.0,184638834.0,184638834.0,,1.146,6704389000.0,0.0,0.0,0.0,36.311,
13,SITC,MRQ,2018-03-31,2018-03-31,2018-03-31,2021-08-25,-1311000.0,6910446000.0,,,,,14.993,100762000.0,65817000.0,65817000.0,65049000.0,-53897000.0,,1.495,3741520000.0,,,3741520000.0,0.0,74424000.0,0.0,0.104,0.38,-10113000.0,64311000.0,0.299,64311000.0,-10113000.0,-54153000.0,-0.34,-0.34,-0.34,2767417000.0,,2767417000.0,6460452384.0,-106.0,24.016,158523000.0,0.859,1.0,150019000.0,0.698,0.0,44040000.0,10586149000.0,,0.0,333659000.0,,,4138123000.0,,,2705864384.0,-28906000.0,52772000.0,4413000.0,-165851000.0,-78549000.0,-240201000.0,153534000.0,0.0,57761000.0,-1000.0,-54153000.0,-62536000.0,-62536000.0,0.0,256000.0,-0.291,118464000.0,31555000.0,317916000.0,-1.118,0.978,-9.906,-9.773,6110603000.0,8383000.0,14.66,3.019,3.019,120139000.0,-3315974000.0,215068000.0,215068000.0,0.0,,,,,1728000.0,12846000.0,1.0,184574651.0,184574651.0,,1.165,6910446000.0,0.0,0.0,0.0,37.44,
14,SITC,MRQ,2017-12-31,2017-12-31,2017-12-31,2021-08-25,-1106000.0,7170073000.0,,,,,15.692,143927000.0,94724000.0,94724000.0,67985000.0,-220213000.0,,1.478,3849312000.0,,,3849312000.0,0.0,79834000.0,0.0,0.085,0.38,-176422000.0,-96588000.0,-0.444,-96588000.0,-176422000.0,-218038000.0,-1.25,-1.25,-1.25,2890932000.0,,2890932000.0,7298880739.0,-138.0,24.897,252101000.0,1.368,1.0,149571000.0,0.688,0.0,41616000.0,10924661000.0,,0.0,383813000.0,,,4272635000.0,,,3301443739.0,74631000.0,54622000.0,5492000.0,-168944000.0,-78420000.0,-242092000.0,208549000.0,0.0,108174000.0,-1000.0,-218038000.0,-226421000.0,-226421000.0,0.0,-2175000.0,-1.041,369553000.0,-219982000.0,344774000.0,-0.304,1.142,-12.207,-12.108,6294524000.0,8383000.0,17.92,3.582,3.582,128370000.0,-3183134000.0,217556000.0,217556000.0,0.0,,,,,1956000.0,9751000.0,1.0,184232352.0,184232352.0,,1.181,7170073000.0,0.0,0.0,0.0,38.919,
15,SITC,MRQ,2017-09-30,2017-09-30,2017-09-30,2021-08-25,-1471000.0,7640697000.0,,,,,17.292,120919000.0,20094000.0,20094000.0,62544000.0,1231000.0,,1.4,4017531000.0,,,4017531000.0,0.0,85210000.0,0.0,0.083,0.38,47279000.0,132489000.0,0.583,132489000.0,47279000.0,983000.0,-0.04,-0.04,-0.04,3180093000.0,,3180093000.0,7460197667.0,36.0,12.981,213414000.0,1.16,1.0,164880000.0,0.725,0.0,46296000.0,11638134000.0,,0.0,434952000.0,,,4451681000.0,,,3369067667.0,-455439000.0,20948000.0,6069000.0,-618901000.0,-76744000.0,-689801000.0,141867000.0,0.0,92495000.0,-3000.0,983000.0,-7400000.0,-7400000.0,0.0,248000.0,-0.033,115032000.0,49848000.0,355731000.0,-9.5,1.059,-212.211,-261.714,6755026000.0,8383000.0,18.32,3.568,3.568,196152000.0,-2886547000.0,227424000.0,227424000.0,0.0,,,,,1561000.0,13449000.0,1.0,183901074.0,183901074.0,,1.237,7640697000.0,0.0,0.0,0.0,41.548,
16,SITC,MRQ,2017-06-30,2017-06-30,2017-06-30,2021-08-25,-2632000.0,8270038000.0,,,,,17.705,159011000.0,475536000.0,475536000.0,65894000.0,29878000.0,,1.542,4566666000.0,,,4566666000.0,0.0,90276000.0,0.0,0.084,0.38,78519000.0,168795000.0,0.715,168795000.0,78519000.0,29611000.0,0.13,0.13,0.13,3249514000.0,,3249514000.0,7784009442.0,50.0,14.652,276842000.0,1.508,1.0,170293000.0,0.721,0.0,48908000.0,12361168000.0,,0.0,435485000.0,,,5011822000.0,,,3329385442.0,409231000.0,-42285000.0,6384000.0,44102000.0,-75402000.0,143773000.0,147627000.0,30901000.0,117831000.0,3000.0,29611000.0,23212000.0,23212000.0,0.0,267000.0,0.098,141128000.0,29165000.0,368412000.0,2.923,1.025,-44.732,-46.513,6970843000.0,6399000.0,18.14,3.43,3.43,134039000.0,-2809110000.0,236187000.0,236187000.0,0.0,,,,,2733000.0,22756000.0,1.0,183538338.0,183538338.0,,1.287,8270038000.0,0.0,0.0,0.0,45.059,
17,SITC,MRQ,2017-03-31,2017-03-31,2017-03-31,2021-08-25,-3432000.0,8092966000.0,,,,,17.017,85032000.0,66302000.0,66302000.0,67320000.0,-54028000.0,,1.592,4520926000.0,,,4520926000.0,0.0,90884000.0,0.0,0.061,0.38,-2414000.0,88470000.0,0.368,88470000.0,-2414000.0,-54241000.0,-0.32,-0.32,-0.32,3118701000.0,,3118701000.0,9047509849.0,53.0,16.295,176939000.0,0.965,1.0,173101000.0,0.72,0.0,51827000.0,12547590000.0,,0.0,395362000.0,,,4965719000.0,,,4592766849.0,27076000.0,-104634000.0,3500000.0,26566000.0,-75253000.0,-45396000.0,-19435000.0,167000.0,91907000.0,1000.0,-54241000.0,-59835000.0,-59835000.0,0.0,213000.0,-0.249,143929000.0,29172000.0,369391000.0,-1.188,1.473,-73.865,-78.312,7181124000.0,5594000.0,25.06,4.631,4.631,167454000.0,-2761977000.0,240421000.0,240421000.0,0.0,,,,,5243000.0,31072000.0,1.0,183270824.0,183270824.0,,1.312,8092966000.0,0.0,0.0,0.0,44.159,
18,SITC,MRQ,2016-12-31,2016-12-31,2016-12-31,2021-08-25,-4192000.0,8197518000.0,,,,,17.678,433724000.0,39225000.0,39225000.0,79059000.0,34034000.0,,1.529,4493968000.0,,,4493968000.0,0.0,99468000.0,0.0,0.05,0.38,85481000.0,184949000.0,0.77,184949000.0,85481000.0,33741000.0,0.16,0.16,0.16,3237515000.0,,3237515000.0,10525916776.0,38.0,15.778,543365000.0,2.967,1.0,161202000.0,0.671,0.0,51740000.0,12652261000.0,,0.0,454131000.0,,,4951506000.0,,,5592891776.0,5872000.0,9089000.0,5431000.0,-472408000.0,-75143000.0,-542375000.0,438606000.0,-4207000.0,109641000.0,-1000.0,33741000.0,28147000.0,28147000.0,0.0,293000.0,0.117,111388000.0,49814000.0,382293000.0,2.375,1.728,148.601,152.7,7247882000.0,5594000.0,30.54,5.561,5.561,170870000.0,-2632327000.0,240261000.0,240261000.0,0.0,,,,,2321000.0,5891000.0,1.0,183133326.0,183133326.0,,1.312,8197518000.0,0.0,0.0,0.0,44.763,
19,SITC,MRQ,2016-09-30,2016-09-30,2016-09-30,2021-08-25,-4484000.0,8721016000.0,,,,,17.888,9310000.0,33354000.0,33354000.0,68169000.0,-60076000.0,,1.663,4966379000.0,,,4966379000.0,0.0,95451000.0,0.0,0.043,0.38,-6420000.0,89031000.0,0.351,89031000.0,-6420000.0,-60360000.0,-0.36,-0.36,-0.36,3272071000.0,,3272071000.0,11288371282.0,33.0,15.308,129452000.0,0.708,1.0,185631000.0,0.731,0.0,53940000.0,13654041000.0,,0.0,460609000.0,,,5440366000.0,,,6376718282.0,6201000.0,-84338000.0,6320000.0,27661000.0,-75078000.0,-41352000.0,-72589000.0,2439000.0,120142000.0,-1000.0,-60360000.0,-65954000.0,-65954000.0,0.0,284000.0,-0.26,219113000.0,-33482000.0,398829000.0,-1.056,1.949,65.496,64.556,7737164000.0,5594000.0,34.86,6.25,6.25,172072000.0,-2590837000.0,253800000.0,253800000.0,0.0,,,,,1393000.0,18785000.0,1.0,182923646.0,182923646.0,,1.387,8721016000.0,0.0,0.0,0.0,47.676,
20,SITC,MRQ,2016-06-30,2016-06-30,2016-06-30,2021-08-25,-5157000.0,8821586000.0,,,,,18.61,12314000.0,27154000.0,27154000.0,71864000.0,41368000.0,,1.592,4938807000.0,,,4938807000.0,0.0,97698000.0,0.0,0.04,0.38,95070000.0,192768000.0,0.749,192768000.0,95070000.0,41058000.0,0.2,0.2,0.2,3400213000.0,,3400213000.0,11626072993.0,25.0,13.467,161396000.0,0.883,1.0,185457000.0,0.721,0.0,54012000.0,13733239000.0,,0.0,465389000.0,,,5412794000.0,,,6628634993.0,-7082000.0,2048000.0,2017000.0,-92812000.0,-75045000.0,-166094000.0,9930000.0,-4432000.0,149082000.0,1000.0,41058000.0,35464000.0,35464000.0,0.0,310000.0,0.138,116197000.0,69260000.0,398909000.0,1.9,1.949,30.508,30.233,7834877000.0,5594000.0,36.28,6.475,6.475,172172000.0,-2455319000.0,257321000.0,257321000.0,0.0,,,,,2418000.0,18499000.0,1.0,182707690.0,182707690.0,,1.408,8821586000.0,0.0,0.0,0.0,48.283,
21,SITC,MRQ,2016-03-31,2016-03-31,2016-03-31,2021-08-25,-5485000.0,8935627000.0,,,,,18.781,139790000.0,34235000.0,34235000.0,73042000.0,45873000.0,,1.602,5031673000.0,,,5031673000.0,0.0,96902000.0,0.0,0.04,0.38,103470000.0,200372000.0,0.788,200372000.0,103470000.0,45573000.0,0.22,0.22,0.22,3430403000.0,,3430403000.0,11605909884.0,26.0,13.658,221588000.0,1.213,1.0,181381000.0,0.713,0.0,57897000.0,13933065000.0,,0.0,466832000.0,,,5496706000.0,,,6498892884.0,1713000.0,-42830000.0,-232000.0,-107979000.0,-68639000.0,-177171000.0,97086000.0,126000.0,81798000.0,2000.0,45573000.0,39979000.0,39979000.0,0.0,300000.0,0.157,114778000.0,66603000.0,389991000.0,1.727,1.894,33.359,33.566,7913076000.0,5594000.0,35.58,6.349,6.349,168065000.0,-2421296000.0,254423000.0,254423000.0,0.0,,,,,1633000.0,17876000.0,1.0,182655786.0,182655786.0,,1.393,8935627000.0,0.0,0.0,0.0,48.921,
22,SITC,MRQ,2015-12-31,2015-12-31,2015-12-31,2021-08-25,-6283000.0,9097088000.0,,,,,19.083,121337000.0,32520000.0,32520000.0,70164000.0,93734000.0,,1.63,5139537000.0,,,5139537000.0,0.0,102575000.0,0.0,0.041,0.345,152669000.0,255244000.0,1.002,255244000.0,152669000.0,93466000.0,0.48,0.48,0.48,3455185000.0,,3455185000.0,11258882259.0,66.0,19.697,253912000.0,1.402,1.0,184624000.0,0.725,0.0,59203000.0,14204105000.0,,0.0,467732000.0,,,5633619000.0,,,6098265259.0,110000.0,-152665000.0,-486000.0,-63422000.0,-68059000.0,-132354000.0,-111000.0,124000.0,132575000.0,-5000.0,93466000.0,87872000.0,87872000.0,0.0,268000.0,0.345,120495000.0,64129000.0,425478000.0,0.719,1.765,-64.503,-62.37,8065300000.0,5594000.0,33.68,5.932,5.932,171623000.0,-2391793000.0,254788000.0,254788000.0,0.0,,,,,1480000.0,17920000.0,1.0,181064883.0,181064883.0,,1.407,9097088000.0,0.0,0.0,0.0,50.242,
23,SITC,MRQ,2015-09-30,2015-09-30,2015-09-30,2021-08-25,-6662000.0,9155479000.0,,,,,18.943,35640000.0,62960000.0,62960000.0,73348000.0,59823000.0,,1.667,5223577000.0,,,5223577000.0,0.0,97155000.0,0.0,0.044,0.345,117772000.0,214927000.0,0.836,214927000.0,117772000.0,59555000.0,0.3,0.3,0.3,3429796000.0,,3429796000.0,10792920758.0,161.0,22.733,127668000.0,0.705,1.0,183787000.0,0.715,0.0,58217000.0,14316096000.0,,0.0,393520000.0,,,5717143000.0,,,5569441758.0,-4221000.0,5032000.0,-510000.0,-36499000.0,-67885000.0,-105368000.0,9119000.0,122000.0,92028000.0,-7000.0,59555000.0,53962000.0,53962000.0,0.0,268000.0,0.21,114751000.0,69036000.0,425507000.0,1.15,1.624,-28.028,-27.964,8116740000.0,5593000.0,30.76,5.407,5.407,178639000.0,-2416655000.0,257135000.0,257135000.0,0.0,,,,,1522000.0,17596000.0,1.0,181061176.0,181061176.0,,1.42,9155479000.0,0.0,0.0,0.0,50.566,
24,SITC,MRQ,2015-06-30,2015-06-30,2015-06-30,2021-08-25,-6137000.0,9225587000.0,,,,,18.947,84808000.0,36685000.0,36685000.0,73826000.0,19047000.0,,1.689,5260164000.0,,,5260164000.0,0.0,99300000.0,0.0,0.042,0.345,79885000.0,179185000.0,0.696,179185000.0,79885000.0,18598000.0,0.06,0.06,0.06,3420288000.0,,3420288000.0,10764689284.0,144.0,22.104,230980000.0,1.28,1.0,183497000.0,0.713,0.0,61287000.0,14449066000.0,,0.0,399218000.0,,,5778118000.0,,,5581749284.0,-30731000.0,-205445000.0,587000.0,12151000.0,-67865000.0,-55648000.0,-121255000.0,120000.0,146172000.0,6000.0,18598000.0,13004000.0,13004000.0,0.0,449000.0,0.051,118571000.0,64926000.0,450070000.0,5.75,1.632,-29.43,-29.17,8181614000.0,5594000.0,30.92,5.482,5.482,175813000.0,-2408151000.0,257323000.0,257323000.0,0.0,,,,,2716000.0,19271000.0,1.0,180522292.0,180522292.0,,1.425,9225587000.0,0.0,0.0,0.0,51.105,
25,SITC,MRQ,2015-03-31,2015-03-31,2015-03-31,2021-08-25,-6689000.0,9211110000.0,,,,,19.21,-59281000.0,64145000.0,64145000.0,76355000.0,-242914000.0,,1.65,5247085000.0,,,5247085000.0,0.0,103015000.0,0.0,0.034,0.345,-180767000.0,-77752000.0,-0.3,-77752000.0,-180767000.0,-243787000.0,-1.38,-1.38,-1.38,3466033000.0,,3466033000.0,11921383550.0,91.0,21.94,3420000.0,0.019,1.0,182470000.0,0.705,0.0,63020000.0,14394050000.0,,0.0,410340000.0,,,5717928000.0,,,6718988550.0,34898000.0,106405000.0,2734000.0,-21598000.0,-61468000.0,-85402000.0,57599000.0,9155000.0,62701000.0,158000.0,-243787000.0,-249381000.0,-249381000.0,0.0,873000.0,-0.964,400631000.0,-218161000.0,402978000.0,-0.25,1.939,-49.826,-50.324,8104131000.0,5594000.0,37.24,6.699,6.699,180647000.0,-2358864000.0,258825000.0,258825000.0,0.0,,,,,2177000.0,18595000.0,1.0,180423968.0,180423968.0,,1.435,9211110000.0,0.0,0.0,0.0,51.053,
26,SITC,MRQ,2014-12-31,2014-12-31,2014-12-31,2021-08-25,-7352000.0,9519412000.0,,,,,20.919,-76898000.0,32312000.0,32312000.0,70084000.0,-11433000.0,,1.518,5212224000.0,,,5212224000.0,0.0,108095000.0,0.0,0.034,0.31,50313000.0,158408000.0,0.617,158408000.0,50313000.0,-10701000.0,-0.08,-0.08,-0.08,3770248000.0,,3770248000.0,11711493749.0,33.0,15.141,27959000.0,0.155,1.0,186684000.0,0.727,0.0,61014000.0,14699324000.0,,0.0,414848000.0,,,5721884000.0,,,6618019749.0,-113308000.0,-82139000.0,3604000.0,2228000.0,-61322000.0,-60954000.0,-157211000.0,2571000.0,104857000.0,-75000.0,-10701000.0,-16294000.0,-16294000.0,-21472000.0,-732000.0,-0.063,143395000.0,43289000.0,448192000.0,-3.875,1.755,72.498,73.44,8426200000.0,5593000.0,36.72,6.714,6.714,188906000.0,-2047212000.0,256768000.0,256768000.0,0.0,,,,,3256000.0,25606000.0,1.0,180229296.0,180229296.0,,1.425,9519412000.0,0.0,0.0,0.0,52.818,
27,SITC,MRQ,2014-09-30,2014-09-30,2014-09-30,2021-08-25,-8445000.0,9625691000.0,,,,,21.335,-75191000.0,142570000.0,142570000.0,71385000.0,66481000.0,,1.501,5236044000.0,,,5236044000.0,0.0,101783000.0,0.0,0.036,0.31,125380000.0,227163000.0,0.926,227163000.0,125380000.0,68606000.0,0.34,0.34,0.34,3835345000.0,,3835345000.0,10952927065.0,31.0,14.048,39184000.0,0.218,1.0,173970000.0,0.709,0.0,56774000.0,14719165000.0,,0.0,161737000.0,,,5757154000.0,,,6014954065.0,-224527000.0,103720000.0,10047000.0,-332868000.0,-61302000.0,-387401000.0,48499000.0,605000.0,114375000.0,-493000.0,68606000.0,63012000.0,63012000.0,-57569000.0,-2125000.0,0.257,118258000.0,55712000.0,459787000.0,0.912,1.568,55.601,57.69,8603545000.0,5594000.0,33.46,6.547,6.547,57645000.0,-1975043000.0,245355000.0,245355000.0,0.0,,,,,1919000.0,19540000.0,1.0,179765513.0,179765513.0,,1.365,9625691000.0,0.0,0.0,0.0,53.546,
28,SITC,MRQ,2014-06-30,2014-06-30,2014-06-30,2021-08-25,-11943000.0,9681821000.0,,,,,21.226,-62760000.0,390965000.0,390965000.0,69075000.0,76895000.0,,1.53,5328938000.0,,,5328938000.0,0.0,99904000.0,0.0,0.033,0.31,135651000.0,235555000.0,0.973,235555000.0,135651000.0,76017000.0,0.38,0.38,0.38,3813535000.0,,3813535000.0,11384930807.0,40.0,16.707,46399000.0,0.258,1.0,172965000.0,0.715,0.0,59634000.0,14619794000.0,,0.0,199380000.0,,,5833007000.0,,,6334986807.0,195509000.0,235163000.0,85000.0,34321000.0,-62820000.0,-83703000.0,170053000.0,484000.0,109159000.0,-4000.0,76017000.0,67815000.0,67815000.0,-7345000.0,878000.0,0.28,128630000.0,44335000.0,442767000.0,0.816,1.661,165.898,176.3,8433330000.0,6259000.0,35.26,7.2,7.2,58863000.0,-1982326000.0,242040000.0,242040000.0,0.0,,,,,2899000.0,19085000.0,1.0,179664969.0,179664969.0,,1.347,9681821000.0,0.0,0.0,0.0,53.888,
29,SITC,MRQ,2014-03-31,2014-03-31,2014-03-31,2021-08-25,-31036000.0,9564186000.0,,,,,21.346,-46048000.0,193972000.0,193972000.0,70563000.0,-18378000.0,,1.491,5243916000.0,,,5243916000.0,0.0,109297000.0,0.0,0.034,0.31,43058000.0,152355000.0,0.631,152355000.0,43058000.0,-16640000.0,-0.14,-0.14,-0.14,3833191000.0,,3833191000.0,11093203735.0,61.0,18.016,45843000.0,0.255,1.0,170949000.0,0.708,0.0,59698000.0,14614130000.0,,0.0,441265000.0,,,5714245000.0,,,5918669735.0,77169000.0,135207000.0,-2595000.0,-48553000.0,-55107000.0,-106577000.0,91855000.0,992000.0,91891000.0,2000.0,-16640000.0,-23248000.0,-23248000.0,-3012000.0,-1738000.0,-0.096,126201000.0,44748000.0,408017000.0,-2.214,1.544,-90.137,-82.4,8242712000.0,6608000.0,32.96,7.0,7.0,78945000.0,-1994590000.0,241512000.0,241512000.0,0.0,,,,,1888000.0,20253000.0,1.0,179571290.0,179571290.0,,1.345,9564186000.0,0.0,0.0,0.0,53.261,
30,SITC,MRQ,2013-12-31,2013-12-31,2013-12-31,2021-08-25,-36493000.0,9693073000.0,,,,,21.738,-51800000.0,120140000.0,120140000.0,54827000.0,7448000.0,,1.476,5294674000.0,,,5294674000.0,0.0,109988000.0,0.0,0.035,0.27,54590000.0,164578000.0,0.867,164578000.0,54590000.0,7210000.0,0.0,0.0,0.0,3904661000.0,,3904661000.0,10056431420.0,49.0,19.035,45496000.0,0.253,1.0,135067000.0,0.711,0.0,47380000.0,14867607000.0,,0.0,448008000.0,,,5765194000.0,,,5521578420.0,51324000.0,-449765000.0,629641000.0,-123022000.0,-49826000.0,456378000.0,-502350000.0,70000.0,97296000.0,-11000.0,7210000.0,602000.0,602000.0,28644000.0,238000.0,0.003,70703000.0,64364000.0,415413000.0,,1.414,-127.986,-109.786,8401082000.0,6608000.0,30.74,6.653,6.653,207851000.0,-1915638000.0,189894000.0,189894000.0,0.0,,,,,1847000.0,20433000.0,1.0,179621940.0,179621940.0,,1.057,9693073000.0,0.0,0.0,0.0,53.964,
31,SITC,MRQ,2013-09-30,2013-09-30,2013-09-30,2021-08-25,-29866000.0,8345143000.0,,,,,20.796,-52175000.0,61204000.0,61204000.0,59801000.0,-205000.0,,1.5,4596057000.0,,,4596057000.0,0.0,74595000.0,0.0,0.033,0.27,54365000.0,128960000.0,0.625,128960000.0,54365000.0,-375000.0,-0.04,-0.04,-0.04,3328553000.0,,3328553000.0,9408294441.0,52.0,14.585,60985000.0,0.381,1.0,146599000.0,0.71,0.0,54740000.0,12879996000.0,,0.0,631983000.0,,,4992816000.0,,,5029112441.0,-6488000.0,-81152000.0,72300000.0,927000.0,-49971000.0,23115000.0,-142763000.0,-8117000.0,113160000.0,121000.0,-375000.0,-6983000.0,-6983000.0,3258000.0,170000.0,-0.034,98521000.0,48078000.0,346933000.0,-6.75,1.511,-99.043,-104.733,7139441000.0,6608000.0,31.42,6.702,6.702,77857000.0,-1867741000.0,206400000.0,206400000.0,0.0,,,,,1870000.0,19246000.0,1.0,160060867.0,160060867.0,,1.29,8345143000.0,0.0,0.0,0.0,52.137,
32,SITC,MRQ,2013-06-30,2013-06-30,2013-06-30,2021-08-25,-30367000.0,8132719000.0,,,,,20.655,-89953000.0,65242000.0,65242000.0,59129000.0,-23118000.0,,1.454,4444424000.0,,,4444424000.0,0.0,139546000.0,0.0,0.031,0.27,30313000.0,169859000.0,0.818,169859000.0,30313000.0,-23313000.0,-0.22,-0.22,-0.22,3304687000.0,,3304687000.0,9640606899.0,47.0,16.206,20269000.0,0.127,1.0,148571000.0,0.715,0.0,53626000.0,12511901000.0,,0.0,597182000.0,,,4804443000.0,,,5327884899.0,22873000.0,-62386000.0,44558000.0,89099000.0,-50490000.0,77572000.0,-164921000.0,-13435000.0,110222000.0,-27000.0,-23313000.0,-36034000.0,-36034000.0,21596000.0,195000.0,-0.173,100806000.0,47765000.0,310048000.0,-1.227,1.612,-174.45,-208.125,7003912000.0,7475000.0,33.3,7.261,7.261,71076000.0,-1817540000.0,207700000.0,207700000.0,0.0,,,,,4654000.0,20117000.0,1.0,159996544.0,159996544.0,,1.298,8132719000.0,0.0,0.0,0.0,50.831,
33,SITC,MRQ,2013-03-31,2013-03-31,2013-03-31,2021-08-25,-24136000.0,8061822000.0,,,,,21.228,-16781000.0,41370000.0,41370000.0,58061000.0,6494000.0,,1.404,4354092000.0,,,4354092000.0,0.0,0.0,0.0,0.028,0.27,58747000.0,58747000.0,0.293,58747000.0,58747000.0,6303000.0,0.0,0.0,0.0,3343507000.0,,3343507000.0,9751680575.0,51.0,22.103,36515000.0,0.232,1.0,142246000.0,0.71,0.0,52444000.0,12374544000.0,,0.0,617010000.0,,,4694235000.0,,,5487369575.0,-12275000.0,-80437000.0,37130000.0,29511000.0,-44210000.0,22254000.0,-87825000.0,11453000.0,53296000.0,-27000.0,6303000.0,-727000.0,-727000.0,5151000.0,191000.0,-0.004,85671000.0,56575000.0,290330000.0,,1.641,-140.796,-134.0,6992664000.0,7030000.0,34.84,7.655,7.655,57558000.0,-1738333000.0,200307000.0,200307000.0,0.0,,,,,0.0,19760000.0,1.0,157501997.0,157501997.0,,1.272,8061822000.0,0.0,0.0,0.0,51.186,
34,SITC,MRQ,2012-12-31,2012-12-31,2012-12-31,2021-08-25,-27925000.0,8055837000.0,,,,,21.579,-151751000.0,54832000.0,54832000.0,41720000.0,65000.0,,1.403,4319143000.0,,,4319143000.0,0.0,251085000.0,0.0,0.031,0.24,36434000.0,287519000.0,2.114,287519000.0,36434000.0,-4000.0,-0.04,-0.04,-0.04,3342138000.0,,3342138000.0,9111928448.0,53.0,21.546,-44980000.0,-0.29,1.0,94313000.0,0.693,0.0,36438000.0,12320148000.0,,0.0,613017000.0,,,4689377000.0,,,4850927448.0,10947000.0,34621000.0,72523000.0,-1869000.0,-43238000.0,27305000.0,-123129000.0,-9542000.0,106771000.0,0.0,-4000.0,-7033000.0,-7033000.0,5693000.0,69000.0,-0.052,63169000.0,31144000.0,326024000.0,-6.0,1.451,-80.485,-74.571,6968394000.0,7029000.0,31.32,6.86,6.86,194946000.0,-1694822000.0,136033000.0,136033000.0,0.0,,,,,7553000.0,19753000.0,1.0,154882741.0,154882741.0,,0.878,8055837000.0,0.0,0.0,0.0,52.012,
35,SITC,MRQ,2012-09-30,2012-09-30,2012-09-30,2021-08-25,-28343000.0,7949608000.0,,,,,21.776,-133086000.0,46687000.0,46687000.0,53812000.0,26867000.0,,1.393,4307688000.0,,,4307688000.0,0.0,0.0,0.0,0.029,0.24,78736000.0,78736000.0,0.415,78736000.0,78736000.0,26739000.0,0.1,0.1,0.1,3311442000.0,,3311442000.0,8724993876.0,47.0,21.059,-39242000.0,-0.258,1.0,135964000.0,0.716,0.0,51997000.0,12210609000.0,,0.0,586027000.0,,,4613652000.0,,,4671504876.0,1726000.0,-91564000.0,116922000.0,33737000.0,-42126000.0,131097000.0,-223215000.0,-346000.0,93844000.0,-4000.0,26739000.0,13253000.0,13253000.0,3838000.0,128000.0,0.07,77107000.0,58857000.0,262726000.0,2.4,1.411,-84.936,-73.143,6961667000.0,7682000.0,30.72,6.501,6.501,63113000.0,-1650608000.0,189776000.0,189776000.0,0.0,,,,,0.0,18548000.0,1.0,152067216.0,152067216.0,,1.248,7949608000.0,0.0,0.0,0.0,52.277,
36,SITC,MRQ,2012-06-30,2012-06-30,2012-06-30,2021-08-25,-30875000.0,7583948000.0,,,,,22.576,74360000.0,42296000.0,42296000.0,55034000.0,-37380000.0,,1.369,4095785000.0,,,4095785000.0,0.0,0.0,0.0,0.026,0.24,16185000.0,16185000.0,0.085,16185000.0,16185000.0,-37500000.0,-0.32,-0.32,-0.32,3186129000.0,,3186129000.0,8230026757.0,70.0,23.616,144083000.0,1.021,1.0,135660000.0,0.711,0.0,53685000.0,11637437000.0,,0.0,562413000.0,,,4362820000.0,,,4132324757.0,2524000.0,-254469000.0,300391000.0,-148171000.0,-40269000.0,110177000.0,-177376000.0,804000.0,69723000.0,-107000.0,-37500000.0,-44467000.0,-44467000.0,34103000.0,120000.0,-0.233,123479000.0,12181000.0,226183000.0,-0.75,1.297,-34.958,-33.273,6678727000.0,6967000.0,29.28,5.772,5.772,62498000.0,-1627030000.0,190694000.0,190694000.0,0.0,,,,,0.0,19131000.0,1.0,141131310.0,141131310.0,,1.351,7583948000.0,0.0,0.0,0.0,53.737,
37,SITC,MRQ,2012-03-31,2012-03-31,2012-03-31,2021-08-25,3720000.0,7411771000.0,,,,,21.62,17114000.0,39215000.0,39215000.0,57695000.0,-14881000.0,,1.464,4136917000.0,,,4136917000.0,0.0,0.0,0.0,0.021,0.24,40464000.0,40464000.0,0.212,40464000.0,40464000.0,-15057000.0,-0.16,-0.16,-0.16,2997047000.0,,2997047000.0,8080255454.0,56.0,21.538,50972000.0,0.368,1.0,132889000.0,0.697,0.0,55521000.0,11509473000.0,,0.0,363706000.0,,,4388494000.0,,,4047860454.0,-24668000.0,-84720000.0,-1548000.0,43320000.0,-29128000.0,6184000.0,-64710000.0,-75000.0,33858000.0,-450000.0,-15057000.0,-22024000.0,-22024000.0,15730000.0,176000.0,-0.116,79332000.0,53557000.0,211308000.0,-1.5,1.351,-40.232,-38.421,6693849000.0,6967000.0,29.2,5.684,5.684,95104000.0,-1548678000.0,190584000.0,190584000.0,0.0,,,,,0.0,19012000.0,1.0,138625358.0,138625358.0,,1.375,7411771000.0,0.0,0.0,0.0,53.466,
38,SITC,MRQ,2011-12-31,2011-12-31,2011-12-31,2021-08-25,-1403000.0,7469425000.0,,,,,21.993,93627000.0,72189000.0,72189000.0,37783000.0,5175000.0,,1.442,4104584000.0,,,4104584000.0,0.0,230332000.0,0.0,0.018,0.16,48587000.0,278919000.0,1.891,278919000.0,48587000.0,5206000.0,-0.04,-0.02,-0.04,3045684000.0,,3045684000.0,7571742239.0,38.0,17.719,154003000.0,1.112,1.0,109727000.0,0.744,0.0,43381000.0,11501820000.0,,0.0,353907000.0,,,4391533000.0,,,3370708239.0,20547000.0,53107000.0,-547000.0,-185167000.0,-23584000.0,-209778000.0,169949000.0,19201000.0,60376000.0,-22000.0,5206000.0,-1762000.0,-1762000.0,-17153000.0,-31000.0,-0.012,77973000.0,31754000.0,257821000.0,-4.0,1.107,-62.603,-60.85,6719063000.0,6968000.0,24.34,4.722,4.722,211368000.0,-1493353000.0,147510000.0,147510000.0,0.0,,,,,7439000.0,19910000.0,1.0,138484316.0,138484316.0,,1.065,7469425000.0,0.0,0.0,0.0,53.937,
39,SITC,MRQ,2011-09-30,2011-09-30,2011-09-30,2021-08-25,1885000.0,7603181000.0,,,,,22.224,55758000.0,24687000.0,24687000.0,57090000.0,-46682000.0,,1.465,4225721000.0,,,4225721000.0,0.0,0.0,0.0,0.015,0.12,12932000.0,12932000.0,0.069,12932000.0,12932000.0,-42989000.0,-0.36,-0.36,-0.36,3071347000.0,,3071347000.0,7207450449.0,66.0,21.368,134295000.0,0.972,1.0,130001000.0,0.695,0.0,55921000.0,11804215000.0,,0.0,376613000.0,,,4498863000.0,,,3012792449.0,5655000.0,-68010000.0,-5279000.0,-28305000.0,-18034000.0,-51932000.0,-20950000.0,-9927000.0,78537000.0,-399000.0,-42989000.0,-49956000.0,-49956000.0,9766000.0,-3693000.0,-0.267,117633000.0,12368000.0,147810000.0,-0.333,0.981,-20.513,-19.464,6832912000.0,6967000.0,21.8,4.196,4.196,112458000.0,-1469432000.0,187091000.0,187091000.0,0.0,,,,,0.0,17954000.0,1.0,138201488.0,138201488.0,,1.354,7603181000.0,0.0,0.0,0.0,55.015,
40,SITC,MRQ,2011-06-30,2011-06-30,2011-06-30,2021-08-25,34410000.0,7666864000.0,,,,,22.956,59224000.0,19493000.0,19493000.0,59005000.0,-13269000.0,,1.403,4214151000.0,,,4214151000.0,0.0,0.0,0.0,0.009,0.08,42856000.0,42856000.0,0.229,42856000.0,42856000.0,-13383000.0,-0.2,-0.2,-0.2,3175115000.0,,3175115000.0,8145224516.0,60.0,22.496,135874000.0,0.982,1.0,127921000.0,0.684,0.0,56239000.0,11861522000.0,,0.0,415584000.0,,,4453214000.0,,,3900388516.0,-5693000.0,-15309000.0,130586000.0,-68900000.0,-18410000.0,-137526000.0,55183000.0,14307000.0,76650000.0,93000.0,-13383000.0,-26870000.0,-26870000.0,27175000.0,114000.0,-0.144,71678000.0,56243000.0,137532000.0,-0.4,1.228,-32.024,-29.375,6880181000.0,7085000.0,28.2,5.387,5.387,102196000.0,-1402858000.0,186926000.0,186926000.0,0.0,,,,,0.0,17979000.0,1.0,138311650.0,138311650.0,,1.351,7666864000.0,0.0,0.0,0.0,55.432,
41,SITC,MRQ,2011-03-31,2011-03-31,2011-03-31,2021-08-25,27707000.0,7781530000.0,,,,,25.294,11659000.0,25173000.0,25173000.0,60700000.0,35379000.0,,1.383,4270009000.0,,,4270009000.0,0.0,0.0,0.0,0.007,0.08,92610000.0,92610000.0,0.482,92610000.0,92610000.0,35312000.0,0.2,0.02,0.2,3248663000.0,,3248663000.0,7874467016.0,129.0,27.309,69291000.0,0.54,1.0,131571000.0,0.684,0.0,57298000.0,12026366000.0,,0.0,402875000.0,,,4493881000.0,,,3596168016.0,1528000.0,-17650000.0,58247000.0,-94893000.0,-15692000.0,-52618000.0,-3486000.0,-373000.0,57632000.0,81000.0,35312000.0,24745000.0,24745000.0,1085000.0,67000.0,0.129,86356000.0,45215000.0,119775000.0,0.4,1.107,-18.723,-17.949,6994378000.0,10567000.0,28.0,4.912,4.912,121335000.0,-1365039000.0,192271000.0,192271000.0,0.0,,,,,0.0,29378000.0,1.0,128434572.0,128434572.0,,1.497,7781530000.0,0.0,0.0,0.0,60.588,
42,SITC,MRQ,2010-12-31,2010-12-31,2010-12-31,2021-08-25,25646000.0,7768090000.0,,,,,24.177,35703000.0,47555000.0,47555000.0,38987000.0,-84211000.0,,1.496,4302000000.0,,,4302000000.0,0.0,227304000.0,0.0,0.006,0.04,-38394000.0,188910000.0,1.244,188910000.0,-38394000.0,-84226000.0,-0.76,-0.76,-0.76,3096602000.0,,3096602000.0,7968892575.0,27961.0,35.014,102789000.0,0.803,1.0,112822000.0,0.743,0.0,45832000.0,12022535000.0,,0.0,417223000.0,,,4633403000.0,,,3609308575.0,-2411000.0,-23241000.0,-1175000.0,-74883000.0,-15645000.0,-91947000.0,22450000.0,-110000.0,67086000.0,492000.0,-84226000.0,-94794000.0,-94794000.0,10104000.0,15000.0,-0.624,73716000.0,39106000.0,223074000.0,-0.053,1.166,-14.344,-13.68,6959127000.0,10568000.0,28.18,4.865,4.865,243589000.0,-1378341000.0,151809000.0,151809000.0,0.0,,,,,6459000.0,23027000.0,1.0,128080503.0,128080503.0,,1.185,7768090000.0,0.0,0.0,0.0,60.65,
43,SITC,MRQ,2010-09-30,2010-09-30,2010-09-30,2021-08-25,14283000.0,7877079000.0,,,,,25.035,54989000.0,35718000.0,35718000.0,61220000.0,-15760000.0,,1.504,4395302000.0,,,4395302000.0,0.0,0.0,0.0,0.007,0.04,37704000.0,37704000.0,0.195,37704000.0,37704000.0,-14310000.0,-0.2,-0.2,-0.2,3130866000.0,,3130866000.0,7388032875.0,2977.0,31.246,138046000.0,1.104,1.0,131772000.0,0.683,0.0,52014000.0,12236663000.0,,0.0,417750000.0,,,4707270000.0,,,2806375875.0,404000.0,-48505000.0,56997000.0,-87936000.0,-15569000.0,-46715000.0,-35938000.0,-58298000.0,83057000.0,11000.0,-14310000.0,-24877000.0,-24877000.0,3307000.0,-1450000.0,-0.129,73232000.0,58540000.0,154839000.0,-0.2,0.896,-11.364,-9.273,7013539000.0,10567000.0,22.44,3.766,3.766,119585000.0,-1278423000.0,192992000.0,192992000.0,0.0,,,,,0.0,20180000.0,1.0,125061314.0,125061314.0,,1.543,7877079000.0,0.0,0.0,0.0,62.986,
44,SITC,MRQ,2010-06-30,2010-06-30,2010-06-30,2021-08-25,5184000.0,8051943000.0,,,,,24.747,36253000.0,56394000.0,56394000.0,60054000.0,-121165000.0,,1.591,4638051000.0,,,4638051000.0,0.0,0.0,0.0,0.008,0.04,-30874000.0,-30874000.0,-0.158,-30874000.0,-30874000.0,-86575000.0,-0.8,-0.8,-0.8,3093942000.0,,3093942000.0,7122815609.0,-59.0,62.682,119930000.0,0.959,1.0,134946000.0,0.692,0.0,55701000.0,12633600000.0,,0.0,415829000.0,,,4922976000.0,,,2475444609.0,-4744000.0,-45800000.0,343000.0,-83642000.0,-15568000.0,-98984000.0,10563000.0,-2198000.0,83677000.0,-84000.0,-86575000.0,-97142000.0,-97142000.0,67342000.0,-34590000.0,-0.498,147192000.0,-12246000.0,134332000.0,-0.05,0.8,-6.681,-4.925,7230638000.0,10567000.0,19.8,3.31,3.31,60547000.0,-1248469000.0,195000000.0,195000000.0,0.0,,,,,0.0,19091000.0,1.0,125022455.0,125022455.0,,1.56,8051943000.0,0.0,0.0,0.0,64.404,
45,SITC,MRQ,2010-03-31,2010-03-31,2010-03-31,2021-08-25,2493000.0,8288003000.0,,,,,25.574,29429000.0,83530000.0,83530000.0,61785000.0,-26585000.0,,1.574,4730901000.0,,,4730901000.0,0.0,0.0,0.0,0.021,0.04,31849000.0,31849000.0,0.158,31849000.0,31849000.0,-24247000.0,-0.3,-0.3,-0.3,3192272000.0,,3192272000.0,8095099866.0,-31.0,-332.981,73733000.0,0.591,1.0,140346000.0,0.694,0.0,56096000.0,12935374000.0,,0.0,409639000.0,,,5023095000.0,,,3038281866.0,-428000.0,-30281000.0,382502000.0,-445764000.0,-14585000.0,-79419000.0,34687000.0,-2352000.0,44304000.0,4000.0,-24247000.0,-34814000.0,-34814000.0,6033000.0,-2338000.0,-0.172,79269000.0,61077000.0,110895000.0,-0.133,0.952,-5.951,-3.745,7426829000.0,10567000.0,24.34,4.049,4.049,59234000.0,-1146324000.0,202131000.0,202131000.0,0.0,,,,,0.0,23275000.0,1.0,124826700.0,124826700.0,,1.619,8288003000.0,0.0,0.0,0.0,66.396,
46,SITC,MRQ,2009-12-31,2009-12-31,2009-12-31,2021-08-25,9549000.0,8426606000.0,,,,,29.125,43686000.0,121845000.0,121845000.0,40593000.0,-86762000.0,,1.912,5178663000.0,,,5178663000.0,0.0,233967000.0,0.0,0.048,0.04,-36197000.0,197770000.0,1.275,197770000.0,-36197000.0,-79563000.0,-1.12,-1.12,-1.12,2862562000.0,,2862562000.0,6856195024.0,-47.0,77.044,55970000.0,0.569,1.0,114548000.0,0.738,0.0,43366000.0,13483424000.0,,0.0,420541000.0,,,5474270000.0,,,1820239024.0,196000.0,-39461000.0,48545000.0,-62839000.0,-14451000.0,-26644000.0,14556000.0,3288000.0,12284000.0,-439000.0,-79563000.0,-90131000.0,-90131000.0,89748000.0,-7199000.0,-0.581,13992000.0,100556000.0,130404000.0,-0.036,0.636,-4.564,-3.689,7490403000.0,10568000.0,18.52,2.408,2.408,221806000.0,-1098661000.0,155141000.0,155141000.0,0.0,,,,,20398000.0,20896000.0,1.0,98285044.0,98285044.0,,1.578,8426606000.0,0.0,0.0,0.0,85.736,
47,SITC,MRQ,2009-09-30,2009-09-30,2009-09-30,2021-08-25,2288000.0,8478969000.0,,,,,35.924,166323000.0,129131000.0,129131000.0,60544000.0,-140650000.0,,1.893,5165087000.0,,,5165087000.0,0.0,0.0,0.0,0.045,0.04,-85110000.0,-85110000.0,-0.435,-85110000.0,-85110000.0,-137846000.0,-1.8,-1.8,-1.8,2898194000.0,,2898194000.0,6914025794.0,-27.0,-1207.69,243095000.0,3.013,1.0,135159000.0,0.691,0.0,52736000.0,13514925000.0,,0.0,521161000.0,,,5485800000.0,,,1490870794.0,-2067000.0,-54307000.0,213961000.0,-399734000.0,-13924000.0,-200085000.0,121246000.0,-857000.0,76772000.0,-263000.0,-137846000.0,-148413000.0,-148413000.0,6090000.0,-2804000.0,-0.758,77765000.0,57394000.0,158677000.0,-0.022,0.514,-2.962,-2.581,7459782000.0,10567000.0,18.48,2.003,2.003,75547000.0,-1004512000.0,195703000.0,195703000.0,0.0,,,,,0.0,25886000.0,1.0,80674826.0,80674826.0,,2.426,8478969000.0,0.0,0.0,0.0,105.101,
48,SITC,MRQ,2009-06-30,2009-06-30,2009-06-30,2021-08-25,-24645000.0,8651990000.0,,,,,38.843,81318000.0,141547000.0,141547000.0,59794000.0,-261004000.0,,2.202,5564702000.0,,,5564702000.0,0.0,0.0,0.0,0.223,0.4,-168820000.0,-168820000.0,-0.855,-168820000.0,-168820000.0,-226585000.0,-3.28,-3.28,-3.28,2672097000.0,,2672097000.0,6275095504.0,-90.0,35.584,151540000.0,2.203,1.0,137682000.0,0.697,0.0,57765000.0,14075145000.0,,0.0,560112000.0,,,5883671000.0,,,671419504.0,-6597000.0,-42095000.0,51739000.0,-152899000.0,-13347000.0,-114804000.0,37985000.0,944000.0,70222000.0,-981000.0,-226585000.0,-237152000.0,-237152000.0,84067000.0,-34419000.0,-1.201,133494000.0,4188000.0,143298000.0,-0.122,0.251,-2.033,-1.968,7584770000.0,10567000.0,9.76,0.87,0.87,74691000.0,-852168000.0,197476000.0,197476000.0,0.0,,,,,0.0,28412000.0,1.0,68792982.0,68792982.0,,2.871,8651990000.0,0.0,0.0,0.0,125.768,
49,SITC,MRQ,2009-03-31,2009-03-31,2009-03-31,2021-08-25,-39567000.0,8955315000.0,,,,,43.38,56849000.0,146944000.0,146944000.0,61595000.0,84776000.0,,2.148,5750620000.0,,,5750620000.0,0.0,0.0,0.0,0.742,0.4,145151000.0,145151000.0,0.699,145151000.0,145151000.0,87401000.0,1.18,1.18,1.18,2804223000.0,,2804223000.0,6051455293.0,31.0,13.623,126506000.0,1.957,1.0,146071000.0,0.703,0.0,57750000.0,14558991000.0,,0.0,587543000.0,,,6022739000.0,,,275377293.0,6939000.0,-75663000.0,181000.0,-34300000.0,-10567000.0,-39815000.0,-22903000.0,-5260000.0,69657000.0,-110000.0,87401000.0,76834000.0,76834000.0,2006000.0,-2625000.0,0.37,86081000.0,59990000.0,138550000.0,0.339,0.098,-4.113,-3.435,7836919000.0,10567000.0,4.26,0.346,0.346,81041000.0,-584279000.0,207666000.0,207666000.0,0.0,,,,,0.0,19171000.0,1.0,64642557.0,64642557.0,,3.213,8955315000.0,0.0,0.0,0.0,138.536,
50,SITC,MRQ,2008-12-31,2008-12-31,2008-12-31,2021-08-25,-49849000.0,9020222000.0,,,,,45.516,38087000.0,141286000.0,141286000.0,42657000.0,-201111000.0,,2.249,5866655000.0,,,5866655000.0,0.0,246374000.0,0.0,0.424,0.0,-143320000.0,103054000.0,0.718,103054000.0,-143320000.0,-184003000.0,-3.26,-3.26,-3.26,2737291000.0,,2737291000.0,6360274461.0,40.0,15.759,125873000.0,2.093,1.0,100821000.0,0.703,0.0,40683000.0,14745591000.0,,0.0,583767000.0,,,6155428000.0,,,586961461.0,-642000.0,-119822000.0,41463000.0,15450000.0,-93556000.0,-3519000.0,-84909000.0,2227000.0,87786000.0,-35000.0,-184003000.0,-194571000.0,-194571000.0,42107000.0,-17108000.0,-1.356,104876000.0,-4055000.0,169014000.0,0.0,0.214,-5.14,-5.083,7900663000.0,10568000.0,9.76,0.711,0.711,240137000.0,-635239000.0,143478000.0,143478000.0,0.0,,,,,27970000.0,36111000.0,1.0,60139494.0,60139494.0,,2.386,9020222000.0,0.0,0.0,0.0,149.988,
51,SITC,MRQ,2008-09-30,2008-09-30,2008-09-30,2021-08-25,-5202000.0,9294256000.0,,,,,47.414,72562000.0,136562000.0,136562000.0,61444000.0,36829000.0,,2.26,5909875000.0,,,5909875000.0,0.0,0.0,0.0,0.086,1.38,96963000.0,96963000.0,0.435,96963000.0,96963000.0,35250000.0,0.4,0.4,0.4,2851290000.0,,2851290000.0,9525672067.0,24.0,15.406,182280000.0,3.031,1.0,161416000.0,0.724,0.0,61713000.0,15067569000.0,,0.0,709974000.0,,,6442966000.0,,,3811416067.0,-15846000.0,-145939000.0,266000.0,107350000.0,-93551000.0,30533000.0,-156097000.0,-25508000.0,109718000.0,-1830000.0,35250000.0,24683000.0,24683000.0,-3133000.0,1579000.0,0.111,79591000.0,81825000.0,168670000.0,3.45,1.337,37.554,37.726,8016469000.0,10567000.0,63.38,4.412,4.412,65930000.0,-418466000.0,222860000.0,222860000.0,0.0,,,,,0.0,19560000.0,1.0,60135943.0,60135943.0,,3.706,9294256000.0,0.0,0.0,0.0,154.554,
52,SITC,MRQ,2008-06-30,2008-06-30,2008-06-30,2021-08-25,22832000.0,9273753000.0,,,,,48.956,11683000.0,97026000.0,97026000.0,60257000.0,38688000.0,,2.163,5811282000.0,,,5811282000.0,0.0,0.0,0.0,0.078,1.38,99025000.0,99025000.0,0.445,99025000.0,99025000.0,36663000.0,0.44,0.44,0.44,2932026000.0,,2932026000.0,9746827827.0,24.0,15.563,120537000.0,2.013,1.0,162377000.0,0.729,0.0,62362000.0,14988009000.0,,0.0,689313000.0,,,6341727000.0,,,4157625827.0,-23535000.0,-137211000.0,907000.0,100106000.0,-93206000.0,4930000.0,-137319000.0,-12247000.0,108854000.0,418000.0,36663000.0,26096000.0,26096000.0,-992000.0,2025000.0,0.117,77219000.0,85158000.0,158876000.0,3.136,1.418,37.961,38.143,8090254000.0,10567000.0,69.42,4.765,4.765,40423000.0,-363424000.0,222634000.0,222634000.0,0.0,,,,,0.0,21333000.0,1.0,59890894.0,59890894.0,,3.717,9273753000.0,0.0,0.0,0.0,154.844,
53,SITC,MRQ,2008-03-31,2008-03-31,2008-03-31,2021-08-25,-8734000.0,9153743000.0,,,,,49.254,11214000.0,120599000.0,120599000.0,62693000.0,42525000.0,,2.112,5709801000.0,,,5709801000.0,0.0,0.0,0.0,0.064,1.38,104565000.0,104565000.0,0.443,104565000.0,104565000.0,40160000.0,0.5,0.5,0.5,2941644000.0,,2941644000.0,10484990277.0,21.0,14.397,96797000.0,1.621,1.0,173403000.0,0.734,0.0,64405000.0,14742945000.0,,0.0,646627000.0,,,6212099000.0,,,5002481277.0,19688000.0,-110265000.0,87000.0,117161000.0,-89452000.0,24352000.0,-90247000.0,-519000.0,85583000.0,1729000.0,40160000.0,29593000.0,29593000.0,-1100000.0,2365000.0,0.125,76177000.0,97226000.0,135588000.0,2.76,1.701,25.673,26.34,8000096000.0,10567000.0,83.76,5.546,5.546,19076000.0,-309800000.0,236096000.0,236096000.0,0.0,,,,,0.0,20715000.0,1.0,59723988.0,59723988.0,,3.953,9153743000.0,0.0,0.0,0.0,153.267,
54,SITC,MRQ,2007-12-31,2007-12-31,2007-12-31,2021-08-25,8965000.0,9089816000.0,,,,,48.817,-1371918000.0,108505000.0,108505000.0,49691000.0,49470000.0,,2.031,5591014000.0,,,5591014000.0,0.0,224375000.0,0.0,0.069,1.32,93382000.0,317757000.0,1.743,317757000.0,93382000.0,31686000.0,0.34,0.36,0.34,2998825000.0,,2998825000.0,9858751226.0,19.0,13.203,-1285743000.0,-20.93,1.0,132639000.0,0.727,0.0,61696000.0,14572325000.0,,0.0,638111000.0,,,6090991000.0,,,4704305226.0,469000.0,1195187000.0,-151759000.0,381792000.0,-91653000.0,149906000.0,-235612000.0,77000.0,86175000.0,-622000.0,31686000.0,21119000.0,21119000.0,-6819000.0,8094000.0,0.116,70980000.0,61659000.0,141629000.0,3.882,1.569,21.982,21.756,7960623000.0,10567000.0,76.58,5.315,5.315,217911000.0,-260018000.0,182330000.0,182330000.0,0.0,,,,,5224000.0,20939000.0,1.0,61429946.0,61429946.0,,2.968,9089816000.0,0.0,0.0,0.0,147.97,
55,SITC,MRQ,2007-09-30,2007-09-30,2007-09-30,2021-08-25,21403000.0,8913267000.0,,,,,51.663,131647000.0,49700000.0,49700000.0,59112000.0,43283000.0,,1.778,5204146000.0,,,5204146000.0,0.0,0.0,0.0,0.046,1.32,104949000.0,104949000.0,0.453,104949000.0,104949000.0,43283000.0,0.54,0.52,0.54,3208272000.0,,3208272000.0,12012012001.0,22.0,16.35,244998000.0,3.945,1.0,172435000.0,0.745,0.0,61666000.0,14067713000.0,,0.0,644318000.0,,,5704995000.0,,,6938995001.0,3681000.0,-133593000.0,-104176000.0,89997000.0,-93050000.0,-107824000.0,-1846000.0,100000.0,113351000.0,0.0,43283000.0,32716000.0,32716000.0,93000.0,0.0,0.141,75912000.0,96523000.0,167682000.0,2.444,2.163,28.782,27.387,7828899000.0,10567000.0,111.74,7.766,7.766,16778000.0,-213358000.0,231547000.0,231547000.0,0.0,,,,,0.0,19626000.0,1.0,62099472.0,62099472.0,,3.729,8913267000.0,0.0,0.0,0.0,143.532,
56,SITC,MRQ,2007-06-30,2007-06-30,2007-06-30,2021-08-25,26008000.0,8948544000.0,,,,,53.853,1789575000.0,46019000.0,46019000.0,64891000.0,127437000.0,,1.66,5119036000.0,,,5119036000.0,0.0,0.0,0.0,0.047,1.32,200991000.0,200991000.0,0.797,200991000.0,200991000.0,127437000.0,1.8,1.78,1.8,3364428000.0,,3364428000.0,12639208915.0,23.0,16.97,1881122000.0,30.11,1.0,187212000.0,0.743,0.0,73554000.0,14021561000.0,,0.0,636731000.0,,,5584116000.0,,,6586074915.0,-33702000.0,-213014000.0,1392000.0,-965961000.0,-93667000.0,-1702885000.0,1577636000.0,1075000.0,91547000.0,0.0,127437000.0,111429000.0,111429000.0,-5714000.0,0.0,0.442,72763000.0,114449000.0,153325000.0,0.733,1.958,25.588,23.743,7882405000.0,16008000.0,105.42,7.693,7.693,17328000.0,-164989000.0,252103000.0,252103000.0,0.0,,,,,0.0,19161000.0,1.0,62474624.0,62474624.0,,4.035,8948544000.0,0.0,0.0,0.0,143.235,
57,SITC,MRQ,2007-03-31,2007-03-31,2007-03-31,2021-08-25,12838000.0,10563766000.0,,,,,63.305,57242000.0,79721000.0,79721000.0,53152000.0,62536000.0,,2.049,6132855000.0,,,6132855000.0,0.0,0.0,0.0,0.039,1.32,123007000.0,123007000.0,0.562,123007000.0,123007000.0,62536000.0,0.84,0.84,0.84,3464465000.0,,3464465000.0,11105016567.0,23.0,16.444,186914000.0,3.415,1.0,165893000.0,0.757,0.0,60471000.0,16616900000.0,,0.0,536335000.0,,,7099301000.0,,,6884582567.0,51343000.0,-2559469000.0,634244000.0,1424607000.0,-78094000.0,2424136000.0,-2502465000.0,-238000.0,129672000.0,0.0,62536000.0,48744000.0,48744000.0,-2939000.0,0.0,0.223,58553000.0,107340000.0,158684000.0,1.571,1.987,32.643,32.932,9543243000.0,13792000.0,125.8,8.681,8.681,18439000.0,-193971000.0,219045000.0,219045000.0,0.0,,,,,0.0,21518000.0,1.0,54726412.0,54726412.0,,4.003,10563766000.0,0.0,0.0,0.0,193.029,
58,SITC,MRQ,2006-12-31,2006-12-31,2006-12-31,2021-08-25,7829000.0,7179753000.0,,,,,45.845,-217216000.0,28378000.0,28378000.0,48071000.0,61990000.0,,1.876,4248812000.0,,,4248812000.0,0.0,193527000.0,0.0,0.037,1.18,112202000.0,305729000.0,1.602,305729000.0,112202000.0,61990000.0,0.9,0.88,0.9,2496183000.0,,2496183000.0,10884956731.0,24.0,16.61,-161922000.0,-2.974,1.0,142724000.0,0.748,0.0,50212000.0,11400187000.0,,0.0,291685000.0,,,4683570000.0,,,6855103731.0,-20053000.0,48210000.0,2509000.0,170009000.0,-78036000.0,87571000.0,-162918000.0,6088000.0,55294000.0,0.0,61990000.0,48197000.0,48197000.0,-2909000.0,0.0,0.253,57787000.0,84937000.0,134781000.0,1.311,2.746,34.605,34.588,6586193000.0,13793000.0,125.9,8.864,8.864,170322000.0,-159615000.0,190795000.0,190795000.0,0.0,,,,,3446000.0,14873000.0,1.0,54448798.0,54448798.0,,3.504,7179753000.0,0.0,0.0,0.0,131.862,
59,SITC,MRQ,2006-09-30,2006-09-30,2006-09-30,2021-08-25,6204000.0,7017508000.0,,,,,45.698,178876000.0,48431000.0,48431000.0,50080000.0,62812000.0,,1.799,4078284000.0,,,4078284000.0,0.0,0.0,0.0,0.041,1.18,115056000.0,115056000.0,0.592,115056000.0,115056000.0,62812000.0,0.9,0.9,0.9,2507194000.0,,2507194000.0,10151613005.0,21.0,15.621,289238000.0,5.272,1.0,144120000.0,0.742,0.0,52244000.0,11047361000.0,,0.0,133643000.0,,,4510314000.0,,,6118525005.0,5312000.0,-144780000.0,-45359000.0,-4080000.0,-78515000.0,-138901000.0,33851000.0,-245000.0,110362000.0,0.0,62812000.0,49020000.0,49020000.0,-2652000.0,0.0,0.252,60816000.0,83304000.0,151067000.0,1.311,2.44,33.079,32.994,6592187000.0,13792000.0,111.52,8.347,8.347,24250000.0,-143510000.0,194200000.0,194200000.0,0.0,,,,,0.0,14974000.0,1.0,54864822.0,54864822.0,,3.54,7017508000.0,0.0,0.0,0.0,127.905,
60,SITC,MRQ,2006-06-30,2006-06-30,2006-06-30,2021-08-25,11871000.0,7059051000.0,,,,,47.091,121395000.0,43119000.0,43119000.0,48953000.0,78735000.0,,1.733,4076207000.0,,,4076207000.0,0.0,0.0,0.0,0.043,1.18,131547000.0,131547000.0,0.696,131547000.0,131547000.0,78735000.0,1.18,1.18,1.18,2582707000.0,,2582707000.0,9757456424.0,21.0,15.538,189009000.0,3.446,1.0,140074000.0,0.741,0.0,52812000.0,11092139000.0,,0.0,240704000.0,,,4476344000.0,,,5723677424.0,3152000.0,-89375000.0,565000.0,-15256000.0,-78477000.0,-96822000.0,32360000.0,340000.0,67614000.0,0.0,78735000.0,64943000.0,64943000.0,-2694000.0,0.0,0.344,57846000.0,82228000.0,116651000.0,1.0,2.216,31.374,31.246,6544998000.0,13792000.0,104.36,7.969,7.969,24005000.0,-128285000.0,189027000.0,189027000.0,0.0,,,,,0.0,15422000.0,1.0,54845510.0,54845510.0,,3.447,7059051000.0,0.0,0.0,0.0,128.708,
61,SITC,MRQ,2006-03-31,2006-03-31,2006-03-31,2021-08-25,9664000.0,7053388000.0,,,,,47.336,18523000.0,39967000.0,39967000.0,48416000.0,49727000.0,,1.735,4073746000.0,,,4073746000.0,0.0,0.0,0.0,0.04,1.18,102995000.0,102995000.0,0.517,102995000.0,102995000.0,49727000.0,0.66,0.66,0.66,2579019000.0,,2579019000.0,9826233843.0,23.0,16.528,125945000.0,2.312,1.0,150913000.0,0.757,0.0,53268000.0,11087167000.0,,0.0,247944000.0,,,4474369000.0,,,5965887843.0,9312000.0,-125514000.0,3532000.0,78638000.0,-72624000.0,8230000.0,-106340000.0,651000.0,107422000.0,0.0,49727000.0,35935000.0,35935000.0,-1151000.0,0.0,0.18,62110000.0,88803000.0,115718000.0,1.788,2.313,34.756,34.652,6553097000.0,13792000.0,109.5,8.456,8.456,24345000.0,-128506000.0,199329000.0,199329000.0,0.0,,,,,0.0,15410000.0,1.0,54482994.0,54482994.0,,3.659,7053388000.0,0.0,0.0,0.0,129.46,
62,SITC,MRQ,2005-12-31,2005-12-31,2005-12-31,2021-08-25,10425000.0,6862977000.0,,,,,47.221,-326310000.0,30655000.0,30655000.0,39070000.0,48862000.0,,1.67,3891001000.0,,,3891001000.0,0.0,170701000.0,0.0,0.046,1.08,129552000.0,300253000.0,1.996,300253000.0,129552000.0,90238000.0,0.64,0.62,0.64,2570281000.0,,2570281000.0,8917017357.0,20.0,14.292,-246206000.0,-4.523,1.0,111362000.0,0.74,0.0,39314000.0,10723323000.0,,0.0,275136000.0,,,4292696000.0,,,5118663357.0,-8225000.0,281230000.0,1919000.0,36217000.0,-72579000.0,-35499000.0,-52830000.0,-7750000.0,80104000.0,0.0,90238000.0,35069000.0,35069000.0,1379000.0,-41376000.0,0.233,50366000.0,60996000.0,111186000.0,1.688,1.991,22.502,22.39,6336514000.0,55169000.0,94.04,7.548,7.548,137460000.0,-99756000.0,150432000.0,150432000.0,0.0,,,,,0.0,13860000.0,1.0,54430704.0,54430704.0,,2.764,6862977000.0,0.0,0.0,0.0,126.087,
63,SITC,MRQ,2005-09-30,2005-09-30,2005-09-30,2021-08-25,10878000.0,6840352000.0,,,,,47.687,182344000.0,38880000.0,38880000.0,44318000.0,60277000.0,,1.638,3837234000.0,,,3837234000.0,0.0,0.0,0.0,0.046,1.08,93182000.0,93182000.0,0.519,93182000.0,93182000.0,46485000.0,0.86,0.86,0.86,2592577000.0,,2592577000.0,8778530518.0,18.0,14.345,282654000.0,5.199,1.0,135172000.0,0.753,0.0,46697000.0,10638706000.0,,0.0,295022000.0,,,4247775000.0,,,5077865518.0,2570000.0,-64222000.0,2256000.0,-160971000.0,-72492000.0,-233182000.0,135442000.0,-189000.0,100310000.0,0.0,46485000.0,46485000.0,46485000.0,-11941000.0,13792000.0,0.259,53782000.0,81390000.0,128544000.0,1.256,1.959,19.057,18.532,6291182000.0,0.0,93.4,7.78,7.78,17245000.0,-75994000.0,179490000.0,179490000.0,0.0,,,,,0.0,14146000.0,1.0,54366868.0,54366868.0,,3.301,6840352000.0,0.0,0.0,0.0,125.818,
64,SITC,MRQ,2005-06-30,2005-06-30,2005-06-30,2021-08-25,1164000.0,6682171000.0,,,,,47.764,71676000.0,53819000.0,53819000.0,43778000.0,67954000.0,,1.577,3754484000.0,,,3754484000.0,0.0,0.0,0.0,0.046,1.08,98088000.0,98088000.0,0.556,98088000.0,98088000.0,54162000.0,1.0,1.0,1.0,2592907000.0,,2592907000.0,8541222139.0,19.0,14.598,154209000.0,2.841,1.0,132497000.0,0.752,0.0,43926000.0,10382836000.0,,0.0,440352000.0,,,4089264000.0,,,4989979139.0,-15118000.0,-237340000.0,3458000.0,148041000.0,-72415000.0,76828000.0,-174479000.0,833000.0,82533000.0,0.0,54162000.0,54162000.0,54162000.0,-3292000.0,13792000.0,0.307,50833000.0,81664000.0,117758000.0,1.08,1.924,19.92,19.23,5983515000.0,0.0,91.92,7.917,7.917,17056000.0,-63694000.0,176275000.0,176275000.0,0.0,,,,,0.0,12712000.0,1.0,54286109.0,54286109.0,,3.247,6682171000.0,0.0,0.0,0.0,123.092,
65,SITC,MRQ,2005-03-31,2005-03-31,2005-03-31,2021-08-25,9611000.0,6537224000.0,,,,,47.999,283893000.0,51428000.0,51428000.0,44094000.0,105550000.0,,1.512,3602671000.0,,,3602671000.0,0.0,0.0,0.0,0.051,1.08,132408000.0,132408000.0,0.77,132408000.0,132408000.0,91758000.0,1.7,1.68,1.7,2602436000.0,,2602436000.0,6979189392.0,15.0,11.794,376369000.0,6.942,1.0,127818000.0,0.744,0.0,40650000.0,10088467000.0,,0.0,291468000.0,,,3934788000.0,,,4310370392.0,1557000.0,-523542000.0,4506000.0,225674000.0,-68914000.0,156657000.0,-247576000.0,-66000.0,92476000.0,0.0,91758000.0,91758000.0,91758000.0,-1185000.0,13792000.0,0.534,52948000.0,74870000.0,107850000.0,0.635,1.656,15.927,14.888,5989218000.0,0.0,79.5,7.176,7.176,17890000.0,-59154000.0,171912000.0,171912000.0,0.0,,,,,0.0,13330000.0,1.0,54218496.0,54218496.0,,3.171,6537224000.0,0.0,0.0,0.0,120.572,
66,SITC,MRQ,2004-12-31,2004-12-31,2004-12-31,2021-08-25,326000.0,5583547000.0,,,,,49.905,-250038000.0,49871000.0,49871000.0,30127000.0,87848000.0,,1.186,2718690000.0,,,2718690000.0,0.0,132647000.0,0.0,0.044,1.02,155626000.0,288273000.0,2.307,288273000.0,155626000.0,124762000.0,1.48,1.44,1.48,2554319000.0,,2554319000.0,7798548134.0,20.0,14.828,-188642000.0,-3.686,1.0,94839000.0,0.759,0.0,30864000.0,8252366000.0,,0.0,288020000.0,,,3029228000.0,,,4541991134.0,26174000.0,589425000.0,295650000.0,-609940000.0,-65973000.0,-376852000.0,341630000.0,-837000.0,61396000.0,0.0,124762000.0,74056000.0,74056000.0,-8997000.0,-36914000.0,0.593,39760000.0,55079000.0,103256000.0,0.689,1.778,20.734,19.546,5035193000.0,50706000.0,88.74,8.077,8.077,102666000.0,-92290000.0,124966000.0,124966000.0,0.0,,,,,0.0,14146000.0,1.0,51183132.0,51183132.0,,2.442,5583547000.0,0.0,0.0,0.0,109.09,
67,SITC,MRQ,2004-09-30,2004-09-30,2004-09-30,2021-08-25,173000.0,5873790000.0,,,,,44.733,32553000.0,23697000.0,23697000.0,36335000.0,44316000.0,,1.568,3280254000.0,,,3280254000.0,0.0,0.0,0.0,0.048,1.02,66313000.0,66313000.0,0.422,66313000.0,66313000.0,30524000.0,0.6,0.6,0.6,2287487000.0,,2287487000.0,7217594243.0,22.0,16.755,119947000.0,2.346,1.0,120797000.0,0.769,0.0,35789000.0,9130347000.0,,0.0,256343000.0,,,3586303000.0,,,4004000243.0,2177000.0,-96273000.0,1499000.0,38298000.0,-59888000.0,-22568000.0,-62649000.0,957000.0,87394000.0,0.0,30524000.0,30524000.0,30524000.0,-2637000.0,13792000.0,0.194,47951000.0,72846000.0,103621000.0,1.7,1.75,17.726,15.536,5382621000.0,0.0,78.3,7.716,7.716,17176000.0,-111224000.0,157132000.0,157132000.0,0.0,,,,,0.0,11486000.0,1.0,51136657.0,51136657.0,,3.073,5873790000.0,0.0,0.0,0.0,114.865,
68,SITC,MRQ,2004-06-30,2004-06-30,2004-06-30,2021-08-25,318000.0,5834636000.0,,,,,53.191,214134000.0,21520000.0,21520000.0,34854000.0,86812000.0,,1.528,3235114000.0,,,3235114000.0,0.0,0.0,0.0,0.051,0.92,104766000.0,104766000.0,0.714,104766000.0,104766000.0,74295000.0,1.56,1.54,1.56,2307790000.0,,2307790000.0,5124533611.0,16.0,12.433,308654000.0,7.114,1.0,111812000.0,0.762,0.0,30471000.0,9048230000.0,,0.0,260182000.0,,,3526846000.0,,,3069161611.0,-1163000.0,-1707884000.0,491494000.0,792676000.0,-50509000.0,1395273000.0,-1490956000.0,188000.0,94520000.0,0.0,74295000.0,74295000.0,74295000.0,-815000.0,12517000.0,0.507,43313000.0,68499000.0,96683000.0,0.59,1.33,13.958,14.262,5354925000.0,0.0,70.74,6.355,6.355,18133000.0,-89568000.0,146666000.0,146666000.0,0.0,,,,,0.0,11050000.0,1.0,43386508.0,43386508.0,,3.38,5834636000.0,0.0,0.0,0.0,134.48,
69,SITC,MRQ,2004-03-31,2004-03-31,2004-03-31,2021-08-25,-467000.0,3921415000.0,,,,,37.392,18866000.0,27483000.0,27483000.0,31364000.0,50786000.0,,1.421,2082855000.0,,,2082855000.0,0.0,0.0,0.0,0.043,0.92,64892000.0,64892000.0,0.527,64892000.0,64892000.0,40182000.0,0.94,0.92,0.94,1619678000.0,,1619678000.0,5472068736.0,19.0,14.118,67782000.0,1.565,1.0,91818000.0,0.745,0.0,24710000.0,5976787000.0,,0.0,245905000.0,,,2301737000.0,,,3499970736.0,10990000.0,-36952000.0,5276000.0,-69512000.0,-50377000.0,-115300000.0,77374000.0,1920000.0,48916000.0,0.0,40182000.0,40182000.0,40182000.0,192000.0,10604000.0,0.326,35915000.0,55903000.0,73252000.0,0.979,2.161,17.264,16.833,3510717000.0,0.0,80.8,7.663,7.663,9873000.0,-116479000.0,123182000.0,123182000.0,0.0,,,,,0.0,10444000.0,1.0,43316470.0,43316470.0,,2.844,3921415000.0,0.0,0.0,0.0,90.529,
70,SITC,MRQ,2003-12-31,2003-12-31,2003-12-31,2021-08-25,-541000.0,3941151000.0,,,,,37.368,-193676000.0,111033000.0,111033000.0,22591000.0,91486000.0,,1.442,2083131000.0,,,2083131000.0,0.0,95219000.0,0.0,0.05,0.92,99589000.0,194808000.0,2.119,194808000.0,99589000.0,80881000.0,1.94,1.9,1.94,1614070000.0,,1614070000.0,5000323560.0,18.0,13.584,-117996000.0,-2.732,1.0,69336000.0,0.754,0.0,18708000.0,5913249000.0,,0.0,260143000.0,,,2327081000.0,,,2900021560.0,-6781000.0,281678000.0,1161000.0,-37148000.0,-45513000.0,-83674000.0,1213000.0,328000.0,75680000.0,0.0,80881000.0,80881000.0,80881000.0,-34000.0,10605000.0,0.88,31416000.0,37920000.0,98046000.0,0.474,1.797,15.339,14.532,3426698000.0,0.0,67.14,6.65,6.65,88250000.0,-116737000.0,91927000.0,91927000.0,0.0,,,,,0.0,12819000.0,1.0,43193648.0,43193648.0,,2.128,3941151000.0,0.0,0.0,0.0,91.244,
71,SITC,MRQ,2003-09-30,2003-09-30,2003-09-30,2021-08-25,-936000.0,3918193000.0,,,,,36.385,9100000.0,18474000.0,18474000.0,29860000.0,41988000.0,,1.494,2118776000.0,,,2118776000.0,0.0,0.0,0.0,0.054,0.82,47701000.0,47701000.0,0.394,47701000.0,47701000.0,24525000.0,0.52,0.52,0.52,1571201000.0,,1571201000.0,4680350794.0,22.0,15.976,86015000.0,1.992,1.0,91343000.0,0.754,0.0,23176000.0,6018495000.0,,0.0,325825000.0,,,2346992000.0,,,2579707794.0,-3535000.0,-40571000.0,8834000.0,-5993000.0,-44856000.0,-50475000.0,-29975000.0,1789000.0,76915000.0,0.0,24525000.0,24525000.0,24525000.0,-890000.0,17463000.0,0.202,35088000.0,56255000.0,95134000.0,1.577,1.642,19.647,17.571,3403399000.0,0.0,59.74,6.006,6.006,10985000.0,-157878000.0,121203000.0,121203000.0,0.0,,,,,0.0,9088000.0,1.0,43182253.0,43182253.0,,2.807,3918193000.0,0.0,0.0,0.0,90.736,
72,SITC,MRQ,2003-06-30,2003-06-30,2003-06-30,2021-08-25,-1127000.0,3908872000.0,,,,,36.967,206682000.0,22009000.0,22009000.0,29576000.0,68402000.0,,1.482,2122652000.0,,,2122652000.0,0.0,0.0,0.0,0.056,0.82,80183000.0,80183000.0,0.666,80183000.0,80183000.0,57140000.0,1.4,1.38,1.4,1574940000.0,,1574940000.0,4564346991.0,23.0,16.432,265257000.0,6.226,1.0,90849000.0,0.754,0.0,23043000.0,6009515000.0,,0.0,317385000.0,,,2333932000.0,,,2423293991.0,-4347000.0,-99439000.0,4169000.0,-126845000.0,-45575000.0,-168880000.0,105958000.0,-920000.0,58575000.0,0.0,57140000.0,57140000.0,57140000.0,1211000.0,11262000.0,0.474,34920000.0,55929000.0,82555000.0,0.586,1.539,20.208,17.341,3434250000.0,0.0,56.88,6.09,6.09,12775000.0,-140255000.0,120425000.0,120425000.0,0.0,,,,,0.0,11189000.0,1.0,42603622.0,42603622.0,,2.827,3908872000.0,0.0,0.0,0.0,91.75,
73,SITC,MRQ,2003-03-31,2003-03-31,2003-03-31,2021-08-25,-969000.0,3919824000.0,,,,,46.41,3986000.0,26356000.0,26356000.0,25034000.0,38385000.0,,1.531,2167409000.0,,,2167409000.0,0.0,0.0,0.0,0.064,0.82,45412000.0,45412000.0,0.443,45412000.0,45412000.0,26510000.0,0.76,0.74,0.76,1548440000.0,,1548440000.0,3093930587.0,20.0,13.291,55945000.0,1.677,1.0,77491000.0,0.756,0.0,18902000.0,6060877000.0,,0.0,301998000.0,,,2371384000.0,,,1611503587.0,9985000.0,-93430000.0,6024000.0,92390000.0,-32036000.0,51468000.0,-93442000.0,7567000.0,51959000.0,0.0,26510000.0,26510000.0,26510000.0,-287000.0,11875000.0,0.259,27726000.0,49765000.0,80919000.0,1.079,1.041,20.414,20.294,3471482000.0,0.0,48.3,4.449,4.449,11855000.0,-162744000.0,102525000.0,102525000.0,0.0,,,,,0.0,7724000.0,1.0,33364464.0,33364464.0,,3.073,3919824000.0,0.0,0.0,0.0,117.485,
74,SITC,MRQ,2002-12-31,2002-12-31,2002-12-31,2021-08-25,-588000.0,2776852000.0,,,,,29.119,-5260000.0,16371000.0,16371000.0,22719000.0,29618000.0,,1.937,1498798000.0,,,1498798000.0,0.0,78368000.0,0.0,0.069,0.76,41293000.0,119661000.0,1.402,119661000.0,41293000.0,23127000.0,0.72,0.7,0.72,945561000.0,,945561000.0,2919283343.0,20.0,13.062,47478000.0,1.462,1.0,62641000.0,0.734,0.0,18166000.0,4259279000.0,,0.0,258610000.0,,,1831291000.0,,,1428124343.0,7144000.0,-29205000.0,1062000.0,25537000.0,-31255000.0,-11400000.0,-34194000.0,271000.0,52738000.0,0.0,23127000.0,23127000.0,23127000.0,-1377000.0,6491000.0,0.271,29632000.0,33009000.0,68438000.0,1.056,1.51,20.588,20.174,2395264000.0,0.0,43.98,4.119,4.119,71736000.0,-160165000.0,85360000.0,85360000.0,0.0,,,,,0.0,9380000.0,1.0,32472132.0,32472132.0,,2.629,2776852000.0,0.0,0.0,0.0,85.515,
75,SITC,MRQ,2002-09-30,2002-09-30,2002-09-30,2021-08-25,-2821000.0,2775121000.0,,,,,28.116,2755000.0,9227000.0,9227000.0,21788000.0,25177000.0,,2.041,1500386000.0,,,1500386000.0,0.0,0.0,0.0,0.069,0.76,32520000.0,32520000.0,0.363,32520000.0,32520000.0,13143000.0,0.4,0.4,0.4,912489000.0,,912489000.0,2753861683.0,20.0,13.752,81808000.0,2.521,1.0,67809000.0,0.757,0.0,19377000.0,4266280000.0,,0.0,253366000.0,,,1862632000.0,,,1428661683.0,-2482000.0,-178220000.0,159000.0,130896000.0,-31129000.0,94103000.0,-175638000.0,-173000.0,79053000.0,0.0,13143000.0,13143000.0,13143000.0,1501000.0,12034000.0,0.147,24650000.0,43159000.0,71949000.0,1.9,1.566,23.962,22.927,2404954000.0,0.0,44.02,4.184,4.184,11933000.0,-152437000.0,89597000.0,89597000.0,0.0,,,,,0.0,6631000.0,1.0,32454832.0,32454832.0,,2.761,2775121000.0,0.0,0.0,0.0,85.507,
76,SITC,MRQ,2002-06-30,2002-06-30,2002-06-30,2021-08-25,-4603000.0,2592167000.0,,,,,28.415,9229000.0,11709000.0,11709000.0,20658000.0,23244000.0,,1.828,1336909000.0,,,1336909000.0,0.0,0.0,0.0,0.067,0.76,35190000.0,35190000.0,0.415,35190000.0,35190000.0,16162000.0,0.5,0.5,0.5,916530000.0,,916530000.0,2616214232.0,19.0,12.952,47833000.0,1.483,1.0,64116000.0,0.756,0.0,19028000.0,3917367000.0,,0.0,266020000.0,,,1675637000.0,,,1451463232.0,-13346000.0,-17696000.0,8746000.0,134499000.0,-31740000.0,-48672000.0,-3278000.0,838000.0,38604000.0,0.0,16162000.0,16162000.0,16162000.0,3000000.0,7082000.0,0.191,24214000.0,39902000.0,48678000.0,1.52,1.584,24.185,22.277,2214802000.0,0.0,45.0,4.344,4.344,11760000.0,-146455000.0,84774000.0,84774000.0,0.0,,,,,0.0,6893000.0,1.0,32254738.0,32254738.0,,2.628,2592167000.0,0.0,0.0,0.0,80.365,
77,SITC,MRQ,2002-03-31,2002-03-31,2002-03-31,2021-08-25,-6002000.0,2596959000.0,,,,,33.245,25679000.0,25055000.0,25055000.0,19283000.0,23931000.0,,1.439,1189806000.0,,,1189806000.0,0.0,0.0,0.0,0.071,0.76,35875000.0,35875000.0,0.42,35875000.0,35875000.0,16936000.0,0.56,0.54,0.56,1064810000.0,,1064810000.0,2634439668.0,18.0,12.535,66023000.0,2.061,1.0,66138000.0,0.774,0.0,18939000.0,3761710000.0,,0.0,262973000.0,,,1532149000.0,,,1345207668.0,5986000.0,-65720000.0,41993000.0,-120196000.0,-28717000.0,32529000.0,-66887000.0,-22495000.0,40344000.0,0.0,16936000.0,16936000.0,16936000.0,-348000.0,6995000.0,0.198,27492000.0,38646000.0,51227000.0,1.357,1.263,20.276,17.949,2205468000.0,0.0,42.0,4.131,4.131,27716000.0,-137780000.0,85421000.0,85421000.0,0.0,,,,,0.0,6488000.0,1.0,32028754.0,32028754.0,,2.667,2596959000.0,0.0,0.0,0.0,81.082,
78,SITC,MRQ,2001-12-31,2001-12-31,2001-12-31,2021-08-25,-8174000.0,2497207000.0,,,,,30.145,95300000.0,19069000.0,19069000.0,19383000.0,20197000.0,,1.994,1308301000.0,,,1308301000.0,0.0,64493000.0,0.0,0.077,0.74,32173000.0,96666000.0,1.183,96666000.0,32173000.0,13380000.0,0.46,0.48,0.46,834014000.0,,834014000.0,2430699429.0,17.0,11.577,133708000.0,4.833,1.0,62312000.0,0.763,0.0,18793000.0,3786439000.0,,0.0,255565000.0,,,1663193000.0,,,1056886429.0,6745000.0,-89418000.0,71223000.0,-77861000.0,-27275000.0,-39291000.0,7628000.0,1746000.0,38408000.0,0.0,13380000.0,13380000.0,13380000.0,1714000.0,6817000.0,0.164,24815000.0,37497000.0,55560000.0,1.609,1.267,16.232,16.186,2141956000.0,0.0,38.2,3.355,3.355,56915000.0,-130436000.0,81695000.0,81695000.0,0.0,,,,,0.0,6535000.0,1.0,27667184.0,27667184.0,,2.953,2497207000.0,0.0,0.0,0.0,90.259,
79,SITC,MRQ,2001-09-30,2001-09-30,2001-09-30,2021-08-25,-8004000.0,2508588000.0,,,,,27.95,-9415000.0,12324000.0,12324000.0,17427000.0,20352000.0,,2.252,1386137000.0,,,1386137000.0,0.0,0.0,0.0,0.082,0.74,34267000.0,34267000.0,0.417,34267000.0,34267000.0,13537000.0,0.5,0.48,0.5,771482000.0,,771482000.0,2384747261.0,16.0,11.73,45283000.0,1.641,1.0,64840000.0,0.788,0.0,20730000.0,3882401000.0,,0.0,275973000.0,,,1737106000.0,,,990904261.0,4023000.0,119000.0,2332000.0,-16052000.0,-27214000.0,-46632000.0,-4043000.0,3293000.0,54698000.0,0.0,13537000.0,13537000.0,13537000.0,0.0,6815000.0,0.165,25464000.0,39376000.0,60170000.0,1.48,1.284,14.565,14.36,2144450000.0,0.0,35.9,3.266,3.266,6967000.0,-121915000.0,82267000.0,82267000.0,0.0,,,,,0.0,5907000.0,1.0,27601790.0,27601790.0,,2.98,2508588000.0,0.0,0.0,0.0,90.885,
80,SITC,MRQ,2001-06-30,2001-06-30,2001-06-30,2021-08-25,-4219000.0,2518651000.0,,,,,28.381,4628000.0,8301000.0,8301000.0,15924000.0,29306000.0,,2.229,1402144000.0,,,1402144000.0,0.0,0.0,0.0,0.079,0.74,43365000.0,43365000.0,0.569,43365000.0,43365000.0,22491000.0,0.82,0.8,0.82,779953000.0,,779953000.0,2253795338.0,15.0,11.1,43630000.0,1.588,1.0,60325000.0,0.791,0.0,20874000.0,3912494000.0,,0.0,282452000.0,,,1738698000.0,,,1010216338.0,4680000.0,-14232000.0,2583000.0,7677000.0,-27151000.0,-23263000.0,-11059000.0,505000.0,39002000.0,0.0,22491000.0,22491000.0,22491000.0,-1503000.0,6815000.0,0.295,20413000.0,39912000.0,56331000.0,0.902,1.295,14.704,14.587,2146100000.0,0.0,36.76,3.445,3.445,10260000.0,-114898000.0,76249000.0,76249000.0,0.0,,,,,0.0,6231000.0,1.0,27481402.0,27481402.0,,2.775,2518651000.0,0.0,0.0,0.0,91.649,
81,SITC,MRQ,2001-03-31,2001-03-31,2001-03-31,2021-08-25,-4129000.0,2341526000.0,,,,,28.257,-18946000.0,3621000.0,3621000.0,17427000.0,22517000.0,,2.02,1247200000.0,,,1247200000.0,0.0,0.0,0.0,0.099,0.74,35663000.0,35663000.0,0.477,35663000.0,35663000.0,15702000.0,0.58,0.58,0.58,775367000.0,,775367000.0,2119256636.0,16.0,11.14,23272000.0,0.848,1.0,57343000.0,0.767,0.0,19961000.0,3585105000.0,,0.0,398575000.0,,,1566159000.0,,,806725636.0,-622000.0,-10329000.0,-21000.0,19378000.0,-26572000.0,-12332000.0,-30508000.0,-1233000.0,42218000.0,0.0,15702000.0,15702000.0,15702000.0,-211000.0,6815000.0,0.21,19519000.0,37824000.0,50620000.0,1.276,1.04,13.882,13.738,1870453000.0,0.0,29.4,2.792,2.792,6057000.0,-116989000.0,74770000.0,74770000.0,0.0,,,,,0.0,5701000.0,1.0,27439648.0,27439648.0,,2.725,2341526000.0,0.0,0.0,0.0,85.334,
82,SITC,MRQ,2000-12-31,2000-12-31,2000-12-31,2021-08-25,0.0,2332021000.0,,,,,28.563,7472000.0,4243000.0,4243000.0,15983000.0,23119000.0,,1.975,1227575000.0,,,1227575000.0,0.0,54201000.0,0.0,0.108,0.72,35808000.0,90009000.0,1.284,90009000.0,35808000.0,16302000.0,0.6,0.66,0.6,783750000.0,,783750000.0,2042974416.0,14.0,10.021,39495000.0,1.439,1.0,54104000.0,0.772,0.0,19506000.0,3555353000.0,,0.0,395955000.0,,,1548271000.0,,,730443416.0,1709000.0,3585000.0,171000.0,-5453000.0,-26575000.0,-37698000.0,7384000.0,-3673000.0,32023000.0,0.0,16302000.0,16302000.0,16302000.0,0.0,6817000.0,0.233,17975000.0,36129000.0,53818000.0,1.2,0.932,9.928,10.16,1864563000.0,0.0,26.62,2.581,2.581,49414000.0,-112357000.0,70087000.0,70087000.0,0.0,,,,,0.0,5530000.0,1.0,27439648.0,27439648.0,,2.554,2332021000.0,0.0,0.0,0.0,84.987,
83,SITC,MRQ,2000-09-30,2000-09-30,2000-09-30,2021-08-25,0.0,2337953000.0,,,,,28.696,791000.0,2534000.0,2534000.0,15266000.0,21025000.0,,1.969,1315065000.0,,,1315065000.0,0.0,0.0,0.0,0.111,0.72,34002000.0,34002000.0,0.472,34002000.0,34002000.0,14210000.0,0.52,0.52,0.52,787341000.0,,787341000.0,1942573607.0,13.0,9.87,45426000.0,1.656,1.0,56838000.0,0.788,0.0,19792000.0,3650484000.0,,0.0,425537000.0,,,1550612000.0,,,706782607.0,-341000.0,-23243000.0,371000.0,69889000.0,-26628000.0,-43707000.0,-1269000.0,350000.0,44635000.0,0.0,14210000.0,14210000.0,14210000.0,0.0,6815000.0,0.197,18519000.0,38319000.0,59494000.0,1.385,0.898,9.789,10.222,1843989000.0,0.0,25.76,2.499,2.499,2214000.0,-108902000.0,72104000.0,72104000.0,0.0,,,,,0.0,4751000.0,1.0,27437213.0,27437213.0,,2.628,2337953000.0,0.0,0.0,0.0,85.211,
84,SITC,MRQ,2000-06-30,2000-06-30,2000-06-30,2021-08-25,0.0,2348637000.0,,,,,25.789,-29139000.0,2875000.0,2875000.0,15696000.0,18713000.0,,1.964,1238666000.0,,,1238666000.0,0.0,0.0,0.0,0.095,0.72,30564000.0,30564000.0,0.425,30564000.0,30564000.0,11898000.0,0.44,0.42,0.44,792520000.0,,792520000.0,2145461041.0,15.0,10.982,6407000.0,0.208,1.0,56302000.0,0.782,0.0,18666000.0,3584428000.0,,0.0,424616000.0,,,1556117000.0,,,918861041.0,1230000.0,-494000.0,-30742000.0,-23501000.0,-27657000.0,12848000.0,-47164000.0,3302000.0,35546000.0,0.0,11898000.0,11898000.0,11898000.0,0.0,6815000.0,0.165,18690000.0,37612000.0,48248000.0,1.636,1.159,12.448,11.865,1857327000.0,0.0,29.9,3.318,3.318,2563000.0,-103352000.0,71998000.0,71998000.0,0.0,,,,,0.0,5081000.0,1.0,30731138.0,30731138.0,,2.343,2348637000.0,0.0,0.0,0.0,76.425,
85,SITC,MRQ,2000-03-31,2000-03-31,2000-03-31,2021-08-25,0.0,2275018000.0,,,,,28.476,65354000.0,1645000.0,1645000.0,14198000.0,37976000.0,,1.738,1228245000.0,,,1228245000.0,0.0,0.0,0.0,0.102,0.72,49285000.0,49285000.0,0.716,49285000.0,49285000.0,31161000.0,1.06,1.02,1.06,830868000.0,,830868000.0,2056592530.0,14.0,10.536,99422000.0,3.407,1.0,54608000.0,0.794,0.0,18124000.0,3501618000.0,,0.0,425680000.0,,,1444150000.0,,,809980530.0,-4347000.0,-44608000.0,-31795000.0,4598000.0,-27642000.0,-58885000.0,20470000.0,-276000.0,34068000.0,0.0,31161000.0,31161000.0,31161000.0,0.0,6815000.0,0.453,18335000.0,36273000.0,55034000.0,0.679,0.975,10.624,10.929,1786025000.0,0.0,27.76,3.009,3.009,5866000.0,-95438000.0,68806000.0,68806000.0,0.0,,,,,0.0,5087000.0,1.0,29177973.0,29177973.0,,2.358,2275018000.0,0.0,0.0,0.0,77.97,
86,SITC,MRQ,1999-12-31,1999-12-31,1999-12-31,2021-08-25,0.0,2320860000.0,,,,,28.523,-61986000.0,5992000.0,5992000.0,16524000.0,21750000.0,,1.723,1152051000.0,,,1152051000.0,0.0,50083000.0,0.0,0.109,0.7,32877000.0,82960000.0,1.187,82960000.0,32877000.0,14935000.0,0.5,0.48,0.5,852345000.0,,852345000.0,1850187058.0,14.0,10.38,-16914000.0,-0.566,1.0,53349000.0,0.764,0.0,17942000.0,3466919000.0,,0.0,436410000.0,,,1468515000.0,,,769773058.0,4531000.0,-7608000.0,-25945000.0,70137000.0,-28275000.0,12756000.0,-53297000.0,16297000.0,45072000.0,0.0,14935000.0,14935000.0,14935000.0,0.0,6815000.0,0.214,15503000.0,37846000.0,49860000.0,1.4,0.903,12.801,13.01,1818362000.0,0.0,25.76,2.899,2.899,44852000.0,-105757000.0,69873000.0,69873000.0,0.0,,,,,0.0,4530000.0,1.0,29882494.0,29882494.0,,2.338,2320860000.0,0.0,0.0,0.0,77.666,
87,SITC,MRQ,1999-09-30,1999-09-30,1999-09-30,2021-08-25,0.0,2267384000.0,,,,,28.842,-34480000.0,1461000.0,1461000.0,12649000.0,22637000.0,,1.564,1081875000.0,,,1081875000.0,0.0,0.0,0.0,0.098,0.7,32549000.0,32549000.0,0.491,32549000.0,32549000.0,15821000.0,0.52,0.5,0.52,884182000.0,,884182000.0,2044306434.0,16.0,12.197,6396000.0,0.209,1.0,53577000.0,0.809,0.0,16728000.0,3347798000.0,,0.0,442125000.0,,,1383202000.0,,,858375434.0,-214000.0,3170000.0,260000.0,-46797000.0,-28273000.0,-4837000.0,-36253000.0,-4943000.0,40876000.0,0.0,15821000.0,15821000.0,15821000.0,0.0,6816000.0,0.239,16783000.0,36794000.0,52659000.0,1.346,0.971,14.476,14.286,1769355000.0,0.0,28.0,3.328,3.328,5954000.0,-99866000.0,66226000.0,66226000.0,0.0,,,,,0.0,4037000.0,1.0,30656266.0,30656266.0,,2.16,2267384000.0,0.0,0.0,0.0,73.962,
88,SITC,MRQ,1999-06-30,1999-06-30,1999-06-30,2021-08-25,0.0,2219589000.0,,,,,29.023,-34045000.0,1675000.0,1675000.0,11787000.0,21142000.0,,1.495,1187606000.0,,,1187606000.0,0.0,0.0,0.0,0.08,0.7,30405000.0,30405000.0,0.473,30405000.0,30405000.0,14326000.0,0.46,0.44,0.46,889560000.0,,889560000.0,2195399620.0,18.0,13.153,695000.0,0.023,1.0,52527000.0,0.817,0.0,16079000.0,3405520000.0,,0.0,427261000.0,,,1330029000.0,,,1034745620.0,-1099000.0,-15307000.0,168000.0,29789000.0,-28267000.0,-646000.0,-35193000.0,14159000.0,34740000.0,0.0,14326000.0,14326000.0,14326000.0,0.0,6816000.0,0.223,16888000.0,35639000.0,44500000.0,1.522,1.163,17.786,17.224,1736046000.0,0.0,33.76,4.056,4.056,13840000.0,-94227000.0,64314000.0,64314000.0,0.0,,,,,0.0,4563000.0,1.0,30650048.0,30650048.0,,2.098,2219589000.0,0.0,0.0,0.0,72.417,
89,SITC,MRQ,1999-03-31,1999-03-31,1999-03-31,2021-08-25,0.0,2202480000.0,,,,,29.251,-38067000.0,2774000.0,2774000.0,12554000.0,21868000.0,,1.457,1163428000.0,,,1163428000.0,0.0,0.0,0.0,0.093,0.7,32327000.0,32327000.0,0.496,32327000.0,32327000.0,15053000.0,0.5,0.48,0.5,896451000.0,,896451000.0,1957654660.0,16.0,11.835,-5825000.0,-0.19,1.0,52584000.0,0.807,0.0,17274000.0,3363134000.0,,0.0,421697000.0,,,1306029000.0,,,877103660.0,514000.0,-42812000.0,66000.0,80308000.0,-26888000.0,53237000.0,-84965000.0,-4086000.0,32242000.0,0.0,15053000.0,15053000.0,15053000.0,0.0,6815000.0,0.231,17284000.0,35300000.0,48800000.0,1.4,0.978,14.756,14.029,1721624000.0,0.0,28.62,3.598,3.598,18180000.0,-87097000.0,65138000.0,65138000.0,0.0,,,,,0.0,4644000.0,1.0,30646529.0,30646529.0,,2.125,2202480000.0,0.0,0.0,0.0,71.867,
90,SITC,MRQ,1998-12-31,1998-12-31,1998-12-31,2021-08-25,0.0,2126524000.0,,,,,31.515,-42785000.0,2260000.0,2260000.0,12671000.0,20941000.0,,1.356,1082811000.0,,,1082811000.0,0.0,42957000.0,0.0,0.074,0.655,29376000.0,72333000.0,1.162,72333000.0,29376000.0,14097000.0,0.48,0.46,0.48,902785000.0,,902785000.0,1990442223.0,17.0,12.588,-2462000.0,-0.086,1.0,49582000.0,0.796,0.0,15279000.0,3207075000.0,,0.0,346967000.0,,,1223739000.0,,,1016955223.0,569000.0,-74865000.0,65890000.0,26163000.0,-25871000.0,97023000.0,-136777000.0,-19127000.0,40323000.0,0.0,14097000.0,14097000.0,14097000.0,0.0,6844000.0,0.226,14990000.0,34592000.0,50380000.0,1.365,1.126,17.543,17.402,1693666000.0,0.0,35.5,4.457,4.457,73030000.0,-80697000.0,62253000.0,62253000.0,0.0,,,,,0.0,3671000.0,1.0,28646626.0,28646626.0,,2.173,2126524000.0,0.0,0.0,0.0,74.233,
91,SITC,MRQ,1998-09-30,1998-09-30,1998-09-30,2021-08-25,0.0,1986705000.0,,,,,29.357,-413071000.0,1691000.0,1691000.0,13110000.0,20711000.0,,1.365,975178000.0,,,975178000.0,0.0,0.0,0.0,0.071,0.655,31852000.0,31852000.0,0.502,31852000.0,31852000.0,14702000.0,0.52,0.5,0.52,840124000.0,,840124000.0,1867277742.0,17.0,13.156,-367288000.0,-12.834,1.0,50285000.0,0.793,0.0,17150000.0,2960192000.0,,0.0,254150000.0,,,1146581000.0,,,1044531742.0,-191000.0,146175000.0,350000.0,91782000.0,-5155000.0,235309000.0,-281283000.0,-14387000.0,45783000.0,0.0,14702000.0,14702000.0,14702000.0,0.0,6009000.0,0.232,15662000.0,34623000.0,45474000.0,1.26,1.243,18.134,17.718,1665984000.0,0.0,36.5,4.878,4.878,29882000.0,-74749000.0,63395000.0,63395000.0,0.0,,,,,0.0,3244000.0,1.0,28617308.0,28617308.0,,2.215,1986705000.0,0.0,0.0,0.0,69.423,
92,SITC,MRQ,1998-06-30,1998-06-30,1998-06-30,2021-08-25,0.0,1567556000.0,,,,,24.304,-46199000.0,1882000.0,1882000.0,10745000.0,19138000.0,,1.257,824628000.0,,,824628000.0,0.0,0.0,0.0,0.065,0.655,28902000.0,28902000.0,0.546,28902000.0,28902000.0,15588000.0,0.54,0.52,0.54,694477000.0,,694477000.0,1875564743.0,19.0,14.181,-21827000.0,-0.764,1.0,42235000.0,0.797,0.0,13314000.0,2390302000.0,,0.0,185148000.0,,,873079000.0,,,1121560743.0,-12219000.0,-15128000.0,26142000.0,31481000.0,-22289000.0,35239000.0,-71830000.0,-10503000.0,24372000.0,0.0,15588000.0,15588000.0,15588000.0,0.0,3550000.0,0.294,13155000.0,29080000.0,31556000.0,1.213,1.615,19.993,19.24,1341299000.0,0.0,39.25,5.798,5.798,0.0,-71250000.0,52980000.0,52980000.0,0.0,,,,,0.0,3071000.0,1.0,28574796.0,28574796.0,,1.854,1567556000.0,0.0,0.0,0.0,54.858,
93,SITC,MRQ,1998-03-31,1998-03-31,1998-03-31,2021-08-25,0.0,1483252000.0,,,,,24.034,-60848000.0,14101000.0,14101000.0,10054000.0,17132000.0,,1.218,768105000.0,,,768105000.0,0.0,0.0,0.0,0.062,0.655,25035000.0,25035000.0,0.505,25035000.0,25035000.0,13582000.0,0.5,0.48,0.5,668621000.0,,668621000.0,1805772990.0,20.0,14.542,-31248000.0,-1.123,1.0,39486000.0,0.797,0.0,11453000.0,2237256000.0,,0.0,162977000.0,,,814631000.0,,,1137269990.0,14083000.0,13360000.0,1433000.0,53589000.0,-21714000.0,32882000.0,-48399000.0,-911000.0,29600000.0,0.0,13582000.0,13582000.0,13582000.0,0.0,3550000.0,0.274,12068000.0,27418000.0,33021000.0,1.31,1.701,21.498,20.543,1265710000.0,0.0,40.88,6.273,6.273,0.0,-68098000.0,49540000.0,49540000.0,0.0,,,,,0.0,2932000.0,1.0,27819716.0,27819716.0,,1.781,1483252000.0,0.0,0.0,0.0,53.317,
94,SITC,MRQ,1997-12-31,1997-12-31,1997-12-31,2021-08-25,0.0,1391918000.0,,,,,24.049,-151724000.0,18000.0,18000.0,10736000.0,17280000.0,,1.08,706222000.0,,,706222000.0,0.0,32313000.0,0.0,0.066,0.63,23828000.0,56141000.0,1.164,56141000.0,23828000.0,13730000.0,0.5,0.52,0.5,669050000.0,,669050000.0,,,,-126510000.0,-4.547,1.0,37495000.0,0.777,0.0,10098000.0,2098122000.0,,0.0,136267000.0,,,722868000.0,,,1064104137.0,-858000.0,-14866000.0,13887000.0,152186000.0,-20790000.0,144599000.0,-170671000.0,-4081000.0,25214000.0,0.0,13730000.0,13730000.0,13730000.0,0.0,3550000.0,0.285,15739000.0,21756000.0,28601000.0,1.26,1.59,19.956,18.568,1154005000.0,0.0,38.25,6.288,6.288,20363000.0,-63517000.0,48231000.0,48231000.0,0.0,,,,,0.0,3409000.0,1.0,27819716.0,27819716.0,,1.734,1391918000.0,0.0,0.0,0.0,50.034,
95,SITC,MRQ,1997-09-30,1997-09-30,1997-09-30,2021-08-25,,,,,,,,-87607000.0,,,8960000.0,16747000.0,,,,,,,,0.0,,0.062,0.63,22179000.0,22179000.0,0.52,22179000.0,22179000.0,13197000.0,0.5,0.5,0.5,,,,,,,-62844000.0,,1.0,33712000.0,0.79,,8982000.0,,,,,,,,,,,-14235000.0,-2433000.0,19104000.0,52126000.0,-20188000.0,51042000.0,-90040000.0,0.0,24763000.0,0.0,13197000.0,13197000.0,13197000.0,0.0,3550000.0,0.309,10923000.0,22789000.0,,1.26,,,,,0.0,40.0,,,,,42672000.0,42672000.0,0.0,,,,,0.0,2620000.0,1.0,,,,,,,0.0,,,
96,SITC,MRQ,1997-06-30,1997-06-30,1997-06-30,2021-08-25,,,,,,,,-34065000.0,,,8385000.0,15941000.0,,,,,,,,0.0,,0.061,0.63,20822000.0,20822000.0,0.51,20822000.0,20822000.0,12391000.0,0.49,0.48,0.49,,,,,,,-10756000.0,,1.0,32482000.0,0.795,,8431000.0,,,,,,,,,,,12428000.0,-7417000.0,49487000.0,467000.0,-19353000.0,30601000.0,-41482000.0,0.0,23309000.0,0.0,12391000.0,12391000.0,12391000.0,0.0,3550000.0,0.303,10466000.0,22016000.0,,1.286,,,,,0.0,40.0,,,,,40867000.0,40867000.0,0.0,,,,,0.0,2666000.0,1.0,,,,,,,0.0,,,
97,SITC,MRQ,1997-03-31,1997-03-31,1997-03-31,2021-08-25,,,,,,,,-108565000.0,,,8064000.0,17554000.0,,,,,,,,0.0,,0.064,0.63,22051000.0,22051000.0,0.589,22051000.0,22051000.0,14004000.0,0.57,0.56,0.57,,,,,,,-87458000.0,,1.0,29389000.0,0.785,,8047000.0,,,,,,,,,,,2670000.0,-5462000.0,116446000.0,-1532000.0,-19324000.0,95590000.0,-114027000.0,0.0,21107000.0,0.0,14004000.0,14004000.0,14004000.0,0.0,3550000.0,0.374,6240000.0,23149000.0,,1.105,,,,,0.0,37.75,,,,,37453000.0,37453000.0,0.0,,,,,0.0,2360000.0,1.0,,,,,,,0.0,,,
98,SITC,MRQ,1996-12-31,1996-12-31,1996-12-31,2021-08-25,0.0,975126000.0,,,,,,,13000.0,13000.0,,,,1.078,478432000.0,,,478432000.0,0.0,,0.0,0.065,0.6,,,,,,,,,,469336000.0,,469336000.0,,,,,,1.0,,,0.0,,1453545000.0,,0.0,106796000.0,,,505790000.0,,,,,,,,,,,,,,,,,,,,,,20921000.0,,,,22.095,849608000.0,,37.12,,,11439000.0,-51384000.0,,,,,,,,,,1.0,,,,,975126000.0,0.0,,0.0,,
0,SITC,MRT,2021-06-30,2021-06-30,2021-06-30,2021-08-25,0.0,4053458000.0,4070496000.0,,,0.12,9.541,-44508000.0,61151000.0,61151000.0,147235000.0,44533000.0,,1.011,1798422000.0,,,1798422000.0,0.0,179580000.0,0.0,0.019,0.28,119615000.0,299195000.0,0.614,299195000.0,119615000.0,43878000.0,0.1,0.1,0.1,2013458000.0,2019892250.0,2013458000.0,4764891149.0,40.0,15.926,218553000.0,1.036,1.0,339824000.0,0.698,0.0,75737000.0,5790729000.0,5796145000.0,0.0,265167000.0,,,2036427000.0,,,3178129149.0,-67524000.0,3506000.0,219367000.0,-305203000.0,-53371000.0,-289583000.0,-41002000.0,0.0,263061000.0,-9000.0,43878000.0,20379000.0,20379000.0,0.0,655000.0,0.042,249873000.0,89951000.0,209757000.0,2.8,1.578,155.951,150.6,3544326000.0,18343000.0,15.06,6.525,6.525,61984000.0,-4123347000.0,487059000.0,487059000.0,0.0,0.005,0.01,0.021,0.246,15660000.0,57823000.0,1.0,211031152.0,211031152.0,,2.308,4053458000.0,0.0,0.0,0.0,19.208,
1,SITC,MRT,2021-03-31,2021-03-31,2021-03-31,2021-08-25,0.0,4175380000.0,4069264250.0,,,0.113,11.212,-47153000.0,193701000.0,193701000.0,142145000.0,18143000.0,,0.924,1780463000.0,,,1780463000.0,0.0,173236000.0,0.0,0.012,0.16,93808000.0,267044000.0,0.582,267044000.0,93808000.0,17396000.0,-0.02,-0.02,-0.02,2168132000.0,2005656000.0,2168132000.0,4481241331.0,48.0,16.781,163277000.0,0.844,1.0,317017000.0,0.69,0.0,76412000.0,5762142000.0,5800136750.0,0.0,266017000.0,,,2003776000.0,,,2622147331.0,-320650000.0,31031000.0,219576000.0,-665008000.0,-69156000.0,-514958000.0,-16122000.0,0.0,210430000.0,-13000.0,17396000.0,-3135000.0,-3135000.0,0.0,747000.0,-0.007,244606000.0,72411000.0,195050000.0,-8.0,1.209,-836.411,-678.0,3520950000.0,20531000.0,13.56,5.711,5.711,63760000.0,-4111779000.0,459162000.0,459162000.0,0.0,-0.001,-0.002,0.016,0.204,16476000.0,58900000.0,1.0,193373697.0,193373697.0,,2.374,4175380000.0,0.0,0.0,0.0,21.592,
2,SITC,MRT,2020-12-31,2020-12-31,2020-12-31,2021-08-25,-2682000.0,4108284000.0,4136689500.0,,,0.111,10.048,-62263000.0,74414000.0,74414000.0,138402000.0,36590000.0,,1.114,1933508000.0,,,1933508000.0,0.0,170669000.0,0.0,0.025,0.25,113325000.0,283994000.0,0.617,283994000.0,113325000.0,35721000.0,0.08,0.08,0.08,1941508000.0,1954722250.0,1941508000.0,3674853184.0,32.0,12.94,127907000.0,0.662,1.0,321931000.0,0.699,0.0,77604000.0,5967378000.0,5903958250.0,0.0,267332000.0,,,2163461000.0,,,1955384184.0,55285000.0,157241000.0,-9925000.0,-128449000.0,-98348000.0,-237363000.0,102478000.0,7500000.0,190170000.0,-4000.0,35721000.0,15190000.0,15190000.0,0.0,869000.0,0.033,228750000.0,93181000.0,215109000.0,3.125,1.007,128.728,126.5,3562331000.0,20531000.0,10.12,4.248,4.248,73517000.0,-4099534000.0,460333000.0,460333000.0,0.0,0.004,0.008,0.019,0.246,8800000.0,52881000.0,1.0,193219781.0,193219781.0,,2.382,4108284000.0,0.0,0.0,0.0,21.262,
3,SITC,MRT,2020-09-30,2020-09-30,2020-09-30,2021-08-25,-3728000.0,3944862000.0,4133024000.0,,,0.113,10.127,-76519000.0,57513000.0,57513000.0,135400000.0,61920000.0,,1.015,1776982000.0,,,1776982000.0,0.0,166701000.0,0.0,0.056,0.4,140244000.0,306945000.0,0.656,306945000.0,140244000.0,61009000.0,0.16,0.16,0.16,1956471000.0,1963948750.0,1956471000.0,3149141244.0,22.0,10.26,130149000.0,0.674,1.0,332819000.0,0.711,0.0,79235000.0,5664331000.0,5892560250.0,0.0,366017000.0,,,1985150000.0,,,1390976244.0,31469000.0,120224000.0,186133000.0,-83493000.0,-139374000.0,-237543000.0,62344000.0,18639000.0,206668000.0,21000.0,61009000.0,31351000.0,31351000.0,0.0,911000.0,0.067,219279000.0,113540000.0,203035000.0,2.5,0.711,44.368,45.0,3354083000.0,22482000.0,7.2,2.971,2.971,79208000.0,-4083405000.0,468219000.0,468219000.0,0.0,0.008,0.016,0.024,0.3,5978000.0,52578000.0,1.0,193191145.0,193191145.0,,2.424,3944862000.0,0.0,0.0,0.0,20.419,
4,SITC,MRT,2020-06-30,2020-06-30,2020-06-30,2021-08-25,188000.0,4048531000.0,4171773750.0,,,0.116,10.13,-65795000.0,128684000.0,128684000.0,136542000.0,78418000.0,,1.068,1886849000.0,,,1886849000.0,0.0,166285000.0,0.0,0.074,0.6,159658000.0,325943000.0,0.672,325943000.0,159658000.0,77352000.0,0.23,0.23,0.23,1956513000.0,1975937500.0,1956513000.0,3296855868.0,21.0,10.115,156015000.0,0.808,1.0,348648000.0,0.719,0.0,82306000.0,5806696000.0,5953257750.0,0.0,363586000.0,,,2088727000.0,,,1564508868.0,117512000.0,140248000.0,186116000.0,-3675000.0,-178883000.0,-197390000.0,93092000.0,18639000.0,221810000.0,7000.0,77352000.0,44445000.0,44445000.0,0.0,1066000.0,0.092,223253000.0,125395000.0,196745000.0,2.609,0.8,35.201,35.217,3381069000.0,25731000.0,8.1,3.225,3.225,81184000.0,-4085559000.0,485190000.0,485190000.0,0.0,0.011,0.022,0.027,0.329,6864000.0,54218000.0,1.0,193149243.0,193149243.0,,2.512,4048531000.0,0.0,0.0,0.0,20.961,
5,SITC,MRT,2020-03-31,2020-03-31,2020-03-31,2021-08-25,-104000.0,4445081000.0,4195326500.0,,,0.121,10.135,-73702000.0,514364000.0,514364000.0,139216000.0,100358000.0,,1.261,2246711000.0,,,2246711000.0,0.0,165472000.0,0.0,0.154,0.8,182824000.0,348296000.0,0.688,348296000.0,182824000.0,99242000.0,0.33,0.33,0.33,1964397000.0,1992843500.0,1964397000.0,2838021999.0,16.0,8.148,190039000.0,0.98,1.0,367060000.0,0.725,0.0,83582000.0,6177428000.0,5999196750.0,0.0,369088000.0,,,2477603000.0,,,1009857999.0,502678000.0,97347000.0,186059000.0,391152000.0,-179472000.0,196653000.0,42284000.0,18639000.0,263741000.0,13000.0,99242000.0,63085000.0,63085000.0,0.0,1116000.0,0.125,223870000.0,143190000.0,186845000.0,2.424,0.514,16.008,15.788,3403579000.0,28981000.0,5.21,1.995,1.995,56436000.0,-4075813000.0,506276000.0,506276000.0,0.0,0.015,0.032,0.03,0.361,6991000.0,55648000.0,1.0,193830710.0,193830710.0,,2.612,4445081000.0,0.0,0.0,0.0,22.933,
6,SITC,MRT,2019-12-31,2019-12-31,2019-12-31,2021-08-25,-491000.0,4093622000.0,4113062000.0,,,0.124,10.208,145000.0,19133000.0,19133000.0,139663000.0,101825000.0,,1.068,1847297000.0,,,1847297000.0,0.0,165087000.0,0.0,0.057,0.8,185420000.0,350507000.0,0.69,350507000.0,185420000.0,100699000.0,0.33,0.33,0.33,1978414000.0,2014230500.0,1978414000.0,4524391673.0,24.0,12.908,270299000.0,1.395,1.0,368325000.0,0.725,0.0,84721000.0,5921786000.0,5936968250.0,0.0,484600000.0,,,2112144000.0,,,2717131673.0,5481000.0,-21679000.0,179811000.0,-52370000.0,-180698000.0,-254278000.0,-10395000.0,11139000.0,270154000.0,2000.0,100699000.0,61292000.0,61292000.0,0.0,1126000.0,0.121,226841000.0,141484000.0,220811000.0,2.424,1.373,44.331,42.485,3420664000.0,32231000.0,14.02,5.349,5.349,60594000.0,-4066099000.0,507988000.0,507988000.0,0.0,0.015,0.03,0.031,0.365,9890000.0,58384000.0,1.0,193803971.0,193803971.0,,2.621,4093622000.0,0.0,0.0,0.0,21.122,
7,SITC,MRT,2019-09-30,2019-09-30,2019-09-30,2021-08-25,-757000.0,4099861000.0,4141239250.0,,,0.125,11.101,635316000.0,26023000.0,26023000.0,145391000.0,258860000.0,,1.044,1833283000.0,,,1833283000.0,0.0,168987000.0,0.0,0.053,0.8,346907000.0,515894000.0,0.994,515894000.0,346907000.0,257544000.0,1.21,1.21,1.21,2004426000.0,2037145500.0,2004426000.0,4575999040.0,13.0,8.87,890685000.0,4.933,1.0,373389000.0,0.72,0.0,89363000.0,5907121000.0,5975793250.0,0.0,537547000.0,,,2092356000.0,,,2728289040.0,12754000.0,-78317000.0,-51396000.0,-567375000.0,-179945000.0,-799614000.0,556999000.0,0.0,255369000.0,-4000.0,257544000.0,224013000.0,224013000.0,0.0,1316000.0,0.432,233921000.0,139468000.0,214430000.0,0.661,1.361,12.179,12.488,3354820000.0,33531000.0,15.11,5.259,5.259,60655000.0,-4037373000.0,518780000.0,518780000.0,0.0,0.054,0.11,0.058,0.669,11706000.0,60634000.0,1.0,180561816.0,180561816.0,,2.873,4099861000.0,0.0,0.0,0.0,22.706,
8,SITC,MRT,2019-06-30,2019-06-30,2019-06-30,2021-08-25,-769000.0,4142742000.0,4271297000.0,,,0.127,11.211,607894000.0,11165000.0,11165000.0,151530000.0,226267000.0,,1.045,1858875000.0,,,1858875000.0,0.0,177884000.0,0.0,0.06,0.8,320148000.0,498032000.0,0.922,498032000.0,320148000.0,224983000.0,1.04,1.04,1.04,2024137000.0,2028540750.0,2024137000.0,4202921880.0,13.0,8.439,829766000.0,4.596,1.0,388820000.0,0.72,0.0,95165000.0,5990452000.0,6246968250.0,0.0,564640000.0,,,2115491000.0,,,2390430880.0,-95629000.0,-106197000.0,-51473000.0,-500089000.0,-213994000.0,-819198000.0,501697000.0,0.0,221872000.0,-3000.0,224983000.0,191452000.0,191452000.0,0.0,1284000.0,0.354,259728000.0,129092000.0,211975000.0,0.769,1.181,12.486,12.731,3380683000.0,33531000.0,13.24,4.424,4.424,63935000.0,-4016360000.0,540350000.0,540350000.0,0.0,0.045,0.094,0.051,0.592,8538000.0,60561000.0,1.0,180546139.0,180546139.0,,2.993,4142742000.0,0.0,0.0,0.0,22.946,
9,SITC,MRT,2019-03-31,2019-03-31,2019-03-31,2021-08-25,-1077000.0,4116023000.0,4911708750.0,,,0.127,11.36,765657000.0,11673000.0,11673000.0,179527000.0,206097000.0,,1.006,1824164000.0,,,1824164000.0,0.0,210286000.0,0.0,0.072,0.98,323368000.0,533654000.0,0.856,533654000.0,323368000.0,204377000.0,0.92,0.92,0.92,2049945000.0,2194365250.0,2049945000.0,4328459824.0,13.0,8.111,1013577000.0,5.617,1.0,443682000.0,0.712,0.0,118991000.0,5928514000.0,7296190500.0,0.0,526792000.0,,,2063057000.0,,,2457704824.0,-54138000.0,-44596000.0,-51416000.0,-690184000.0,-248045000.0,-1043312000.0,741254000.0,0.0,247920000.0,-6000.0,204377000.0,170846000.0,170846000.0,0.0,1720000.0,0.274,312758000.0,130924000.0,194257000.0,1.065,1.199,14.385,14.804,3385422000.0,33531000.0,13.62,3.944,3.944,80626000.0,-3988996000.0,623209000.0,623209000.0,0.0,0.035,0.078,0.044,0.519,8657000.0,62905000.0,1.0,180448225.0,180448225.0,,3.454,4116023000.0,0.0,0.0,0.0,22.81,
10,SITC,MRT,2018-12-31,2018-12-31,2018-12-31,2021-08-25,-1381000.0,4206331000.0,5610314500.0,,,0.126,11.209,814534000.0,13650000.0,13650000.0,207992000.0,116105000.0,,1.031,1884405000.0,,,1884405000.0,0.0,242102000.0,0.0,0.105,1.16,255739000.0,497841000.0,0.704,497841000.0,255739000.0,114434000.0,0.43,0.43,0.43,2070074000.0,2373733250.0,2070074000.0,4416089198.0,17.0,8.87,1077952000.0,5.837,1.0,499263000.0,0.706,0.0,141305000.0,6077086000.0,8460599250.0,0.0,553608000.0,,,2133329000.0,,,2044360198.0,-81070000.0,-16399000.0,-32307000.0,-795509000.0,-281332000.0,-1162816000.0,818328000.0,0.0,263418000.0,-4000.0,114434000.0,80903000.0,80903000.0,0.0,1671000.0,0.114,373882000.0,125381000.0,203662000.0,2.698,0.988,25.269,25.744,3455509000.0,33531000.0,11.07,2.891,2.891,67335000.0,-3980151000.0,707255000.0,707255000.0,0.0,0.014,0.034,0.03,0.362,7468000.0,61639000.0,1.0,184675718.0,184675718.0,,3.83,4206331000.0,0.0,0.0,0.0,22.777,
11,SITC,MRT,2018-09-30,2018-09-30,2018-09-30,2021-08-25,-1093000.0,4620092000.0,6351250000.0,,,0.124,10.668,350049000.0,13273000.0,13273000.0,237170000.0,-285435000.0,,1.343,2385002000.0,,,2385002000.0,0.0,276349000.0,0.0,0.1,1.34,-126920000.0,149429000.0,0.19,149429000.0,-126920000.0,-284451000.0,-1.75,-1.75,-1.75,1970007000.0,2578947750.0,1970007000.0,5955515376.0,-47.0,39.855,655692000.0,3.551,1.0,551065000.0,0.699,0.0,157531000.0,6991821000.0,9672493000.0,0.0,514339000.0,,,2645101000.0,,,2472563376.0,-6818000.0,119267000.0,9804000.0,-453753000.0,-314346000.0,-811970000.0,499509000.0,0.0,305643000.0,-3000.0,-284451000.0,-317982000.0,-317982000.0,0.0,-984000.0,-0.403,680632000.0,-129567000.0,214693000.0,-0.766,1.255,-7.776,-7.651,3886781000.0,33531000.0,13.39,3.137,3.137,93923000.0,-4115736000.0,788235000.0,788235000.0,0.0,-0.05,-0.123,-0.013,-0.161,7300000.0,55104000.0,1.0,184657459.0,184657459.0,,4.269,4620092000.0,0.0,0.0,0.0,25.02,
12,SITC,MRT,2018-06-30,2018-06-30,2018-06-30,2021-08-25,-1457000.0,6704389000.0,7106401250.0,,,0.123,14.555,498283000.0,106797000.0,106797000.0,260116000.0,-275512000.0,,1.493,3589749000.0,,,3589749000.0,0.0,311930000.0,0.0,0.085,1.52,-97672000.0,214258000.0,0.246,214258000.0,-97672000.0,-274537000.0,-1.7,-1.7,-1.7,2687435000.0,2881469250.0,2687435000.0,6980738129.0,-71.0,32.581,860707000.0,4.662,1.0,611448000.0,0.702,0.0,176865000.0,10187341000.0,10834071250.0,0.0,321104000.0,,,4012051000.0,,,3305035129.0,-368733000.0,147003000.0,15973000.0,-1109358000.0,-312400000.0,-1406636000.0,675479000.0,0.0,362424000.0,-6000.0,-274537000.0,-308069000.0,-308069000.0,0.0,-975000.0,-0.353,711071000.0,-99623000.0,343612000.0,-0.894,1.23,-10.728,-10.529,5921767000.0,33532000.0,17.9,3.792,3.792,123451000.0,-3397993000.0,871564000.0,871564000.0,0.0,-0.043,-0.107,-0.009,-0.112,8239000.0,53322000.0,1.0,184638834.0,184638834.0,,4.72,6704389000.0,0.0,0.0,0.0,36.311,
13,SITC,MRT,2018-03-31,2018-03-31,2018-03-31,2021-08-25,-1311000.0,6910446000.0,7497813500.0,,,0.12,14.993,524619000.0,65817000.0,65817000.0,261472000.0,-243001000.0,,1.495,3741520000.0,,,3741520000.0,0.0,329744000.0,0.0,0.104,1.52,-60737000.0,269007000.0,0.3,269007000.0,-60737000.0,-241597000.0,-1.5,-1.5,-1.5,2767417000.0,3021989000.0,2767417000.0,6460452384.0,-106.0,24.016,900880000.0,4.881,1.0,634763000.0,0.708,0.0,180860000.0,10586149000.0,11377528000.0,0.0,333659000.0,,,4138123000.0,,,2705864384.0,-483000.0,86057000.0,22358000.0,-909594000.0,-309115000.0,-1028321000.0,651577000.0,30901000.0,376261000.0,-2000.0,-241597000.0,-273145000.0,-273145000.0,0.0,-1404000.0,-0.305,744177000.0,-109414000.0,317916000.0,-1.013,0.978,-9.906,-9.773,6110603000.0,31548000.0,14.66,3.019,3.019,120139000.0,-3315974000.0,896235000.0,896235000.0,0.0,-0.036,-0.09,-0.005,-0.068,7978000.0,58802000.0,1.0,184574651.0,184574651.0,,4.856,6910446000.0,0.0,0.0,0.0,37.44,
14,SITC,MRT,2017-12-31,2017-12-31,2017-12-31,2021-08-25,-1106000.0,7170073000.0,7793443500.0,,,0.118,15.692,508889000.0,94724000.0,94724000.0,263743000.0,-243132000.0,,1.478,3849312000.0,,,3849312000.0,0.0,346204000.0,0.0,0.085,1.52,-53038000.0,293166000.0,0.318,293166000.0,-53038000.0,-241685000.0,-1.48,-1.48,-1.48,2890932000.0,3109810000.0,2890932000.0,7298880739.0,-138.0,24.897,919296000.0,4.99,1.0,657845000.0,0.714,0.0,188647000.0,10924661000.0,11867888250.0,0.0,383813000.0,,,4272635000.0,,,3301443739.0,55499000.0,-71349000.0,21445000.0,-717177000.0,-305819000.0,-833516000.0,478608000.0,31068000.0,410407000.0,0.0,-241685000.0,-270444000.0,-270444000.0,0.0,-1447000.0,-0.293,769642000.0,-111797000.0,344774000.0,-1.027,1.142,-12.207,-12.108,6294524000.0,28759000.0,17.92,3.582,3.582,128370000.0,-3183134000.0,921588000.0,921588000.0,0.0,-0.035,-0.087,-0.004,-0.058,11493000.0,77028000.0,1.0,184232352.0,184232352.0,,5.002,7170073000.0,0.0,0.0,0.0,38.919,
15,SITC,MRT,2017-09-30,2017-09-30,2017-09-30,2021-08-25,-1471000.0,7640697000.0,8050304750.0,,,0.117,17.292,798686000.0,20094000.0,20094000.0,274817000.0,11115000.0,,1.4,4017531000.0,,,4017531000.0,0.0,365838000.0,0.0,0.083,1.52,208865000.0,574703000.0,0.609,574703000.0,208865000.0,10094000.0,-0.07,-0.07,-0.07,3180093000.0,3196455750.0,3180093000.0,7460197667.0,36.0,12.981,1210560000.0,6.583,1.0,669476000.0,0.709,0.0,198771000.0,11638134000.0,12299788250.0,0.0,434952000.0,,,4451681000.0,,,3369067667.0,-13260000.0,-116882000.0,21384000.0,-1020641000.0,-302542000.0,-1133799000.0,708665000.0,26861000.0,411874000.0,0.0,10094000.0,-15876000.0,-15876000.0,0.0,1021000.0,-0.017,511477000.0,157999000.0,355731000.0,-21.714,1.059,-212.211,-261.714,6755026000.0,25970000.0,18.32,3.568,3.568,196152000.0,-2886547000.0,944293000.0,944293000.0,0.0,-0.002,-0.005,0.017,0.221,11858000.0,73168000.0,1.0,183901074.0,183901074.0,,5.135,7640697000.0,0.0,0.0,0.0,41.548,
16,SITC,MRT,2017-06-30,2017-06-30,2017-06-30,2021-08-25,-2632000.0,8270038000.0,8320384500.0,,,0.117,17.705,687077000.0,475536000.0,475536000.0,280442000.0,-50192000.0,,1.542,4566666000.0,,,4566666000.0,0.0,376079000.0,0.0,0.084,1.52,155166000.0,531245000.0,0.547,531245000.0,155166000.0,-51249000.0,-0.39,-0.39,-0.39,3249514000.0,3219450250.0,3249514000.0,7784009442.0,50.0,14.652,1126598000.0,6.138,1.0,690227000.0,0.711,0.0,206415000.0,12361168000.0,12803765000.0,0.0,435485000.0,,,5011822000.0,,,3329385442.0,448380000.0,-222168000.0,21635000.0,-374079000.0,-300876000.0,-485350000.0,494209000.0,29300000.0,439521000.0,2000.0,-51249000.0,-74430000.0,-74430000.0,0.0,1057000.0,-0.077,615558000.0,74669000.0,368412000.0,-3.897,1.025,-44.732,-46.513,6970843000.0,23181000.0,18.14,3.43,3.43,134039000.0,-2809110000.0,970669000.0,970669000.0,0.0,-0.009,-0.023,0.012,0.16,11690000.0,78504000.0,1.0,183538338.0,183538338.0,,5.289,8270038000.0,0.0,0.0,0.0,45.059,
17,SITC,MRT,2017-03-31,2017-03-31,2017-03-31,2021-08-25,-3432000.0,8092966000.0,8458271500.0,,,0.117,17.017,540380000.0,66302000.0,66302000.0,286412000.0,-38702000.0,,1.592,4520926000.0,,,4520926000.0,0.0,383501000.0,0.0,0.061,1.52,171717000.0,555218000.0,0.56,555218000.0,171717000.0,-39802000.0,-0.32,-0.32,-0.32,3118701000.0,3257125000.0,3118701000.0,9047509849.0,53.0,16.295,1011152000.0,5.517,1.0,705391000.0,0.711,0.0,211519000.0,12547590000.0,13146782750.0,0.0,395362000.0,,,4965719000.0,,,4592766849.0,32067000.0,-177835000.0,17268000.0,-510993000.0,-300519000.0,-795217000.0,356512000.0,-6033000.0,470772000.0,0.0,-39802000.0,-62178000.0,-62178000.0,0.0,1100000.0,-0.063,590627000.0,114764000.0,369391000.0,-4.75,1.473,-73.865,-78.312,7181124000.0,22376000.0,25.06,4.631,4.631,167454000.0,-2761977000.0,991803000.0,991803000.0,0.0,-0.007,-0.019,0.013,0.173,11375000.0,74247000.0,1.0,183270824.0,183270824.0,,5.412,8092966000.0,0.0,0.0,0.0,44.159,
18,SITC,MRT,2016-12-31,2016-12-31,2016-12-31,2021-08-25,-4192000.0,8197518000.0,8668936750.0,,,0.116,17.678,595138000.0,39225000.0,39225000.0,292134000.0,61199000.0,,1.529,4493968000.0,,,4493968000.0,0.0,389519000.0,0.0,0.05,1.52,277601000.0,667120000.0,0.663,667120000.0,277601000.0,60012000.0,0.2,0.2,0.2,3237515000.0,3335050500.0,3237515000.0,10525916776.0,38.0,15.778,1055801000.0,5.765,1.0,713671000.0,0.71,0.0,217589000.0,12652261000.0,13493151500.0,0.0,454131000.0,,,4951506000.0,,,5592891776.0,6704000.0,-116031000.0,13536000.0,-645538000.0,-293905000.0,-926992000.0,473033000.0,-6074000.0,460663000.0,1000.0,60012000.0,37637000.0,37637000.0,0.0,1187000.0,0.037,561476000.0,152195000.0,382293000.0,7.6,1.728,148.601,152.7,7247882000.0,22375000.0,30.54,5.561,5.561,170870000.0,-2632327000.0,1005805000.0,1005805000.0,0.0,0.004,0.011,0.021,0.276,7765000.0,61051000.0,1.0,183133326.0,183133326.0,,5.492,8197518000.0,0.0,0.0,0.0,44.763,
19,SITC,MRT,2016-09-30,2016-09-30,2016-09-30,2021-08-25,-4484000.0,8721016000.0,8893829250.0,,,0.115,17.888,282751000.0,33354000.0,33354000.0,283239000.0,120899000.0,,1.663,4966379000.0,,,4966379000.0,0.0,392626000.0,0.0,0.043,1.485,344789000.0,737415000.0,0.723,737415000.0,344789000.0,119737000.0,0.54,0.54,0.54,3272071000.0,3389468000.0,3272071000.0,11288371282.0,33.0,15.308,766348000.0,4.189,1.0,737093000.0,0.722,0.0,225052000.0,13654041000.0,13881112500.0,0.0,460609000.0,,,5440366000.0,,,6376718282.0,942000.0,-277785000.0,7619000.0,-236552000.0,-286821000.0,-516971000.0,34316000.0,-1743000.0,483597000.0,-3000.0,119737000.0,97361000.0,97361000.0,0.0,1162000.0,0.095,570583000.0,166510000.0,398829000.0,2.75,1.949,65.496,64.556,7737164000.0,22376000.0,34.86,6.25,6.25,172072000.0,-2590837000.0,1020332000.0,1020332000.0,0.0,0.011,0.029,0.025,0.338,6924000.0,73080000.0,1.0,182923646.0,182923646.0,,5.578,8721016000.0,0.0,0.0,0.0,47.676,
20,SITC,MRT,2016-06-30,2016-06-30,2016-06-30,2021-08-25,-5157000.0,8821586000.0,9002445000.0,,,0.114,18.61,309081000.0,27154000.0,27154000.0,288418000.0,240798000.0,,1.592,4938807000.0,,,4938807000.0,0.0,394330000.0,0.0,0.04,1.45,468981000.0,863311000.0,0.843,863311000.0,468981000.0,239652000.0,1.2,1.2,1.2,3400213000.0,3428899250.0,3400213000.0,11626072993.0,25.0,13.467,764564000.0,4.185,1.0,735249000.0,0.718,0.0,229329000.0,13733239000.0,14046626250.0,0.0,465389000.0,,,5412794000.0,,,6628634993.0,-9480000.0,-188415000.0,789000.0,-300712000.0,-279628000.0,-580987000.0,116024000.0,-4060000.0,455483000.0,-9000.0,239652000.0,217277000.0,217277000.0,0.0,1146000.0,0.212,466221000.0,269028000.0,398909000.0,1.208,1.949,30.508,30.233,7834877000.0,22375000.0,36.28,6.475,6.475,172172000.0,-2455319000.0,1023667000.0,1023667000.0,0.0,0.024,0.063,0.033,0.458,7053000.0,71891000.0,1.0,182707690.0,182707690.0,,5.603,8821586000.0,0.0,0.0,0.0,48.283,
21,SITC,MRT,2016-03-31,2016-03-31,2016-03-31,2021-08-25,-5485000.0,8935627000.0,9103445250.0,,,0.112,18.781,381575000.0,34235000.0,34235000.0,290380000.0,218477000.0,,1.602,5031673000.0,,,5031673000.0,0.0,395932000.0,0.0,0.04,1.415,453796000.0,849728000.0,0.83,849728000.0,453796000.0,217192000.0,1.06,1.06,1.06,3430403000.0,3433918000.0,3430403000.0,11605909884.0,26.0,13.658,834148000.0,4.567,1.0,733289000.0,0.716,0.0,236604000.0,13933065000.0,14225583000.0,0.0,466832000.0,,,5496706000.0,,,6498892884.0,-33129000.0,-395908000.0,-641000.0,-195749000.0,-272448000.0,-470541000.0,-15161000.0,492000.0,452573000.0,-4000.0,217192000.0,194817000.0,194817000.0,0.0,1285000.0,0.19,468595000.0,264694000.0,389991000.0,1.335,1.894,33.359,33.566,7913076000.0,22375000.0,35.58,6.349,6.349,168065000.0,-2421296000.0,1023669000.0,1023669000.0,0.0,0.021,0.057,0.032,0.443,7351000.0,72663000.0,1.0,182655786.0,182655786.0,,5.604,8935627000.0,0.0,0.0,0.0,48.921,
22,SITC,MRT,2015-12-31,2015-12-31,2015-12-31,2021-08-25,-6283000.0,9097088000.0,9172316000.0,,,0.112,19.083,182504000.0,32520000.0,32520000.0,293693000.0,-70310000.0,,1.63,5139537000.0,,,5139537000.0,0.0,402045000.0,0.0,0.041,1.38,169559000.0,571604000.0,0.556,571604000.0,169559000.0,-72168000.0,-0.54,-0.54,-0.54,3455185000.0,3442825500.0,3455185000.0,11258882259.0,66.0,19.697,615980000.0,3.402,1.0,734378000.0,0.714,0.0,241727000.0,14204105000.0,14340829250.0,0.0,467732000.0,,,5633619000.0,,,6098265259.0,56000.0,-246673000.0,2325000.0,-109368000.0,-265277000.0,-378772000.0,-54648000.0,9521000.0,433476000.0,152000.0,-72168000.0,-94543000.0,-94543000.0,0.0,1858000.0,-0.092,754448000.0,-20070000.0,425478000.0,-2.556,1.765,-64.503,-62.37,8065300000.0,22375000.0,33.68,5.932,5.932,171623000.0,-2391793000.0,1028071000.0,1028071000.0,0.0,-0.01,-0.027,0.012,0.165,7895000.0,73382000.0,1.0,181064883.0,181064883.0,,5.678,9097088000.0,0.0,0.0,0.0,50.242,
23,SITC,MRT,2015-09-30,2015-09-30,2015-09-30,2021-08-25,-6662000.0,9155479000.0,9277897000.0,,,0.111,18.943,-15731000.0,62960000.0,62960000.0,293613000.0,-175477000.0,,1.667,5223577000.0,,,5223577000.0,0.0,407565000.0,0.0,0.044,1.345,67203000.0,474768000.0,0.461,474768000.0,67203000.0,-176335000.0,-1.1,-1.1,-1.1,3429796000.0,3521591250.0,3429796000.0,10792920758.0,161.0,22.733,390027000.0,2.154,1.0,736438000.0,0.715,0.0,243538000.0,14316096000.0,14464634000.0,0.0,393520000.0,,,5717143000.0,,,5569441758.0,-113362000.0,-176147000.0,6415000.0,-43718000.0,-258540000.0,-307372000.0,-211748000.0,11968000.0,405758000.0,82000.0,-176335000.0,-198709000.0,-198709000.0,-21472000.0,858000.0,-0.193,777348000.0,-40910000.0,425507000.0,-1.223,1.624,-28.028,-27.964,8116740000.0,22374000.0,30.76,5.407,5.407,178639000.0,-2416655000.0,1030051000.0,1030051000.0,0.0,-0.021,-0.056,0.005,0.065,9671000.0,81068000.0,1.0,181061176.0,181061176.0,,5.689,9155479000.0,0.0,0.0,0.0,50.566,
24,SITC,MRT,2015-06-30,2015-06-30,2015-06-30,2021-08-25,-6137000.0,9225587000.0,9395450000.0,,,0.108,18.947,-126562000.0,36685000.0,36685000.0,291650000.0,-168819000.0,,1.689,5260164000.0,,,5260164000.0,0.0,412193000.0,0.0,0.042,1.31,74811000.0,487004000.0,0.478,487004000.0,74811000.0,-167284000.0,-1.06,-1.06,-1.06,3420288000.0,3622978500.0,3420288000.0,10764689284.0,144.0,22.104,301543000.0,1.67,1.0,726621000.0,0.714,0.0,242095000.0,14449066000.0,14565401250.0,0.0,399218000.0,,,5778118000.0,,,5581749284.0,-333668000.0,-77459000.0,16972000.0,-340087000.0,-251957000.0,-589405000.0,-172368000.0,12451000.0,428105000.0,-404000.0,-167284000.0,-189659000.0,-189659000.0,-79041000.0,-1535000.0,-0.186,780855000.0,-54234000.0,450070000.0,-1.236,1.632,-29.43,-29.17,8181614000.0,22375000.0,30.92,5.482,5.482,175813000.0,-2408151000.0,1018271000.0,1018271000.0,0.0,-0.02,-0.052,0.005,0.073,10068000.0,83012000.0,1.0,180522292.0,180522292.0,,5.641,9225587000.0,0.0,0.0,0.0,51.105,
25,SITC,MRT,2015-03-31,2015-03-31,2015-03-31,2021-08-25,-6689000.0,9211110000.0,9509508500.0,,,0.105,19.21,-274130000.0,64145000.0,64145000.0,286899000.0,-110971000.0,,1.65,5247085000.0,,,5247085000.0,0.0,412797000.0,0.0,0.034,1.275,130577000.0,543374000.0,0.542,543374000.0,130577000.0,-109865000.0,-0.74,-0.74,-0.74,3466033000.0,3721290250.0,3466033000.0,11921383550.0,91.0,21.94,116962000.0,0.648,1.0,716089000.0,0.714,0.0,240442000.0,14394050000.0,14608083250.0,0.0,410340000.0,,,5717928000.0,,,6718988550.0,-107428000.0,363149000.0,16470000.0,-317917000.0,-246912000.0,-617460000.0,118940000.0,12815000.0,391092000.0,-414000.0,-109865000.0,-134848000.0,-134848000.0,-86386000.0,-1106000.0,-0.134,790914000.0,-74825000.0,402978000.0,-1.723,1.939,-49.826,-50.324,8104131000.0,23040000.0,37.24,6.699,6.699,180647000.0,-2358864000.0,1002988000.0,1002988000.0,0.0,-0.014,-0.036,0.009,0.13,10251000.0,82826000.0,1.0,180423968.0,180423968.0,,5.559,9211110000.0,0.0,0.0,0.0,51.053,
26,SITC,MRT,2014-12-31,2014-12-31,2014-12-31,2021-08-25,-7352000.0,9519412000.0,9597777500.0,,,0.103,20.919,-260897000.0,32312000.0,32312000.0,281107000.0,113565000.0,,1.518,5212224000.0,,,5212224000.0,0.0,419079000.0,0.0,0.034,1.24,354402000.0,773481000.0,0.785,773481000.0,354402000.0,117282000.0,0.5,0.5,0.5,3770248000.0,3813079750.0,3770248000.0,11711493749.0,33.0,15.141,159385000.0,0.884,1.0,704568000.0,0.715,0.0,237120000.0,14699324000.0,14663103250.0,0.0,414848000.0,,,5721884000.0,,,6618019749.0,-65157000.0,391951000.0,11141000.0,-344872000.0,-240551000.0,-638635000.0,153196000.0,4652000.0,420282000.0,-570000.0,117282000.0,91285000.0,91285000.0,-89398000.0,-3717000.0,0.093,516484000.0,188084000.0,448192000.0,2.48,1.755,72.498,73.44,8426200000.0,24054000.0,36.72,6.714,6.714,188906000.0,-2047212000.0,985675000.0,985675000.0,0.0,0.01,0.024,0.024,0.36,9962000.0,84484000.0,1.0,180229296.0,180229296.0,,5.469,9519412000.0,0.0,0.0,0.0,52.818,
27,SITC,MRT,2014-09-30,2014-09-30,2014-09-30,2021-08-25,-8445000.0,9625691000.0,9641192750.0,,,0.095,21.335,-235799000.0,142570000.0,142570000.0,265850000.0,132446000.0,,1.501,5236044000.0,,,5236044000.0,0.0,420972000.0,0.0,0.036,1.2,358679000.0,779651000.0,0.849,779651000.0,358679000.0,135193000.0,0.58,0.58,0.58,3835345000.0,3846683000.0,3835345000.0,10952927065.0,31.0,14.048,176922000.0,0.984,1.0,652951000.0,0.711,0.0,223486000.0,14719165000.0,14705174000.0,0.0,161737000.0,,,5757154000.0,,,6014954065.0,99475000.0,24325000.0,637178000.0,-470122000.0,-229055000.0,-121303000.0,-191943000.0,2151000.0,412721000.0,-506000.0,135193000.0,108181000.0,108181000.0,-39282000.0,-2747000.0,0.118,443792000.0,209159000.0,459787000.0,2.069,1.568,55.601,57.69,8603545000.0,25069000.0,33.46,6.547,6.547,57645000.0,-1975043000.0,918801000.0,918801000.0,0.0,0.011,0.028,0.024,0.39,8553000.0,79311000.0,1.0,179765513.0,179765513.0,,5.111,9625691000.0,0.0,0.0,0.0,53.546,
28,SITC,MRT,2014-06-30,2014-06-30,2014-06-30,2021-08-25,-11943000.0,9681821000.0,9321055750.0,,,0.094,21.226,-212783000.0,390965000.0,390965000.0,254266000.0,65760000.0,,1.53,5328938000.0,,,5328938000.0,0.0,393784000.0,0.0,0.033,1.16,287664000.0,681448000.0,0.775,681448000.0,287664000.0,66212000.0,0.2,0.2,0.2,3813535000.0,3719985000.0,3813535000.0,11384930807.0,40.0,16.707,198723000.0,1.106,1.0,625580000.0,0.711,0.0,221452000.0,14619794000.0,14245381750.0,0.0,199380000.0,,,5833007000.0,,,6334986807.0,317514000.0,-160547000.0,699431000.0,-136327000.0,-217724000.0,289213000.0,-383205000.0,-6571000.0,411506000.0,108000.0,66212000.0,38186000.0,38186000.0,21545000.0,-452000.0,0.043,424055000.0,201525000.0,442767000.0,5.8,1.661,165.898,176.3,8433330000.0,26083000.0,35.26,7.2,7.2,58863000.0,-1982326000.0,879846000.0,879846000.0,0.0,0.004,0.01,0.02,0.327,8504000.0,79017000.0,1.0,179664969.0,179664969.0,,4.897,9681821000.0,0.0,0.0,0.0,53.888,
29,SITC,MRT,2014-03-31,2014-03-31,2014-03-31,2021-08-25,-31036000.0,9564186000.0,8933780250.0,,,0.095,21.346,-239976000.0,193972000.0,193972000.0,244320000.0,-34253000.0,,1.491,5243916000.0,,,5243916000.0,0.0,433426000.0,0.0,0.034,1.12,182326000.0,615752000.0,0.728,615752000.0,182326000.0,-33118000.0,-0.4,-0.4,-0.4,3833191000.0,3592773000.0,3833191000.0,11093203735.0,61.0,18.016,172593000.0,0.961,1.0,601186000.0,0.711,0.0,215444000.0,14614130000.0,13718408500.0,0.0,441265000.0,,,5714245000.0,,,5918669735.0,144878000.0,-458096000.0,743904000.0,-81549000.0,-205394000.0,450488000.0,-718179000.0,-20490000.0,412569000.0,85000.0,-33118000.0,-65663000.0,-65663000.0,50486000.0,-1135000.0,-0.078,396231000.0,204955000.0,408017000.0,-2.8,1.544,-90.137,-82.4,8242712000.0,27299000.0,32.96,7.0,7.0,78945000.0,-1994590000.0,845506000.0,845506000.0,0.0,-0.007,-0.018,0.013,0.216,10259000.0,80049000.0,1.0,179571290.0,179571290.0,,4.708,9564186000.0,0.0,0.0,0.0,53.261,
30,SITC,MRT,2013-12-31,2013-12-31,2013-12-31,2021-08-25,-36493000.0,9693073000.0,8558189250.0,,,0.097,21.738,-210709000.0,120140000.0,120140000.0,239179000.0,-9381000.0,,1.476,5294674000.0,,,5294674000.0,0.0,324129000.0,0.0,0.035,1.08,204195000.0,528324000.0,0.637,528324000.0,204195000.0,-10175000.0,-0.28,-0.28,-0.28,3904661000.0,3470352000.0,3904661000.0,10056431420.0,49.0,19.035,163265000.0,0.909,1.0,590756000.0,0.712,0.0,214370000.0,14867607000.0,13158512000.0,0.0,448008000.0,,,5765194000.0,,,5521578420.0,55434000.0,-673740000.0,783629000.0,-3485000.0,-194497000.0,579319000.0,-897859000.0,-10029000.0,373974000.0,56000.0,-10175000.0,-43142000.0,-43142000.0,31267000.0,794000.0,-0.052,395160000.0,195596000.0,415413000.0,-3.857,1.414,-127.986,-109.786,8401082000.0,27721000.0,30.74,6.653,6.653,207851000.0,-1915638000.0,829935000.0,829935000.0,0.0,-0.005,-0.012,0.016,0.246,8371000.0,79556000.0,1.0,179621940.0,179621940.0,,4.62,9693073000.0,0.0,0.0,0.0,53.964,
31,SITC,MRT,2013-09-30,2013-09-30,2013-09-30,2021-08-25,-29866000.0,8345143000.0,8148880250.0,,,0.092,20.796,-310660000.0,61204000.0,61204000.0,218711000.0,-16764000.0,,1.5,4596057000.0,,,4596057000.0,0.0,465226000.0,0.0,0.033,1.05,179859000.0,645085000.0,0.86,645085000.0,179859000.0,-17389000.0,-0.3,-0.3,-0.3,3328553000.0,3329721250.0,3328553000.0,9408294441.0,52.0,14.585,72789000.0,0.455,1.0,531729000.0,0.709,0.0,197248000.0,12879996000.0,12521647250.0,0.0,631983000.0,,,4992816000.0,,,5029112441.0,15057000.0,-189354000.0,226511000.0,117668000.0,-187909000.0,150246000.0,-518638000.0,-19641000.0,383449000.0,67000.0,-17389000.0,-50777000.0,-50777000.0,35698000.0,625000.0,-0.068,348167000.0,183562000.0,346933000.0,-3.5,1.511,-99.043,-104.733,7139441000.0,28142000.0,31.42,6.702,6.702,77857000.0,-1867741000.0,750440000.0,750440000.0,0.0,-0.006,-0.015,0.014,0.24,14077000.0,78876000.0,1.0,160060867.0,160060867.0,,4.688,8345143000.0,0.0,0.0,0.0,52.137,
32,SITC,MRT,2013-06-30,2013-06-30,2013-06-30,2021-08-25,-30367000.0,8132719000.0,8049996500.0,,,0.091,20.655,-391571000.0,65242000.0,65242000.0,212722000.0,10308000.0,,1.454,4444424000.0,,,4444424000.0,0.0,390631000.0,0.0,0.031,1.02,204230000.0,594861000.0,0.811,594861000.0,204230000.0,9725000.0,-0.16,-0.16,-0.16,3304687000.0,3325443500.0,3304687000.0,9640606899.0,47.0,16.206,-27438000.0,-0.171,1.0,521094000.0,0.71,0.0,194505000.0,12511901000.0,12354300500.0,0.0,597182000.0,,,4804443000.0,,,5327884899.0,23271000.0,-199766000.0,271133000.0,150478000.0,-180064000.0,258228000.0,-599090000.0,-11870000.0,364133000.0,-58000.0,9725000.0,-30541000.0,-30541000.0,36278000.0,583000.0,-0.042,326753000.0,194341000.0,310048000.0,-6.375,1.612,-174.45,-208.125,7003912000.0,29216000.0,33.3,7.261,7.261,71076000.0,-1817540000.0,733816000.0,733816000.0,0.0,-0.004,-0.009,0.017,0.278,12207000.0,78178000.0,1.0,159996544.0,159996544.0,,4.586,8132719000.0,0.0,0.0,0.0,50.831,
33,SITC,MRT,2013-03-31,2013-03-31,2013-03-31,2021-08-25,-24136000.0,8061822000.0,7912803750.0,,,0.091,21.228,-227258000.0,41370000.0,41370000.0,208627000.0,-3954000.0,,1.404,4354092000.0,,,4354092000.0,0.0,251085000.0,0.0,0.028,0.99,190102000.0,441187000.0,0.615,441187000.0,190102000.0,-4462000.0,-0.26,-0.26,-0.26,3343507000.0,3295804000.0,3343507000.0,9751680575.0,51.0,22.103,96376000.0,0.612,1.0,508183000.0,0.709,0.0,194564000.0,12374544000.0,12135684500.0,0.0,617010000.0,,,4694235000.0,,,5487369575.0,2922000.0,-391849000.0,526966000.0,-86792000.0,-169843000.0,290833000.0,-611545000.0,2369000.0,323634000.0,-138000.0,-4462000.0,-38974000.0,-38974000.0,48785000.0,508000.0,-0.054,349426000.0,158757000.0,290330000.0,-3.808,1.641,-140.796,-134.0,6992664000.0,28708000.0,34.84,7.655,7.655,57558000.0,-1738333000.0,716810000.0,716810000.0,0.0,-0.005,-0.012,0.016,0.265,7553000.0,77192000.0,1.0,157501997.0,157501997.0,,4.551,8061822000.0,0.0,0.0,0.0,51.186,
34,SITC,MRT,2012-12-31,2012-12-31,2012-12-31,2021-08-25,-27925000.0,8055837000.0,7750291000.0,,,0.091,21.579,-193363000.0,54832000.0,54832000.0,208261000.0,-25329000.0,,1.403,4319143000.0,,,4319143000.0,0.0,251085000.0,0.0,0.031,0.96,171819000.0,422904000.0,0.598,422904000.0,171819000.0,-25822000.0,-0.42,-0.42,-0.42,3342138000.0,3209189000.0,3342138000.0,9111928448.0,53.0,21.546,110833000.0,0.716,1.0,498826000.0,0.705,0.0,197641000.0,12320148000.0,11919416750.0,0.0,613017000.0,,,4689377000.0,,,4850927448.0,-9471000.0,-396132000.0,488288000.0,-72983000.0,-154761000.0,274763000.0,-588430000.0,-9159000.0,304196000.0,-561000.0,-25822000.0,-60271000.0,-60271000.0,59364000.0,493000.0,-0.085,343087000.0,155739000.0,326024000.0,-2.286,1.451,-80.485,-74.571,6968394000.0,28645000.0,31.32,6.86,6.86,194946000.0,-1694822000.0,707087000.0,707087000.0,0.0,-0.008,-0.019,0.014,0.243,7553000.0,76444000.0,1.0,154882741.0,154882741.0,,4.565,8055837000.0,0.0,0.0,0.0,52.012,
35,SITC,MRT,2012-09-30,2012-09-30,2012-09-30,2021-08-25,-28343000.0,7949608000.0,7603688000.0,,,0.095,21.776,52015000.0,46687000.0,46687000.0,204324000.0,-20219000.0,,1.393,4307688000.0,,,4307688000.0,0.0,230332000.0,0.0,0.029,0.88,183972000.0,414304000.0,0.577,414304000.0,183972000.0,-20612000.0,-0.42,-0.4,-0.42,3311442000.0,3135075500.0,3311442000.0,8724993876.0,47.0,21.059,309816000.0,2.037,1.0,514240000.0,0.716,0.0,204584000.0,12210609000.0,11714834750.0,0.0,586027000.0,,,4613652000.0,,,4671504876.0,129000.0,-377646000.0,415218000.0,-256281000.0,-135107000.0,37680000.0,-295352000.0,19584000.0,257801000.0,-583000.0,-20612000.0,-55000000.0,-55000000.0,36518000.0,393000.0,-0.077,357891000.0,156349000.0,262726000.0,-2.095,1.411,-84.936,-73.143,6961667000.0,28584000.0,30.72,6.501,6.501,63113000.0,-1650608000.0,718564000.0,718564000.0,0.0,-0.007,-0.018,0.016,0.256,7439000.0,76601000.0,1.0,152067216.0,152067216.0,,4.725,7949608000.0,0.0,0.0,0.0,52.277,
36,SITC,MRT,2012-06-30,2012-06-30,2012-06-30,2021-08-25,-30875000.0,7583948000.0,7517081250.0,,,0.095,22.576,240859000.0,42296000.0,42296000.0,207602000.0,-93768000.0,,1.369,4095785000.0,,,4095785000.0,0.0,230332000.0,0.0,0.026,0.76,118168000.0,348500000.0,0.487,348500000.0,118168000.0,-90340000.0,-0.88,-0.86,-0.88,3186129000.0,3075051750.0,3186129000.0,8230026757.0,70.0,23.616,483353000.0,3.425,1.0,508277000.0,0.71,0.0,208508000.0,11637437000.0,11613236250.0,0.0,562413000.0,,,4362820000.0,,,4132324757.0,4058000.0,-354092000.0,293017000.0,-318323000.0,-111015000.0,-145349000.0,-93087000.0,10003000.0,242494000.0,-978000.0,-90340000.0,-118209000.0,-118209000.0,42446000.0,-3428000.0,-0.165,398417000.0,109860000.0,226183000.0,-0.864,1.297,-34.958,-33.273,6678727000.0,27869000.0,29.28,5.772,5.772,62498000.0,-1627030000.0,715879000.0,715879000.0,0.0,-0.016,-0.038,0.01,0.165,7439000.0,76007000.0,1.0,141131310.0,141131310.0,,5.072,7583948000.0,0.0,0.0,0.0,53.737,
37,SITC,MRT,2012-03-31,2012-03-31,2012-03-31,2021-08-25,3720000.0,7411771000.0,7537810250.0,,,0.094,21.62,225723000.0,39215000.0,39215000.0,211573000.0,-69657000.0,,1.464,4136917000.0,,,4136917000.0,0.0,230332000.0,0.0,0.021,0.6,144839000.0,375171000.0,0.527,375171000.0,144839000.0,-66223000.0,-0.76,-0.74,-0.76,2997047000.0,3072298250.0,2997047000.0,8080255454.0,56.0,21.538,475144000.0,3.428,1.0,500538000.0,0.703,0.0,211062000.0,11509473000.0,11669257500.0,0.0,363706000.0,,,4388494000.0,,,4047860454.0,-4159000.0,-114932000.0,123212000.0,-239052000.0,-89156000.0,-393052000.0,139472000.0,23506000.0,249421000.0,-778000.0,-66223000.0,-100612000.0,-100612000.0,35518000.0,-3434000.0,-0.141,346616000.0,153922000.0,211308000.0,-0.789,1.351,-40.232,-38.421,6693849000.0,27987000.0,29.2,5.684,5.684,95104000.0,-1548678000.0,712111000.0,712111000.0,0.0,-0.013,-0.033,0.012,0.203,7439000.0,74855000.0,1.0,138625358.0,138625358.0,,5.137,7411771000.0,0.0,0.0,0.0,53.466,
38,SITC,MRT,2011-12-31,2011-12-31,2011-12-31,2021-08-25,-1403000.0,7469425000.0,7630250000.0,,,0.094,21.993,220268000.0,72189000.0,72189000.0,214578000.0,-19397000.0,,1.442,4104584000.0,,,4104584000.0,0.0,230332000.0,0.0,0.018,0.44,196985000.0,427317000.0,0.599,427317000.0,196985000.0,-15854000.0,-0.4,-0.56,-0.4,3045684000.0,3135202250.0,3045684000.0,7571742239.0,38.0,17.719,493463000.0,3.563,1.0,499220000.0,0.699,0.0,212839000.0,11501820000.0,11798480750.0,0.0,353907000.0,,,4391533000.0,,,3370708239.0,22037000.0,-47862000.0,183007000.0,-377265000.0,-75720000.0,-451854000.0,200696000.0,23208000.0,273195000.0,-247000.0,-15854000.0,-53843000.0,-53843000.0,20873000.0,-3543000.0,-0.075,353640000.0,145580000.0,257821000.0,-1.1,1.107,-62.603,-60.85,6719063000.0,31587000.0,24.34,4.722,4.722,211368000.0,-1493353000.0,713798000.0,713798000.0,0.0,-0.007,-0.017,0.017,0.276,7439000.0,85221000.0,1.0,138484316.0,138484316.0,,5.154,7469425000.0,0.0,0.0,0.0,53.937,
39,SITC,MRT,2011-09-30,2011-09-30,2011-09-30,2021-08-25,1885000.0,7603181000.0,7704916250.0,,,0.093,22.224,162344000.0,24687000.0,24687000.0,215782000.0,-108783000.0,,1.465,4225721000.0,,,4225721000.0,0.0,227304000.0,0.0,0.015,0.32,110004000.0,337308000.0,0.47,337308000.0,110004000.0,-105286000.0,-1.12,-1.3,-1.12,3071347000.0,3147931750.0,3071347000.0,7207450449.0,66.0,21.368,442249000.0,3.2,1.0,502315000.0,0.7,0.0,215290000.0,11804215000.0,11928659500.0,0.0,376613000.0,,,4498863000.0,,,3012792449.0,-921000.0,-124210000.0,182379000.0,-266981000.0,-67781000.0,-334023000.0,53197000.0,3897000.0,279905000.0,267000.0,-105286000.0,-146875000.0,-146875000.0,48130000.0,-3497000.0,-0.205,349383000.0,152932000.0,147810000.0,-0.286,0.981,-20.513,-19.464,6832912000.0,35187000.0,21.8,4.196,4.196,112458000.0,-1469432000.0,718097000.0,718097000.0,0.0,-0.019,-0.047,0.009,0.153,6459000.0,88338000.0,1.0,138201488.0,138201488.0,,5.196,7603181000.0,0.0,0.0,0.0,55.015,
40,SITC,MRT,2011-06-30,2011-06-30,2011-06-30,2021-08-25,34410000.0,7666864000.0,7773390750.0,,,0.093,22.956,161575000.0,19493000.0,19493000.0,219912000.0,-77861000.0,,1.403,4214151000.0,,,4214151000.0,0.0,227304000.0,0.0,0.009,0.24,134776000.0,362080000.0,0.5,362080000.0,134776000.0,-76607000.0,-0.96,-1.14,-0.96,3175115000.0,3162811500.0,3175115000.0,8145224516.0,60.0,22.496,446000000.0,3.225,1.0,504086000.0,0.696,0.0,211383000.0,11861522000.0,12036771500.0,0.0,415584000.0,,,4453214000.0,,,3900388516.0,-6172000.0,-104705000.0,244655000.0,-326612000.0,-65316000.0,-328806000.0,38209000.0,-44474000.0,284425000.0,677000.0,-76607000.0,-121796000.0,-121796000.0,41671000.0,-1254000.0,-0.168,304982000.0,199104000.0,137532000.0,-0.25,1.228,-32.024,-29.375,6880181000.0,38787000.0,28.2,5.387,5.387,102196000.0,-1402858000.0,723998000.0,723998000.0,0.0,-0.016,-0.039,0.011,0.186,6459000.0,90564000.0,1.0,138311650.0,138311650.0,,5.235,7666864000.0,0.0,0.0,0.0,55.432,
41,SITC,MRT,2011-03-31,2011-03-31,2011-03-31,2021-08-25,27707000.0,7781530000.0,7869660500.0,,,0.093,25.294,138604000.0,25173000.0,25173000.0,220961000.0,-185757000.0,,1.383,4270009000.0,,,4270009000.0,0.0,227304000.0,0.0,0.007,0.2,61046000.0,288350000.0,0.394,288350000.0,61046000.0,-149799000.0,-1.56,-1.74,-1.56,3248663000.0,3142518250.0,3248663000.0,7874467016.0,129.0,27.309,430056000.0,3.348,1.0,511111000.0,0.698,0.0,210845000.0,12026366000.0,12229791000.0,0.0,402875000.0,,,4493881000.0,,,3596168016.0,-5223000.0,-135196000.0,114412000.0,-341354000.0,-62474000.0,-290264000.0,-6411000.0,-60979000.0,291452000.0,500000.0,-149799000.0,-192068000.0,-192068000.0,81838000.0,-35958000.0,-0.262,380496000.0,130615000.0,119775000.0,-0.128,1.107,-18.723,-17.949,6994378000.0,42269000.0,28.0,4.912,4.912,121335000.0,-1365039000.0,732072000.0,732072000.0,0.0,-0.024,-0.061,0.005,0.083,6459000.0,91676000.0,1.0,128434572.0,128434572.0,,5.7,7781530000.0,0.0,0.0,0.0,60.588,
42,SITC,MRT,2010-12-31,2010-12-31,2010-12-31,2021-08-25,25646000.0,7768090000.0,7996278750.0,,,0.093,24.177,156374000.0,47555000.0,47555000.0,222046000.0,-247721000.0,,1.496,4302000000.0,,,4302000000.0,0.0,227304000.0,0.0,0.006,0.16,285000.0,227589000.0,0.307,227589000.0,285000.0,-209358000.0,-2.06,-2.06,-2.06,3096602000.0,3128420500.0,3096602000.0,7968892575.0,27961.0,35.014,434498000.0,3.392,1.0,519886000.0,0.701,0.0,209643000.0,12022535000.0,12457043000.0,0.0,417223000.0,,,4633403000.0,,,3609308575.0,-7179000.0,-147827000.0,438667000.0,-692225000.0,-61367000.0,-317065000.0,31762000.0,-62958000.0,278124000.0,423000.0,-209358000.0,-251627000.0,-251627000.0,86786000.0,-38363000.0,-0.339,373409000.0,146477000.0,223074000.0,-0.078,1.166,-14.344,-13.68,6959127000.0,42269000.0,28.18,4.865,4.865,243589000.0,-1378341000.0,741932000.0,741932000.0,0.0,-0.031,-0.08,0.0,0.0,6459000.0,85573000.0,1.0,128080503.0,128080503.0,,5.793,7768090000.0,0.0,0.0,0.0,60.65,
43,SITC,MRT,2010-09-30,2010-09-30,2010-09-30,2021-08-25,14283000.0,7877079000.0,8160907750.0,,,0.091,25.035,164357000.0,35718000.0,35718000.0,223652000.0,-250272000.0,,1.504,4395302000.0,,,4395302000.0,0.0,233967000.0,0.0,0.007,0.16,2482000.0,236449000.0,0.317,236449000.0,2482000.0,-204695000.0,-2.42,-2.42,-2.42,3130866000.0,3069910500.0,3130866000.0,7388032875.0,2977.0,31.246,387679000.0,3.1,1.0,521612000.0,0.7,0.0,207177000.0,12236663000.0,12822265250.0,0.0,417750000.0,,,4707270000.0,,,2806375875.0,-4572000.0,-164047000.0,488387000.0,-680181000.0,-60173000.0,-251762000.0,23868000.0,-59560000.0,223322000.0,-508000.0,-204695000.0,-246964000.0,-246964000.0,166430000.0,-45577000.0,-0.331,313685000.0,207927000.0,154839000.0,-0.066,0.896,-11.364,-9.273,7013539000.0,42269000.0,22.44,3.766,3.766,119585000.0,-1278423000.0,745264000.0,745264000.0,0.0,-0.03,-0.08,0.0,0.003,20398000.0,83442000.0,1.0,125061314.0,125061314.0,,5.959,7877079000.0,0.0,0.0,0.0,62.986,
44,SITC,MRT,2010-06-30,2010-06-30,2010-06-30,2021-08-25,5184000.0,8051943000.0,8311380250.0,,,0.09,24.747,275691000.0,56394000.0,56394000.0,222976000.0,-375162000.0,,1.591,4638051000.0,,,4638051000.0,0.0,233967000.0,0.0,0.008,0.16,-120332000.0,113635000.0,0.152,113635000.0,-120332000.0,-328231000.0,-4.02,-4.02,-4.02,3093942000.0,3011742500.0,3093942000.0,7122815609.0,-59.0,62.682,492728000.0,3.941,1.0,524999000.0,0.702,0.0,207899000.0,12633600000.0,13141830750.0,0.0,415829000.0,,,4922976000.0,,,2475444609.0,-7043000.0,-169849000.0,645351000.0,-991979000.0,-58528000.0,-405132000.0,181052000.0,-2119000.0,217037000.0,-782000.0,-328231000.0,-370500000.0,-370500000.0,169213000.0,-46931000.0,-0.495,318218000.0,206781000.0,134332000.0,-0.04,0.8,-6.681,-4.925,7230638000.0,42269000.0,19.8,3.31,3.31,60547000.0,-1248469000.0,747975000.0,747975000.0,0.0,-0.045,-0.123,-0.009,-0.161,20398000.0,89148000.0,1.0,125022455.0,125022455.0,,5.983,8051943000.0,0.0,0.0,0.0,64.404,
45,SITC,MRT,2010-03-31,2010-03-31,2010-03-31,2021-08-25,2493000.0,8288003000.0,8461392000.0,,,0.089,25.574,320756000.0,83530000.0,83530000.0,222716000.0,-515001000.0,,1.574,4730901000.0,,,4730901000.0,0.0,233967000.0,0.0,0.021,0.52,-258278000.0,-24311000.0,-0.032,-24311000.0,-258278000.0,-468241000.0,-6.5,-6.5,-6.5,3192272000.0,2906281250.0,3192272000.0,8095099866.0,-31.0,-332.981,524338000.0,4.201,1.0,527735000.0,0.703,0.0,209963000.0,12935374000.0,13502217000.0,0.0,409639000.0,,,5023095000.0,,,3038281866.0,-8896000.0,-166144000.0,696747000.0,-1061236000.0,-56307000.0,-420952000.0,208474000.0,1023000.0,203582000.0,-1679000.0,-468241000.0,-510510000.0,-510510000.0,185938000.0,-46760000.0,-0.68,304520000.0,223215000.0,110895000.0,-0.08,0.952,-5.951,-3.745,7426829000.0,42269000.0,24.34,4.049,4.049,59234000.0,-1146324000.0,750451000.0,750451000.0,0.0,-0.06,-0.176,-0.019,-0.344,20398000.0,98469000.0,1.0,124826700.0,124826700.0,,6.012,8288003000.0,0.0,0.0,0.0,66.396,
46,SITC,MRT,2009-12-31,2009-12-31,2009-12-31,2021-08-25,9549000.0,8426606000.0,8628220000.0,,,0.088,29.125,348176000.0,121845000.0,121845000.0,222526000.0,-403640000.0,,1.912,5178663000.0,,,5178663000.0,0.0,233967000.0,0.0,0.048,0.88,-144976000.0,88991000.0,0.118,88991000.0,-144976000.0,-356593000.0,-5.02,-5.02,-5.02,2862562000.0,2809269000.0,2862562000.0,6856195024.0,-47.0,77.044,577111000.0,5.872,1.0,533460000.0,0.706,0.0,211617000.0,13483424000.0,13908121250.0,0.0,420541000.0,,,5474270000.0,,,1820239024.0,-1529000.0,-211526000.0,314426000.0,-649772000.0,-52289000.0,-381348000.0,150884000.0,-1885000.0,228935000.0,-1793000.0,-356593000.0,-398862000.0,-398862000.0,181911000.0,-47047000.0,-0.528,311332000.0,222128000.0,130404000.0,-0.175,0.636,-4.564,-3.689,7490403000.0,42269000.0,18.52,2.408,2.408,221806000.0,-1098661000.0,755986000.0,755986000.0,0.0,-0.046,-0.142,-0.01,-0.192,20398000.0,94365000.0,1.0,98285044.0,98285044.0,,7.692,8426606000.0,0.0,0.0,0.0,85.736,
47,SITC,MRT,2009-09-30,2009-09-30,2009-09-30,2021-08-25,2288000.0,8478969000.0,8776624000.0,,,0.085,35.924,342577000.0,129131000.0,129131000.0,224590000.0,-517989000.0,,1.893,5165087000.0,,,5165087000.0,0.0,246374000.0,0.0,0.045,0.84,-252099000.0,-5725000.0,-0.008,-5725000.0,-252099000.0,-461033000.0,-7.16,-7.16,-7.16,2898194000.0,2777951250.0,2898194000.0,6914025794.0,-27.0,-1207.69,647014000.0,8.02,1.0,519733000.0,0.698,0.0,208934000.0,13514925000.0,14223663000.0,0.0,521161000.0,,,5485800000.0,,,1490870794.0,-2367000.0,-291887000.0,307344000.0,-571483000.0,-131394000.0,-358223000.0,51419000.0,-2946000.0,304437000.0,-1389000.0,-461033000.0,-503302000.0,-503302000.0,134270000.0,-56956000.0,-0.676,402216000.0,117517000.0,158677000.0,-0.117,0.514,-2.962,-2.581,7459782000.0,42269000.0,18.48,2.003,2.003,75547000.0,-1004512000.0,744323000.0,744323000.0,0.0,-0.057,-0.181,-0.018,-0.339,27970000.0,109580000.0,1.0,80674826.0,80674826.0,,9.226,8478969000.0,0.0,0.0,0.0,105.101,
48,SITC,MRT,2009-06-30,2009-06-30,2009-06-30,2021-08-25,-24645000.0,8651990000.0,8980445750.0,,,0.086,38.843,248816000.0,141547000.0,141547000.0,225490000.0,-340510000.0,,2.202,5564702000.0,,,5564702000.0,0.0,246374000.0,0.0,0.223,2.18,-70026000.0,176348000.0,0.229,176348000.0,-70026000.0,-287937000.0,-4.96,-4.96,-4.96,2672097000.0,2766225250.0,2672097000.0,6275095504.0,-90.0,35.584,586199000.0,8.521,1.0,545990000.0,0.708,0.0,217911000.0,14075145000.0,14611824000.0,0.0,560112000.0,,,5883671000.0,,,671419504.0,-16146000.0,-383519000.0,93649000.0,-64399000.0,-211021000.0,-127605000.0,-225924000.0,-27597000.0,337383000.0,-2956000.0,-287937000.0,-330206000.0,-330206000.0,125047000.0,-52573000.0,-0.428,404042000.0,141948000.0,143298000.0,-0.44,0.251,-2.033,-1.968,7584770000.0,42269000.0,9.76,0.87,0.87,74691000.0,-852168000.0,771480000.0,771480000.0,0.0,-0.037,-0.119,-0.005,-0.091,27970000.0,103254000.0,1.0,68792982.0,68792982.0,,11.215,8651990000.0,0.0,0.0,0.0,125.768,
49,SITC,MRT,2009-03-31,2009-03-31,2009-03-31,2021-08-25,-39567000.0,8955315000.0,9135886500.0,,,0.087,43.38,179181000.0,146944000.0,146944000.0,225953000.0,-40818000.0,,2.148,5750620000.0,,,5750620000.0,0.0,246374000.0,0.0,0.742,3.16,197819000.0,444193000.0,0.558,444193000.0,197819000.0,-24689000.0,-1.24,-1.24,-1.24,2804223000.0,2831207500.0,2804223000.0,6051455293.0,31.0,13.623,555196000.0,8.589,1.0,570685000.0,0.716,0.0,222508000.0,14558991000.0,14840040000.0,0.0,587543000.0,,,6022739000.0,,,275377293.0,-33084000.0,-478635000.0,42817000.0,188606000.0,-290880000.0,-7871000.0,-401228000.0,-40788000.0,376015000.0,-1557000.0,-24689000.0,-66958000.0,-66958000.0,39988000.0,-16129000.0,-0.084,347767000.0,222918000.0,138550000.0,-2.548,0.098,-4.113,-3.435,7836919000.0,42269000.0,4.26,0.346,0.346,81041000.0,-584279000.0,796638000.0,796638000.0,0.0,-0.007,-0.024,0.013,0.248,27970000.0,96175000.0,1.0,64642557.0,64642557.0,,12.324,8955315000.0,0.0,0.0,0.0,138.536,
50,SITC,MRT,2008-12-31,2008-12-31,2008-12-31,2021-08-25,-49849000.0,9020222000.0,9185493500.0,,,0.09,45.516,133546000.0,141286000.0,141286000.0,227051000.0,-83069000.0,,2.249,5866655000.0,,,5866655000.0,0.0,246374000.0,0.0,0.424,4.14,157233000.0,403607000.0,0.489,403607000.0,157233000.0,-71930000.0,-1.92,-1.92,-1.92,2737291000.0,2865562750.0,2737291000.0,6360274461.0,40.0,15.759,525487000.0,8.738,1.0,598017000.0,0.725,0.0,229163000.0,14745591000.0,14886028500.0,0.0,583767000.0,,,6155428000.0,,,586961461.0,-20335000.0,-513237000.0,42723000.0,340067000.0,-369765000.0,56296000.0,-468572000.0,-36047000.0,391941000.0,282000.0,-71930000.0,-114199000.0,-114199000.0,36882000.0,-11139000.0,-0.138,337863000.0,260154000.0,169014000.0,-2.156,0.214,-5.14,-5.083,7900663000.0,42269000.0,9.76,0.711,0.711,240137000.0,-635239000.0,825068000.0,825068000.0,0.0,-0.012,-0.04,0.011,0.191,27970000.0,97719000.0,1.0,60139494.0,60139494.0,,13.719,9020222000.0,0.0,0.0,0.0,149.988,
51,SITC,MRT,2008-09-30,2008-09-30,2008-09-30,2021-08-25,-5202000.0,9294256000.0,9202892000.0,,,0.094,47.414,-1276459000.0,136562000.0,136562000.0,234085000.0,167512000.0,,2.26,5909875000.0,,,5909875000.0,0.0,224375000.0,0.0,0.086,5.46,393935000.0,618310000.0,0.716,618310000.0,393935000.0,143759000.0,1.68,1.7,1.68,2851290000.0,2930946250.0,2851290000.0,9525672067.0,24.0,15.406,-886129000.0,-14.735,1.0,629835000.0,0.729,0.0,250176000.0,15067569000.0,14842712000.0,0.0,709974000.0,,,6442966000.0,,,3811416067.0,-19224000.0,801772000.0,-150499000.0,706409000.0,-367862000.0,209721000.0,-619275000.0,-38197000.0,390330000.0,-305000.0,143759000.0,101491000.0,101491000.0,-12044000.0,14063000.0,0.117,303967000.0,325868000.0,168670000.0,3.25,1.337,37.554,37.726,8016469000.0,42268000.0,63.38,4.412,4.412,65930000.0,-418466000.0,863920000.0,863920000.0,0.0,0.011,0.035,0.027,0.456,5224000.0,82547000.0,1.0,60135943.0,60135943.0,,14.366,9294256000.0,0.0,0.0,0.0,154.554,
52,SITC,MRT,2008-06-30,2008-06-30,2008-06-30,2021-08-25,22832000.0,9273753000.0,9107644750.0,,,0.096,48.956,-1217374000.0,97026000.0,97026000.0,231753000.0,173966000.0,,2.163,5811282000.0,,,5811282000.0,0.0,224375000.0,0.0,0.078,5.4,401921000.0,626296000.0,0.718,626296000.0,401921000.0,151792000.0,1.82,1.82,1.82,2932026000.0,3020191750.0,2932026000.0,9746827827.0,24.0,15.563,-823411000.0,-13.749,1.0,640854000.0,0.734,0.0,250129000.0,14988009000.0,14592748000.0,0.0,689313000.0,,,6341727000.0,,,4157625827.0,303000.0,814118000.0,-254941000.0,689056000.0,-367361000.0,71364000.0,-465024000.0,-12589000.0,393963000.0,1525000.0,151792000.0,109524000.0,109524000.0,-8818000.0,12484000.0,0.126,300288000.0,340566000.0,158876000.0,2.967,1.418,37.961,38.143,8090254000.0,42268000.0,69.42,4.765,4.765,40423000.0,-363424000.0,872607000.0,872607000.0,0.0,0.012,0.036,0.028,0.461,5224000.0,82613000.0,1.0,59890894.0,59890894.0,,14.57,9273753000.0,0.0,0.0,0.0,154.844,
53,SITC,MRT,2008-03-31,2008-03-31,2008-03-31,2021-08-25,-8734000.0,9153743000.0,9026342500.0,,,0.1,49.254,560518000.0,120599000.0,120599000.0,236387000.0,262715000.0,,2.112,5709801000.0,,,5709801000.0,0.0,224375000.0,0.0,0.064,5.34,503887000.0,728262000.0,0.807,728262000.0,503887000.0,242566000.0,3.18,3.16,3.18,2941644000.0,3128292250.0,2941644000.0,10484990277.0,21.0,14.397,937174000.0,15.692,1.0,665689000.0,0.738,0.0,261321000.0,14742945000.0,14351136000.0,0.0,646627000.0,,,6212099000.0,,,5002481277.0,-9864000.0,738315000.0,-254456000.0,-377011000.0,-367822000.0,-1636451000.0,1249931000.0,733000.0,376656000.0,1107000.0,242566000.0,194857000.0,194857000.0,-13540000.0,10459000.0,0.216,295832000.0,369857000.0,135588000.0,1.679,1.701,25.673,26.34,8000096000.0,47709000.0,83.76,5.546,5.546,19076000.0,-309800000.0,902076000.0,902076000.0,0.0,0.022,0.062,0.035,0.559,5224000.0,80441000.0,1.0,59723988.0,59723988.0,,15.104,9153743000.0,0.0,0.0,0.0,153.267,
54,SITC,MRT,2007-12-31,2007-12-31,2007-12-31,2021-08-25,8965000.0,9089816000.0,9378848250.0,,,0.094,48.817,606546000.0,108505000.0,108505000.0,226846000.0,282726000.0,,2.031,5591014000.0,,,5591014000.0,0.0,224375000.0,0.0,0.069,5.28,522329000.0,746704000.0,0.844,746704000.0,522329000.0,264942000.0,3.52,3.5,3.52,2998825000.0,3258997500.0,2998825000.0,9858751226.0,19.0,13.203,1027291000.0,16.723,1.0,658179000.0,0.744,0.0,257387000.0,14572325000.0,14819624750.0,0.0,638111000.0,,,6090991000.0,,,4704305226.0,21791000.0,-1710889000.0,379701000.0,930435000.0,-356464000.0,763333000.0,-1162287000.0,1014000.0,420745000.0,-622000.0,264942000.0,214008000.0,214008000.0,-15379000.0,8094000.0,0.242,278208000.0,379971000.0,141629000.0,1.5,1.569,21.982,21.756,7960623000.0,50934000.0,76.58,5.315,5.315,217911000.0,-260018000.0,885025000.0,885025000.0,0.0,0.023,0.066,0.035,0.59,5224000.0,81244000.0,1.0,61429946.0,61429946.0,,14.407,9089816000.0,0.0,0.0,0.0,147.97,
55,SITC,MRT,2007-09-30,2007-09-30,2007-09-30,2021-08-25,21403000.0,8913267000.0,8901332500.0,,,0.1,51.663,1761248000.0,49700000.0,49700000.0,225226000.0,295246000.0,,1.778,5204146000.0,,,5204146000.0,0.0,193527000.0,0.0,0.046,5.14,541149000.0,734676000.0,0.822,734676000.0,541149000.0,295246000.0,4.08,4.02,4.08,3208272000.0,3133337000.0,3208272000.0,12012012001.0,22.0,16.35,2151112000.0,34.64,1.0,668264000.0,0.748,0.0,245903000.0,14067713000.0,14026590250.0,0.0,644318000.0,,,5704995000.0,,,6938995001.0,1269000.0,-2857866000.0,533969000.0,718652000.0,-342847000.0,700998000.0,-1089593000.0,7025000.0,389864000.0,0.0,295246000.0,241086000.0,241086000.0,-11469000.0,0.0,0.27,265015000.0,403249000.0,167682000.0,1.26,2.163,28.782,27.387,7828899000.0,54160000.0,111.74,7.766,7.766,16778000.0,-213358000.0,893490000.0,893490000.0,0.0,0.027,0.077,0.039,0.606,3446000.0,75178000.0,1.0,62099472.0,62099472.0,,14.388,8913267000.0,0.0,0.0,0.0,143.532,
56,SITC,MRT,2007-06-30,2007-06-30,2007-06-30,2021-08-25,26008000.0,8948544000.0,8427392750.0,,,0.102,53.853,1808477000.0,46019000.0,46019000.0,216194000.0,314775000.0,,1.66,5119036000.0,,,5119036000.0,0.0,193527000.0,0.0,0.047,5.0,551256000.0,744783000.0,0.87,744783000.0,551256000.0,314775000.0,4.44,4.4,4.44,3364428000.0,2958067500.0,3364428000.0,12639208915.0,23.0,16.97,2195352000.0,35.14,1.0,639949000.0,0.747,0.0,236481000.0,14021561000.0,13271502250.0,0.0,636731000.0,,,5584116000.0,,,6586074915.0,2900000.0,-2869053000.0,592786000.0,624575000.0,-328312000.0,669921000.0,-1053896000.0,6680000.0,386875000.0,0.0,314775000.0,257390000.0,257390000.0,-14214000.0,0.0,0.301,249919000.0,390030000.0,153325000.0,1.126,1.958,25.588,23.743,7882405000.0,57385000.0,105.42,7.693,7.693,17328000.0,-164989000.0,856143000.0,856143000.0,0.0,0.031,0.087,0.042,0.644,3446000.0,70526000.0,1.0,62474624.0,62474624.0,,13.704,8948544000.0,0.0,0.0,0.0,143.235,
57,SITC,MRT,2007-03-31,2007-03-31,2007-03-31,2021-08-25,12838000.0,10563766000.0,7955019500.0,,,0.1,63.305,140297000.0,79721000.0,79721000.0,200256000.0,266073000.0,,2.049,6132855000.0,,,6132855000.0,0.0,193527000.0,0.0,0.039,4.86,481812000.0,675339000.0,0.852,675339000.0,481812000.0,266073000.0,3.82,3.8,3.82,3464465000.0,2762637250.0,3464465000.0,11105016567.0,23.0,16.444,503239000.0,9.196,1.0,592811000.0,0.747,0.0,215739000.0,16616900000.0,12539146750.0,0.0,536335000.0,,,7099301000.0,,,6884582567.0,39754000.0,-2745414000.0,591959000.0,1575280000.0,-313122000.0,2275984000.0,-2599172000.0,5945000.0,362942000.0,0.0,266073000.0,210904000.0,210904000.0,-11194000.0,0.0,0.266,235002000.0,357809000.0,158684000.0,1.272,1.987,32.643,32.932,9543243000.0,55169000.0,125.8,8.681,8.681,18439000.0,-193971000.0,793067000.0,793067000.0,0.0,0.027,0.076,0.038,0.608,3446000.0,66787000.0,1.0,54726412.0,54726412.0,,14.491,10563766000.0,0.0,0.0,0.0,193.029,
58,SITC,MRT,2006-12-31,2006-12-31,2006-12-31,2021-08-25,7829000.0,7179753000.0,7077425000.0,,,0.109,45.845,101578000.0,28378000.0,28378000.0,195520000.0,253264000.0,,1.876,4248812000.0,,,4248812000.0,0.0,193527000.0,0.0,0.037,4.72,461800000.0,655327000.0,0.847,655327000.0,461800000.0,253264000.0,3.64,3.62,3.64,2496183000.0,2541275750.0,2496183000.0,10884956731.0,24.0,16.61,442270000.0,8.123,1.0,577831000.0,0.747,0.0,208536000.0,11400187000.0,11156713500.0,0.0,291685000.0,,,4683570000.0,,,6855103731.0,-2277000.0,-311459000.0,-38753000.0,229311000.0,-307652000.0,-139922000.0,-203047000.0,6834000.0,340692000.0,0.0,253264000.0,198095000.0,198095000.0,-9406000.0,0.0,0.256,238559000.0,339272000.0,134781000.0,1.297,2.746,34.605,34.588,6586193000.0,55169000.0,125.9,8.864,8.864,170322000.0,-159615000.0,773351000.0,773351000.0,0.0,0.028,0.078,0.041,0.597,3446000.0,60679000.0,1.0,54448798.0,54448798.0,,14.203,7179753000.0,0.0,0.0,0.0,131.862,
59,SITC,MRT,2006-09-30,2006-09-30,2006-09-30,2021-08-25,6204000.0,7017508000.0,6998231000.0,,,0.105,45.698,-7516000.0,48431000.0,48431000.0,186519000.0,240136000.0,,1.799,4078284000.0,,,4078284000.0,0.0,170701000.0,0.0,0.041,4.62,479150000.0,649851000.0,0.887,649851000.0,479150000.0,281512000.0,3.38,3.36,3.38,2507194000.0,2559800250.0,2507194000.0,10151613005.0,21.0,15.621,357986000.0,6.525,1.0,546469000.0,0.746,0.0,197638000.0,11047361000.0,10987497500.0,0.0,133643000.0,,,4510314000.0,,,6118525005.0,9551000.0,-78439000.0,-39343000.0,95519000.0,-302195000.0,-262992000.0,-92959000.0,-7004000.0,365502000.0,0.0,281512000.0,184967000.0,184967000.0,-5118000.0,-41376000.0,0.252,231138000.0,315331000.0,151067000.0,1.367,2.44,33.079,32.994,6592187000.0,96545000.0,111.52,8.347,8.347,24250000.0,-143510000.0,732988000.0,732988000.0,0.0,0.026,0.072,0.044,0.654,0.0,59666000.0,1.0,54864822.0,54864822.0,,13.36,7017508000.0,0.0,0.0,0.0,127.905,
60,SITC,MRT,2006-06-30,2006-06-30,2006-06-30,2021-08-25,11871000.0,7059051000.0,6953942000.0,,,0.103,47.091,-4048000.0,43119000.0,43119000.0,180757000.0,237601000.0,,1.733,4076207000.0,,,4076207000.0,0.0,170701000.0,0.0,0.043,4.52,457276000.0,627977000.0,0.874,627977000.0,457276000.0,265185000.0,3.34,3.32,3.34,2582707000.0,2581146000.0,2582707000.0,9757456424.0,21.0,15.538,351402000.0,6.407,1.0,537521000.0,0.748,0.0,192091000.0,11092139000.0,10885333750.0,0.0,240704000.0,,,4476344000.0,,,5723677424.0,6809000.0,2119000.0,8272000.0,-61372000.0,-296172000.0,-357273000.0,8632000.0,-6948000.0,355450000.0,0.0,265185000.0,182432000.0,182432000.0,-14407000.0,-27584000.0,0.254,224104000.0,313417000.0,116651000.0,1.353,2.216,31.374,31.246,6544998000.0,82753000.0,104.36,7.969,7.969,24005000.0,-128285000.0,718278000.0,718278000.0,0.0,0.026,0.071,0.042,0.637,0.0,58838000.0,1.0,54845510.0,54845510.0,,13.096,7059051000.0,0.0,0.0,0.0,128.708,
61,SITC,MRT,2006-03-31,2006-03-31,2006-03-31,2021-08-25,9664000.0,7053388000.0,6859722000.0,,,0.103,47.336,-53767000.0,39967000.0,39967000.0,175582000.0,226820000.0,,1.735,4073746000.0,,,4073746000.0,0.0,170701000.0,0.0,0.04,4.42,423817000.0,594518000.0,0.843,594518000.0,423817000.0,240612000.0,3.16,3.14,3.16,2579019000.0,2583696000.0,2579019000.0,9826233843.0,23.0,16.528,316602000.0,5.811,1.0,529944000.0,0.751,0.0,183205000.0,11087167000.0,10708008000.0,0.0,247944000.0,,,4474369000.0,,,5965887843.0,-11461000.0,-145846000.0,11165000.0,101925000.0,-290110000.0,-183623000.0,-198207000.0,-6455000.0,370369000.0,0.0,240612000.0,171651000.0,171651000.0,-15005000.0,-13792000.0,0.243,217091000.0,312853000.0,115718000.0,1.399,2.313,34.756,34.652,6553097000.0,68961000.0,109.5,8.456,8.456,24345000.0,-128506000.0,705526000.0,705526000.0,0.0,0.025,0.066,0.04,0.601,0.0,56128000.0,1.0,54482994.0,54482994.0,,12.949,7053388000.0,0.0,0.0,0.0,129.46,
62,SITC,MRT,2005-12-31,2005-12-31,2005-12-31,2021-08-25,10425000.0,6862977000.0,6730681000.0,,,0.101,47.221,211603000.0,30655000.0,30655000.0,171260000.0,282643000.0,,1.67,3891001000.0,,,3891001000.0,0.0,170701000.0,0.0,0.046,4.32,453230000.0,623931000.0,0.92,623931000.0,453230000.0,282643000.0,4.2,4.16,4.2,2570281000.0,2589550250.0,2570281000.0,8917017357.0,20.0,14.292,567026000.0,10.417,1.0,506849000.0,0.747,0.0,170587000.0,10723323000.0,10458333000.0,0.0,275136000.0,,,4292696000.0,,,5118663357.0,-19216000.0,-543874000.0,12139000.0,248961000.0,-286400000.0,-35196000.0,-339443000.0,-7172000.0,355423000.0,0.0,282643000.0,227474000.0,227474000.0,-15039000.0,0.0,0.335,207929000.0,298920000.0,111186000.0,1.029,1.991,22.502,22.39,6336514000.0,55169000.0,94.04,7.548,7.548,137460000.0,-99756000.0,678109000.0,678109000.0,0.0,0.034,0.088,0.043,0.668,0.0,54048000.0,1.0,54430704.0,54430704.0,,12.458,6862977000.0,0.0,0.0,0.0,126.087,
63,SITC,MRT,2005-09-30,2005-09-30,2005-09-30,2021-08-25,10878000.0,6840352000.0,6410823500.0,,,0.102,47.687,287875000.0,38880000.0,38880000.0,162317000.0,321629000.0,,1.638,3837234000.0,,,3837234000.0,0.0,132647000.0,0.0,0.046,4.26,479304000.0,611951000.0,0.938,611951000.0,479304000.0,317167000.0,5.04,4.98,5.04,2592577000.0,2585559750.0,2592577000.0,8778530518.0,18.0,14.345,624590000.0,11.488,1.0,490326000.0,0.751,0.0,162137000.0,10638706000.0,9840593750.0,0.0,295022000.0,,,4247775000.0,,,5077865518.0,15183000.0,-235679000.0,305870000.0,-397196000.0,-279794000.0,-376549000.0,55017000.0,-259000.0,336715000.0,0.0,317167000.0,266461000.0,266461000.0,-25415000.0,4462000.0,0.408,197323000.0,293003000.0,128544000.0,0.845,1.959,19.057,18.532,6291182000.0,50706000.0,93.4,7.78,7.78,17245000.0,-75994000.0,652643000.0,652643000.0,0.0,0.042,0.103,0.049,0.734,0.0,54334000.0,1.0,54366868.0,54366868.0,,12.004,6840352000.0,0.0,0.0,0.0,125.818,
64,SITC,MRT,2005-06-30,2005-06-30,2005-06-30,2021-08-25,1164000.0,6682171000.0,6169183000.0,,,0.102,47.764,138084000.0,53819000.0,53819000.0,154334000.0,305668000.0,,1.577,3754484000.0,,,3754484000.0,0.0,132647000.0,0.0,0.046,4.2,452435000.0,585082000.0,0.928,585082000.0,452435000.0,301206000.0,4.78,4.72,4.78,2592907000.0,2509287250.0,2592907000.0,8541222139.0,19.0,14.598,461883000.0,8.508,1.0,475951000.0,0.755,0.0,151229000.0,10382836000.0,9463504000.0,0.0,440352000.0,,,4089264000.0,,,4989979139.0,14790000.0,-267730000.0,305113000.0,-197927000.0,-267190000.0,-165935000.0,-143074000.0,887000.0,323799000.0,0.0,301206000.0,250500000.0,250500000.0,-16111000.0,4462000.0,0.397,191492000.0,284459000.0,117758000.0,0.879,1.924,19.92,19.23,5983515000.0,50706000.0,91.92,7.917,7.917,17056000.0,-63694000.0,630285000.0,630285000.0,0.0,0.041,0.1,0.048,0.718,0.0,51674000.0,1.0,54286109.0,54286109.0,,11.61,6682171000.0,0.0,0.0,0.0,123.092,
65,SITC,MRT,2005-03-31,2005-03-31,2005-03-31,2021-08-25,9611000.0,6537224000.0,5957299250.0,,,0.101,47.999,280542000.0,51428000.0,51428000.0,145410000.0,324526000.0,,1.512,3602671000.0,,,3602671000.0,0.0,132647000.0,0.0,0.051,4.04,459113000.0,591760000.0,0.985,591760000.0,459113000.0,321339000.0,5.34,5.26,5.34,2602436000.0,2438008000.0,2602436000.0,6979189392.0,15.0,11.794,616328000.0,11.367,1.0,455266000.0,0.758,0.0,137774000.0,10088467000.0,9129852500.0,0.0,291468000.0,,,3934788000.0,,,4310370392.0,28745000.0,-1738274000.0,793149000.0,446708000.0,-245284000.0,1152510000.0,-1459551000.0,242000.0,335786000.0,0.0,321339000.0,270633000.0,270633000.0,-13634000.0,3187000.0,0.451,183972000.0,271294000.0,107850000.0,0.757,1.656,15.927,14.888,5989218000.0,50706000.0,79.5,7.176,7.176,17890000.0,-59154000.0,600676000.0,600676000.0,0.0,0.045,0.111,0.05,0.764,0.0,50012000.0,1.0,54218496.0,54218496.0,,11.079,6537224000.0,0.0,0.0,0.0,120.572,
66,SITC,MRT,2004-12-31,2004-12-31,2004-12-31,2021-08-25,326000.0,5583547000.0,5303347000.0,,,0.106,49.905,15515000.0,49871000.0,49871000.0,136779000.0,269762000.0,,1.186,2718690000.0,,,2718690000.0,0.0,132647000.0,0.0,0.044,3.88,393289000.0,525936000.0,0.935,525936000.0,393289000.0,269762000.0,4.54,4.48,4.54,2554319000.0,2192318500.0,2554319000.0,7798548134.0,20.0,14.828,307741000.0,6.013,1.0,425577000.0,0.757,0.0,123527000.0,8252366000.0,8101932500.0,0.0,288020000.0,,,3029228000.0,,,4541991134.0,38178000.0,-1251684000.0,793919000.0,151522000.0,-226747000.0,880553000.0,-1134601000.0,2228000.0,292226000.0,0.0,269762000.0,219056000.0,219056000.0,-10603000.0,0.0,0.39,171378000.0,254199000.0,103256000.0,0.855,1.778,20.734,19.546,5035193000.0,50706000.0,88.74,8.077,8.077,102666000.0,-92290000.0,562356000.0,562356000.0,0.0,0.041,0.1,0.049,0.699,0.0,47126000.0,1.0,51183132.0,51183132.0,,10.987,5583547000.0,0.0,0.0,0.0,109.09,
67,SITC,MRT,2004-09-30,2004-09-30,2004-09-30,2021-08-25,173000.0,5873790000.0,4892748000.0,,,0.106,44.733,71877000.0,23697000.0,23697000.0,125144000.0,273400000.0,,1.568,3280254000.0,,,3280254000.0,0.0,95219000.0,0.0,0.048,3.78,335560000.0,430779000.0,0.83,430779000.0,335560000.0,225882000.0,5.04,4.96,5.04,2287487000.0,1957256250.0,2287487000.0,7217594243.0,22.0,16.755,378387000.0,7.4,1.0,393763000.0,0.759,0.0,109678000.0,9130347000.0,7517153250.0,0.0,256343000.0,,,3586303000.0,,,4004000243.0,5223000.0,-1559431000.0,499430000.0,724314000.0,-206287000.0,1173731000.0,-1475018000.0,3393000.0,306510000.0,0.0,225882000.0,225882000.0,225882000.0,-3294000.0,47518000.0,0.435,158595000.0,235168000.0,103621000.0,0.75,1.75,17.726,15.536,5382621000.0,0.0,78.3,7.716,7.716,17176000.0,-111224000.0,518907000.0,518907000.0,0.0,0.046,0.115,0.045,0.647,0.0,45799000.0,1.0,51136657.0,51136657.0,,10.147,5873790000.0,0.0,0.0,0.0,114.865,
68,SITC,MRT,2004-06-30,2004-06-30,2004-06-30,2021-08-25,318000.0,5834636000.0,4403848750.0,,,0.11,53.191,48424000.0,21520000.0,21520000.0,118669000.0,271072000.0,,1.528,3235114000.0,,,3235114000.0,0.0,95219000.0,0.0,0.051,3.58,316948000.0,412167000.0,0.853,412167000.0,316948000.0,219883000.0,4.96,4.88,4.96,2307790000.0,1778184750.0,2307790000.0,5124533611.0,16.0,12.433,344455000.0,7.939,1.0,364309000.0,0.754,0.0,97065000.0,9048230000.0,6739190250.0,0.0,260182000.0,,,3526846000.0,,,3069161611.0,-489000.0,-1503729000.0,506765000.0,680023000.0,-191255000.0,1145824000.0,-1442344000.0,4225000.0,296031000.0,0.0,219883000.0,219883000.0,219883000.0,-1547000.0,51189000.0,0.455,145732000.0,218577000.0,96683000.0,0.722,1.33,13.958,14.262,5354925000.0,0.0,70.74,6.355,6.355,18133000.0,-89568000.0,482978000.0,482978000.0,0.0,0.05,0.124,0.047,0.656,0.0,43401000.0,1.0,43386508.0,43386508.0,,11.132,5834636000.0,0.0,0.0,0.0,134.48,
69,SITC,MRT,2004-03-31,2004-03-31,2004-03-31,2021-08-25,-467000.0,3921415000.0,3922407750.0,,,0.116,37.392,40972000.0,27483000.0,27483000.0,113391000.0,252662000.0,,1.421,2082855000.0,,,2082855000.0,0.0,95219000.0,0.0,0.043,3.48,292365000.0,387584000.0,0.849,387584000.0,292365000.0,202728000.0,4.8,4.72,4.8,1619678000.0,1594972250.0,1619678000.0,5472068736.0,19.0,14.118,301058000.0,6.95,1.0,343346000.0,0.752,0.0,89637000.0,5976787000.0,5979511500.0,0.0,245905000.0,,,2301737000.0,,,3499970736.0,-3673000.0,104716000.0,19440000.0,-239498000.0,-186321000.0,-418329000.0,154570000.0,3117000.0,260086000.0,0.0,202728000.0,202728000.0,202728000.0,479000.0,49934000.0,0.444,137339000.0,206007000.0,73252000.0,0.725,2.161,17.264,16.833,3510717000.0,0.0,80.8,7.663,7.663,9873000.0,-116479000.0,456737000.0,456737000.0,0.0,0.052,0.127,0.049,0.64,0.0,43540000.0,1.0,43316470.0,43316470.0,,10.544,3921415000.0,0.0,0.0,0.0,90.529,
70,SITC,MRT,2003-12-31,2003-12-31,2003-12-31,2021-08-25,-541000.0,3941151000.0,3922010000.0,,,0.111,37.368,26092000.0,111033000.0,111033000.0,107061000.0,240261000.0,,1.442,2083131000.0,,,2083131000.0,0.0,95219000.0,0.0,0.05,3.38,272885000.0,368104000.0,0.844,368104000.0,272885000.0,189056000.0,4.62,4.54,4.62,1614070000.0,1577162750.0,1614070000.0,5000323560.0,18.0,13.584,289221000.0,6.696,1.0,329019000.0,0.754,0.0,83829000.0,5913249000.0,6000534000.0,0.0,260143000.0,,,2327081000.0,,,2900021560.0,-4678000.0,48238000.0,20188000.0,-77596000.0,-167980000.0,-251561000.0,-16246000.0,8764000.0,263129000.0,0.0,189056000.0,189056000.0,189056000.0,0.0,51205000.0,0.434,129150000.0,199869000.0,98046000.0,0.732,1.797,15.339,14.532,3426698000.0,0.0,67.14,6.65,6.65,88250000.0,-116737000.0,436080000.0,436080000.0,0.0,0.048,0.12,0.045,0.626,0.0,40820000.0,1.0,43193648.0,43193648.0,,10.096,3941151000.0,0.0,0.0,0.0,91.244,
71,SITC,MRT,2003-09-30,2003-09-30,2003-09-30,2021-08-25,-936000.0,3918193000.0,3630935250.0,,,0.118,36.385,214508000.0,18474000.0,18474000.0,107189000.0,178393000.0,,1.494,2118776000.0,,,2118776000.0,0.0,78368000.0,0.0,0.054,3.22,214589000.0,292957000.0,0.682,292957000.0,214589000.0,131302000.0,3.4,3.34,3.4,1571201000.0,1410035500.0,1571201000.0,4680350794.0,22.0,15.976,454695000.0,10.53,1.0,322324000.0,0.75,0.0,83287000.0,6018495000.0,5587041500.0,0.0,325825000.0,,,2346992000.0,,,2579707794.0,9247000.0,-262645000.0,20089000.0,-14911000.0,-153722000.0,-179287000.0,-51653000.0,8707000.0,240187000.0,0.0,131302000.0,131302000.0,131302000.0,-1343000.0,47091000.0,0.306,127366000.0,194958000.0,95134000.0,0.947,1.642,19.647,17.571,3403399000.0,0.0,59.74,6.006,6.006,10985000.0,-157878000.0,429513000.0,429513000.0,0.0,0.036,0.093,0.038,0.5,0.0,37381000.0,1.0,43182253.0,43182253.0,,9.947,3918193000.0,0.0,0.0,0.0,90.736,
72,SITC,MRT,2003-06-30,2003-06-30,2003-06-30,2021-08-25,-1127000.0,3908872000.0,3345167250.0,,,0.119,36.967,208163000.0,22009000.0,22009000.0,99117000.0,161582000.0,,1.482,2122652000.0,,,2122652000.0,0.0,78368000.0,0.0,0.056,3.16,199408000.0,277776000.0,0.698,277776000.0,199408000.0,119920000.0,3.28,3.22,3.28,1574940000.0,1245357500.0,1574940000.0,4564346991.0,23.0,16.432,450488000.0,10.574,1.0,298790000.0,0.751,0.0,79488000.0,6009515000.0,5148987750.0,0.0,317385000.0,,,2333932000.0,,,2423293991.0,10300000.0,-400294000.0,11414000.0,121978000.0,-139995000.0,-34709000.0,-197316000.0,6745000.0,242325000.0,0.0,119920000.0,119920000.0,119920000.0,1048000.0,41662000.0,0.301,116928000.0,181862000.0,82555000.0,0.963,1.539,20.208,17.341,3434250000.0,0.0,56.88,6.09,6.09,12775000.0,-140255000.0,397907000.0,397907000.0,0.0,0.036,0.096,0.039,0.501,0.0,34924000.0,1.0,42603622.0,42603622.0,,9.34,3908872000.0,0.0,0.0,0.0,91.75,
73,SITC,MRT,2003-03-31,2003-03-31,2003-03-31,2021-08-25,-969000.0,3919824000.0,3015991000.0,,,0.12,46.41,10710000.0,26356000.0,26356000.0,90199000.0,116424000.0,,1.531,2167409000.0,,,2167409000.0,0.0,78368000.0,0.0,0.064,3.1,154415000.0,232783000.0,0.643,232783000.0,154415000.0,78942000.0,2.38,2.34,2.38,1548440000.0,1080755000.0,1548440000.0,3093930587.0,20.0,13.291,233064000.0,6.985,1.0,272057000.0,0.751,0.0,75473000.0,6060877000.0,4625950750.0,0.0,301998000.0,,,2371384000.0,,,1611503587.0,1301000.0,-318551000.0,15991000.0,383322000.0,-126160000.0,85499000.0,-306552000.0,8503000.0,222354000.0,0.0,78942000.0,78942000.0,78942000.0,2837000.0,37482000.0,0.218,106222000.0,165835000.0,80919000.0,1.303,1.041,20.414,20.294,3471482000.0,0.0,48.3,4.449,4.449,11855000.0,-162744000.0,362256000.0,362256000.0,0.0,0.026,0.073,0.033,0.426,0.0,30628000.0,1.0,33364464.0,33364464.0,,10.858,3919824000.0,0.0,0.0,0.0,117.485,
74,SITC,MRT,2002-12-31,2002-12-31,2002-12-31,2021-08-25,-588000.0,2776852000.0,2685274750.0,,,0.129,29.119,32403000.0,16371000.0,16371000.0,84702000.0,101970000.0,,1.937,1498798000.0,,,1498798000.0,0.0,78368000.0,0.0,0.069,3.04,145122000.0,223490000.0,0.645,223490000.0,145122000.0,69368000.0,2.18,2.14,2.18,945561000.0,959847500.0,945561000.0,2919283343.0,20.0,13.062,243142000.0,7.488,1.0,261999000.0,0.756,0.0,75754000.0,4259279000.0,4051159000.0,0.0,258610000.0,,,1831291000.0,,,1428124343.0,-2698000.0,-290841000.0,51960000.0,170736000.0,-122841000.0,66560000.0,-279997000.0,-21559000.0,210739000.0,0.0,69368000.0,69368000.0,69368000.0,0.0,32602000.0,0.2,106289000.0,155710000.0,68438000.0,1.394,1.51,20.588,20.174,2395264000.0,0.0,43.98,4.119,4.119,71736000.0,-160165000.0,346701000.0,346701000.0,0.0,0.026,0.072,0.036,0.419,0.0,29392000.0,1.0,32472132.0,32472132.0,,10.677,2776852000.0,0.0,0.0,0.0,85.515,
75,SITC,MRT,2002-09-30,2002-09-30,2002-09-30,2021-08-25,-2821000.0,2775121000.0,2615363500.0,,,0.131,28.116,132963000.0,9227000.0,9227000.0,81112000.0,92549000.0,,2.041,1500386000.0,,,1500386000.0,0.0,64493000.0,0.0,0.069,3.02,135758000.0,200251000.0,0.586,200251000.0,135758000.0,59621000.0,1.92,1.92,1.92,912489000.0,931960750.0,912489000.0,2753861683.0,20.0,13.752,329372000.0,10.149,1.0,260375000.0,0.762,0.0,76137000.0,4266280000.0,3932949000.0,0.0,253366000.0,,,1862632000.0,,,1428661683.0,-3097000.0,-351054000.0,122121000.0,67338000.0,-118861000.0,38669000.0,-238175000.0,-20084000.0,196409000.0,0.0,59621000.0,59621000.0,59621000.0,5867000.0,32928000.0,0.175,101171000.0,159204000.0,71949000.0,1.573,1.566,23.962,22.927,2404954000.0,0.0,44.02,4.184,4.184,11933000.0,-152437000.0,341487000.0,341487000.0,0.0,0.023,0.064,0.035,0.398,0.0,26547000.0,1.0,32454832.0,32454832.0,,10.522,2775121000.0,0.0,0.0,0.0,85.507,
76,SITC,MRT,2002-06-30,2002-06-30,2002-06-30,2021-08-25,-4603000.0,2592167000.0,2548730250.0,,,0.131,28.415,120793000.0,11709000.0,11709000.0,76751000.0,87724000.0,,1.828,1336909000.0,,,1336909000.0,0.0,64493000.0,0.0,0.067,3.0,137505000.0,201998000.0,0.605,201998000.0,137505000.0,60015000.0,2.02,2.0,2.02,916530000.0,896709000.0,916530000.0,2616214232.0,19.0,12.952,292847000.0,9.079,1.0,257406000.0,0.77,0.0,77490000.0,3917367000.0,3836979250.0,0.0,266020000.0,,,1675637000.0,,,1451463232.0,3408000.0,-172715000.0,124294000.0,-79610000.0,-114946000.0,-102066000.0,-66580000.0,-16618000.0,172054000.0,0.0,60015000.0,60015000.0,60015000.0,4366000.0,27709000.0,0.18,101985000.0,155421000.0,48678000.0,1.485,1.584,24.185,22.277,2214802000.0,0.0,45.0,4.344,4.344,11760000.0,-146455000.0,334157000.0,334157000.0,0.0,0.024,0.067,0.036,0.411,0.0,25823000.0,1.0,32254738.0,32254738.0,,10.36,2592167000.0,0.0,0.0,0.0,80.365,
77,SITC,MRT,2002-03-31,2002-03-31,2002-03-31,2021-08-25,-6002000.0,2596959000.0,2530351250.0,,,0.129,33.245,116192000.0,25055000.0,25055000.0,72017000.0,93786000.0,,1.439,1189806000.0,,,1189806000.0,0.0,64493000.0,0.0,0.071,2.98,145680000.0,210173000.0,0.645,210173000.0,145680000.0,66344000.0,2.34,2.3,2.34,1064810000.0,862564750.0,1064810000.0,2634439668.0,18.0,12.535,288644000.0,9.012,1.0,253615000.0,0.779,0.0,79336000.0,3761710000.0,3835761000.0,0.0,262973000.0,,,1532149000.0,,,1345207668.0,21434000.0,-169251000.0,118131000.0,-206432000.0,-110357000.0,-76657000.0,-74361000.0,-16951000.0,172452000.0,0.0,66344000.0,66344000.0,66344000.0,-137000.0,27442000.0,0.204,98184000.0,155431000.0,51227000.0,1.274,1.263,20.276,17.949,2205468000.0,0.0,42.0,4.131,4.131,27716000.0,-137780000.0,325632000.0,325632000.0,0.0,0.026,0.077,0.038,0.447,0.0,25161000.0,1.0,32028754.0,32028754.0,,10.167,2596959000.0,0.0,0.0,0.0,81.082,
78,SITC,MRT,2001-12-31,2001-12-31,2001-12-31,2021-08-25,-8174000.0,2497207000.0,2466493000.0,,,0.128,30.145,71567000.0,19069000.0,19069000.0,70161000.0,92372000.0,,1.994,1308301000.0,,,1308301000.0,0.0,64493000.0,0.0,0.077,2.96,145468000.0,209961000.0,0.667,209961000.0,145468000.0,65110000.0,2.36,2.34,2.36,834014000.0,790204000.0,834014000.0,2430699429.0,17.0,11.577,245893000.0,8.888,1.0,244820000.0,0.777,0.0,80358000.0,3786439000.0,3791609750.0,0.0,255565000.0,,,1663193000.0,,,1056886429.0,14826000.0,-113860000.0,76117000.0,-66858000.0,-108212000.0,-121518000.0,-37982000.0,4311000.0,174326000.0,0.0,65110000.0,65110000.0,65110000.0,0.0,27262000.0,0.207,90211000.0,154609000.0,55560000.0,1.254,1.267,16.232,16.186,2141956000.0,0.0,38.2,3.355,3.355,56915000.0,-130436000.0,314981000.0,314981000.0,0.0,0.026,0.082,0.038,0.462,0.0,24374000.0,1.0,27667184.0,27667184.0,,11.385,2497207000.0,0.0,0.0,0.0,90.259,
79,SITC,MRT,2001-09-30,2001-09-30,2001-09-30,2021-08-25,-8004000.0,2508588000.0,2425196500.0,,,0.125,27.95,-16261000.0,12324000.0,12324000.0,66761000.0,95294000.0,,2.252,1386137000.0,,,1386137000.0,0.0,54201000.0,0.0,0.082,2.94,149103000.0,203304000.0,0.67,203304000.0,149103000.0,68032000.0,2.5,2.52,2.5,771482000.0,777638000.0,771482000.0,2384747261.0,16.0,11.73,151680000.0,5.495,1.0,236612000.0,0.78,0.0,81071000.0,3882401000.0,3733838250.0,0.0,275973000.0,,,1737106000.0,,,990904261.0,9790000.0,-20857000.0,5065000.0,5550000.0,-107512000.0,-119925000.0,-38226000.0,-1108000.0,167941000.0,0.0,68032000.0,68032000.0,68032000.0,-1714000.0,27262000.0,0.224,83371000.0,153241000.0,60170000.0,1.176,1.284,14.565,14.36,2144450000.0,0.0,35.9,3.266,3.266,6967000.0,-121915000.0,303373000.0,303373000.0,0.0,0.028,0.087,0.04,0.491,0.0,23369000.0,1.0,27601790.0,27601790.0,,10.991,2508588000.0,0.0,0.0,0.0,90.885,
80,SITC,MRT,2001-06-30,2001-06-30,2001-06-30,2021-08-25,-4219000.0,2518651000.0,2382537750.0,,,0.123,28.381,-6055000.0,8301000.0,8301000.0,64600000.0,95967000.0,,2.229,1402144000.0,,,1402144000.0,0.0,54201000.0,0.0,0.079,2.92,148838000.0,203039000.0,0.692,203039000.0,148838000.0,68705000.0,2.52,2.56,2.52,779953000.0,781602750.0,779953000.0,2253795338.0,15.0,11.1,151823000.0,5.525,1.0,228610000.0,0.78,0.0,80133000.0,3912494000.0,3675859000.0,0.0,282452000.0,,,1738698000.0,,,1010216338.0,5426000.0,-44219000.0,3104000.0,91491000.0,-106926000.0,-117000000.0,-35452000.0,-4051000.0,157878000.0,0.0,68705000.0,68705000.0,68705000.0,-1714000.0,27262000.0,0.234,76426000.0,152184000.0,56331000.0,1.159,1.295,14.704,14.587,2146100000.0,0.0,36.76,3.445,3.445,10260000.0,-114898000.0,293210000.0,293210000.0,0.0,0.029,0.088,0.04,0.508,0.0,22213000.0,1.0,27481402.0,27481402.0,,10.669,2518651000.0,0.0,0.0,0.0,91.649,
81,SITC,MRT,2001-03-31,2001-03-31,2001-03-31,2021-08-25,-4129000.0,2341526000.0,2340034250.0,,,0.123,28.257,-39822000.0,3621000.0,3621000.0,64372000.0,85374000.0,,2.02,1247200000.0,,,1247200000.0,0.0,54201000.0,0.0,0.099,2.9,136037000.0,190238000.0,0.658,190238000.0,136037000.0,58112000.0,2.14,2.18,2.14,775367000.0,784744500.0,775367000.0,2119256636.0,16.0,11.14,114600000.0,4.176,1.0,224587000.0,0.777,0.0,77925000.0,3585105000.0,3593842500.0,0.0,398575000.0,,,1566159000.0,,,806725636.0,1976000.0,-30481000.0,-30221000.0,60313000.0,-107432000.0,-80889000.0,-71557000.0,-1254000.0,154422000.0,0.0,58112000.0,58112000.0,58112000.0,-211000.0,27262000.0,0.201,74703000.0,149884000.0,50620000.0,1.355,1.04,13.882,13.738,1870453000.0,0.0,29.4,2.792,2.792,6057000.0,-116989000.0,288959000.0,288959000.0,0.0,0.025,0.074,0.038,0.471,0.0,21063000.0,1.0,27439648.0,27439648.0,,10.531,2341526000.0,0.0,0.0,0.0,85.334,
82,SITC,MRT,2000-12-31,2000-12-31,2000-12-31,2021-08-25,0.0,2332021000.0,2323407250.0,,,0.122,28.563,44478000.0,4243000.0,4243000.0,61143000.0,100833000.0,,1.975,1227575000.0,,,1227575000.0,0.0,54201000.0,0.0,0.108,2.88,149659000.0,203860000.0,0.72,203860000.0,149659000.0,73571000.0,2.62,2.62,2.62,783750000.0,798619750.0,783750000.0,2042974416.0,14.0,10.021,190750000.0,6.952,1.0,221852000.0,0.784,0.0,76088000.0,3555353000.0,3572970750.0,0.0,395955000.0,,,1548271000.0,,,730443416.0,-1749000.0,-64760000.0,-61995000.0,45533000.0,-108502000.0,-127442000.0,-20579000.0,-297000.0,146272000.0,0.0,73571000.0,73571000.0,73571000.0,0.0,27262000.0,0.26,73519000.0,148333000.0,53818000.0,1.099,0.932,9.928,10.16,1864563000.0,0.0,26.62,2.581,2.581,49414000.0,-112357000.0,282995000.0,282995000.0,0.0,0.032,0.092,0.042,0.529,0.0,20449000.0,1.0,27439648.0,27439648.0,,10.313,2332021000.0,0.0,0.0,0.0,84.987,
83,SITC,MRT,2000-09-30,2000-09-30,2000-09-30,2021-08-25,0.0,2337953000.0,2320617000.0,,,0.122,28.696,-24980000.0,2534000.0,2534000.0,61684000.0,99464000.0,,1.969,1315065000.0,,,1315065000.0,0.0,50083000.0,0.0,0.111,2.86,146728000.0,196811000.0,0.696,196811000.0,146728000.0,72204000.0,2.52,2.44,2.52,787341000.0,815768500.0,787341000.0,1942573607.0,13.0,9.87,134341000.0,4.896,1.0,221097000.0,0.782,0.0,74524000.0,3650484000.0,3550862250.0,0.0,425537000.0,,,1550612000.0,,,706782607.0,1073000.0,-75953000.0,-88111000.0,121123000.0,-110202000.0,-76988000.0,-81260000.0,19673000.0,159321000.0,0.0,72204000.0,72204000.0,72204000.0,0.0,27260000.0,0.255,71047000.0,150050000.0,59494000.0,1.135,0.898,9.789,10.222,1843989000.0,0.0,25.76,2.499,2.499,2214000.0,-108902000.0,282781000.0,282781000.0,0.0,0.031,0.089,0.041,0.519,0.0,19449000.0,1.0,27437213.0,27437213.0,,10.306,2337953000.0,0.0,0.0,0.0,85.211,
84,SITC,MRT,2000-06-30,2000-06-30,2000-06-30,2021-08-25,0.0,2348637000.0,2302974750.0,,,0.12,25.789,-60251000.0,2875000.0,2875000.0,59067000.0,101076000.0,,1.964,1238666000.0,,,1238666000.0,0.0,50083000.0,0.0,0.095,2.84,145275000.0,195358000.0,0.706,195358000.0,145275000.0,73815000.0,2.52,2.42,2.52,792520000.0,839978750.0,792520000.0,2145461041.0,15.0,10.982,95311000.0,3.101,1.0,217836000.0,0.787,0.0,71460000.0,3584428000.0,3475190750.0,0.0,424616000.0,,,1556117000.0,,,918861041.0,1200000.0,-49540000.0,-88222000.0,4437000.0,-111847000.0,-38118000.0,-116244000.0,14380000.0,155562000.0,0.0,73815000.0,73815000.0,73815000.0,0.0,27261000.0,0.267,69311000.0,148525000.0,48248000.0,1.127,1.159,12.448,11.865,1857327000.0,0.0,29.9,3.318,3.318,2563000.0,-103352000.0,276903000.0,276903000.0,0.0,0.032,0.088,0.042,0.525,0.0,18735000.0,1.0,30731138.0,30731138.0,,9.011,2348637000.0,0.0,0.0,0.0,76.425,
85,SITC,MRT,2000-03-31,2000-03-31,2000-03-31,2021-08-25,0.0,2275018000.0,2270712750.0,,,0.119,28.476,-65157000.0,1645000.0,1645000.0,55158000.0,103505000.0,,1.738,1228245000.0,,,1228245000.0,0.0,50083000.0,0.0,0.102,2.82,145116000.0,195199000.0,0.725,195199000.0,145116000.0,76243000.0,2.54,2.44,2.54,830868000.0,864238750.0,830868000.0,2056592530.0,14.0,10.536,89599000.0,3.071,1.0,214061000.0,0.795,0.0,68873000.0,3501618000.0,3430463750.0,0.0,425680000.0,,,1444150000.0,,,809980530.0,-1129000.0,-64353000.0,-57312000.0,57727000.0,-112457000.0,-51612000.0,-104273000.0,25237000.0,154756000.0,0.0,76243000.0,76243000.0,76243000.0,0.0,27262000.0,0.283,67509000.0,146552000.0,55034000.0,1.11,0.975,10.624,10.929,1786025000.0,0.0,27.76,3.009,3.009,5866000.0,-95438000.0,269219000.0,269219000.0,0.0,0.034,0.088,0.042,0.539,0.0,18217000.0,1.0,29177973.0,29177973.0,,9.227,2275018000.0,0.0,0.0,0.0,77.97,
86,SITC,MRT,1999-12-31,1999-12-31,1999-12-31,2021-08-25,0.0,2320860000.0,2252578250.0,,,0.118,28.523,-168578000.0,5992000.0,5992000.0,53514000.0,87397000.0,,1.723,1152051000.0,,,1152051000.0,0.0,50083000.0,0.0,0.109,2.8,128158000.0,178241000.0,0.671,178241000.0,128158000.0,60135000.0,1.98,1.9,1.98,852345000.0,880634500.0,852345000.0,1850187058.0,14.0,10.38,-15648000.0,-0.524,1.0,212037000.0,0.798,0.0,68023000.0,3466919000.0,3395842750.0,0.0,436410000.0,,,1468515000.0,,,769773058.0,3732000.0,-62557000.0,-25451000.0,133437000.0,-111703000.0,60510000.0,-209708000.0,21427000.0,152930000.0,0.0,60135000.0,60135000.0,60135000.0,0.0,27262000.0,0.226,67857000.0,144180000.0,49860000.0,1.414,0.903,12.801,13.01,1818362000.0,0.0,25.76,2.899,2.899,44852000.0,-105757000.0,265551000.0,265551000.0,0.0,0.027,0.068,0.038,0.483,0.0,17774000.0,1.0,29882494.0,29882494.0,,8.887,2320860000.0,0.0,0.0,0.0,77.666,
87,SITC,MRT,1999-09-30,1999-09-30,1999-09-30,2021-08-25,0.0,2267384000.0,2203994250.0,,,0.117,28.842,-149377000.0,1461000.0,1461000.0,49661000.0,86588000.0,,1.564,1081875000.0,,,1081875000.0,0.0,42957000.0,0.0,0.098,2.755,124657000.0,167614000.0,0.65,167614000.0,124657000.0,59297000.0,1.96,1.88,1.96,884182000.0,893244500.0,884182000.0,2044306434.0,16.0,12.197,-1196000.0,-0.039,1.0,208270000.0,0.807,0.0,65360000.0,3347798000.0,3330881750.0,0.0,442125000.0,,,1383202000.0,,,858375434.0,-230000.0,-129814000.0,66384000.0,89463000.0,-109299000.0,144777000.0,-293188000.0,-13997000.0,148181000.0,0.0,59297000.0,59297000.0,59297000.0,0.0,27291000.0,0.23,65945000.0,142325000.0,52659000.0,1.406,0.971,14.476,14.286,1769355000.0,0.0,28.0,3.328,3.328,5954000.0,-99866000.0,257931000.0,257931000.0,0.0,0.027,0.066,0.037,0.483,0.0,16915000.0,1.0,30656266.0,30656266.0,,8.414,2267384000.0,0.0,0.0,0.0,73.962,
88,SITC,MRT,1999-06-30,1999-06-30,1999-06-30,2021-08-25,0.0,2219589000.0,2133824500.0,,,0.12,29.023,-527968000.0,1675000.0,1675000.0,50122000.0,84662000.0,,1.495,1187606000.0,,,1187606000.0,0.0,42957000.0,0.0,0.08,2.71,123960000.0,166917000.0,0.654,166917000.0,123960000.0,58178000.0,1.96,1.88,1.96,889560000.0,882230000.0,889560000.0,2195399620.0,18.0,13.153,-374880000.0,-12.231,1.0,204978000.0,0.804,0.0,65782000.0,3405520000.0,3233980250.0,0.0,427261000.0,,,1330029000.0,,,1034745620.0,-207000.0,13191000.0,66474000.0,228042000.0,-86181000.0,384923000.0,-538218000.0,-23441000.0,153088000.0,0.0,58178000.0,58178000.0,58178000.0,0.0,26484000.0,0.228,64824000.0,140154000.0,44500000.0,1.383,1.163,17.786,17.224,1736046000.0,0.0,33.76,4.056,4.056,13840000.0,-94227000.0,255100000.0,255100000.0,0.0,0.027,0.066,0.038,0.486,0.0,16122000.0,1.0,30650048.0,30650048.0,,8.323,2219589000.0,0.0,0.0,0.0,72.417,
89,SITC,MRT,1999-03-31,1999-03-31,1999-03-31,2021-08-25,0.0,2202480000.0,1970816250.0,,,0.124,29.251,-540122000.0,2774000.0,2774000.0,49080000.0,82658000.0,,1.457,1163428000.0,,,1163428000.0,0.0,42957000.0,0.0,0.093,2.665,122457000.0,165414000.0,0.679,165414000.0,122457000.0,59440000.0,2.04,1.96,2.04,896451000.0,833459250.0,896451000.0,1957654660.0,16.0,11.835,-397402000.0,-12.967,1.0,194686000.0,0.799,0.0,63017000.0,3363134000.0,2980175750.0,0.0,421697000.0,,,1306029000.0,,,877103660.0,-11327000.0,13370000.0,92448000.0,229734000.0,-80203000.0,420808000.0,-574855000.0,-48103000.0,142720000.0,0.0,59440000.0,59440000.0,59440000.0,0.0,23218000.0,0.244,61091000.0,133595000.0,48800000.0,1.306,0.978,14.756,14.029,1721624000.0,0.0,28.62,3.598,3.598,18180000.0,-87097000.0,243766000.0,243766000.0,0.0,0.03,0.071,0.041,0.502,0.0,14630000.0,1.0,30646529.0,30646529.0,,7.954,2202480000.0,0.0,0.0,0.0,71.867,
90,SITC,MRT,1998-12-31,1998-12-31,1998-12-31,2021-08-25,0.0,2126524000.0,1791009250.0,,,0.127,31.515,-562903000.0,2260000.0,2260000.0,46580000.0,77922000.0,,1.356,1082811000.0,,,1082811000.0,0.0,42957000.0,0.0,0.074,2.62,115165000.0,158122000.0,0.693,158122000.0,115165000.0,57969000.0,2.04,1.96,2.04,902785000.0,776501750.0,902785000.0,1990442223.0,17.0,12.588,-422825000.0,-14.76,1.0,181588000.0,0.796,0.0,57196000.0,3207075000.0,2698706250.0,0.0,346967000.0,,,1223739000.0,,,1016955223.0,2242000.0,69542000.0,93815000.0,203015000.0,-75029000.0,400453000.0,-538289000.0,-44928000.0,140078000.0,0.0,57969000.0,57969000.0,57969000.0,0.0,19953000.0,0.254,55875000.0,125713000.0,50380000.0,1.284,1.126,17.543,17.402,1693666000.0,0.0,35.5,4.457,4.457,73030000.0,-80697000.0,228168000.0,228168000.0,0.0,0.032,0.075,0.043,0.505,0.0,12918000.0,1.0,28646626.0,28646626.0,,7.965,2126524000.0,0.0,0.0,0.0,74.233,
91,SITC,MRT,1998-09-30,1998-09-30,1998-09-30,2021-08-25,0.0,1986705000.0,1607357750.0,,,0.133,29.357,-671842000.0,1691000.0,1691000.0,44645000.0,74261000.0,,1.365,975178000.0,,,975178000.0,0.0,32313000.0,0.0,0.071,2.595,109617000.0,141930000.0,0.663,141930000.0,109617000.0,57602000.0,2.06,2.02,2.06,840124000.0,718068000.0,840124000.0,1867277742.0,17.0,13.156,-546873000.0,-19.11,1.0,169501000.0,0.792,0.0,52015000.0,2960192000.0,2421468000.0,0.0,254150000.0,,,1146581000.0,,,1044531742.0,815000.0,129541000.0,41812000.0,329038000.0,-69948000.0,448029000.0,-572183000.0,-29882000.0,124969000.0,0.0,57602000.0,57602000.0,57602000.0,0.0,16659000.0,0.269,56624000.0,112877000.0,45474000.0,1.26,1.243,18.134,17.718,1665984000.0,0.0,36.5,4.878,4.878,29882000.0,-74749000.0,214146000.0,214146000.0,0.0,0.036,0.08,0.045,0.512,0.0,12656000.0,1.0,28617308.0,28617308.0,,7.483,1986705000.0,0.0,0.0,0.0,69.423,
92,SITC,MRT,1998-06-30,1998-06-30,1998-06-30,2021-08-25,0.0,1567556000.0,,,,,24.304,-346378000.0,1882000.0,1882000.0,40495000.0,70297000.0,,1.257,824628000.0,,,824628000.0,0.0,32313000.0,0.0,0.065,2.57,99944000.0,132257000.0,0.684,132257000.0,99944000.0,56097000.0,2.04,2.02,2.04,694477000.0,,694477000.0,1875564743.0,19.0,14.181,-242429000.0,-8.484,1.0,152928000.0,0.791,0.0,43847000.0,2390302000.0,,0.0,185148000.0,,,873079000.0,,,1121560743.0,-13229000.0,-19067000.0,60566000.0,289382000.0,-84981000.0,263762000.0,-380940000.0,-15495000.0,103949000.0,0.0,56097000.0,56097000.0,56097000.0,0.0,14200000.0,0.29,51885000.0,101043000.0,31556000.0,1.26,1.615,19.993,19.24,1341299000.0,0.0,39.25,5.798,5.798,0.0,-71250000.0,193423000.0,193423000.0,0.0,,,,0.517,0.0,12032000.0,1.0,28574796.0,28574796.0,,6.769,1567556000.0,0.0,0.0,0.0,54.858,
93,SITC,MRT,1998-03-31,1998-03-31,1998-03-31,2021-08-25,0.0,1483252000.0,,,,,24.034,-334244000.0,14101000.0,14101000.0,38135000.0,67100000.0,,1.218,768105000.0,,,768105000.0,0.0,32313000.0,0.0,0.062,2.545,91864000.0,124177000.0,0.685,124177000.0,91864000.0,52900000.0,1.99,1.98,1.99,668621000.0,,668621000.0,1805772990.0,20.0,14.542,-231358000.0,-8.316,1.0,143175000.0,0.79,0.0,38964000.0,2237256000.0,,0.0,162977000.0,,,814631000.0,,,1137269990.0,11418000.0,-11356000.0,83911000.0,258368000.0,-82045000.0,259124000.0,-350592000.0,-4992000.0,102886000.0,0.0,52900000.0,52900000.0,52900000.0,0.0,14200000.0,0.292,49196000.0,93979000.0,33021000.0,1.279,1.701,21.498,20.543,1265710000.0,0.0,40.88,6.273,6.273,0.0,-68098000.0,181310000.0,181310000.0,0.0,,,,0.507,0.0,11627000.0,1.0,27819716.0,27819716.0,,6.517,1483252000.0,0.0,0.0,0.0,53.317,
94,SITC,MRT,1997-12-31,1997-12-31,1997-12-31,2021-08-25,0.0,1391918000.0,1183522000.0,,,0.143,24.049,-381961000.0,18000.0,18000.0,36145000.0,67522000.0,,1.08,706222000.0,,,706222000.0,0.0,32313000.0,0.0,0.066,2.52,88880000.0,121193000.0,0.716,121193000.0,88880000.0,53322000.0,2.06,2.06,2.06,669050000.0,569193000.0,669050000.0,,,,-287568000.0,-10.337,1.0,133078000.0,0.786,0.0,35558000.0,2098122000.0,1775833500.0,0.0,136267000.0,,,722868000.0,,,1064104137.0,5000.0,-30178000.0,198924000.0,203247000.0,-79655000.0,321832000.0,-416220000.0,-4081000.0,94393000.0,0.0,53322000.0,53322000.0,53322000.0,0.0,14200000.0,0.315,43368000.0,89710000.0,28601000.0,1.223,1.59,19.956,18.568,1154005000.0,0.0,38.25,6.288,6.288,20363000.0,-63517000.0,169223000.0,169223000.0,0.0,0.045,0.094,0.05,0.525,0.0,11055000.0,1.0,27819716.0,27819716.0,,6.083,1391918000.0,0.0,0.0,0.0,50.034,
95,SITC,MRT,1997-09-30,1997-09-30,1997-09-30,2021-08-25,,,,,,,,,,,,,,,,,,,,,,0.062,2.49,,,,,,,,,,,,,,,,,,1.0,,,,,,,,,,,,,,,,,,,,,,,,,,,,,,,,,,,,,,,,40.0,,,,,,,,,,,,,,1.0,,,,,,,,,,
96,SITC,MRT,1997-06-30,1997-06-30,1997-06-30,2021-08-25,,,,,,,,,,,,,,,,,,,,,,0.061,2.46,,,,,,,,,,,,,,,,,,1.0,,,,,,,,,,,,,,,,,,,,,,,,,,,,,,,,,,,,,,,,40.0,,,,,,,,,,,,,,1.0,,,,,,,,,,
97,SITC,MRT,1997-03-31,1997-03-31,1997-03-31,2021-08-25,,,,,,,,,,,,,,,,,,,,,,0.064,2.43,,,,,,,,,,,,,,,,,,1.0,,,,,,,,,,,,,,,,,,,,,,,,,,,,,,,,,,,,,,,,37.75,,,,,,,,,,,,,,1.0,,,,,,,,,,
98,SITC,MRT,1996-12-31,1996-12-31,1996-12-31,2021-08-25,0.0,975126000.0,,,,,,-183945000.0,13000.0,13000.0,26988000.0,49542000.0,,1.078,478432000.0,,,478432000.0,0.0,25062000.0,0.0,0.065,2.4,65230000.0,90292000.0,0.69,90292000.0,65230000.0,35342000.0,1.68,1.68,1.68,469336000.0,,469336000.0,,,,-108125000.0,,1.0,103917000.0,0.794,0.0,29888000.0,1453545000.0,,0.0,106796000.0,,,505790000.0,,,,1000.0,-15725000.0,77423000.0,108218000.0,-65972000.0,123851000.0,-199670000.0,0.0,75820000.0,0.0,35342000.0,35342000.0,35342000.0,0.0,14200000.0,0.27,33197000.0,70720000.0,20921000.0,1.429,,,22.095,849608000.0,0.0,37.12,,,11439000.0,-51384000.0,130905000.0,130905000.0,0.0,,,,0.498,0.0,8135000.0,1.0,,,,,975126000.0,0.0,0.0,0.0,,
99,SITC,MRT,1995-12-31,1995-12-31,1995-12-31,2021-08-25,,,,,,,,-149096000.0,,,21846000.0,25505000.0,,,,,,,,21865000.0,,0.072,2.16,53845000.0,75710000.0,0.702,75710000.0,53845000.0,24250000.0,1.29,1.28,1.29,,,,,,,-100057000.0,,1.0,85959000.0,0.797,,29595000.0,,,,,,,,,,,-907000.0,-73994000.0,76874000.0,-5662000.0,-41751000.0,167252000.0,-217198000.0,0.0,49039000.0,0.0,24250000.0,24250000.0,24250000.0,0.0,1255000.0,0.225,27788000.0,58171000.0,,1.674,,,23.256,,0.0,30.0,,,,,107805000.0,107805000.0,0.0,,,,0.499,0.0,6223000.0,1.0,,,,,,,0.0,,,
