None,ticker,dimension,calendardate,datekey,reportperiod,lastupdated,accoci,assets,assetsavg,assetsc,assetsnc,assetturnover,bvps,capex,cashneq,cashnequsd,cor,consolinc,currentratio,de,debt,debtc,debtnc,debtusd,deferredrev,depamor,deposits,divyield,dps,ebit,ebitda,ebitdamargin,ebitdausd,ebitusd,ebt,eps,epsdil,epsusd,equity,equityavg,equityusd,ev,evebit,evebitda,fcf,fcfps,fxusd,gp,grossmargin,intangibles,intexp,invcap,invcapavg,inventory,investments,investmentsc,investmentsnc,liabilities,liabilitiesc,liabilitiesnc,marketcap,ncf,ncfbus,ncfcommon,ncfdebt,ncfdiv,ncff,ncfi,ncfinv,ncfo,ncfx,netinc,netinccmn,netinccmnusd,netincdis,netincnci,netmargin,opex,opinc,payables,payoutratio,pb,pe,pe1,ppnenet,prefdivis,price,ps,ps1,receivables,retearn,revenue,revenueusd,rnd,roa,roe,roic,ros,sbcomp,sgna,sharefactor,sharesbas,shareswa,shareswadil,sps,tangibles,taxassets,taxexp,taxliabilities,tbvps,workingcapital
0,PCG,MRY,2020-12-31,2020-12-31,2020-12-31,2021-07-29,-27000000.0,97856000000.0,97340000000.0,9602000000.0,88254000000.0,0.19,16.707,-7690000000.0,627000000.0,627000000.0,12582000000.0,-1304000000.0,0.707,3.648,42604000000.0,4108000000.0,38496000000.0,42604000000.0,0.0,3468000000.0,0.0,0.0,0.0,304000000.0,3772000000.0,0.204,3772000000.0,304000000.0,-956000000.0,-1.05,-1.05,-1.05,21001000000.0,12717250000.0,21001000000.0,64684690229.0,213.0,17.149,-26820000000.0,-21.337,1.0,5887000000.0,0.319,0.0,1260000000.0,126252000000.0,116940000000.0,628000000.0,3538000000.0,0.0,3538000000.0,76603000000.0,13581000000.0,63022000000.0,24727690229.0,-950000000.0,0.0,7582000000.0,17185000000.0,0.0,25928000000.0,-7748000000.0,-72000000.0,-19130000000.0,0.0,-1318000000.0,-1318000000.0,-1318000000.0,0.0,14000000.0,-0.071,6091000000.0,-204000000.0,2402000000.0,0.0,1.177,-18.762,-11.867,67877000000.0,0.0,12.46,1.339,0.848,6212000000.0,-9196000000.0,18469000000.0,18469000000.0,0.0,-0.014,-0.104,0.003,0.016,0.0,0.0,1.0,1984565829.0,1257000000,1257000000.0,14.693,97856000000.0,67000000.0,362000000.0,1398000000.0,77.849,-3979000000.0
1,PCG,MRY,2019-12-31,2019-12-31,2019-12-31,2021-07-29,-10000000.0,85196000000.0,84395750000.0,10165000000.0,75031000000.0,0.203,9.727,-6313000000.0,1577000000.0,1577000000.0,12554000000.0,-7642000000.0,1.332,15.539,54332000000.0,2056000000.0,52276000000.0,54332000000.0,0.0,3234000000.0,0.0,0.0,0.0,-10122000000.0,-6888000000.0,-0.402,-6888000000.0,-10122000000.0,-11056000000.0,-14.5,-14.5,-14.5,5136000000.0,9273500000.0,5136000000.0,51810724850.0,-5.0,-7.522,-1497000000.0,-2.835,1.0,4575000000.0,0.267,0.0,934000000.0,130320000000.0,123633250000.0,647000000.0,3173000000.0,0.0,3173000000.0,79808000000.0,7631000000.0,72177000000.0,5752724850.0,-98000000.0,0.0,85000000.0,1387000000.0,0.0,1464000000.0,-6378000000.0,-76000000.0,4816000000.0,0.0,-7656000000.0,-7656000000.0,-7656000000.0,0.0,14000000.0,-0.447,15015000000.0,-10440000000.0,1954000000.0,0.0,1.12,-0.751,-0.75,63921000000.0,0.0,10.87,0.336,0.335,6167000000.0,-7892000000.0,17129000000.0,17129000000.0,0.0,-0.091,-0.826,-0.082,-0.591,0.0,0.0,1.0,529229517.0,528000000,528000000.0,32.441,85196000000.0,67000000.0,-3400000000.0,320000000.0,161.356,2534000000.0
2,PCG,MRY,2018-12-31,2018-12-31,2018-12-31,2021-07-29,-9000000.0,76995000000.0,71605750000.0,9195000000.0,67800000000.0,0.234,24.47,-6514000000.0,1668000000.0,1668000000.0,11652000000.0,-6837000000.0,0.221,5.066,21994000000.0,21994000000.0,0.0,21994000000.0,0.0,3036000000.0,0.0,0.0,0.0,-9214000000.0,-6178000000.0,-0.369,-6178000000.0,-9214000000.0,-10143000000.0,-13.25,-13.25,-13.25,12651000000.0,17658750000.0,12651000000.0,31238514055.0,-3.0,-5.056,-1762000000.0,-3.408,1.0,5107000000.0,0.305,0.0,929000000.0,55626000000.0,73785250000.0,554000000.0,2730000000.0,0.0,2730000000.0,64092000000.0,41695000000.0,22397000000.0,12318514055.0,1219000000.0,0.0,200000000.0,2851000000.0,0.0,3031000000.0,-6564000000.0,-73000000.0,4752000000.0,0.0,-6851000000.0,-6851000000.0,-6851000000.0,0.0,14000000.0,-0.409,14807000000.0,-9700000000.0,1975000000.0,0.0,0.974,-1.798,-1.792,58557000000.0,0.0,23.75,0.735,0.733,4659000000.0,-250000000.0,16759000000.0,16759000000.0,0.0,-0.096,-0.388,-0.125,-0.55,0.0,0.0,1.0,518674276.0,517000000,517000000.0,32.416,76995000000.0,92000000.0,-3292000000.0,3281000000.0,148.926,-32500000000.0
3,PCG,MRY,2017-12-31,2017-12-31,2017-12-31,2021-07-29,-8000000.0,68012000000.0,69689250000.0,6281000000.0,61731000000.0,0.246,37.539,-5641000000.0,449000000.0,449000000.0,11376000000.0,1660000000.0,0.881,2.525,19129000000.0,1376000000.0,17753000000.0,19129000000.0,0.0,2854000000.0,0.0,0.035,1.55,3045000000.0,5899000000.0,0.344,5899000000.0,3045000000.0,2157000000.0,3.21,3.21,3.21,19220000000.0,18811500000.0,19220000000.0,41051574393.0,13.0,6.959,336000000.0,0.656,1.0,5759000000.0,0.336,0.0,888000000.0,79563000000.0,80938750000.0,481000000.0,2863000000.0,0.0,2863000000.0,48540000000.0,7129000000.0,41411000000.0,23061574393.0,272000000.0,0.0,395000000.0,678000000.0,-1021000000.0,-55000000.0,-5650000000.0,-32000000.0,5977000000.0,0.0,1646000000.0,1646000000.0,1646000000.0,0.0,14000000.0,0.096,2854000000.0,2905000000.0,1646000000.0,0.483,1.2,14.011,13.966,53789000000.0,0.0,44.83,1.346,1.34,4531000000.0,6596000000.0,17135000000.0,17135000000.0,0.0,0.024,0.087,0.038,0.178,0.0,0.0,1.0,514422806.0,512000000,513000000.0,33.467,68012000000.0,65000000.0,511000000.0,5822000000.0,132.836,-848000000.0
4,PCG,MRY,2016-12-31,2016-12-31,2016-12-31,2021-07-29,-9000000.0,68598000000.0,66435000000.0,6164000000.0,62434000000.0,0.266,35.952,-5709000000.0,177000000.0,177000000.0,12706000000.0,1407000000.0,0.815,2.81,18436000000.0,2216000000.0,16220000000.0,18436000000.0,0.0,2755000000.0,0.0,0.032,1.925,2277000000.0,5032000000.0,0.285,5032000000.0,2277000000.0,1448000000.0,2.79,2.78,2.79,17940000000.0,17163000000.0,17940000000.0,48323364994.0,21.0,9.603,-1300000000.0,-2.605,1.0,4960000000.0,0.281,0.0,829000000.0,79293000000.0,77480750000.0,463000000.0,2606000000.0,0.0,2606000000.0,50406000000.0,7564000000.0,42842000000.0,30729364994.0,-173000000.0,0.0,822000000.0,1314000000.0,-921000000.0,1171000000.0,-5753000000.0,-57000000.0,4409000000.0,0.0,1393000000.0,1393000000.0,1393000000.0,0.0,14000000.0,0.079,2880000000.0,2080000000.0,1495000000.0,0.69,1.713,22.06,21.781,50581000000.0,0.0,60.77,1.739,1.717,4495000000.0,5751000000.0,17666000000.0,17666000000.0,0.0,0.021,0.081,0.029,0.129,0.0,0.0,1.0,505666694.0,499000000,501000000.0,35.403,68598000000.0,230000000.0,55000000.0,10213000000.0,137.471,-1400000000.0
5,PCG,MRY,2015-12-31,2015-12-31,2015-12-31,2021-07-29,-7000000.0,63234000000.0,61850250000.0,5813000000.0,57421000000.0,0.272,34.248,-5173000000.0,357000000.0,357000000.0,12713000000.0,888000000.0,0.914,2.8,17104000000.0,1179000000.0,15925000000.0,17104000000.0,0.0,2612000000.0,0.0,0.034,1.82,1620000000.0,4232000000.0,0.251,4232000000.0,1620000000.0,847000000.0,1.81,1.79,1.81,16576000000.0,16216500000.0,16576000000.0,42072240601.0,26.0,9.941,-1393000000.0,-2.878,1.0,4120000000.0,0.245,0.0,773000000.0,73618000000.0,71673750000.0,439000000.0,2470000000.0,0.0,2470000000.0,46406000000.0,6363000000.0,40043000000.0,26087240601.0,-28000000.0,0.0,780000000.0,1506000000.0,-856000000.0,1403000000.0,-5211000000.0,-124000000.0,3780000000.0,0.0,874000000.0,874000000.0,874000000.0,0.0,14000000.0,0.052,2612000000.0,1508000000.0,1414000000.0,1.006,1.574,29.848,29.387,46723000000.0,0.0,53.19,1.55,1.529,4436000000.0,5301000000.0,16833000000.0,16833000000.0,0.0,0.014,0.054,0.023,0.096,0.0,0.0,1.0,490453856.0,484000000,487000000.0,34.779,63234000000.0,290000000.0,-27000000.0,9206000000.0,130.649,-550000000.0
6,PCG,MRY,2014-12-31,2014-12-31,2014-12-31,2021-07-29,11000000.0,60127000000.0,57755750000.0,6389000000.0,53738000000.0,0.296,33.65,-4833000000.0,449000000.0,449000000.0,12207000000.0,1450000000.0,1.079,2.802,15683000000.0,633000000.0,15050000000.0,15683000000.0,0.0,2433000000.0,0.0,0.034,1.82,2515000000.0,4948000000.0,0.29,4948000000.0,2515000000.0,1781000000.0,3.07,3.06,3.07,15748000000.0,15308750000.0,15748000000.0,39836686557.0,16.0,8.051,-1143000000.0,-2.442,1.0,4883000000.0,0.286,0.0,734000000.0,69441000000.0,66458250000.0,476000000.0,2421000000.0,0.0,2421000000.0,44127000000.0,5920000000.0,38207000000.0,25293686557.0,-145000000.0,0.0,802000000.0,876000000.0,-828000000.0,879000000.0,-4714000000.0,2000000.0,3690000000.0,0.0,1436000000.0,1436000000.0,1436000000.0,0.0,14000000.0,0.084,2433000000.0,2450000000.0,1244000000.0,0.593,1.606,17.614,17.342,43941000000.0,0.0,53.24,1.48,1.458,5092000000.0,5316000000.0,17090000000.0,17090000000.0,0.0,0.025,0.094,0.038,0.147,0.0,0.0,1.0,475088027.0,468000000,470000000.0,36.517,60127000000.0,289000000.0,345000000.0,8513000000.0,128.476,469000000.0
7,PCG,MRY,2013-12-31,2013-12-31,2013-12-31,2021-07-29,50000000.0,55605000000.0,54551250000.0,5977000000.0,49628000000.0,0.286,32.302,-5207000000.0,597000000.0,597000000.0,11759000000.0,828000000.0,0.798,2.86,14780000000.0,2063000000.0,12717000000.0,14780000000.0,0.0,2077000000.0,0.0,0.045,1.82,1797000000.0,3874000000.0,0.248,3874000000.0,1797000000.0,1082000000.0,1.83,1.83,1.83,14342000000.0,13948000000.0,14342000000.0,31674614362.0,18.0,8.176,-1780000000.0,-4.009,1.0,3839000000.0,0.246,0.0,715000000.0,62295000000.0,60698250000.0,454000000.0,2342000000.0,0.0,2342000000.0,41011000000.0,7493000000.0,33518000000.0,18097614362.0,-105000000.0,0.0,1045000000.0,1353000000.0,-782000000.0,1575000000.0,-5107000000.0,15000000.0,3427000000.0,0.0,814000000.0,814000000.0,814000000.0,0.0,14000000.0,0.052,2077000000.0,1762000000.0,1293000000.0,0.995,1.262,22.233,22.011,41252000000.0,0.0,40.28,1.16,1.147,3989000000.0,4742000000.0,15598000000.0,15598000000.0,0.0,0.015,0.058,0.03,0.115,0.0,0.0,1.0,449295292.0,444000000,445000000.0,35.131,55605000000.0,659000000.0,268000000.0,7823000000.0,125.236,-1516000000.0
8,PCG,MRY,2012-12-31,2012-12-31,2012-12-31,2021-07-29,-101000000.0,52449000000.0,50905000000.0,5121000000.0,47328000000.0,0.295,30.835,-4624000000.0,731000000.0,731000000.0,11075000000.0,830000000.0,0.819,2.992,13409000000.0,892000000.0,12517000000.0,13409000000.0,0.0,2272000000.0,0.0,0.045,1.82,1756000000.0,4028000000.0,0.268,4028000000.0,1756000000.0,1053000000.0,1.92,1.92,1.92,13074000000.0,12892250000.0,13074000000.0,29984770138.0,17.0,7.444,258000000.0,0.608,1.0,3965000000.0,0.264,0.0,703000000.0,58871000000.0,57343500000.0,444000000.0,2161000000.0,0.0,2161000000.0,39123000000.0,6256000000.0,32867000000.0,17276770138.0,-112000000.0,0.0,751000000.0,-487000000.0,-746000000.0,-468000000.0,-4526000000.0,-56000000.0,4882000000.0,0.0,816000000.0,816000000.0,816000000.0,0.0,14000000.0,0.054,2272000000.0,1693000000.0,1241000000.0,0.948,1.321,21.173,20.927,37523000000.0,0.0,40.18,1.149,1.133,3268000000.0,4747000000.0,15040000000.0,15040000000.0,0.0,0.016,0.063,0.031,0.117,0.0,0.0,1.0,429984324.0,424000000,425000000.0,35.472,52449000000.0,387000000.0,237000000.0,6748000000.0,123.7,-1135000000.0
9,PCG,MRY,2011-12-31,2011-12-31,2011-12-31,2021-07-29,-213000000.0,49750000000.0,47711000000.0,6480000000.0,43270000000.0,0.313,30.177,-4038000000.0,893000000.0,893000000.0,10799000000.0,858000000.0,0.836,3.09,13886000000.0,2120000000.0,11766000000.0,13886000000.0,0.0,2215000000.0,0.0,0.044,1.82,1984000000.0,4199000000.0,0.281,4199000000.0,1984000000.0,1284000000.0,2.1,2.1,2.1,12101000000.0,11815750000.0,12101000000.0,29291497095.0,15.0,6.976,-299000000.0,-0.746,1.0,4157000000.0,0.278,0.0,700000000.0,54994000000.0,53061250000.0,420000000.0,2041000000.0,0.0,2041000000.0,37397000000.0,7749000000.0,29648000000.0,16730497095.0,222000000.0,0.0,662000000.0,470000000.0,-704000000.0,469000000.0,-3986000000.0,-35000000.0,3739000000.0,0.0,844000000.0,844000000.0,844000000.0,0.0,14000000.0,0.056,2215000000.0,1942000000.0,1177000000.0,0.867,1.383,19.823,19.629,33655000000.0,0.0,41.22,1.119,1.105,3211000000.0,4712000000.0,14956000000.0,14956000000.0,0.0,0.018,0.071,0.037,0.133,0.0,0.0,1.0,405882996.0,401000000,402000000.0,37.297,49750000000.0,569000000.0,440000000.0,6314000000.0,124.065,-1269000000.0
10,PCG,MRY,2010-12-31,2010-12-31,2010-12-31,2021-07-29,-202000000.0,46025000000.0,44759000000.0,5542000000.0,40483000000.0,0.309,29.534,-3802000000.0,854000000.0,854000000.0,9628000000.0,1113000000.0,0.771,3.057,13395000000.0,2066000000.0,11329000000.0,13395000000.0,0.0,1905000000.0,0.0,0.038,1.82,2330000000.0,4235000000.0,0.306,4235000000.0,2330000000.0,1646000000.0,2.86,2.82,2.86,11282000000.0,10886250000.0,11282000000.0,31066427537.0,13.0,7.336,-596000000.0,-1.56,1.0,4213000000.0,0.304,0.0,684000000.0,51381000000.0,49585250000.0,357000000.0,2009000000.0,0.0,2009000000.0,34491000000.0,7185000000.0,27306000000.0,18756427537.0,-236000000.0,0.0,303000000.0,862000000.0,-662000000.0,415000000.0,-3857000000.0,-51000000.0,3206000000.0,0.0,1099000000.0,1099000000.0,1099000000.0,0.0,14000000.0,0.079,1905000000.0,2308000000.0,1129000000.0,0.636,1.663,17.067,16.727,31449000000.0,0.0,47.84,1.355,1.32,2954000000.0,4606000000.0,13841000000.0,13841000000.0,0.0,0.025,0.101,0.047,0.168,0.0,0.0,1.0,392065793.0,382000000,392000000.0,36.233,46025000000.0,612000000.0,547000000.0,5737000000.0,120.484,-1643000000.0
11,PCG,MRY,2009-12-31,2009-12-31,2009-12-31,2021-07-29,-160000000.0,42945000000.0,42257000000.0,5657000000.0,37288000000.0,0.317,28.079,-3958000000.0,1160000000.0,1160000000.0,9348000000.0,1234000000.0,0.83,3.132,12769000000.0,1561000000.0,11208000000.0,12769000000.0,0.0,1752000000.0,0.0,0.038,1.68,2385000000.0,4137000000.0,0.309,4137000000.0,2385000000.0,1680000000.0,3.25,3.2,3.25,10333000000.0,10012750000.0,10333000000.0,27285373466.0,11.0,6.595,-919000000.0,-2.497,1.0,4051000000.0,0.302,0.0,705000000.0,47741000000.0,46109500000.0,314000000.0,1899000000.0,0.0,1899000000.0,32360000000.0,6813000000.0,25547000000.0,16563373466.0,308000000.0,0.0,219000000.0,993000000.0,-590000000.0,605000000.0,-3336000000.0,-63000000.0,3039000000.0,0.0,1220000000.0,1220000000.0,1220000000.0,0.0,14000000.0,0.091,1752000000.0,2299000000.0,984000000.0,0.517,1.603,13.577,13.738,28892000000.0,0.0,44.65,1.236,1.226,2920000000.0,4213000000.0,13399000000.0,13399000000.0,0.0,0.029,0.122,0.052,0.178,0.0,0.0,1.0,370960212.0,368000000,386000000.0,36.41,42945000000.0,723000000.0,460000000.0,5278000000.0,116.698,-1156000000.0
12,PCG,MRY,2008-12-31,2008-12-31,2008-12-31,2021-07-29,-216000000.0,40537000000.0,38868250000.0,6130000000.0,34407000000.0,0.376,27.415,-3628000000.0,1342000000.0,1342000000.0,10716000000.0,1352000000.0,0.818,3.142,11511000000.0,1257000000.0,10254000000.0,11511000000.0,0.0,1863000000.0,0.0,0.04,1.56,2491000000.0,4354000000.0,0.298,4354000000.0,2491000000.0,1763000000.0,3.64,3.63,3.64,9787000000.0,9129000000.0,9787000000.0,23824688046.0,10.0,5.472,-865000000.0,-2.423,1.0,3912000000.0,0.267,0.0,728000000.0,43210000000.0,40311750000.0,423000000.0,1718000000.0,0.0,1718000000.0,30750000000.0,7496000000.0,23254000000.0,13973688046.0,-126000000.0,0.0,225000000.0,1133000000.0,-546000000.0,763000000.0,-3652000000.0,-49000000.0,2763000000.0,0.0,1338000000.0,1338000000.0,1338000000.0,0.0,14000000.0,0.091,1651000000.0,2261000000.0,1121000000.0,0.429,1.428,10.444,10.635,26259000000.0,0.0,38.71,0.955,0.945,4392000000.0,6092000000.0,14628000000.0,14628000000.0,0.0,0.034,0.147,0.062,0.17,0.0,0.0,1.0,360983933.0,357000000,358000000.0,40.975,40537000000.0,25000000.0,425000000.0,3759000000.0,113.549,-1366000000.0
13,PCG,MRY,2007-12-31,2007-12-31,2007-12-31,2021-07-29,10000000.0,36632000000.0,35732750000.0,5449000000.0,31183000000.0,0.37,24.368,-2769000000.0,1642000000.0,1642000000.0,9353000000.0,1020000000.0,0.812,3.283,10626000000.0,873000000.0,9753000000.0,10626000000.0,0.0,1959000000.0,0.0,0.033,1.44,2307000000.0,4266000000.0,0.322,4266000000.0,2307000000.0,1545000000.0,2.79,2.78,2.79,8553000000.0,8281000000.0,8553000000.0,23963086159.0,10.0,5.617,-209000000.0,-0.595,1.0,3884000000.0,0.293,0.0,762000000.0,38909000000.0,37364750000.0,371000000.0,1979000000.0,0.0,1979000000.0,28079000000.0,6707000000.0,21372000000.0,15256086159.0,-111000000.0,0.0,175000000.0,295000000.0,-496000000.0,-5000000.0,-2666000000.0,-103000000.0,2560000000.0,0.0,1006000000.0,1006000000.0,1006000000.0,0.0,14000000.0,0.076,1770000000.0,2114000000.0,1067000000.0,0.516,1.784,15.165,15.444,23656000000.0,0.0,43.09,1.153,1.143,3793000000.0,3151000000.0,13237000000.0,13237000000.0,0.0,0.028,0.121,0.062,0.174,0.0,0.0,1.0,354051663.0,351000000,353000000.0,37.712,36632000000.0,61000000.0,539000000.0,3386000000.0,104.365,-1258000000.0
14,PCG,MRY,2006-12-31,2006-12-31,2006-12-31,2021-07-29,-19000000.0,34803000000.0,34421500000.0,5867000000.0,28936000000.0,0.364,22.575,-2385000000.0,1871000000.0,1871000000.0,8722000000.0,991000000.0,0.711,3.456,10303000000.0,1670000000.0,8633000000.0,10303000000.0,0.0,1803000000.0,0.0,0.028,1.32,2283000000.0,4086000000.0,0.326,4086000000.0,2283000000.0,1545000000.0,2.78,2.76,2.78,7811000000.0,7598000000.0,7811000000.0,24634186009.0,11.0,6.029,329000000.0,0.951,1.0,3817000000.0,0.304,0.0,738000000.0,34985000000.0,35021750000.0,330000000.0,1876000000.0,0.0,1876000000.0,26992000000.0,8250000000.0,18742000000.0,16509186009.0,-257000000.0,0.0,17000000.0,-108000000.0,-456000000.0,-544000000.0,-2427000000.0,-157000000.0,2714000000.0,0.0,991000000.0,991000000.0,991000000.0,0.0,0.0,0.079,1709000000.0,2108000000.0,1075000000.0,0.475,2.114,16.659,17.025,21785000000.0,0.0,47.33,1.317,1.306,3980000000.0,2671000000.0,12539000000.0,12539000000.0,0.0,0.029,0.13,0.065,0.182,0.0,0.0,1.0,348810184.0,346000000,349000000.0,36.24,34803000000.0,0.0,554000000.0,3196000000.0,100.587,-2383000000.0
15,PCG,MRY,2005-12-31,2005-12-31,2005-12-31,2021-07-29,-8000000.0,34074000000.0,34272000000.0,5980000000.0,28094000000.0,0.341,19.403,-1765000000.0,2259000000.0,2259000000.0,7998000000.0,917000000.0,0.863,3.721,10410000000.0,868000000.0,9542000000.0,10410000000.0,0.0,1698000000.0,0.0,0.033,1.23,2044000000.0,3742000000.0,0.32,3742000000.0,2044000000.0,1461000000.0,2.4,2.37,2.4,7218000000.0,7834500000.0,7218000000.0,20595882140.0,10.0,5.504,644000000.0,1.731,1.0,3705000000.0,0.317,0.0,583000000.0,35293000000.0,34631750000.0,364000000.0,1719000000.0,0.0,1719000000.0,26856000000.0,6932000000.0,19924000000.0,13910882140.0,-259000000.0,0.0,-1945000000.0,1136000000.0,-334000000.0,-1270000000.0,-1398000000.0,-90000000.0,2409000000.0,0.0,917000000.0,917000000.0,917000000.0,0.0,0.0,0.078,1735000000.0,1970000000.0,980000000.0,0.512,1.927,15.17,15.467,19955000000.0,0.0,37.12,1.189,1.18,3989000000.0,2139000000.0,11703000000.0,11703000000.0,0.0,0.027,0.117,0.059,0.175,50000000.0,0.0,1.0,374754368.0,372000000,378000000.0,31.46,34074000000.0,21000000.0,544000000.0,3385000000.0,91.597,-952000000.0
16,PCG,MRY,2004-12-31,2004-12-31,2004-12-31,2021-07-29,-4000000.0,34540000000.0,36783000000.0,6408000000.0,28132000000.0,0.301,21.691,-1524000000.0,2952000000.0,2952000000.0,7365000000.0,4504000000.0,0.926,3.001,9251000000.0,1348000000.0,7903000000.0,9251000000.0,0.0,1497000000.0,0.0,0.0,0.0,7767000000.0,9264000000.0,0.836,9264000000.0,7767000000.0,6970000000.0,10.8,10.57,10.8,8633000000.0,7987000000.0,8633000000.0,20536081902.0,3.0,2.217,332000000.0,0.834,1.0,3715000000.0,0.335,0.0,797000000.0,33921000000.0,37454000000.0,304000000.0,1629000000.0,0.0,1629000000.0,25907000000.0,6918000000.0,18989000000.0,13416081902.0,-2686000000.0,0.0,-216000000.0,-1302000000.0,0.0,-1624000000.0,-2918000000.0,-151000000.0,1856000000.0,0.0,4504000000.0,4504000000.0,4504000000.0,0.0,0.0,0.406,-3403000000.0,7118000000.0,762000000.0,0.0,1.554,2.979,3.081,18989000000.0,0.0,33.28,1.211,1.195,3475000000.0,2863000000.0,11080000000.0,11080000000.0,0.0,0.122,0.564,0.207,0.701,41000000.0,0.0,1.0,403127461.0,398000000,398000000.0,27.839,34540000000.0,0.0,2466000000.0,4231000000.0,86.784,-510000000.0
17,PCG,MRY,2003-12-31,2003-12-31,2003-12-31,2021-07-29,-85000000.0,30175000000.0,31934000000.0,7148000000.0,23027000000.0,0.327,10.948,-1649000000.0,4061000000.0,4061000000.0,6710000000.0,420000000.0,2.278,6.159,10387000000.0,600000000.0,9787000000.0,10387000000.0,0.0,1218000000.0,0.0,0.0,0.0,2025000000.0,3243000000.0,0.311,3243000000.0,2025000000.0,878000000.0,1.04,1.02,1.04,4215000000.0,3766750000.0,4215000000.0,16751843906.0,8.0,5.166,574000000.0,1.491,1.0,3725000000.0,0.357,0.0,1147000000.0,33363000000.0,33981500000.0,292000000.0,1478000000.0,0.0,1478000000.0,25960000000.0,3138000000.0,22822000000.0,11517843906.0,-364000000.0,0.0,0.0,-571000000.0,0.0,-571000000.0,-2016000000.0,-143000000.0,2223000000.0,0.0,420000000.0,420000000.0,420000000.0,0.0,0.0,0.04,1382000000.0,2343000000.0,4372000000.0,0.0,2.733,27.423,26.702,18107000000.0,0.0,27.77,1.104,1.025,2873000000.0,-1458000000.0,10435000000.0,10435000000.0,0.0,0.013,0.112,0.06,0.194,0.0,0.0,1.0,414758513.0,385000000,385000000.0,27.104,30175000000.0,0.0,458000000.0,1341000000.0,78.377,4010000000.0
18,PCG,MRY,2002-12-31,2002-12-31,2002-12-31,2021-07-29,-93000000.0,33060000000.0,35693000000.0,9493000000.0,23567000000.0,0.294,9.739,-1536000000.0,4059000000.0,4059000000.0,5200000000.0,-874000000.0,1.024,8.15,11051000000.0,571000000.0,10480000000.0,11051000000.0,0.0,1196000000.0,0.0,0.004,0.05,1487000000.0,2683000000.0,0.255,2683000000.0,1487000000.0,263000000.0,-2.3,-2.27,-2.3,3613000000.0,4840750000.0,3613000000.0,16099264475.0,11.0,6.0,-722000000.0,-1.946,1.0,5305000000.0,0.505,0.0,1224000000.0,30779000000.0,37853000000.0,275000000.0,1335000000.0,0.0,1335000000.0,29447000000.0,9273000000.0,20174000000.0,5625264475.0,-1164000000.0,0.0,217000000.0,-684000000.0,0.0,-467000000.0,-1511000000.0,0.0,814000000.0,0.0,-874000000.0,-874000000.0,-874000000.0,0.0,0.0,-0.083,1351000000.0,3954000000.0,3977000000.0,-0.022,1.557,-6.436,-6.043,13965000000.0,0.0,13.9,0.535,0.491,2383000000.0,-1878000000.0,10505000000.0,10505000000.0,0.0,-0.024,-0.181,0.039,0.142,0.0,0.0,1.0,404695286.0,371000000,371000000.0,28.315,33060000000.0,0.0,1137000000.0,1009000000.0,89.111,220000000.0
19,PCG,MRY,2001-12-31,2001-12-31,2001-12-31,2021-07-29,30000000.0,35963000000.0,35812250000.0,9877000000.0,26086000000.0,0.292,11.906,-1347000000.0,5550000000.0,5550000000.0,6841000000.0,1099000000.0,1.989,7.321,15624000000.0,1001000000.0,14623000000.0,15624000000.0,0.0,899000000.0,0.0,0.0,0.0,2785000000.0,3684000000.0,0.353,3684000000.0,2785000000.0,1707000000.0,3.03,3.02,3.03,4322000000.0,3199000000.0,4322000000.0,21075835685.0,8.0,5.721,3548000000.0,9.774,1.0,3609000000.0,0.345,0.0,1078000000.0,41072000000.0,40511750000.0,383000000.0,1337000000.0,0.0,1337000000.0,31641000000.0,4965000000.0,26676000000.0,7450835685.0,3004000000.0,0.0,14000000.0,-453000000.0,-109000000.0,-549000000.0,-1342000000.0,0.0,4895000000.0,0.0,1099000000.0,1099000000.0,1099000000.0,0.0,0.0,0.105,996000000.0,2613000000.0,6575000000.0,0.0,1.724,6.78,6.35,17401000000.0,0.0,19.24,0.713,0.668,3185000000.0,-1004000000.0,10450000000.0,10450000000.0,0.0,0.031,0.344,0.069,0.267,0.0,0.0,1.0,387257572.0,363000000,363000000.0,28.788,35963000000.0,0.0,608000000.0,2242000000.0,99.072,4912000000.0
20,PCG,MRY,2000-12-31,2000-12-31,2000-12-31,2021-07-29,-4000000.0,36152000000.0,32617000000.0,11199000000.0,24953000000.0,0.385,8.762,-2334000000.0,925000000.0,925000000.0,6963000000.0,-3364000000.0,0.646,10.397,14801000000.0,7211000000.0,7590000000.0,14801000000.0,0.0,3595000000.0,0.0,0.06,1.2,-4679000000.0,-1084000000.0,-0.086,-1084000000.0,-4679000000.0,-5467000000.0,-9.29,-9.29,-9.29,3172000000.0,6222750000.0,3172000000.0,19341907000.0,-4.0,-17.843,-1579000000.0,-4.362,1.0,5605000000.0,0.446,0.0,788000000.0,32697000000.0,34283250000.0,392000000.0,2962000000.0,1634000000.0,1328000000.0,32980000000.0,17331000000.0,15649000000.0,7741907000.0,2077000000.0,415000000.0,63000000.0,3350000000.0,-436000000.0,3000000000.0,-1678000000.0,0.0,755000000.0,0.0,-3364000000.0,-3364000000.0,-3364000000.0,-99000000.0,0.0,-0.268,10534000000.0,-4929000000.0,5896000000.0,-0.129,2.441,-2.301,-2.153,17296000000.0,0.0,20.0,0.616,0.576,4758000000.0,-2105000000.0,12568000000.0,12568000000.0,0.0,-0.103,-0.541,-0.136,-0.372,0.0,0.0,1.0,387095350.0,362000000,362000000.0,34.718,36152000000.0,1241000000.0,-2103000000.0,1848000000.0,99.867,-6132000000.0
21,PCG,MRY,1999-12-31,1999-12-31,1999-12-31,2021-07-29,-4000000.0,29588000000.0,31652000000.0,3575000000.0,26013000000.0,0.658,18.712,-1701000000.0,282000000.0,282000000.0,16886000000.0,-73000000.0,0.588,3.297,11463000000.0,2347000000.0,9116000000.0,11463000000.0,0.0,1780000000.0,0.0,0.059,1.2,947000000.0,2727000000.0,0.131,2727000000.0,947000000.0,175000000.0,-0.2,-0.2,-0.2,6886000000.0,7499500000.0,6886000000.0,18640584280.0,20.0,6.836,469000000.0,1.274,1.0,3933000000.0,0.189,0.0,772000000.0,34684000000.0,35900000000.0,433000000.0,1451000000.0,187000000.0,1264000000.0,22702000000.0,6085000000.0,16617000000.0,7871584280.0,-4000000.0,1014000000.0,-639000000.0,-840000000.0,-465000000.0,-1940000000.0,-234000000.0,0.0,2170000000.0,0.0,-73000000.0,-73000000.0,-73000000.0,0.0,0.0,-0.004,3055000000.0,878000000.0,1202000000.0,-6.0,1.143,-107.83,-102.5,16893000000.0,0.0,20.5,0.378,0.362,2402000000.0,1674000000.0,20819000000.0,20819000000.0,0.0,-0.002,-0.01,0.026,0.045,0.0,0.0,1.0,383979721.0,368000000,368000000.0,56.573,29588000000.0,0.0,248000000.0,3589000000.0,80.402,-2510000000.0
22,PCG,MRY,1998-12-31,1998-12-31,1998-12-31,2021-07-29,0.0,33234000000.0,30874250000.0,4791000000.0,28443000000.0,0.634,21.115,-1619000000.0,286000000.0,286000000.0,15877000000.0,719000000.0,0.709,3.12,12315000000.0,2272000000.0,10043000000.0,12315000000.0,0.0,1602000000.0,0.0,0.038,1.2,2111000000.0,3713000000.0,0.19,3713000000.0,2111000000.0,1330000000.0,1.88,1.88,1.88,8066000000.0,8177750000.0,8066000000.0,24134246598.0,11.0,6.5,1769000000.0,4.631,1.0,3700000000.0,0.189,0.0,781000000.0,38508000000.0,37270000000.0,671000000.0,1227000000.0,55000000.0,1172000000.0,25168000000.0,6755000000.0,18413000000.0,12049246598.0,49000000.0,-1779000000.0,-1095000000.0,563000000.0,-470000000.0,-1113000000.0,-2226000000.0,0.0,3388000000.0,0.0,719000000.0,719000000.0,719000000.0,0.0,0.0,0.037,1602000000.0,2098000000.0,1382000000.0,0.638,1.494,16.758,16.755,17982000000.0,0.0,31.5,0.615,0.615,2442000000.0,2204000000.0,19577000000.0,19577000000.0,0.0,0.023,0.088,0.057,0.108,0.0,0.0,1.0,382515765.0,382000000,382000000.0,51.249,33234000000.0,0.0,611000000.0,4247000000.0,87.0,-1964000000.0
23,PCG,MRY,1997-12-31,1997-12-31,1997-12-31,2021-07-29,0.0,31115000000.0,28460326250.0,5325000000.0,25790000000.0,0.536,21.7,-1822000000.0,237000000.0,237000000.0,11642000000.0,716000000.0,1.142,2.497,11622000000.0,1052000000.0,10570000000.0,11622000000.0,0.0,1851000000.0,0.0,0.04,1.2,1945000000.0,3796000000.0,0.249,3796000000.0,1945000000.0,1281000000.0,1.75,1.75,1.75,8897000000.0,8646955500.0,8897000000.0,22347358301.0,11.0,5.887,796000000.0,1.941,1.0,3613000000.0,0.237,0.0,664000000.0,37839000000.0,33668932750.0,626000000.0,2184000000.0,1160000000.0,1024000000.0,22218000000.0,4661000000.0,17557000000.0,12755757301.0,1253000000.0,-116000000.0,-750000000.0,1719000000.0,-524000000.0,406000000.0,-1771000000.0,0.0,2618000000.0,0.0,716000000.0,716000000.0,716000000.0,0.0,0.0,0.047,1851000000.0,1762000000.0,1512000000.0,0.686,1.434,17.815,17.32,16109000000.0,0.0,30.31,0.836,0.815,2802000000.0,2531000000.0,15255000000.0,15255000000.0,0.0,0.025,0.083,0.058,0.127,0.0,0.0,1.0,420843197.0,410000000,410000000.0,37.207,31115000000.0,0.0,565000000.0,4594000000.0,75.89,664000000.0
24,PCG,MRY,1996-12-31,1996-12-31,1996-12-31,2021-07-29,0.0,26237000000.0,26069788500.0,2711000000.0,23526000000.0,0.369,21.225,-1230000000.0,131000000.0,131000000.0,6492000000.0,722000000.0,0.827,1.993,8661000000.0,891000000.0,7770000000.0,8661000000.0,0.0,1222000000.0,0.0,0.084,1.77,1909000000.0,3131000000.0,0.326,3131000000.0,1909000000.0,1277000000.0,1.75,1.75,1.75,8766000000.0,8609514750.0,8766000000.0,16715180838.0,9.0,5.339,1351000000.0,3.271,1.0,3118000000.0,0.324,0.0,632000000.0,31487000000.0,31398308500.0,584000000.0,896000000.0,13000000.0,883000000.0,17471000000.0,3280000000.0,14191000000.0,8657234838.0,-590000000.0,-229000000.0,-235000000.0,-499000000.0,-844000000.0,-1592000000.0,-1579000000.0,0.0,2581000000.0,0.0,722000000.0,722000000.0,722000000.0,0.0,0.0,0.075,1222000000.0,1896000000.0,878000000.0,1.011,0.988,11.991,12.0,19008000000.0,0.0,21.0,0.901,0.902,1983000000.0,2636000000.0,9610000000.0,9610000000.0,0.0,0.028,0.084,0.061,0.199,0.0,0.0,1.0,412249278.0,413000000,413000000.0,23.269,26237000000.0,0.0,555000000.0,4631000000.0,63.528,-569000000.0
25,PCG,MRY,1995-12-31,1995-12-31,1995-12-31,2021-07-29,0.0,26850290000.0,27039190750.0,3341575000.0,23508715000.0,0.356,20.281,-1102000000.0,734295000.0,734295000.0,5499000000.0,1269000000.0,1.038,2.122,9182697000.0,1134151000.0,8048546000.0,9182697000.0,0.0,1449000000.0,0.0,0.069,1.96,2842000000.0,4291000000.0,0.446,4291000000.0,2842000000.0,2164000000.0,2.99,2.99,2.99,8599133000.0,8680118000.0,8599133000.0,20311316975.0,7.0,4.733,2213000000.0,5.219,1.0,4123000000.0,0.428,0.0,678000000.0,32080328000.0,32454554500.0,544975000.0,1625791000.0,0.0,1625791000.0,18251157000.0,3218364000.0,15032793000.0,11891981975.0,597000000.0,0.0,-461000000.0,-401000000.0,-891000000.0,-1833000000.0,-885000000.0,0.0,3315000000.0,0.0,1269000000.0,1269000000.0,1269000000.0,0.0,0.0,0.132,1360000000.0,2763000000.0,463147000.0,0.656,1.383,9.371,9.492,18931743000.0,0.0,28.38,1.236,1.251,2015280000.0,2812683000.0,9622000000.0,9622000000.0,0.0,0.047,0.146,0.088,0.295,0.0,0.0,1.0,419026849.0,424000000,424000000.0,22.693,26850290000.0,1079673000.0,895000000.0,4828895000.0,63.326,123211000.0
26,PCG,MRY,1994-12-31,1994-12-31,1994-12-31,2021-07-29,0.0,27708564000.0,27466555000.0,3438486000.0,24270078000.0,0.377,20.089,-1126904000.0,136900000.0,136900000.0,5009664000.0,1007450000.0,1.015,2.209,9676823000.0,1001732000.0,8675091000.0,9676823000.0,0.0,1492801000.0,0.0,0.08,1.96,2573424000.0,4066225000.0,0.393,4066225000.0,2573424000.0,1844217000.0,2.21,,2.21,8635025000.0,8597276000.0,8635025000.0,20038339004.0,8.0,4.928,1820783000.0,4.236,1.0,5340566000.0,0.516,0.0,729207000.0,33862418000.0,33817503250.0,541784000.0,1377992000.0,0.0,1377992000.0,19073539000.0,3386069000.0,15687470000.0,10590692004.0,75834000.0,-308810000.0,92711000.0,-615244000.0,-891850000.0,-1406225000.0,-1465628000.0,0.0,2947687000.0,0.0,1007450000.0,949847000.0,949847000.0,0.0,0.0,0.092,2916780000.0,2423786000.0,414291000.0,0.887,1.226,11.15,11.086,19836130000.0,57603000.0,24.5,1.023,1.017,2628516000.0,2677304000.0,10350230000.0,10350230000.0,0.0,0.035,0.11,0.076,0.249,0.0,973302000.0,1.0,432273143.0,429846000,,24.079,27708564000.0,1155421000.0,836767000.0,5162593000.0,64.462,52417000.0
27,PCG,MRY,1993-12-31,1993-12-31,1993-12-31,2021-07-29,0.0,27162526000.0,25675342500.0,3128347000.0,24034179000.0,0.411,19.613,-1763024000.0,61066000.0,61066000.0,5145095000.0,1065495000.0,0.965,2.216,10277679000.0,985579000.0,9292100000.0,10277679000.0,0.0,1451332000.0,0.0,0.054,1.88,2708188000.0,4159520000.0,0.394,4159520000.0,2708188000.0,1967385000.0,2.33,,2.33,8446037000.0,8364587000.0,8446037000.0,,,,1029776000.0,2.391,1.0,5404907000.0,0.512,0.0,740803000.0,34138514000.0,32245131500.0,654227000.0,840767000.0,0.0,840767000.0,18716489000.0,3240625000.0,15475864000.0,15065459293.0,-36526000.0,-234221000.0,6709000.0,214883000.0,-857515000.0,-763447000.0,-2065879000.0,0.0,2792800000.0,0.0,1065495000.0,1001683000.0,1001683000.0,0.0,0.0,0.095,2844672000.0,2560235000.0,472985000.0,0.807,1.784,15.04,15.077,20257117000.0,63812000.0,35.13,1.428,1.434,2233737000.0,2643487000.0,10550002000.0,10550002000.0,0.0,0.039,0.12,0.084,0.257,0.0,1041453000.0,1.0,428848827.0,430625000,,24.499,27162526000.0,1276532000.0,901890000.0,5009078000.0,63.077,-112278000.0
28,PCG,MRY,1992-12-31,1992-12-31,1992-12-31,2021-07-29,0.0,24188159000.0,,2995283000.0,21192876000.0,,19.595,-2455544000.0,97592000.0,97592000.0,4789421000.0,1170581000.0,0.831,1.92,9863876000.0,1484816000.0,8379060000.0,9863876000.0,0.0,1343285000.0,0.0,0.053,1.76,2863892000.0,4207177000.0,0.409,4207177000.0,2863892000.0,2077426000.0,2.58,,2.58,8283137000.0,,8283137000.0,,,,104493000.0,0.247,1.0,5506667000.0,0.535,0.0,786466000.0,30351749000.0,,677324000.0,0.0,0.0,0.0,15905022000.0,3602694000.0,12302328000.0,,312000.0,97251000.0,291243000.0,388389000.0,-809108000.0,-239567000.0,-2320158000.0,0.0,2560037000.0,0.0,1170581000.0,1091694000.0,1091694000.0,0.0,0.0,0.106,2766381000.0,2740286000.0,529315000.0,0.682,,,12.841,19352189000.0,78887000.0,33.13,,1.36,2038732000.0,2631847000.0,10296088000.0,10296088000.0,0.0,,,,0.278,0.0,927316000.0,1.0,,422714000,,24.357,24188159000.0,0.0,906845000.0,2818172000.0,57.221,-607411000.0
29,PCG,MRY,1991-12-31,1991-12-31,1991-12-31,2021-07-29,,,,,,,,-1871456000.0,,,4580218000.0,1026392000.0,,,,,,,,1244800000.0,,0.05,1.64,2670963000.0,3915763000.0,0.4,3915763000.0,2670963000.0,1889481000.0,2.24,,2.24,,,,,,,-845064000.0,-2.022,1.0,5197901000.0,0.532,,781482000.0,,,,,,,,,,,-3927000.0,-388662000.0,-66487000.0,461151000.0,-765543000.0,-484468000.0,-2244536000.0,0.0,1026392000.0,0.0,1026392000.0,936797000.0,936797000.0,0.0,0.0,0.096,2621733000.0,2576168000.0,,0.732,,,14.509,,89595000.0,32.5,,1.389,,,9778119000.0,9778119000.0,0.0,,,,0.273,0.0,875878000.0,1.0,,417965000,,23.395,,,863089000.0,,,
0,PCG,MRQ,2021-06-30,2021-06-30,2021-06-30,2021-07-29,-26000000.0,100494000000.0,,10289000000.0,90205000000.0,,10.855,-1842000000.0,319000000.0,319000000.0,3617000000.0,401000000.0,0.664,3.652,44064000000.0,7048000000.0,37016000000.0,44064000000.0,0.0,851000000.0,0.0,0.0,0.0,762000000.0,1613000000.0,0.309,1613000000.0,762000000.0,364000000.0,0.2,0.18,0.2,21547000000.0,,21547000000.0,62360525000.0,29.0,11.098,-1810000000.0,-0.912,1.0,1598000000.0,0.306,0.0,398000000.0,128746000000.0,,565000000.0,3697000000.0,0.0,3697000000.0,78695000000.0,15493000000.0,63202000000.0,20188525000.0,61000000.0,0.0,0.0,1802000000.0,0.0,1801000000.0,-1772000000.0,31000000.0,32000000.0,0.0,397000000.0,397000000.0,397000000.0,0.0,4000000.0,0.076,975000000.0,623000000.0,2250000000.0,0.0,0.937,25.236,13.56,69821000000.0,0.0,10.17,1.032,1.032,6869000000.0,-8672000000.0,5215000000.0,5215000000.0,0.0,,,,,0.0,0.0,1.0,1985105703.0,1985000000,2146000000.0,2.627,100494000000.0,68000000.0,-33000000.0,1618000000.0,50.627,-5204000000.0
1,PCG,MRQ,2021-03-31,2021-03-31,2021-03-31,2021-07-29,-26000000.0,98558000000.0,,9067000000.0,89491000000.0,,10.643,-1778000000.0,258000000.0,258000000.0,3233000000.0,123000000.0,0.742,3.653,42430000000.0,3504000000.0,38926000000.0,42430000000.0,0.0,888000000.0,0.0,0.0,0.0,430000000.0,1318000000.0,0.279,1318000000.0,430000000.0,22000000.0,0.06,0.06,0.06,21127000000.0,,21127000000.0,65217647532.0,450.0,17.887,-580000000.0,-0.292,1.0,1483000000.0,0.314,0.0,408000000.0,128513000000.0,,550000000.0,3592000000.0,0.0,3592000000.0,77179000000.0,12217000000.0,64962000000.0,23240647532.0,-369000000.0,0.0,0.0,-80000000.0,0.0,229000000.0,-1796000000.0,-27000000.0,1198000000.0,0.0,120000000.0,120000000.0,120000000.0,0.0,3000000.0,0.025,1179000000.0,304000000.0,2141000000.0,0.0,1.1,-14.812,-3.682,68920000000.0,0.0,11.71,1.231,1.231,6443000000.0,-9073000000.0,4716000000.0,4716000000.0,0.0,,,,,0.0,0.0,1.0,1984683820.0,1985000000,2131000000.0,2.376,98558000000.0,68000000.0,-98000000.0,1468000000.0,49.651,-3150000000.0
2,PCG,MRQ,2020-12-31,2020-12-31,2020-12-31,2021-07-29,-27000000.0,97856000000.0,,9602000000.0,88254000000.0,,16.707,-2215000000.0,627000000.0,627000000.0,3258000000.0,204000000.0,0.707,3.648,42604000000.0,4108000000.0,38496000000.0,42604000000.0,0.0,894000000.0,0.0,0.0,0.0,584000000.0,1478000000.0,0.311,1478000000.0,584000000.0,168000000.0,0.45,0.45,0.45,21001000000.0,,21001000000.0,64684690229.0,213.0,17.149,-2126000000.0,-1.691,1.0,1490000000.0,0.314,0.0,416000000.0,126252000000.0,,628000000.0,3538000000.0,0.0,3538000000.0,76603000000.0,13581000000.0,63022000000.0,24727690229.0,-52000000.0,0.0,0.0,2103000000.0,0.0,2083000000.0,-2224000000.0,-13000000.0,89000000.0,0.0,200000000.0,200000000.0,200000000.0,0.0,4000000.0,0.042,1092000000.0,398000000.0,2402000000.0,0.0,1.177,-18.762,-11.867,67877000000.0,0.0,12.46,1.339,0.848,6212000000.0,-9196000000.0,4748000000.0,4748000000.0,0.0,,,,,0.0,0.0,1.0,1984565829.0,1257000000,1257000000.0,3.777,97856000000.0,67000000.0,-32000000.0,1398000000.0,77.849,-3979000000.0
3,PCG,MRQ,2020-09-30,2020-09-30,2020-09-30,2021-07-29,-10000000.0,95587000000.0,,9798000000.0,85789000000.0,,10.581,-2076000000.0,679000000.0,679000000.0,3494000000.0,86000000.0,0.736,3.581,40636000000.0,2968000000.0,37668000000.0,40636000000.0,0.0,845000000.0,0.0,0.0,0.0,365000000.0,1210000000.0,0.248,1210000000.0,365000000.0,-26000000.0,0.04,0.04,0.04,20812000000.0,,20812000000.0,42646435010.0,-9.0,-33.553,-24586000000.0,-12.499,1.0,1388000000.0,0.284,0.0,391000000.0,122223000000.0,,646000000.0,3318000000.0,0.0,3318000000.0,74523000000.0,13321000000.0,61202000000.0,18230435010.0,-14702000000.0,0.0,7582000000.0,1148000000.0,0.0,9891000000.0,-2083000000.0,-9000000.0,-22510000000.0,0.0,83000000.0,83000000.0,83000000.0,0.0,3000000.0,0.017,1127000000.0,261000000.0,2756000000.0,0.0,0.876,-3.55,-0.954,66563000000.0,0.0,9.39,0.987,1.0,7787000000.0,-9400000000.0,4882000000.0,4882000000.0,0.0,,,,,0.0,0.0,1.0,1941473377.0,1967000000,2140000000.0,2.482,95587000000.0,67000000.0,-109000000.0,1225000000.0,48.595,-3523000000.0
4,PCG,MRQ,2020-06-30,2020-06-30,2020-06-30,2021-07-29,-10000000.0,109229000000.0,,25013000000.0,84216000000.0,,6.709,-1758000000.0,15381000000.0,15381000000.0,3034000000.0,-1968000000.0,0.546,29.706,39797000000.0,3301000000.0,36496000000.0,39797000000.0,0.0,874000000.0,0.0,0.0,0.0,-1234000000.0,-360000000.0,-0.079,-360000000.0,-1234000000.0,-1433000000.0,-3.73,-3.73,-3.73,3549000000.0,,3549000000.0,57699200898.0,-8.0,-14.656,-72000000.0,-0.136,1.0,1499000000.0,0.331,0.0,199000000.0,87850000000.0,,653000000.0,3196000000.0,0.0,3196000000.0,105428000000.0,45795000000.0,59633000000.0,4699200898.0,13414000000.0,0.0,0.0,13503000000.0,0.0,13514000000.0,-1786000000.0,-31000000.0,1686000000.0,0.0,-1972000000.0,-1972000000.0,-1972000000.0,0.0,4000000.0,-0.435,2841000000.0,-1342000000.0,3399000000.0,0.0,1.324,-0.687,-0.685,65528000000.0,0.0,8.87,0.261,0.26,7033000000.0,-9486000000.0,4533000000.0,4533000000.0,0.0,,,,,0.0,0.0,1.0,529785896.0,529000000,529000000.0,8.569,109229000000.0,67000000.0,539000000.0,1171000000.0,206.482,-20782000000.0
5,PCG,MRQ,2020-03-31,2020-03-31,2020-03-31,2021-07-29,-10000000.0,86688000000.0,,10558000000.0,76130000000.0,,10.41,-1641000000.0,1960000000.0,1960000000.0,2796000000.0,374000000.0,1.279,14.696,54960000000.0,2554000000.0,52406000000.0,54960000000.0,0.0,855000000.0,0.0,0.0,0.0,589000000.0,1444000000.0,0.335,1444000000.0,589000000.0,335000000.0,0.7,0.57,0.7,5507000000.0,,5507000000.0,57524775205.0,-6.0,-8.998,-36000000.0,-0.068,1.0,1510000000.0,0.351,0.0,254000000.0,131435000000.0,,644000000.0,2911000000.0,0.0,2911000000.0,80929000000.0,8253000000.0,72676000000.0,4762775205.0,390000000.0,0.0,0.0,431000000.0,0.0,440000000.0,-1655000000.0,-19000000.0,1605000000.0,0.0,371000000.0,371000000.0,371000000.0,0.0,3000000.0,0.086,1031000000.0,479000000.0,1851000000.0,0.0,0.865,-0.642,-0.64,64707000000.0,0.0,8.99,0.273,0.273,6212000000.0,-7518000000.0,4306000000.0,4306000000.0,0.0,,,,,0.0,0.0,1.0,529785896.0,529000000,648000000.0,8.14,86688000000.0,67000000.0,-36000000.0,505000000.0,163.871,2305000000.0
6,PCG,MRQ,2019-12-31,2019-12-31,2019-12-31,2021-07-29,-10000000.0,85196000000.0,,10165000000.0,75031000000.0,,9.727,-2121000000.0,1577000000.0,1577000000.0,3298000000.0,-3613000000.0,1.332,15.539,54332000000.0,2056000000.0,52276000000.0,54332000000.0,0.0,801000000.0,0.0,0.0,0.0,-4366000000.0,-3565000000.0,-0.752,-3565000000.0,-4366000000.0,-5085000000.0,-6.85,-6.85,-6.85,5136000000.0,,5136000000.0,51810724850.0,-5.0,-7.522,-1372000000.0,-2.598,1.0,1445000000.0,0.305,0.0,719000000.0,130320000000.0,,647000000.0,3173000000.0,0.0,3173000000.0,79808000000.0,7631000000.0,72177000000.0,5752724850.0,-1400000000.0,0.0,0.0,1000000.0,0.0,-21000000.0,-2128000000.0,-10000000.0,749000000.0,0.0,-3617000000.0,-3617000000.0,-3617000000.0,0.0,4000000.0,-0.763,5878000000.0,-4433000000.0,1954000000.0,0.0,1.12,-0.751,-0.75,63921000000.0,0.0,10.87,0.336,0.335,6167000000.0,-7892000000.0,4743000000.0,4743000000.0,0.0,,,,,0.0,0.0,1.0,529229517.0,528000000,528000000.0,8.983,85196000000.0,67000000.0,-1468000000.0,320000000.0,161.356,2534000000.0
7,PCG,MRQ,2019-09-30,2019-09-30,2019-09-30,2021-07-29,-9000000.0,85713000000.0,,11577000000.0,74136000000.0,,16.52,-1782000000.0,2970000000.0,2970000000.0,3344000000.0,-1616000000.0,1.789,8.779,49028000000.0,553000000.0,48475000000.0,49028000000.0,0.0,840000000.0,0.0,0.0,0.0,-2296000000.0,-1456000000.0,-0.329,-1456000000.0,-2296000000.0,-2348000000.0,-3.06,-3.06,-3.06,8739000000.0,,8739000000.0,48605237930.0,-3.0,-4.075,-472000000.0,-0.892,1.0,1088000000.0,0.245,0.0,52000000.0,125299000000.0,,635000000.0,3061000000.0,0.0,3061000000.0,76722000000.0,6472000000.0,70250000000.0,5292237930.0,-489000000.0,0.0,0.0,-3000000.0,0.0,17000000.0,-1816000000.0,-36000000.0,1310000000.0,0.0,-1619000000.0,-1619000000.0,-1619000000.0,0.0,3000000.0,-0.365,3461000000.0,-2373000000.0,1844000000.0,0.0,0.606,-0.485,-0.478,63759000000.0,0.0,10.0,0.321,0.321,5994000000.0,-4279000000.0,4432000000.0,4432000000.0,0.0,,,,,0.0,0.0,1.0,529223793.0,529000000,529000000.0,8.378,85713000000.0,82000000.0,-729000000.0,1721000000.0,162.028,5105000000.0
8,PCG,MRQ,2019-06-30,2019-06-30,2019-06-30,2021-07-29,-9000000.0,84387000000.0,,11577000000.0,72810000000.0,,19.55,-1186000000.0,3459000000.0,3459000000.0,2887000000.0,-2549000000.0,2.027,7.135,46772000000.0,546000000.0,46226000000.0,46772000000.0,0.0,796000000.0,0.0,0.0,0.0,-3612000000.0,-2816000000.0,-0.714,-2816000000.0,-3612000000.0,-3672000000.0,-4.83,-4.83,-4.83,10342000000.0,,10342000000.0,51575499572.0,-4.0,-5.794,-673000000.0,-1.272,1.0,1056000000.0,0.268,0.0,60000000.0,121989000000.0,,608000000.0,3016000000.0,0.0,3016000000.0,73793000000.0,5711000000.0,68082000000.0,12129499572.0,494000000.0,0.0,0.0,1150000000.0,0.0,1168000000.0,-1187000000.0,-4000000.0,513000000.0,0.0,-2553000000.0,-2553000000.0,-2553000000.0,0.0,4000000.0,-0.647,4752000000.0,-3696000000.0,1679000000.0,0.0,1.173,-1.39,-1.366,62913000000.0,0.0,22.92,0.739,0.738,5505000000.0,-2663000000.0,3943000000.0,3943000000.0,0.0,,,,,0.0,0.0,1.0,529210278.0,529000000,529000000.0,7.454,84387000000.0,85000000.0,-1119000000.0,2354000000.0,159.522,5866000000.0
9,PCG,MRQ,2019-03-31,2019-03-31,2019-03-31,2021-07-29,-9000000.0,82287000000.0,,10693000000.0,71594000000.0,,24.481,-1224000000.0,2964000000.0,2964000000.0,3025000000.0,136000000.0,2.224,5.371,42410000000.0,539000000.0,41871000000.0,42410000000.0,0.0,797000000.0,0.0,0.0,0.0,155000000.0,952000000.0,0.237,952000000.0,155000000.0,52000000.0,0.25,0.25,0.25,12877000000.0,,12877000000.0,29716593436.0,-3.0,-4.441,1020000000.0,1.939,1.0,986000000.0,0.246,0.0,103000000.0,116925000000.0,,536000000.0,2932000000.0,0.0,2932000000.0,69158000000.0,4808000000.0,64350000000.0,9390593436.0,1297000000.0,0.0,85000000.0,239000000.0,0.0,300000000.0,-1247000000.0,-26000000.0,2244000000.0,0.0,136000000.0,136000000.0,136000000.0,0.0,0.0,0.034,924000000.0,62000000.0,867000000.0,0.0,0.729,-1.312,-1.284,61975000000.0,0.0,17.8,0.562,0.56,4999000000.0,-114000000.0,4011000000.0,4011000000.0,0.0,,,,,0.0,0.0,1.0,527561429.0,526000000,527000000.0,7.625,82287000000.0,69000000.0,-84000000.0,3273000000.0,156.439,5885000000.0
10,PCG,MRQ,2018-12-31,2018-12-31,2018-12-31,2021-07-29,-9000000.0,76995000000.0,,9195000000.0,67800000000.0,,24.329,-1922000000.0,1668000000.0,1668000000.0,3176000000.0,-6869000000.0,0.221,5.066,21994000000.0,21994000000.0,0.0,21994000000.0,0.0,779000000.0,0.0,0.0,0.0,-9387000000.0,-8608000000.0,-2.106,-8608000000.0,-9387000000.0,-9638000000.0,-13.29,-13.29,-13.29,12651000000.0,,12651000000.0,31238514055.0,-3.0,-5.056,-1406000000.0,-2.704,1.0,912000000.0,0.223,0.0,251000000.0,55626000000.0,,554000000.0,2730000000.0,0.0,2730000000.0,64092000000.0,41695000000.0,22397000000.0,12318514055.0,1238000000.0,0.0,63000000.0,2640000000.0,0.0,2669000000.0,-1947000000.0,-29000000.0,516000000.0,0.0,-6873000000.0,-6873000000.0,-6873000000.0,0.0,4000000.0,-1.681,10442000000.0,-9530000000.0,1975000000.0,0.0,0.974,-1.798,-1.792,58557000000.0,0.0,23.75,0.735,0.733,4659000000.0,-250000000.0,4088000000.0,4088000000.0,0.0,,,,,0.0,0.0,1.0,518674276.0,520000000,517000000.0,7.862,76995000000.0,92000000.0,-2765000000.0,3281000000.0,148.067,-32500000000.0
11,PCG,MRQ,2018-09-30,2018-09-30,2018-09-30,2021-07-29,-12000000.0,71385000000.0,,6349000000.0,65036000000.0,,37.609,-1695000000.0,430000000.0,430000000.0,2936000000.0,567000000.0,0.669,2.658,19350000000.0,943000000.0,18407000000.0,19350000000.0,0.0,759000000.0,0.0,0.0,0.0,811000000.0,1570000000.0,0.358,1570000000.0,811000000.0,579000000.0,1.09,1.09,1.09,19444000000.0,,19444000000.0,42532133015.0,69.0,11.824,-212000000.0,-0.41,1.0,1445000000.0,0.33,0.0,232000000.0,80816000000.0,,505000000.0,2917000000.0,0.0,2917000000.0,51689000000.0,9489000000.0,42200000000.0,23794133015.0,-87000000.0,0.0,55000000.0,93000000.0,0.0,152000000.0,-1722000000.0,-31000000.0,1483000000.0,0.0,564000000.0,564000000.0,564000000.0,0.0,3000000.0,0.129,749000000.0,696000000.0,1699000000.0,0.0,1.224,174.957,184.04,56205000000.0,0.0,46.01,1.419,1.418,4815000000.0,6623000000.0,4381000000.0,4381000000.0,0.0,,,,,0.0,0.0,1.0,517151337.0,517000000,517000000.0,8.474,71385000000.0,67000000.0,15000000.0,5822000000.0,138.075,-3140000000.0
12,PCG,MRQ,2018-06-30,2018-06-30,2018-06-30,2021-07-29,-13000000.0,69889000000.0,,6367000000.0,63522000000.0,,36.452,-1427000000.0,517000000.0,517000000.0,2828000000.0,-980000000.0,0.651,2.702,19255000000.0,1643000000.0,17612000000.0,19255000000.0,0.0,746000000.0,0.0,0.012,0.0,-1351000000.0,-605000000.0,-0.143,-605000000.0,-1351000000.0,-1577000000.0,-1.91,-1.91,-1.91,18809000000.0,,18809000000.0,40603154485.0,55.0,11.073,-186000000.0,-0.36,1.0,1406000000.0,0.332,0.0,226000000.0,78841000000.0,,487000000.0,2828000000.0,0.0,2828000000.0,50828000000.0,9786000000.0,41042000000.0,21979154485.0,373000000.0,0.0,47000000.0,482000000.0,0.0,552000000.0,-1420000000.0,-2000000.0,1241000000.0,0.0,-984000000.0,-984000000.0,-984000000.0,0.0,4000000.0,-0.232,2871000000.0,-1465000000.0,1477000000.0,0.0,1.169,180.157,185.043,55154000000.0,0.0,42.56,1.3,1.299,5030000000.0,6057000000.0,4234000000.0,4234000000.0,0.0,,,,,0.0,0.0,1.0,516427502.0,516000000,516000000.0,8.205,69889000000.0,66000000.0,-593000000.0,5667000000.0,135.444,-3419000000.0
13,PCG,MRQ,2018-03-31,2018-03-31,2018-03-31,2021-07-29,-13000000.0,68154000000.0,,5855000000.0,62299000000.0,,38.313,-1470000000.0,144000000.0,144000000.0,2712000000.0,445000000.0,0.846,2.441,18768000000.0,1361000000.0,17407000000.0,18768000000.0,0.0,752000000.0,0.0,0.024,0.0,713000000.0,1465000000.0,0.361,1465000000.0,713000000.0,493000000.0,0.86,0.86,0.86,19731000000.0,,19731000000.0,41302590147.0,14.0,7.184,42000000.0,0.082,1.0,1344000000.0,0.331,0.0,220000000.0,79858000000.0,,453000000.0,2842000000.0,0.0,2842000000.0,48171000000.0,6920000000.0,41251000000.0,22622590147.0,-305000000.0,0.0,35000000.0,-364000000.0,0.0,-342000000.0,-1475000000.0,-11000000.0,1512000000.0,0.0,442000000.0,442000000.0,442000000.0,0.0,3000000.0,0.109,745000000.0,599000000.0,1231000000.0,0.0,1.147,14.962,14.993,54341000000.0,0.0,43.93,1.337,1.337,4704000000.0,7043000000.0,4056000000.0,4056000000.0,0.0,,,,,0.0,0.0,1.0,514969045.0,515000000,516000000.0,7.876,68154000000.0,65000000.0,51000000.0,5990000000.0,132.338,-1065000000.0
14,PCG,MRQ,2017-12-31,2017-12-31,2017-12-31,2021-07-29,-8000000.0,68012000000.0,,6281000000.0,61731000000.0,,37.32,-1703000000.0,449000000.0,449000000.0,2963000000.0,118000000.0,0.881,2.525,19129000000.0,1376000000.0,17753000000.0,19129000000.0,0.0,720000000.0,0.0,0.035,0.0,447000000.0,1167000000.0,0.285,1167000000.0,447000000.0,222000000.0,0.21,0.23,0.21,19220000000.0,,19220000000.0,41051574393.0,13.0,6.959,-463000000.0,-0.899,1.0,1137000000.0,0.277,0.0,225000000.0,79563000000.0,,481000000.0,2863000000.0,0.0,2863000000.0,48540000000.0,7129000000.0,41411000000.0,23061574393.0,258000000.0,0.0,50000000.0,941000000.0,-267000000.0,718000000.0,-1700000000.0,-4000000.0,1240000000.0,0.0,114000000.0,114000000.0,114000000.0,0.0,4000000.0,0.028,720000000.0,417000000.0,1646000000.0,0.0,1.2,14.011,13.966,53789000000.0,0.0,44.83,1.346,1.34,4531000000.0,6596000000.0,4100000000.0,4100000000.0,0.0,,,,,0.0,0.0,1.0,514422806.0,515000000,510000000.0,7.961,68012000000.0,65000000.0,108000000.0,5822000000.0,132.062,-848000000.0
15,PCG,MRQ,2017-09-30,2017-09-30,2017-09-30,2021-07-29,-8000000.0,71526000000.0,,6383000000.0,65143000000.0,,37.103,-1464000000.0,198000000.0,198000000.0,2868000000.0,553000000.0,0.854,2.745,18188000000.0,1569000000.0,16619000000.0,18188000000.0,0.0,710000000.0,0.0,0.03,0.53,930000000.0,1640000000.0,0.363,1640000000.0,930000000.0,710000000.0,1.07,1.07,1.07,19034000000.0,,19034000000.0,53229026693.0,15.0,8.244,517000000.0,1.008,1.0,1649000000.0,0.365,0.0,220000000.0,82043000000.0,,498000000.0,2793000000.0,0.0,2793000000.0,52240000000.0,7473000000.0,44767000000.0,34918026693.0,13000000.0,0.0,98000000.0,-313000000.0,-266000000.0,-507000000.0,-1461000000.0,-5000000.0,1981000000.0,0.0,550000000.0,550000000.0,550000000.0,0.0,3000000.0,0.122,763000000.0,886000000.0,1419000000.0,0.495,1.835,15.701,15.581,52523000000.0,0.0,68.09,1.967,1.968,5146000000.0,6482000000.0,4517000000.0,4517000000.0,0.0,,,,,0.0,0.0,1.0,512821658.0,513000000,516000000.0,8.805,71526000000.0,77000000.0,160000000.0,11085000000.0,139.427,-1090000000.0
16,PCG,MRQ,2017-06-30,2017-06-30,2017-06-30,2021-07-29,-8000000.0,70055000000.0,,6071000000.0,63984000000.0,,36.476,-1258000000.0,185000000.0,185000000.0,2849000000.0,410000000.0,0.874,2.745,18496000000.0,1880000000.0,16616000000.0,18496000000.0,0.0,712000000.0,0.0,0.03,0.53,765000000.0,1477000000.0,0.348,1477000000.0,765000000.0,540000000.0,0.79,0.79,0.79,18639000000.0,,18639000000.0,52020132587.0,15.0,8.417,-76000000.0,-0.149,1.0,1401000000.0,0.33,0.0,225000000.0,81418000000.0,,501000000.0,2733000000.0,0.0,2733000000.0,51164000000.0,6948000000.0,44216000000.0,33915132587.0,14000000.0,0.0,101000000.0,215000000.0,-245000000.0,86000000.0,-1254000000.0,0.0,1182000000.0,0.0,406000000.0,406000000.0,406000000.0,0.0,4000000.0,0.096,666000000.0,735000000.0,1389000000.0,0.671,1.82,16.448,16.307,51636000000.0,0.0,66.37,1.88,1.88,4632000000.0,6205000000.0,4250000000.0,4250000000.0,0.0,,,,,0.0,0.0,1.0,511000943.0,511000000,513000000.0,8.317,70055000000.0,163000000.0,134000000.0,10753000000.0,137.094,-877000000.0
17,PCG,MRQ,2017-03-31,2017-03-31,2017-03-31,2021-07-29,-9000000.0,69164000000.0,,5980000000.0,63184000000.0,,36.128,-1216000000.0,171000000.0,171000000.0,2689000000.0,579000000.0,0.915,2.755,18276000000.0,1463000000.0,16813000000.0,18276000000.0,0.0,712000000.0,0.0,0.03,0.49,903000000.0,1615000000.0,0.378,1615000000.0,903000000.0,685000000.0,1.13,1.13,1.13,18353000000.0,,18353000000.0,51948430044.0,17.0,8.915,358000000.0,0.705,1.0,1579000000.0,0.37,0.0,218000000.0,80731000000.0,,465000000.0,2701000000.0,0.0,2701000000.0,50559000000.0,6538000000.0,44021000000.0,33696430044.0,-13000000.0,0.0,146000000.0,-165000000.0,-243000000.0,-352000000.0,-1235000000.0,-23000000.0,1574000000.0,0.0,576000000.0,576000000.0,576000000.0,0.0,3000000.0,0.135,712000000.0,867000000.0,1117000000.0,0.434,1.836,18.097,17.984,51080000000.0,0.0,66.36,1.876,1.877,4533000000.0,6070000000.0,4268000000.0,4268000000.0,0.0,,,,,0.0,0.0,1.0,507782249.0,508000000,511000000.0,8.402,69164000000.0,230000000.0,109000000.0,10488000000.0,136.15,-558000000.0
18,PCG,MRQ,2016-12-31,2016-12-31,2016-12-31,2021-07-29,-9000000.0,68598000000.0,,6164000000.0,62434000000.0,,35.525,-1581000000.0,177000000.0,177000000.0,2979000000.0,696000000.0,0.815,2.81,18436000000.0,2216000000.0,16220000000.0,18436000000.0,0.0,665000000.0,0.0,0.032,0.49,1060000000.0,1725000000.0,0.366,1725000000.0,1060000000.0,852000000.0,1.38,1.38,1.38,17940000000.0,,17940000000.0,48323364994.0,21.0,9.603,-455000000.0,-0.901,1.0,1734000000.0,0.368,0.0,208000000.0,79293000000.0,,463000000.0,2606000000.0,0.0,2606000000.0,50406000000.0,7564000000.0,42842000000.0,30729364994.0,-121000000.0,0.0,95000000.0,598000000.0,-243000000.0,423000000.0,-1670000000.0,-26000000.0,1126000000.0,0.0,692000000.0,692000000.0,692000000.0,0.0,4000000.0,0.147,790000000.0,944000000.0,1495000000.0,0.355,1.713,22.06,21.781,50581000000.0,0.0,60.77,1.739,1.717,4495000000.0,5751000000.0,4713000000.0,4713000000.0,0.0,,,,,0.0,0.0,1.0,505666694.0,505000000,504000000.0,9.333,68598000000.0,230000000.0,160000000.0,10213000000.0,135.838,-1400000000.0
19,PCG,MRQ,2016-09-30,2016-09-30,2016-09-30,2021-07-29,-7000000.0,66565000000.0,,5749000000.0,60816000000.0,,34.639,-1477000000.0,239000000.0,239000000.0,3476000000.0,391000000.0,0.917,2.821,17833000000.0,1305000000.0,16528000000.0,17833000000.0,0.0,694000000.0,0.0,0.031,0.49,669000000.0,1363000000.0,0.283,1363000000.0,669000000.0,458000000.0,0.77,0.77,0.77,17354000000.0,,17354000000.0,48283633613.0,34.0,11.482,-9000000.0,-0.018,1.0,1334000000.0,0.277,0.0,211000000.0,77889000000.0,,477000000.0,2597000000.0,0.0,2597000000.0,48959000000.0,6270000000.0,42689000000.0,30493633613.0,-118000000.0,0.0,438000000.0,-385000000.0,-238000000.0,-189000000.0,-1397000000.0,10000000.0,1468000000.0,0.0,388000000.0,388000000.0,388000000.0,0.0,3000000.0,0.081,694000000.0,640000000.0,1370000000.0,0.636,1.757,36.519,36.629,49430000000.0,0.0,61.17,1.781,1.79,4428000000.0,5278000000.0,4810000000.0,4810000000.0,0.0,,,,,0.0,0.0,1.0,498506353.0,501000000,503000000.0,9.601,66565000000.0,288000000.0,70000000.0,9850000000.0,132.864,-521000000.0
20,PCG,MRQ,2016-06-30,2016-06-30,2016-06-30,2021-07-29,-7000000.0,65927000000.0,,6135000000.0,59792000000.0,,33.694,-1422000000.0,424000000.0,424000000.0,3069000000.0,210000000.0,0.922,2.922,18214000000.0,1689000000.0,16525000000.0,18214000000.0,0.0,699000000.0,0.0,0.029,0.49,425000000.0,1124000000.0,0.27,1124000000.0,425000000.0,218000000.0,0.41,0.41,0.41,16746000000.0,,16746000000.0,48706024136.0,36.0,11.988,-695000000.0,-1.398,1.0,1100000000.0,0.264,0.0,207000000.0,77066000000.0,,469000000.0,2546000000.0,0.0,2546000000.0,48929000000.0,6651000000.0,42278000000.0,31707024136.0,47000000.0,0.0,143000000.0,834000000.0,-221000000.0,756000000.0,-1436000000.0,-17000000.0,727000000.0,0.0,206000000.0,206000000.0,206000000.0,0.0,4000000.0,0.049,699000000.0,401000000.0,1313000000.0,1.195,1.893,42.052,41.778,48597000000.0,0.0,63.92,1.881,1.884,4347000000.0,5137000000.0,4169000000.0,4169000000.0,0.0,,,,,0.0,0.0,1.0,496042305.0,497000000,498000000.0,8.388,65927000000.0,381000000.0,12000000.0,9556000000.0,132.65,-516000000.0
21,PCG,MRQ,2016-03-31,2016-03-31,2016-03-31,2021-07-29,-7000000.0,64650000000.0,,5634000000.0,59016000000.0,,33.696,-1229000000.0,376000000.0,376000000.0,3182000000.0,110000000.0,0.943,2.877,17375000000.0,853000000.0,16522000000.0,17375000000.0,0.0,697000000.0,0.0,0.03,0.455,123000000.0,820000000.0,0.206,820000000.0,123000000.0,-80000000.0,0.22,0.22,0.22,16612000000.0,,16612000000.0,46283835728.0,29.0,10.779,-141000000.0,-0.286,1.0,792000000.0,0.199,0.0,203000000.0,75675000000.0,,453000000.0,2516000000.0,0.0,2516000000.0,47786000000.0,5974000000.0,41812000000.0,29431835728.0,19000000.0,0.0,146000000.0,267000000.0,-219000000.0,181000000.0,-1250000000.0,-24000000.0,1088000000.0,0.0,107000000.0,107000000.0,107000000.0,0.0,3000000.0,0.027,697000000.0,95000000.0,1062000000.0,2.068,1.772,30.981,30.469,48044000000.0,0.0,59.72,1.741,1.741,4120000000.0,5179000000.0,3974000000.0,3974000000.0,0.0,,,,,0.0,0.0,1.0,492830471.0,493000000,495000000.0,8.061,64650000000.0,383000000.0,-187000000.0,9323000000.0,131.136,-340000000.0
22,PCG,MRQ,2015-12-31,2015-12-31,2015-12-31,2021-07-29,-7000000.0,63234000000.0,,5813000000.0,57421000000.0,,33.623,-1511000000.0,357000000.0,357000000.0,3285000000.0,138000000.0,0.914,2.8,17104000000.0,1179000000.0,15925000000.0,17104000000.0,0.0,677000000.0,0.0,0.034,0.455,221000000.0,898000000.0,0.216,898000000.0,221000000.0,23000000.0,0.27,0.26,0.27,16576000000.0,,16576000000.0,42072240601.0,26.0,9.941,-673000000.0,-1.365,1.0,882000000.0,0.212,0.0,198000000.0,73618000000.0,,439000000.0,2470000000.0,0.0,2470000000.0,46406000000.0,6363000000.0,40043000000.0,26087240601.0,-31000000.0,0.0,91000000.0,775000000.0,-218000000.0,608000000.0,-1477000000.0,-23000000.0,838000000.0,0.0,134000000.0,134000000.0,134000000.0,0.0,4000000.0,0.032,677000000.0,205000000.0,1414000000.0,1.685,1.574,29.848,29.387,46723000000.0,0.0,53.19,1.55,1.529,4436000000.0,5301000000.0,4167000000.0,4167000000.0,0.0,,,,,0.0,0.0,1.0,490453856.0,493000000,496000000.0,8.452,63234000000.0,290000000.0,-111000000.0,9206000000.0,128.264,-550000000.0
23,PCG,MRQ,2015-09-30,2015-09-30,2015-09-30,2021-07-29,-6000000.0,61989000000.0,,6131000000.0,55858000000.0,,34.091,-1252000000.0,441000000.0,441000000.0,3352000000.0,310000000.0,1.004,2.726,16426000000.0,881000000.0,15545000000.0,16426000000.0,0.0,653000000.0,0.0,0.034,0.455,568000000.0,1221000000.0,0.268,1221000000.0,568000000.0,374000000.0,0.63,0.63,0.63,16568000000.0,,16568000000.0,41474130957.0,24.0,9.526,-169000000.0,-0.348,1.0,1198000000.0,0.263,0.0,194000000.0,71866000000.0,,471000000.0,2417000000.0,0.0,2417000000.0,45169000000.0,6108000000.0,39061000000.0,25450130957.0,-95000000.0,0.0,437000000.0,-136000000.0,-214000000.0,70000000.0,-1248000000.0,-1000000.0,1083000000.0,0.0,307000000.0,307000000.0,307000000.0,0.0,3000000.0,0.067,653000000.0,545000000.0,1286000000.0,0.722,1.536,29.219,29.333,45647000000.0,0.0,52.8,1.499,1.512,4761000000.0,5391000000.0,4550000000.0,4550000000.0,0.0,,,,,0.0,0.0,1.0,482010056.0,486000000,489000000.0,9.362,61989000000.0,253000000.0,67000000.0,8773000000.0,127.549,23000000.0
24,PCG,MRQ,2015-06-30,2015-06-30,2015-06-30,2021-07-29,-6000000.0,61631000000.0,,6446000000.0,55185000000.0,,33.373,-1219000000.0,536000000.0,536000000.0,2879000000.0,406000000.0,1.023,2.832,16560000000.0,1016000000.0,15544000000.0,16560000000.0,0.0,651000000.0,0.0,0.037,0.455,704000000.0,1355000000.0,0.321,1355000000.0,704000000.0,512000000.0,0.84,0.83,0.84,16019000000.0,,16019000000.0,39030703907.0,17.0,7.959,-440000000.0,-0.917,1.0,1338000000.0,0.317,0.0,192000000.0,71353000000.0,,456000000.0,2504000000.0,0.0,2504000000.0,45360000000.0,6302000000.0,39058000000.0,23566703907.0,104000000.0,0.0,101000000.0,644000000.0,-213000000.0,539000000.0,-1214000000.0,-12000000.0,779000000.0,0.0,402000000.0,402000000.0,402000000.0,0.0,4000000.0,0.095,651000000.0,687000000.0,1178000000.0,0.542,1.471,17.139,16.99,45010000000.0,0.0,49.1,1.357,1.357,5065000000.0,5308000000.0,4217000000.0,4217000000.0,0.0,,,,,0.0,0.0,1.0,479973603.0,480000000,483000000.0,8.785,61631000000.0,286000000.0,110000000.0,8732000000.0,128.398,144000000.0
25,PCG,MRQ,2015-03-31,2015-03-31,2015-03-31,2021-07-29,-6000000.0,60547000000.0,,6026000000.0,54521000000.0,,32.92,-1191000000.0,443000000.0,443000000.0,3197000000.0,34000000.0,0.979,2.84,15907000000.0,856000000.0,15051000000.0,15907000000.0,0.0,631000000.0,0.0,0.034,0.455,127000000.0,758000000.0,0.194,758000000.0,127000000.0,-62000000.0,0.06,0.06,0.06,15703000000.0,,15703000000.0,40516543224.0,19.0,8.685,-111000000.0,-0.233,1.0,702000000.0,0.18,0.0,189000000.0,69858000000.0,,418000000.0,2526000000.0,0.0,2526000000.0,44592000000.0,6153000000.0,38439000000.0,25282543224.0,-6000000.0,0.0,151000000.0,223000000.0,-211000000.0,186000000.0,-1272000000.0,-88000000.0,1080000000.0,0.0,31000000.0,31000000.0,31000000.0,0.0,3000000.0,0.008,631000000.0,71000000.0,1007000000.0,7.583,1.61,20.389,20.256,44441000000.0,0.0,53.07,1.479,1.481,4822000000.0,5126000000.0,3899000000.0,3899000000.0,0.0,,,,,0.0,0.0,1.0,476399910.0,477000000,481000000.0,8.174,60547000000.0,289000000.0,-93000000.0,8626000000.0,126.933,-127000000.0
26,PCG,MRQ,2014-12-31,2014-12-31,2014-12-31,2021-07-29,11000000.0,60127000000.0,,6389000000.0,53738000000.0,,33.224,-1269000000.0,449000000.0,449000000.0,3258000000.0,135000000.0,1.079,2.802,15683000000.0,633000000.0,15050000000.0,15683000000.0,0.0,667000000.0,0.0,0.034,0.455,353000000.0,1020000000.0,0.237,1020000000.0,353000000.0,166000000.0,0.27,0.27,0.27,15748000000.0,,15748000000.0,39836686557.0,16.0,8.051,-536000000.0,-1.131,1.0,1050000000.0,0.244,0.0,187000000.0,69441000000.0,,476000000.0,2421000000.0,0.0,2421000000.0,44127000000.0,5920000000.0,38207000000.0,25293686557.0,12000000.0,0.0,59000000.0,695000000.0,-211000000.0,532000000.0,-1253000000.0,8000000.0,733000000.0,0.0,131000000.0,131000000.0,131000000.0,0.0,4000000.0,0.03,667000000.0,383000000.0,1244000000.0,1.685,1.606,17.614,17.342,43941000000.0,0.0,53.24,1.48,1.458,5092000000.0,5316000000.0,4308000000.0,4308000000.0,0.0,,,,,0.0,0.0,1.0,475088027.0,474000000,476000000.0,9.089,60127000000.0,289000000.0,35000000.0,8513000000.0,126.85,469000000.0
27,PCG,MRQ,2014-09-30,2014-09-30,2014-09-30,2021-07-29,26000000.0,57884000000.0,,6071000000.0,51813000000.0,,33.43,-1244000000.0,438000000.0,438000000.0,3203000000.0,814000000.0,1.06,2.652,14981000000.0,426000000.0,14555000000.0,14981000000.0,0.0,671000000.0,0.0,0.04,0.455,1100000000.0,1771000000.0,0.359,1771000000.0,1100000000.0,926000000.0,1.72,1.71,1.72,15779000000.0,,15779000000.0,36219377338.0,15.0,7.614,433000000.0,0.917,1.0,1736000000.0,0.351,0.0,174000000.0,66701000000.0,,497000000.0,2399000000.0,0.0,2399000000.0,41853000000.0,5726000000.0,36127000000.0,21232377338.0,7000000.0,0.0,154000000.0,-443000000.0,-209000000.0,-502000000.0,-1168000000.0,-10000000.0,1677000000.0,0.0,811000000.0,811000000.0,811000000.0,0.0,3000000.0,0.164,671000000.0,1065000000.0,1192000000.0,0.265,1.346,15.264,15.216,43172000000.0,0.0,45.04,1.267,1.269,5164000000.0,5403000000.0,4939000000.0,4939000000.0,0.0,,,,,0.0,0.0,1.0,471411575.0,472000000,474000000.0,10.464,57884000000.0,270000000.0,115000000.0,8032000000.0,122.636,345000000.0
28,PCG,MRQ,2014-06-30,2014-06-30,2014-06-30,2021-07-29,44000000.0,57025000000.0,,6197000000.0,50828000000.0,,32.18,-1123000000.0,431000000.0,431000000.0,2877000000.0,271000000.0,0.932,2.778,15418000000.0,1452000000.0,13966000000.0,15418000000.0,0.0,557000000.0,0.0,0.038,0.455,559000000.0,1116000000.0,0.282,1116000000.0,559000000.0,371000000.0,0.57,0.57,0.57,15028000000.0,,15028000000.0,36805601031.0,22.0,9.622,-614000000.0,-1.315,1.0,1075000000.0,0.272,0.0,188000000.0,65363000000.0,,461000000.0,2428000000.0,0.0,2428000000.0,41745000000.0,6649000000.0,35096000000.0,22317601031.0,24000000.0,0.0,287000000.0,521000000.0,-206000000.0,619000000.0,-1104000000.0,10000000.0,509000000.0,0.0,267000000.0,267000000.0,267000000.0,0.0,4000000.0,0.068,557000000.0,518000000.0,1161000000.0,0.798,1.485,30.118,30.012,42483000000.0,0.0,48.02,1.395,1.402,4693000000.0,4808000000.0,3952000000.0,3952000000.0,0.0,,,,,0.0,0.0,1.0,464756373.0,467000000,469000000.0,8.463,57025000000.0,701000000.0,104000000.0,7874000000.0,122.109,-452000000.0
29,PCG,MRQ,2014-03-31,2014-03-31,2014-03-31,2021-07-29,55000000.0,55987000000.0,,5892000000.0,50095000000.0,,31.983,-1197000000.0,407000000.0,407000000.0,2869000000.0,230000000.0,0.959,2.797,14895000000.0,930000000.0,13965000000.0,14895000000.0,0.0,538000000.0,0.0,0.042,0.455,503000000.0,1041000000.0,0.268,1041000000.0,503000000.0,318000000.0,0.49,0.49,0.49,14680000000.0,,14680000000.0,33954059182.0,19.0,8.744,-426000000.0,-0.928,1.0,1022000000.0,0.263,0.0,185000000.0,64328000000.0,,392000000.0,2351000000.0,0.0,2351000000.0,41055000000.0,6147000000.0,34908000000.0,19771059182.0,-188000000.0,0.0,302000000.0,103000000.0,-202000000.0,230000000.0,-1189000000.0,-6000000.0,771000000.0,0.0,227000000.0,227000000.0,227000000.0,0.0,3000000.0,0.058,538000000.0,484000000.0,1072000000.0,0.929,1.347,24.652,24.407,41817000000.0,0.0,43.2,1.25,1.254,4253000000.0,4756000000.0,3891000000.0,3891000000.0,0.0,,,,,0.0,0.0,1.0,457663407.0,459000000,460000000.0,8.477,55987000000.0,689000000.0,91000000.0,7838000000.0,121.976,-255000000.0
30,PCG,MRQ,2013-12-31,2013-12-31,2013-12-31,2021-07-29,50000000.0,55605000000.0,,5977000000.0,49628000000.0,,31.66,-1326000000.0,597000000.0,597000000.0,3107000000.0,90000000.0,0.798,2.86,14780000000.0,2063000000.0,12717000000.0,14780000000.0,0.0,535000000.0,0.0,0.045,0.455,294000000.0,829000000.0,0.209,829000000.0,294000000.0,111000000.0,0.18,0.18,0.18,14342000000.0,,14342000000.0,31674614362.0,18.0,8.176,-732000000.0,-1.616,1.0,868000000.0,0.218,0.0,183000000.0,62295000000.0,,454000000.0,2342000000.0,0.0,2342000000.0,41011000000.0,7493000000.0,33518000000.0,18097614362.0,15000000.0,0.0,321000000.0,611000000.0,-199000000.0,715000000.0,-1294000000.0,13000000.0,594000000.0,0.0,86000000.0,86000000.0,86000000.0,0.0,4000000.0,0.022,535000000.0,333000000.0,1293000000.0,2.528,1.262,22.233,22.011,41252000000.0,0.0,40.28,1.16,1.147,3989000000.0,4742000000.0,3975000000.0,3975000000.0,0.0,,,,,0.0,0.0,1.0,449295292.0,453000000,454000000.0,8.775,55605000000.0,659000000.0,25000000.0,7823000000.0,122.748,-1516000000.0
31,PCG,MRQ,2013-09-30,2013-09-30,2013-09-30,2021-07-29,-70000000.0,55214000000.0,,5522000000.0,49692000000.0,,31.408,-1360000000.0,582000000.0,582000000.0,3361000000.0,164000000.0,0.722,2.924,14159000000.0,2241000000.0,11918000000.0,14159000000.0,0.0,523000000.0,0.0,0.044,0.455,316000000.0,839000000.0,0.201,839000000.0,316000000.0,137000000.0,0.36,0.36,0.36,14008000000.0,,14008000000.0,31786612229.0,20.0,8.786,14000000.0,0.031,1.0,814000000.0,0.195,0.0,179000000.0,61147000000.0,,500000000.0,2272000000.0,0.0,2272000000.0,40954000000.0,7644000000.0,33310000000.0,18215612229.0,0.0,0.0,162000000.0,0.0,-197000000.0,-32000000.0,-1342000000.0,-7000000.0,1374000000.0,0.0,161000000.0,161000000.0,161000000.0,0.0,3000000.0,0.039,523000000.0,291000000.0,1303000000.0,1.264,1.3,25.476,25.416,39757000000.0,0.0,40.92,1.179,1.181,3914000000.0,4866000000.0,4175000000.0,4175000000.0,0.0,,,,,0.0,0.0,1.0,445151814.0,446000000,447000000.0,9.361,55214000000.0,540000000.0,-24000000.0,7314000000.0,123.798,-2122000000.0
32,PCG,MRQ,2013-06-30,2013-06-30,2013-06-30,2021-07-29,-71000000.0,54324000000.0,,5442000000.0,48882000000.0,,31.38,-1272000000.0,586000000.0,586000000.0,2624000000.0,332000000.0,0.737,2.898,14157000000.0,2240000000.0,11917000000.0,14157000000.0,0.0,516000000.0,0.0,0.04,0.455,658000000.0,1174000000.0,0.311,1174000000.0,658000000.0,481000000.0,0.74,0.74,0.74,13870000000.0,,13870000000.0,33044589308.0,17.0,8.189,-682000000.0,-1.543,1.0,1152000000.0,0.305,0.0,177000000.0,60513000000.0,,475000000.0,2214000000.0,0.0,2214000000.0,40202000000.0,7382000000.0,32820000000.0,20220589308.0,3000000.0,0.0,136000000.0,744000000.0,-195000000.0,677000000.0,-1264000000.0,10000000.0,590000000.0,0.0,328000000.0,328000000.0,328000000.0,0.0,4000000.0,0.087,516000000.0,636000000.0,1155000000.0,0.615,1.458,22.099,21.88,39067000000.0,0.0,45.73,1.326,1.325,4007000000.0,4909000000.0,3776000000.0,3776000000.0,0.0,,,,,0.0,0.0,1.0,442173394.0,442000000,443000000.0,8.543,54324000000.0,491000000.0,153000000.0,7111000000.0,122.905,-1940000000.0
33,PCG,MRQ,2013-03-31,2013-03-31,2013-03-31,2021-07-29,-91000000.0,53062000000.0,,4892000000.0,48170000000.0,,31.272,-1249000000.0,582000000.0,582000000.0,2667000000.0,242000000.0,0.694,2.891,13406000000.0,1888000000.0,11518000000.0,13406000000.0,0.0,503000000.0,0.0,0.041,0.455,529000000.0,1032000000.0,0.281,1032000000.0,529000000.0,353000000.0,0.55,0.55,0.55,13572000000.0,,13572000000.0,31889875049.0,18.0,8.043,-380000000.0,-0.876,1.0,1005000000.0,0.274,0.0,176000000.0,58838000000.0,,389000000.0,2233000000.0,0.0,2233000000.0,39238000000.0,7048000000.0,32190000000.0,19211875049.0,-123000000.0,0.0,426000000.0,-2000000.0,-191000000.0,215000000.0,-1207000000.0,-1000000.0,869000000.0,0.0,239000000.0,239000000.0,239000000.0,0.0,3000000.0,0.065,503000000.0,502000000.0,1043000000.0,0.827,1.416,23.372,23.314,38282000000.0,0.0,44.53,1.275,1.282,3886000000.0,4784000000.0,3672000000.0,3672000000.0,0.0,,,,,0.0,0.0,1.0,431436673.0,434000000,435000000.0,8.461,53062000000.0,368000000.0,114000000.0,6924000000.0,122.263,-2156000000.0
34,PCG,MRQ,2012-12-31,2012-12-31,2012-12-31,2021-07-29,-101000000.0,52449000000.0,,5121000000.0,47328000000.0,,30.405,-1263000000.0,731000000.0,731000000.0,3240000000.0,-9000000.0,0.819,2.992,13409000000.0,892000000.0,12517000000.0,13409000000.0,0.0,465000000.0,0.0,0.045,0.455,108000000.0,573000000.0,0.15,573000000.0,108000000.0,-67000000.0,-0.04,-0.04,-0.04,13074000000.0,,13074000000.0,29984770138.0,17.0,7.444,167000000.0,0.388,1.0,590000000.0,0.154,0.0,175000000.0,58871000000.0,,444000000.0,2161000000.0,0.0,2161000000.0,39123000000.0,6256000000.0,32867000000.0,17276770138.0,105000000.0,0.0,49000000.0,-17000000.0,-190000000.0,-158000000.0,-1167000000.0,5000000.0,1430000000.0,0.0,-13000000.0,-13000000.0,-13000000.0,0.0,4000000.0,-0.003,465000000.0,125000000.0,1241000000.0,-11.375,1.321,21.173,20.927,37523000000.0,0.0,40.18,1.149,1.133,3268000000.0,4747000000.0,3830000000.0,3830000000.0,0.0,,,,,0.0,0.0,1.0,429984324.0,430000000,431000000.0,8.907,52449000000.0,387000000.0,-54000000.0,6748000000.0,121.974,-1135000000.0
35,PCG,MRQ,2012-09-30,2012-09-30,2012-09-30,2021-07-29,-186000000.0,50868000000.0,,5593000000.0,45275000000.0,,30.685,-1142000000.0,714000000.0,714000000.0,2745000000.0,364000000.0,1.029,2.854,13422000000.0,507000000.0,12915000000.0,13422000000.0,0.0,617000000.0,0.0,0.043,0.455,639000000.0,1256000000.0,0.316,1256000000.0,639000000.0,461000000.0,0.84,0.84,0.84,13133000000.0,,13133000000.0,30992159825.0,16.0,7.094,136000000.0,0.318,1.0,1231000000.0,0.31,0.0,178000000.0,58140000000.0,,454000000.0,2155000000.0,0.0,2155000000.0,37483000000.0,5436000000.0,32047000000.0,18197159825.0,4000000.0,0.0,141000000.0,-48000000.0,-188000000.0,-121000000.0,-1153000000.0,-11000000.0,1278000000.0,0.0,361000000.0,361000000.0,361000000.0,0.0,3000000.0,0.091,617000000.0,614000000.0,1054000000.0,0.542,1.386,19.953,19.847,35650000000.0,0.0,42.67,1.211,1.215,3331000000.0,4957000000.0,3976000000.0,3976000000.0,0.0,,,,,0.0,0.0,1.0,426462616.0,428000000,429000000.0,9.29,50868000000.0,352000000.0,100000000.0,6739000000.0,118.85,157000000.0
36,PCG,MRQ,2012-06-30,2012-06-30,2012-06-30,2021-07-29,-195000000.0,50115000000.0,,5540000000.0,44575000000.0,,30.265,-1125000000.0,673000000.0,673000000.0,2520000000.0,239000000.0,0.871,2.895,13468000000.0,1302000000.0,12166000000.0,13468000000.0,0.0,606000000.0,0.0,0.04,0.455,498000000.0,1104000000.0,0.307,1104000000.0,498000000.0,322000000.0,0.56,0.55,0.56,12802000000.0,,12802000000.0,32015431380.0,18.0,7.801,118000000.0,0.279,1.0,1073000000.0,0.299,0.0,176000000.0,56553000000.0,,415000000.0,2106000000.0,0.0,2106000000.0,37061000000.0,6357000000.0,30704000000.0,19118431380.0,35000000.0,0.0,174000000.0,-75000000.0,-186000000.0,-95000000.0,-1113000000.0,-31000000.0,1243000000.0,0.0,235000000.0,235000000.0,235000000.0,0.0,4000000.0,0.065,606000000.0,467000000.0,1000000000.0,0.812,1.493,25.457,25.011,34902000000.0,0.0,45.27,1.282,1.284,3622000000.0,4793000000.0,3593000000.0,3593000000.0,0.0,,,,,0.0,0.0,1.0,422320110.0,423000000,425000000.0,8.494,50115000000.0,417000000.0,87000000.0,6550000000.0,118.475,-817000000.0
37,PCG,MRQ,2012-03-31,2012-03-31,2012-03-31,2021-07-29,-203000000.0,50188000000.0,,6166000000.0,44022000000.0,,30.338,-1094000000.0,642000000.0,642000000.0,2570000000.0,236000000.0,0.848,2.976,13539000000.0,1772000000.0,11767000000.0,13539000000.0,0.0,584000000.0,0.0,0.042,0.455,511000000.0,1095000000.0,0.301,1095000000.0,511000000.0,337000000.0,0.56,0.56,0.56,12560000000.0,,12560000000.0,30916973155.0,15.0,7.185,-163000000.0,-0.394,1.0,1071000000.0,0.294,0.0,174000000.0,55810000000.0,,370000000.0,2134000000.0,0.0,2134000000.0,37376000000.0,7275000000.0,30101000000.0,17923973155.0,-256000000.0,0.0,387000000.0,-347000000.0,-182000000.0,-94000000.0,-1093000000.0,-19000000.0,931000000.0,0.0,233000000.0,233000000.0,233000000.0,0.0,3000000.0,0.064,584000000.0,487000000.0,873000000.0,0.812,1.427,20.415,20.097,34249000000.0,0.0,43.41,1.195,1.198,3606000000.0,4752000000.0,3641000000.0,3641000000.0,0.0,,,,,0.0,0.0,1.0,412899635.0,414000000,416000000.0,8.795,50188000000.0,566000000.0,104000000.0,6460000000.0,121.227,-1109000000.0
38,PCG,MRQ,2011-12-31,2011-12-31,2011-12-31,2021-07-29,-213000000.0,49750000000.0,,6480000000.0,43270000000.0,,29.732,-1070000000.0,893000000.0,893000000.0,2890000000.0,87000000.0,0.836,3.09,13886000000.0,2120000000.0,11766000000.0,13886000000.0,0.0,567000000.0,0.0,0.044,0.455,347000000.0,914000000.0,0.24,914000000.0,347000000.0,174000000.0,0.19,0.2,0.19,12101000000.0,,12101000000.0,29291497095.0,15.0,6.976,-563000000.0,-1.383,1.0,925000000.0,0.242,0.0,173000000.0,54994000000.0,,420000000.0,2041000000.0,0.0,2041000000.0,37397000000.0,7749000000.0,29648000000.0,16730497095.0,236000000.0,0.0,271000000.0,654000000.0,-179000000.0,785000000.0,-1056000000.0,-5000000.0,507000000.0,0.0,83000000.0,83000000.0,83000000.0,0.0,4000000.0,0.022,567000000.0,358000000.0,1177000000.0,2.395,1.383,19.823,19.629,33655000000.0,0.0,41.22,1.119,1.105,3211000000.0,4712000000.0,3815000000.0,3815000000.0,0.0,,,,,0.0,0.0,1.0,405882996.0,407000000,408000000.0,9.373,49750000000.0,569000000.0,91000000.0,6314000000.0,122.236,-1269000000.0
39,PCG,MRQ,2011-09-30,2011-09-30,2011-09-30,2021-07-29,-176000000.0,47517000000.0,,5877000000.0,41640000000.0,,29.675,-1071000000.0,670000000.0,670000000.0,2886000000.0,203000000.0,0.862,2.952,13231000000.0,1605000000.0,11626000000.0,13231000000.0,0.0,566000000.0,0.0,0.043,0.455,425000000.0,991000000.0,0.257,991000000.0,425000000.0,249000000.0,0.5,0.5,0.5,11959000000.0,,11959000000.0,29659972045.0,14.0,6.959,256000000.0,0.635,1.0,974000000.0,0.252,0.0,176000000.0,53260000000.0,,417000000.0,1964000000.0,0.0,1964000000.0,35306000000.0,6818000000.0,28488000000.0,17014972045.0,-73000000.0,0.0,134000000.0,-131000000.0,-176000000.0,-175000000.0,-1225000000.0,-68000000.0,1327000000.0,0.0,200000000.0,200000000.0,200000000.0,0.0,3000000.0,0.052,566000000.0,408000000.0,1154000000.0,0.91,1.423,16.83,16.588,32832000000.0,0.0,42.3,1.153,1.155,3232000000.0,4817000000.0,3860000000.0,3860000000.0,0.0,,,,,0.0,0.0,1.0,402245202.0,403000000,404000000.0,9.578,47517000000.0,605000000.0,49000000.0,6319000000.0,117.908,-941000000.0
40,PCG,MRQ,2011-06-30,2011-06-30,2011-06-30,2021-07-29,-184000000.0,47318000000.0,,6122000000.0,41196000000.0,,29.546,-952000000.0,717000000.0,717000000.0,2401000000.0,366000000.0,0.872,2.992,13362000000.0,1673000000.0,11689000000.0,13362000000.0,0.0,591000000.0,0.0,0.043,0.455,712000000.0,1303000000.0,0.354,1303000000.0,712000000.0,538000000.0,0.91,0.91,0.91,11789000000.0,,11789000000.0,29288826563.0,13.0,6.999,-135000000.0,-0.338,1.0,1283000000.0,0.348,0.0,174000000.0,52941000000.0,,356000000.0,2069000000.0,0.0,2069000000.0,35277000000.0,7022000000.0,28255000000.0,16725826563.0,110000000.0,0.0,175000000.0,129000000.0,-175000000.0,115000000.0,-822000000.0,47000000.0,817000000.0,0.0,362000000.0,362000000.0,362000000.0,0.0,4000000.0,0.098,591000000.0,692000000.0,1103000000.0,0.5,1.419,15.646,15.509,32127000000.0,0.0,42.03,1.16,1.163,3604000000.0,4802000000.0,3684000000.0,3684000000.0,0.0,,,,,0.0,0.0,1.0,397949716.0,399000000,400000000.0,9.233,47318000000.0,664000000.0,176000000.0,6228000000.0,118.591,-900000000.0
41,PCG,MRQ,2011-03-31,2011-03-31,2011-03-31,2021-07-29,-193000000.0,46259000000.0,,5471000000.0,40788000000.0,,28.823,-945000000.0,671000000.0,671000000.0,2622000000.0,202000000.0,0.704,3.031,13234000000.0,2619000000.0,10615000000.0,13234000000.0,0.0,491000000.0,0.0,0.041,0.455,500000000.0,991000000.0,0.276,991000000.0,500000000.0,323000000.0,0.5,0.5,0.5,11414000000.0,,11414000000.0,30047696421.0,14.0,7.313,143000000.0,0.361,1.0,975000000.0,0.271,0.0,177000000.0,51050000000.0,,292000000.0,2054000000.0,0.0,2054000000.0,34593000000.0,7772000000.0,26821000000.0,17506696421.0,-51000000.0,0.0,82000000.0,-182000000.0,-174000000.0,-256000000.0,-883000000.0,-9000000.0,1088000000.0,0.0,199000000.0,199000000.0,199000000.0,0.0,3000000.0,0.055,491000000.0,484000000.0,974000000.0,0.91,1.534,16.833,16.485,31872000000.0,0.0,44.18,1.254,1.253,3362000000.0,4624000000.0,3597000000.0,3597000000.0,0.0,,,,,0.0,0.0,1.0,396258407.0,396000000,397000000.0,9.083,46259000000.0,601000000.0,124000000.0,5928000000.0,116.816,-2301000000.0
42,PCG,MRQ,2010-12-31,2010-12-31,2010-12-31,2021-07-29,-202000000.0,46025000000.0,,5542000000.0,40483000000.0,,28.635,-1008000000.0,854000000.0,854000000.0,2644000000.0,254000000.0,0.771,3.057,13395000000.0,2066000000.0,11329000000.0,13395000000.0,0.0,485000000.0,0.0,0.038,0.455,492000000.0,977000000.0,0.27,977000000.0,492000000.0,318000000.0,0.64,0.63,0.64,11282000000.0,,11282000000.0,31066427537.0,13.0,7.336,-122000000.0,-0.31,1.0,977000000.0,0.27,0.0,174000000.0,51381000000.0,,357000000.0,2009000000.0,0.0,2009000000.0,34491000000.0,7185000000.0,27306000000.0,18756427537.0,-56000000.0,0.0,162000000.0,163000000.0,-170000000.0,118000000.0,-1060000000.0,-12000000.0,886000000.0,0.0,250000000.0,250000000.0,250000000.0,0.0,4000000.0,0.069,485000000.0,492000000.0,1129000000.0,0.711,1.663,17.067,16.727,31449000000.0,0.0,47.84,1.355,1.32,2954000000.0,4606000000.0,3621000000.0,3621000000.0,0.0,,,,,0.0,0.0,1.0,392065793.0,394000000,395000000.0,9.19,46025000000.0,612000000.0,68000000.0,5737000000.0,116.815,-1643000000.0
43,PCG,MRQ,2010-09-30,2010-09-30,2010-09-30,2021-07-29,-224000000.0,45253000000.0,,5751000000.0,39502000000.0,,28.264,-1008000000.0,920000000.0,920000000.0,2509000000.0,261000000.0,0.801,3.082,13230000000.0,1975000000.0,11255000000.0,13230000000.0,0.0,382000000.0,0.0,0.039,0.455,532000000.0,914000000.0,0.26,914000000.0,532000000.0,365000000.0,0.66,0.66,0.66,11023000000.0,,11023000000.0,29761965197.0,13.0,7.287,-61000000.0,-0.156,1.0,1004000000.0,0.286,0.0,167000000.0,50379000000.0,,379000000.0,1977000000.0,0.0,1977000000.0,33978000000.0,7184000000.0,26794000000.0,17747965197.0,82000000.0,0.0,52000000.0,363000000.0,-172000000.0,189000000.0,-1054000000.0,-28000000.0,947000000.0,0.0,258000000.0,258000000.0,258000000.0,0.0,3000000.0,0.073,501000000.0,503000000.0,943000000.0,0.689,1.61,15.818,15.397,30675000000.0,0.0,45.42,1.29,1.287,3230000000.0,4535000000.0,3513000000.0,3513000000.0,0.0,,,,,0.0,0.0,1.0,390752206.0,390000000,392000000.0,9.008,45253000000.0,624000000.0,107000000.0,5677000000.0,116.033,-1433000000.0
44,PCG,MRQ,2010-06-30,2010-06-30,2010-06-30,2021-07-29,-232000000.0,44218000000.0,,5612000000.0,38606000000.0,,29.145,-931000000.0,848000000.0,848000000.0,2069000000.0,337000000.0,0.737,3.044,12862000000.0,2047000000.0,10815000000.0,12862000000.0,0.0,532000000.0,0.0,0.043,0.455,695000000.0,1227000000.0,0.38,1227000000.0,695000000.0,520000000.0,0.88,0.86,0.88,10871000000.0,,10871000000.0,27511418709.0,11.0,6.385,47000000.0,0.126,1.0,1163000000.0,0.36,0.0,175000000.0,48613000000.0,,334000000.0,1854000000.0,0.0,1854000000.0,33095000000.0,7619000000.0,25476000000.0,15303418709.0,7000000.0,0.0,79000000.0,11000000.0,-163000000.0,-76000000.0,-895000000.0,-5000000.0,978000000.0,0.0,333000000.0,333000000.0,333000000.0,0.0,4000000.0,0.103,468000000.0,695000000.0,920000000.0,0.517,1.408,12.947,13.131,29983000000.0,0.0,41.1,1.135,1.137,3374000000.0,4457000000.0,3232000000.0,3232000000.0,0.0,,,,,0.0,0.0,1.0,372345954.0,373000000,390000000.0,8.665,44218000000.0,693000000.0,187000000.0,5674000000.0,118.547,-2007000000.0
45,PCG,MRQ,2010-03-31,2010-03-31,2010-03-31,2021-07-29,-240000000.0,43540000000.0,,5621000000.0,37919000000.0,,27.949,-855000000.0,887000000.0,887000000.0,2406000000.0,261000000.0,0.722,3.175,13095000000.0,2483000000.0,10612000000.0,13095000000.0,0.0,506000000.0,0.0,0.04,0.455,611000000.0,1117000000.0,0.321,1117000000.0,611000000.0,443000000.0,0.69,0.67,0.69,10369000000.0,,10369000000.0,26958978948.0,11.0,6.337,-460000000.0,-1.24,1.0,1069000000.0,0.308,0.0,168000000.0,47968000000.0,,255000000.0,1929000000.0,0.0,1929000000.0,32919000000.0,7780000000.0,25139000000.0,15751978948.0,-269000000.0,0.0,10000000.0,325000000.0,-157000000.0,184000000.0,-848000000.0,-6000000.0,395000000.0,0.0,258000000.0,258000000.0,258000000.0,0.0,3000000.0,0.074,451000000.0,618000000.0,882000000.0,0.659,1.519,12.734,12.933,29377000000.0,0.0,42.42,1.172,1.171,3946000000.0,4302000000.0,3475000000.0,3475000000.0,0.0,,,,,0.0,0.0,1.0,371333780.0,371000000,389000000.0,9.367,43540000000.0,708000000.0,185000000.0,5430000000.0,117.358,-2159000000.0
46,PCG,MRQ,2009-12-31,2009-12-31,2009-12-31,2021-07-29,-160000000.0,42945000000.0,,5657000000.0,37288000000.0,,27.852,-936000000.0,1160000000.0,1160000000.0,2562000000.0,277000000.0,0.83,3.132,12769000000.0,1561000000.0,11208000000.0,12769000000.0,0.0,297000000.0,0.0,0.038,0.42,529000000.0,826000000.0,0.233,826000000.0,529000000.0,357000000.0,0.72,0.71,0.72,10333000000.0,,10333000000.0,27285373466.0,11.0,6.595,-704000000.0,-1.898,1.0,977000000.0,0.276,0.0,172000000.0,47741000000.0,,314000000.0,1899000000.0,0.0,1899000000.0,32360000000.0,6813000000.0,25547000000.0,16563373466.0,-173000000.0,0.0,8000000.0,773000000.0,-155000000.0,613000000.0,-1018000000.0,-21000000.0,232000000.0,0.0,273000000.0,273000000.0,273000000.0,0.0,4000000.0,0.077,454000000.0,523000000.0,984000000.0,0.583,1.603,13.577,13.738,28892000000.0,0.0,44.65,1.236,1.226,2920000000.0,4213000000.0,3539000000.0,3539000000.0,0.0,,,,,0.0,0.0,1.0,370960212.0,371000000,386000000.0,9.539,42945000000.0,723000000.0,84000000.0,5278000000.0,115.755,-1156000000.0
47,PCG,MRQ,2009-09-30,2009-09-30,2009-09-30,2021-07-29,-200000000.0,42551000000.0,,5610000000.0,36941000000.0,,27.465,-945000000.0,1269000000.0,1269000000.0,2178000000.0,321000000.0,0.807,3.162,11991000000.0,1224000000.0,10767000000.0,11991000000.0,0.0,511000000.0,0.0,0.041,0.42,628000000.0,1139000000.0,0.352,1139000000.0,628000000.0,454000000.0,0.84,0.83,0.84,10162000000.0,,10162000000.0,25723127076.0,10.0,5.725,108000000.0,0.292,1.0,1057000000.0,0.327,0.0,174000000.0,46324000000.0,,345000000.0,1870000000.0,0.0,1870000000.0,32137000000.0,6949000000.0,25188000000.0,15009127076.0,362000000.0,0.0,29000000.0,-342000000.0,-149000000.0,-454000000.0,-237000000.0,-11000000.0,1053000000.0,0.0,318000000.0,318000000.0,318000000.0,0.0,3000000.0,0.098,450000000.0,607000000.0,864000000.0,0.5,1.477,10.252,10.355,28184000000.0,0.0,40.49,1.112,1.109,3927000000.0,4097000000.0,3235000000.0,3235000000.0,0.0,,,,,0.0,0.0,1.0,370687258.0,370000000,388000000.0,8.743,42551000000.0,564000000.0,136000000.0,5172000000.0,115.003,-1339000000.0
48,PCG,MRQ,2009-06-30,2009-06-30,2009-06-30,2021-07-29,-207000000.0,42197000000.0,,6428000000.0,35769000000.0,,27.027,-998000000.0,1623000000.0,1623000000.0,2109000000.0,392000000.0,0.865,3.217,12337000000.0,1373000000.0,10964000000.0,12337000000.0,0.0,481000000.0,0.0,0.042,0.42,691000000.0,1172000000.0,0.367,1172000000.0,691000000.0,513000000.0,1.03,1.02,1.03,9946000000.0,,9946000000.0,24668894516.0,10.0,5.5,-134000000.0,-0.364,1.0,1085000000.0,0.34,0.0,178000000.0,45479000000.0,,311000000.0,1740000000.0,0.0,1740000000.0,31999000000.0,7432000000.0,24567000000.0,14159894516.0,67000000.0,0.0,86000000.0,271000000.0,-148000000.0,198000000.0,-995000000.0,-6000000.0,864000000.0,0.0,388000000.0,388000000.0,388000000.0,0.0,4000000.0,0.121,429000000.0,656000000.0,863000000.0,0.408,1.424,9.765,9.856,27599000000.0,0.0,38.44,1.016,1.015,4153000000.0,3934000000.0,3194000000.0,3194000000.0,0.0,,,,,0.0,0.0,1.0,368363541.0,368000000,369000000.0,8.679,42197000000.0,171000000.0,125000000.0,4340000000.0,114.666,-1004000000.0
49,PCG,MRQ,2009-03-31,2009-03-31,2009-03-31,2021-07-29,-214000000.0,41335000000.0,,6197000000.0,35138000000.0,,26.401,-1079000000.0,1555000000.0,1555000000.0,2499000000.0,244000000.0,0.892,3.275,12064000000.0,759000000.0,11305000000.0,12064000000.0,0.0,463000000.0,0.0,0.042,0.42,537000000.0,1000000000.0,0.291,1000000000.0,537000000.0,356000000.0,0.65,0.65,0.65,9610000000.0,,9610000000.0,24261513075.0,10.0,5.519,-189000000.0,-0.519,1.0,932000000.0,0.272,0.0,181000000.0,44894000000.0,,257000000.0,1634000000.0,0.0,1634000000.0,31473000000.0,6950000000.0,24523000000.0,13979513075.0,52000000.0,0.0,96000000.0,291000000.0,-138000000.0,248000000.0,-1086000000.0,-25000000.0,890000000.0,0.0,241000000.0,241000000.0,241000000.0,0.0,3000000.0,0.07,419000000.0,513000000.0,839000000.0,0.646,1.455,10.317,10.414,26923000000.0,0.0,38.22,0.976,0.971,4234000000.0,3701000000.0,3431000000.0,3431000000.0,0.0,,,,,0.0,0.0,1.0,365764340.0,364000000,366000000.0,9.426,41335000000.0,45000000.0,115000000.0,4147000000.0,113.558,-753000000.0
50,PCG,MRQ,2008-12-31,2008-12-31,2008-12-31,2021-07-29,-216000000.0,40537000000.0,,6130000000.0,34407000000.0,,27.186,-937000000.0,1342000000.0,1342000000.0,2687000000.0,521000000.0,0.818,3.142,11511000000.0,1257000000.0,10254000000.0,11511000000.0,0.0,475000000.0,0.0,0.04,0.39,707000000.0,1182000000.0,0.324,1182000000.0,707000000.0,529000000.0,1.39,1.39,1.39,9787000000.0,,9787000000.0,23824688046.0,10.0,5.472,-366000000.0,-1.017,1.0,956000000.0,0.262,0.0,178000000.0,43210000000.0,,423000000.0,1718000000.0,0.0,1718000000.0,30750000000.0,7496000000.0,23254000000.0,13973688046.0,-32000000.0,0.0,75000000.0,347000000.0,-140000000.0,274000000.0,-877000000.0,-9000000.0,571000000.0,0.0,517000000.0,517000000.0,517000000.0,0.0,4000000.0,0.142,411000000.0,545000000.0,1121000000.0,0.281,1.428,10.444,10.635,26259000000.0,0.0,38.71,0.955,0.945,4392000000.0,6092000000.0,3643000000.0,3643000000.0,0.0,,,,,0.0,0.0,1.0,360983933.0,360000000,361000000.0,10.119,40537000000.0,25000000.0,12000000.0,3759000000.0,112.603,-1366000000.0
51,PCG,MRQ,2008-09-30,2008-09-30,2008-09-30,2021-07-29,18000000.0,38878000000.0,,6308000000.0,32570000000.0,,25.599,-979000000.0,1576000000.0,1576000000.0,2616000000.0,307000000.0,0.742,3.254,11427000000.0,2301000000.0,9126000000.0,11427000000.0,0.0,486000000.0,0.0,0.041,0.39,645000000.0,1131000000.0,0.308,1131000000.0,645000000.0,467000000.0,0.83,0.83,0.83,9139000000.0,,9139000000.0,22056923773.0,10.0,5.243,-1035000000.0,-2.899,1.0,1058000000.0,0.288,0.0,178000000.0,40232000000.0,,505000000.0,1819000000.0,0.0,1819000000.0,29739000000.0,8497000000.0,21242000000.0,13427923773.0,-46000000.0,0.0,68000000.0,1171000000.0,-139000000.0,1049000000.0,-1039000000.0,-11000000.0,-56000000.0,0.0,304000000.0,304000000.0,304000000.0,0.0,3000000.0,0.083,419000000.0,639000000.0,962000000.0,0.47,1.469,13.113,13.327,25424000000.0,0.0,37.45,0.932,0.928,4553000000.0,3238000000.0,3674000000.0,3674000000.0,0.0,,,,,0.0,0.0,1.0,358556042.0,357000000,358000000.0,10.291,38878000000.0,0.0,163000000.0,3981000000.0,108.902,-2189000000.0
52,PCG,MRQ,2008-06-30,2008-06-30,2008-06-30,2021-07-29,15000000.0,38612000000.0,,6342000000.0,32270000000.0,,24.992,-859000000.0,1619000000.0,1619000000.0,2575000000.0,297000000.0,0.787,3.34,10248000000.0,1118000000.0,9130000000.0,10248000000.0,0.0,465000000.0,0.0,0.038,0.39,618000000.0,1083000000.0,0.303,1083000000.0,618000000.0,433000000.0,0.8,0.8,0.8,8897000000.0,,8897000000.0,23022609591.0,10.0,5.474,351000000.0,0.986,1.0,1003000000.0,0.28,0.0,185000000.0,39180000000.0,,428000000.0,1914000000.0,0.0,1914000000.0,29715000000.0,8061000000.0,21654000000.0,14179609591.0,44000000.0,0.0,43000000.0,-152000000.0,-138000000.0,-228000000.0,-938000000.0,-76000000.0,1210000000.0,0.0,293000000.0,293000000.0,293000000.0,0.0,4000000.0,0.082,419000000.0,584000000.0,1133000000.0,0.487,1.594,14.208,14.433,24705000000.0,0.0,39.69,1.012,1.009,4698000000.0,3389000000.0,3578000000.0,3578000000.0,0.0,,,,,0.0,0.0,1.0,357258997.0,356000000,357000000.0,10.051,38612000000.0,52000000.0,140000000.0,3744000000.0,108.461,-1719000000.0
53,PCG,MRQ,2008-03-31,2008-03-31,2008-03-31,2021-07-29,12000000.0,37446000000.0,,5756000000.0,31690000000.0,,24.487,-853000000.0,1558000000.0,1558000000.0,2838000000.0,227000000.0,0.751,3.308,10401000000.0,1186000000.0,9215000000.0,10401000000.0,0.0,437000000.0,0.0,0.04,0.39,521000000.0,958000000.0,0.257,958000000.0,521000000.0,334000000.0,0.62,0.62,0.62,8693000000.0,,8693000000.0,22082703659.0,10.0,5.277,185000000.0,0.521,1.0,895000000.0,0.24,0.0,187000000.0,38625000000.0,,264000000.0,1932000000.0,0.0,1932000000.0,28753000000.0,7664000000.0,21089000000.0,13098703659.0,-92000000.0,0.0,39000000.0,-233000000.0,-129000000.0,-332000000.0,-798000000.0,47000000.0,1038000000.0,0.0,224000000.0,224000000.0,224000000.0,0.0,3000000.0,0.06,402000000.0,493000000.0,1070000000.0,0.629,1.507,13.448,13.637,24222000000.0,0.0,36.82,0.962,0.96,4173000000.0,3237000000.0,3733000000.0,3733000000.0,0.0,,,,,0.0,0.0,1.0,355749692.0,355000000,356000000.0,10.515,37446000000.0,105000000.0,110000000.0,3560000000.0,105.482,-1908000000.0
54,PCG,MRQ,2007-12-31,2007-12-31,2007-12-31,2021-07-29,10000000.0,36632000000.0,,5449000000.0,31183000000.0,,24.161,-734000000.0,1642000000.0,1642000000.0,2522000000.0,217000000.0,0.812,3.283,10626000000.0,873000000.0,9753000000.0,10626000000.0,0.0,540000000.0,0.0,0.033,0.36,495000000.0,1035000000.0,0.303,1035000000.0,495000000.0,304000000.0,0.56,0.56,0.56,8553000000.0,,8553000000.0,23963086159.0,10.0,5.617,-252000000.0,-0.712,1.0,894000000.0,0.262,0.0,191000000.0,38909000000.0,,371000000.0,1979000000.0,0.0,1979000000.0,28079000000.0,6707000000.0,21372000000.0,15256086159.0,-439000000.0,0.0,55000000.0,-318000000.0,-129000000.0,-409000000.0,-512000000.0,-1000000.0,482000000.0,0.0,203000000.0,203000000.0,203000000.0,0.0,14000000.0,0.059,445000000.0,449000000.0,1067000000.0,0.643,1.784,15.165,15.444,23656000000.0,0.0,43.09,1.153,1.143,3793000000.0,3151000000.0,3416000000.0,3416000000.0,0.0,,,,,0.0,0.0,1.0,354051663.0,354000000,356000000.0,9.65,36632000000.0,61000000.0,101000000.0,3386000000.0,103.48,-1258000000.0
55,PCG,MRQ,2007-09-30,2007-09-30,2007-09-30,2021-07-29,-4000000.0,36081000000.0,,6081000000.0,30000000000.0,,23.858,-715000000.0,2230000000.0,2230000000.0,2232000000.0,278000000.0,0.812,3.296,10937000000.0,1588000000.0,9349000000.0,10937000000.0,0.0,505000000.0,0.0,0.029,0.36,625000000.0,1130000000.0,0.345,1130000000.0,625000000.0,429000000.0,0.77,0.77,0.77,8398000000.0,,8398000000.0,25607508337.0,11.0,6.104,127000000.0,0.361,1.0,1047000000.0,0.319,0.0,196000000.0,37297000000.0,,422000000.0,1978000000.0,0.0,1978000000.0,27683000000.0,7491000000.0,20192000000.0,16890508337.0,418000000.0,0.0,31000000.0,417000000.0,-125000000.0,347000000.0,-771000000.0,-44000000.0,842000000.0,0.0,278000000.0,278000000.0,278000000.0,0.0,0.0,0.085,465000000.0,582000000.0,772000000.0,0.468,2.011,17.686,18.038,23034000000.0,0.0,47.8,1.296,1.291,3733000000.0,3076000000.0,3279000000.0,3279000000.0,0.0,,,,,0.0,0.0,1.0,353357915.0,352000000,353000000.0,9.315,36081000000.0,0.0,151000000.0,3414000000.0,102.503,-1410000000.0
56,PCG,MRQ,2007-06-30,2007-06-30,2007-06-30,2021-07-29,-10000000.0,35433000000.0,,5843000000.0,29590000000.0,,23.417,-651000000.0,1794000000.0,1794000000.0,2202000000.0,269000000.0,0.841,3.323,10511000000.0,1067000000.0,9444000000.0,10511000000.0,0.0,460000000.0,0.0,0.03,0.36,602000000.0,1062000000.0,0.333,1062000000.0,602000000.0,417000000.0,0.75,0.74,0.75,8196000000.0,,8196000000.0,24146900532.0,10.0,5.625,-391000000.0,-1.117,1.0,985000000.0,0.309,0.0,185000000.0,37200000000.0,,352000000.0,1934000000.0,0.0,1934000000.0,27237000000.0,6950000000.0,20287000000.0,15922900532.0,-104000000.0,0.0,63000000.0,389000000.0,-119000000.0,321000000.0,-685000000.0,-40000000.0,260000000.0,0.0,269000000.0,269000000.0,269000000.0,0.0,0.0,0.084,430000000.0,555000000.0,822000000.0,0.48,1.943,14.881,15.253,22542000000.0,0.0,45.3,1.233,1.227,3834000000.0,2925000000.0,3187000000.0,3187000000.0,0.0,,,,,0.0,0.0,1.0,351498908.0,350000000,352000000.0,9.106,35433000000.0,175000000.0,148000000.0,3431000000.0,101.237,-1107000000.0
57,PCG,MRQ,2007-03-31,2007-03-31,2007-03-31,2021-07-29,-14000000.0,34785000000.0,,5631000000.0,29154000000.0,,22.857,-669000000.0,1896000000.0,1896000000.0,2397000000.0,256000000.0,0.81,3.361,10120000000.0,875000000.0,9245000000.0,10120000000.0,0.0,454000000.0,0.0,0.028,0.36,585000000.0,1039000000.0,0.31,1039000000.0,585000000.0,395000000.0,0.71,0.71,0.71,7977000000.0,,7977000000.0,25365949864.0,11.0,5.995,307000000.0,0.88,1.0,959000000.0,0.286,0.0,190000000.0,36053000000.0,,255000000.0,1894000000.0,0.0,1894000000.0,26808000000.0,6956000000.0,19852000000.0,16933949864.0,14000000.0,0.0,26000000.0,-193000000.0,-123000000.0,-264000000.0,-698000000.0,-18000000.0,976000000.0,0.0,256000000.0,256000000.0,256000000.0,0.0,0.0,0.076,430000000.0,529000000.0,805000000.0,0.507,2.123,16.393,16.819,22145000000.0,0.0,48.27,1.328,1.322,3981000000.0,2783000000.0,3356000000.0,3356000000.0,0.0,,,,,0.0,0.0,1.0,350817275.0,349000000,351000000.0,9.616,34785000000.0,50000000.0,139000000.0,3465000000.0,99.67,-1325000000.0
58,PCG,MRQ,2006-12-31,2006-12-31,2006-12-31,2021-07-29,-19000000.0,34803000000.0,,5867000000.0,28936000000.0,,22.381,-667000000.0,1871000000.0,1871000000.0,2349000000.0,152000000.0,0.711,3.456,10303000000.0,1670000000.0,8633000000.0,10303000000.0,0.0,460000000.0,0.0,0.028,0.33,504000000.0,964000000.0,0.301,964000000.0,504000000.0,236000000.0,0.42,0.43,0.42,7811000000.0,,7811000000.0,24634186009.0,11.0,6.029,-193000000.0,-0.553,1.0,857000000.0,0.267,0.0,268000000.0,34985000000.0,,330000000.0,1876000000.0,0.0,1876000000.0,26992000000.0,8250000000.0,18742000000.0,16509186009.0,34000000.0,0.0,23000000.0,309000000.0,-114000000.0,229000000.0,-669000000.0,-59000000.0,474000000.0,0.0,152000000.0,152000000.0,152000000.0,0.0,0.0,0.047,418000000.0,439000000.0,1075000000.0,0.786,2.114,16.659,17.025,21785000000.0,0.0,47.33,1.317,1.306,3980000000.0,2671000000.0,3206000000.0,3206000000.0,0.0,,,,,0.0,0.0,1.0,348810184.0,349000000,361000000.0,9.186,34803000000.0,0.0,84000000.0,3196000000.0,99.722,-2383000000.0
59,PCG,MRQ,2006-09-30,2006-09-30,2006-09-30,2021-07-29,-8000000.0,34829000000.0,,5696000000.0,29133000000.0,,22.363,-547000000.0,1867000000.0,1867000000.0,1977000000.0,393000000.0,0.754,3.488,9992000000.0,1195000000.0,8797000000.0,9992000000.0,0.0,475000000.0,0.0,0.032,0.33,753000000.0,1228000000.0,0.388,1228000000.0,753000000.0,601000000.0,1.09,1.09,1.09,7760000000.0,,7760000000.0,22669939279.0,10.0,5.728,153000000.0,0.441,1.0,1191000000.0,0.376,0.0,152000000.0,35400000000.0,,372000000.0,1817000000.0,0.0,1817000000.0,27069000000.0,7554000000.0,19515000000.0,14496939279.0,1000000.0,0.0,31000000.0,-99000000.0,-114000000.0,-106000000.0,-593000000.0,-56000000.0,700000000.0,0.0,393000000.0,393000000.0,393000000.0,0.0,0.0,0.124,456000000.0,735000000.0,720000000.0,0.303,1.868,14.227,14.665,21361000000.0,0.0,41.65,1.11,1.106,3803000000.0,2633000000.0,3168000000.0,3168000000.0,0.0,,,,,0.0,0.0,1.0,348065769.0,347000000,347000000.0,9.13,34829000000.0,0.0,208000000.0,3405000000.0,100.372,-1858000000.0
60,PCG,MRQ,2006-06-30,2006-06-30,2006-06-30,2021-07-29,-8000000.0,33980000000.0,,5603000000.0,28377000000.0,,21.572,-598000000.0,1919000000.0,1919000000.0,2131000000.0,232000000.0,0.792,3.553,10092000000.0,1131000000.0,8961000000.0,10092000000.0,0.0,466000000.0,0.0,0.033,0.33,534000000.0,1000000000.0,0.331,1000000000.0,534000000.0,370000000.0,0.65,0.65,0.65,7464000000.0,,7464000000.0,21259717050.0,11.0,5.712,-187000000.0,-0.54,1.0,886000000.0,0.294,0.0,164000000.0,35078000000.0,,304000000.0,1761000000.0,0.0,1761000000.0,26516000000.0,7075000000.0,19441000000.0,13636717050.0,-482000000.0,0.0,-45000000.0,72000000.0,-114000000.0,-280000000.0,-613000000.0,0.0,411000000.0,0.0,232000000.0,232000000.0,232000000.0,0.0,0.0,0.077,421000000.0,465000000.0,663000000.0,0.508,1.827,15.532,16.299,20604000000.0,0.0,39.28,1.074,1.07,4118000000.0,2356000000.0,3017000000.0,3017000000.0,0.0,,,,,0.0,0.0,1.0,347166931.0,346000000,346000000.0,8.72,33980000000.0,100000000.0,138000000.0,3454000000.0,98.208,-1472000000.0
61,PCG,MRQ,2006-03-31,2006-03-31,2006-03-31,2021-07-29,-8000000.0,34074000000.0,,5991000000.0,28083000000.0,,21.387,-573000000.0,2397000000.0,2397000000.0,2265000000.0,214000000.0,0.847,3.632,10020000000.0,635000000.0,9385000000.0,10020000000.0,0.0,402000000.0,0.0,0.032,0.33,492000000.0,894000000.0,0.284,894000000.0,492000000.0,338000000.0,0.61,0.6,0.61,7357000000.0,,7357000000.0,21583946872.0,11.0,5.787,556000000.0,1.616,1.0,883000000.0,0.28,0.0,154000000.0,34624000000.0,,218000000.0,1761000000.0,0.0,1761000000.0,26717000000.0,7073000000.0,19644000000.0,13432946872.0,190000000.0,0.0,8000000.0,-390000000.0,-114000000.0,-387000000.0,-552000000.0,-42000000.0,1129000000.0,0.0,214000000.0,214000000.0,214000000.0,0.0,0.0,0.068,414000000.0,469000000.0,760000000.0,0.541,1.826,14.713,15.813,20254000000.0,0.0,38.9,1.103,1.098,4177000000.0,2239000000.0,3148000000.0,3148000000.0,0.0,,,,,0.0,0.0,1.0,345319971.0,344000000,344000000.0,9.151,34074000000.0,0.0,124000000.0,3581000000.0,99.052,-1082000000.0
62,PCG,MRQ,2005-12-31,2005-12-31,2005-12-31,2021-07-29,-8000000.0,34074000000.0,,5980000000.0,28094000000.0,,20.05,-466000000.0,2259000000.0,2259000000.0,2902000000.0,180000000.0,0.863,3.721,10410000000.0,868000000.0,9542000000.0,10410000000.0,0.0,403000000.0,0.0,0.033,0.33,433000000.0,836000000.0,0.224,836000000.0,433000000.0,288000000.0,0.49,0.48,0.49,7218000000.0,,7218000000.0,20595882140.0,10.0,5.504,-174000000.0,-0.483,1.0,831000000.0,0.223,0.0,145000000.0,35293000000.0,,364000000.0,1719000000.0,0.0,1719000000.0,26856000000.0,6932000000.0,19924000000.0,13910882140.0,-520000000.0,0.0,-1089000000.0,958000000.0,-111000000.0,-257000000.0,-555000000.0,-26000000.0,292000000.0,0.0,180000000.0,180000000.0,180000000.0,13000000.0,0.0,0.048,415000000.0,416000000.0,980000000.0,0.673,1.927,15.17,15.467,19955000000.0,0.0,37.12,1.189,1.18,3989000000.0,2139000000.0,3733000000.0,3733000000.0,0.0,,,,,50000000.0,0.0,1.0,374754368.0,360000000,384000000.0,10.369,34074000000.0,21000000.0,108000000.0,3385000000.0,94.65,-952000000.0
63,PCG,MRQ,2005-09-30,2005-09-30,2005-09-30,2021-07-29,-5000000.0,34160000000.0,,6007000000.0,28153000000.0,,22.137,-513000000.0,2760000000.0,2760000000.0,1808000000.0,252000000.0,0.936,3.148,9445000000.0,520000000.0,8925000000.0,9445000000.0,0.0,456000000.0,0.0,0.023,0.3,536000000.0,992000000.0,0.354,992000000.0,536000000.0,391000000.0,0.66,0.65,0.66,8235000000.0,,8235000000.0,21271391205.0,8.0,4.661,21000000.0,0.056,1.0,996000000.0,0.355,0.0,145000000.0,34430000000.0,,401000000.0,1693000000.0,0.0,1693000000.0,25925000000.0,6415000000.0,19510000000.0,14642391205.0,-261000000.0,0.0,19000000.0,-336000000.0,-112000000.0,-405000000.0,-390000000.0,-34000000.0,534000000.0,0.0,252000000.0,252000000.0,252000000.0,-13000000.0,0.0,0.09,481000000.0,515000000.0,568000000.0,0.455,1.778,9.106,9.862,19548000000.0,0.0,39.25,1.337,1.333,3752000000.0,2672000000.0,2804000000.0,2804000000.0,0.0,,,,,0.0,0.0,1.0,373054553.0,372000000,372000000.0,7.538,34160000000.0,0.0,139000000.0,3591000000.0,91.828,-408000000.0
64,PCG,MRQ,2005-06-30,2005-06-30,2005-06-30,2021-07-29,-5000000.0,34417000000.0,,6425000000.0,27992000000.0,,21.795,-448000000.0,3153000000.0,3153000000.0,1504000000.0,267000000.0,0.978,3.268,9782000000.0,724000000.0,9058000000.0,9782000000.0,0.0,454000000.0,0.0,0.016,0.3,554000000.0,1008000000.0,0.404,1008000000.0,554000000.0,423000000.0,0.7,0.7,0.7,8064000000.0,,8064000000.0,20517102319.0,7.0,4.554,183000000.0,0.495,1.0,994000000.0,0.398,0.0,131000000.0,34475000000.0,,312000000.0,1659000000.0,0.0,1659000000.0,26353000000.0,6571000000.0,19782000000.0,13893102319.0,113000000.0,0.0,70000000.0,-84000000.0,-111000000.0,-255000000.0,-263000000.0,-32000000.0,631000000.0,0.0,267000000.0,267000000.0,267000000.0,0.0,0.0,0.107,454000000.0,540000000.0,488000000.0,0.429,1.723,8.771,9.7,19295000000.0,0.0,37.54,1.29,1.29,4038000000.0,2533000000.0,2498000000.0,2498000000.0,0.0,,,,,0.0,0.0,1.0,370087968.0,370000000,370000000.0,6.751,34417000000.0,0.0,156000000.0,4270000000.0,93.019,-146000000.0
65,PCG,MRQ,2005-03-31,2005-03-31,2005-03-31,2021-07-29,-5000000.0,34437000000.0,,6392000000.0,28045000000.0,,20.157,-338000000.0,3239000000.0,3239000000.0,1783000000.0,218000000.0,0.949,3.403,9863000000.0,944000000.0,8919000000.0,9863000000.0,0.0,385000000.0,0.0,0.009,0.3,521000000.0,906000000.0,0.339,906000000.0,521000000.0,360000000.0,0.55,0.54,0.55,7821000000.0,,7821000000.0,19819222181.0,7.0,4.385,614000000.0,1.582,1.0,886000000.0,0.332,0.0,161000000.0,34329000000.0,,214000000.0,1627000000.0,0.0,1627000000.0,26616000000.0,6732000000.0,19884000000.0,13520222181.0,409000000.0,0.0,-945000000.0,598000000.0,0.0,-353000000.0,-190000000.0,2000000.0,952000000.0,0.0,218000000.0,218000000.0,218000000.0,0.0,0.0,0.082,385000000.0,501000000.0,500000000.0,0.545,1.729,8.005,8.399,19068000000.0,0.0,34.1,1.227,1.201,3458000000.0,2379000000.0,2669000000.0,2669000000.0,0.0,,,,,0.0,0.0,1.0,396487454.0,388000000,388000000.0,6.879,34437000000.0,0.0,142000000.0,4371000000.0,88.755,-340000000.0
66,PCG,MRQ,2004-12-31,2004-12-31,2004-12-31,2021-07-29,-4000000.0,34540000000.0,,6408000000.0,28132000000.0,,21.529,-442000000.0,2952000000.0,2952000000.0,1969000000.0,871000000.0,0.926,3.001,9251000000.0,1348000000.0,7903000000.0,9251000000.0,0.0,441000000.0,0.0,0.0,0.0,1217000000.0,1658000000.0,0.556,1658000000.0,1217000000.0,985000000.0,2.07,2.02,2.07,8633000000.0,,8633000000.0,20536081902.0,3.0,2.217,74000000.0,0.185,1.0,1011000000.0,0.339,0.0,232000000.0,33921000000.0,,304000000.0,1629000000.0,0.0,1629000000.0,25907000000.0,6918000000.0,18989000000.0,13416081902.0,-884000000.0,0.0,-337000000.0,-882000000.0,0.0,-1220000000.0,-180000000.0,-151000000.0,516000000.0,0.0,871000000.0,871000000.0,871000000.0,0.0,0.0,0.292,435000000.0,576000000.0,762000000.0,0.0,1.554,2.979,3.081,18989000000.0,0.0,33.28,1.211,1.195,3475000000.0,2863000000.0,2980000000.0,2980000000.0,0.0,,,,,41000000.0,0.0,1.0,403127461.0,401000000,401000000.0,7.431,34540000000.0,0.0,114000000.0,4231000000.0,86.135,-510000000.0
67,PCG,MRQ,2004-09-30,2004-09-30,2004-09-30,2021-07-29,-81000000.0,35370000000.0,,7438000000.0,27932000000.0,,20.737,-370000000.0,4221000000.0,4221000000.0,1708000000.0,228000000.0,1.218,3.275,11341000000.0,747000000.0,10594000000.0,11341000000.0,0.0,405000000.0,0.0,0.0,0.0,528000000.0,933000000.0,0.356,933000000.0,528000000.0,369000000.0,0.55,0.53,0.55,8274000000.0,,8274000000.0,18467565504.0,3.0,2.24,352000000.0,0.882,1.0,915000000.0,0.349,0.0,159000000.0,36381000000.0,,353000000.0,1539000000.0,0.0,1539000000.0,27096000000.0,6109000000.0,20987000000.0,12187565504.0,436000000.0,0.0,24000000.0,-73000000.0,0.0,-55000000.0,-231000000.0,0.0,722000000.0,0.0,228000000.0,228000000.0,228000000.0,0.0,0.0,0.087,406000000.0,509000000.0,485000000.0,0.0,1.473,3.321,3.42,18700000000.0,0.0,30.4,1.153,1.147,3271000000.0,2175000000.0,2623000000.0,2623000000.0,0.0,,,,,0.0,0.0,1.0,400906760.0,399000000,399000000.0,6.574,35370000000.0,0.0,141000000.0,3476000000.0,88.647,1329000000.0
68,PCG,MRQ,2004-06-30,2004-06-30,2004-06-30,2021-07-29,-81000000.0,35083000000.0,,6744000000.0,28339000000.0,,19.466,-388000000.0,3925000000.0,3925000000.0,1720000000.0,372000000.0,1.103,3.54,10205000000.0,748000000.0,9457000000.0,10205000000.0,0.0,340000000.0,0.0,0.0,0.0,683000000.0,1023000000.0,0.372,1023000000.0,683000000.0,507000000.0,0.89,0.88,0.89,7728000000.0,,7728000000.0,16565156864.0,2.0,1.88,-779000000.0,-1.962,1.0,1029000000.0,0.374,0.0,176000000.0,35247000000.0,,287000000.0,1522000000.0,0.0,1522000000.0,27355000000.0,6116000000.0,21239000000.0,11141156864.0,-2104000000.0,0.0,97000000.0,-6510000000.0,0.0,-6512000000.0,4799000000.0,0.0,-391000000.0,0.0,372000000.0,372000000.0,372000000.0,0.0,0.0,0.135,357000000.0,672000000.0,528000000.0,0.0,1.442,2.819,2.91,18542000000.0,0.0,27.94,1.012,1.007,3166000000.0,1947000000.0,2749000000.0,2749000000.0,0.0,,,,,0.0,0.0,1.0,398752930.0,397000000,397000000.0,6.924,35083000000.0,0.0,135000000.0,3555000000.0,88.37,628000000.0
69,PCG,MRQ,2004-03-31,2004-03-31,2004-03-31,2021-07-29,-81000000.0,42139000000.0,,6869000000.0,35270000000.0,,18.608,-324000000.0,11269000000.0,11269000000.0,1955000000.0,3033000000.0,2.084,4.762,16693000000.0,294000000.0,16399000000.0,16693000000.0,0.0,311000000.0,0.0,0.0,0.0,5340000000.0,5651000000.0,2.076,5651000000.0,5340000000.0,5109000000.0,7.36,7.15,7.36,7313000000.0,,7313000000.0,18463738225.0,2.0,2.104,685000000.0,1.743,1.0,767000000.0,0.282,0.0,231000000.0,44267000000.0,,210000000.0,1547000000.0,0.0,1547000000.0,34826000000.0,3296000000.0,31530000000.0,12137738225.0,-134000000.0,0.0,0.0,6163000000.0,0.0,6163000000.0,-7306000000.0,0.0,1009000000.0,0.0,3033000000.0,3033000000.0,3033000000.0,0.0,0.0,1.114,-4586000000.0,5353000000.0,3867000000.0,0.0,1.66,3.188,3.125,18296000000.0,0.0,28.97,1.106,1.037,3045000000.0,1575000000.0,2722000000.0,2722000000.0,0.0,,,,,0.0,0.0,1.0,418976121.0,393000000,393000000.0,6.926,42139000000.0,0.0,2076000000.0,3346000000.0,107.224,3573000000.0
70,PCG,MRQ,2003-12-31,2003-12-31,2003-12-31,2021-07-29,-85000000.0,30175000000.0,,7148000000.0,23027000000.0,,10.863,-466000000.0,4061000000.0,4061000000.0,1773000000.0,37000000.0,2.278,6.159,10387000000.0,600000000.0,9787000000.0,10387000000.0,0.0,308000000.0,0.0,0.0,0.0,331000000.0,639000000.0,0.258,639000000.0,331000000.0,41000000.0,0.09,0.09,0.09,4215000000.0,,4215000000.0,16751843906.0,8.0,5.166,-1159000000.0,-2.987,1.0,704000000.0,0.284,0.0,290000000.0,33363000000.0,,292000000.0,1478000000.0,0.0,1478000000.0,25960000000.0,3138000000.0,22822000000.0,11517843906.0,-1507000000.0,0.0,-120000000.0,127000000.0,0.0,9000000.0,-823000000.0,-143000000.0,-693000000.0,0.0,37000000.0,37000000.0,37000000.0,0.0,0.0,0.015,356000000.0,348000000.0,4372000000.0,0.0,2.733,27.423,26.702,18107000000.0,0.0,27.77,1.104,1.025,2873000000.0,-1458000000.0,2477000000.0,2477000000.0,0.0,,,,,0.0,0.0,1.0,414758513.0,388000000,388000000.0,6.384,30175000000.0,0.0,4000000.0,1341000000.0,77.771,4010000000.0
71,PCG,MRQ,2003-09-30,2003-09-30,2003-09-30,2021-07-29,-137000000.0,27760000000.0,,7720000000.0,20040000000.0,,10.509,-464000000.0,5230000000.0,5230000000.0,1573000000.0,510000000.0,2.507,5.826,10464000000.0,600000000.0,9864000000.0,10464000000.0,0.0,312000000.0,0.0,0.0,0.0,1185000000.0,1497000000.0,0.489,1497000000.0,1185000000.0,843000000.0,1.26,1.23,1.26,4067000000.0,,4067000000.0,20308660352.0,-154.0,18.581,951000000.0,2.457,1.0,1489000000.0,0.486,0.0,342000000.0,29915000000.0,,371000000.0,1416000000.0,0.0,1416000000.0,23693000000.0,3079000000.0,20614000000.0,9847660352.0,436000000.0,0.0,66000000.0,-557000000.0,0.0,-493000000.0,-486000000.0,0.0,1415000000.0,0.0,510000000.0,510000000.0,510000000.0,0.0,0.0,0.167,328000000.0,1161000000.0,4192000000.0,0.0,2.421,-5.453,-4.799,16026000000.0,0.0,23.9,0.956,0.897,2110000000.0,-1495000000.0,3062000000.0,3062000000.0,0.0,,,,,0.0,0.0,1.0,412035998.0,387000000,387000000.0,7.912,27760000000.0,0.0,333000000.0,1672000000.0,71.731,4641000000.0
72,PCG,MRQ,2003-06-30,2003-06-30,2003-06-30,2021-07-29,-140000000.0,34508000000.0,,9343000000.0,25165000000.0,,9.107,-353000000.0,5779000000.0,5779000000.0,1589000000.0,227000000.0,1.017,8.868,16240000000.0,5583000000.0,10657000000.0,16240000000.0,0.0,288000000.0,0.0,0.002,0.0,699000000.0,987000000.0,0.364,987000000.0,699000000.0,439000000.0,0.56,0.55,0.56,3497000000.0,,3497000000.0,19753395974.0,-109.0,20.641,215000000.0,0.56,1.0,1125000000.0,0.415,0.0,260000000.0,35779000000.0,,357000000.0,1410000000.0,0.0,1410000000.0,31011000000.0,9190000000.0,21821000000.0,8654395974.0,184000000.0,0.0,33000000.0,-67000000.0,0.0,-34000000.0,-350000000.0,0.0,568000000.0,0.0,227000000.0,227000000.0,227000000.0,101000000.0,0.0,0.084,353000000.0,772000000.0,4446000000.0,0.0,2.475,-4.678,-4.238,18972000000.0,0.0,21.15,0.849,0.797,2418000000.0,-2005000000.0,2714000000.0,2714000000.0,0.0,,,,,0.0,0.0,1.0,409191299.0,384000000,384000000.0,7.068,34508000000.0,605000000.0,212000000.0,1992000000.0,89.865,153000000.0
73,PCG,MRQ,2003-03-31,2003-03-31,2003-03-31,2021-07-29,-86000000.0,35293000000.0,,9240000000.0,26053000000.0,,8.607,-366000000.0,5135000000.0,5135000000.0,1726000000.0,-354000000.0,0.97,9.734,16234000000.0,5264000000.0,10970000000.0,16234000000.0,0.0,310000000.0,0.0,0.004,0.0,-189000000.0,121000000.0,0.057,121000000.0,-189000000.0,-444000000.0,-0.93,-0.93,-0.93,3288000000.0,,3288000000.0,16806903992.0,-118.0,16.114,567000000.0,1.484,1.0,407000000.0,0.191,0.0,255000000.0,36869000000.0,,240000000.0,1314000000.0,0.0,1314000000.0,32005000000.0,9523000000.0,22482000000.0,5481903992.0,523000000.0,0.0,21000000.0,-74000000.0,0.0,-53000000.0,-357000000.0,0.0,933000000.0,0.0,-354000000.0,-354000000.0,-354000000.0,0.0,0.0,-0.166,345000000.0,62000000.0,4938000000.0,0.0,1.667,-2.949,-2.717,18866000000.0,0.0,13.45,0.526,0.493,2770000000.0,-2233000000.0,2133000000.0,2133000000.0,0.0,,,,,0.0,0.0,1.0,407576505.0,382000000,382000000.0,5.584,35293000000.0,958000000.0,-90000000.0,1744000000.0,92.39,-283000000.0
74,PCG,MRQ,2002-12-31,2002-12-31,2002-12-31,2021-07-29,-93000000.0,33060000000.0,,9493000000.0,23567000000.0,,9.508,-380000000.0,4059000000.0,4059000000.0,1460000000.0,-2189000000.0,1.024,8.15,11051000000.0,571000000.0,10480000000.0,11051000000.0,0.0,315000000.0,0.0,0.004,0.0,-1827000000.0,-1512000000.0,-0.631,-1512000000.0,-1827000000.0,-2080000000.0,-5.87,-5.76,-5.87,3613000000.0,,3613000000.0,16099264475.0,11.0,6.0,-817000000.0,-2.15,1.0,937000000.0,0.391,0.0,253000000.0,30779000000.0,,275000000.0,1335000000.0,0.0,1335000000.0,29447000000.0,9273000000.0,20174000000.0,5625264475.0,-582000000.0,-8000000.0,27000000.0,206000000.0,0.0,233000000.0,-378000000.0,0.0,-437000000.0,0.0,-2189000000.0,-2189000000.0,-2189000000.0,-156000000.0,0.0,-0.913,395000000.0,542000000.0,3977000000.0,0.0,1.557,-6.436,-6.043,13965000000.0,0.0,13.9,0.535,0.491,2383000000.0,-1878000000.0,2397000000.0,2397000000.0,0.0,,,,,0.0,0.0,1.0,404695286.0,380000000,380000000.0,6.308,33060000000.0,0.0,109000000.0,1009000000.0,87.0,220000000.0
75,PCG,MRQ,2002-09-30,2002-09-30,2002-09-30,2021-07-29,-201000000.0,36635000000.0,,9781000000.0,26854000000.0,,15.126,524000000.0,4880000000.0,4880000000.0,1523000000.0,466000000.0,1.326,5.493,15354000000.0,1775000000.0,13579000000.0,15354000000.0,0.0,225000000.0,0.0,0.004,0.05,1136000000.0,1361000000.0,0.462,1361000000.0,1136000000.0,765000000.0,1.25,1.19,1.25,5642000000.0,,5642000000.0,14785242539.0,3.0,2.828,1363000000.0,3.654,1.0,1424000000.0,0.483,0.0,371000000.0,39731000000.0,,491000000.0,1311000000.0,0.0,1311000000.0,30993000000.0,7378000000.0,23615000000.0,4427242539.0,-279000000.0,8000000.0,129000000.0,-1369000000.0,0.0,-1203000000.0,85000000.0,0.0,839000000.0,0.0,466000000.0,466000000.0,466000000.0,13000000.0,0.0,0.158,355000000.0,1069000000.0,5092000000.0,0.04,0.785,2.401,2.234,20357000000.0,0.0,11.26,0.472,0.448,3883000000.0,311000000.0,2947000000.0,2947000000.0,0.0,,,,,0.0,0.0,1.0,393183174.0,373000000,373000000.0,7.901,36635000000.0,0.0,299000000.0,2573000000.0,98.217,2403000000.0
76,PCG,MRQ,2002-06-30,2002-06-30,2002-06-30,2021-07-29,-45000000.0,36779000000.0,,10110000000.0,26669000000.0,,14.216,-969000000.0,5472000000.0,5472000000.0,1554000000.0,218000000.0,1.555,6.069,15830000000.0,682000000.0,15148000000.0,15830000000.0,0.0,336000000.0,0.0,0.0,0.0,737000000.0,1073000000.0,0.365,1073000000.0,737000000.0,377000000.0,0.6,0.59,0.6,5203000000.0,,5203000000.0,16647463500.0,4.0,2.914,-1747000000.0,-4.773,1.0,1383000000.0,0.471,0.0,360000000.0,40634000000.0,,444000000.0,1345000000.0,0.0,1345000000.0,31576000000.0,6503000000.0,25073000000.0,6966463500.0,-628000000.0,0.0,40000000.0,628000000.0,0.0,651000000.0,-501000000.0,0.0,-778000000.0,0.0,218000000.0,218000000.0,218000000.0,0.0,0.0,0.074,335000000.0,1048000000.0,5432000000.0,0.0,1.339,3.242,3.027,19901000000.0,0.0,17.89,0.686,0.645,3489000000.0,-155000000.0,2937000000.0,2937000000.0,0.0,,,,,0.0,0.0,1.0,389405450.0,366000000,366000000.0,8.025,36779000000.0,0.0,159000000.0,2689000000.0,100.489,3607000000.0
77,PCG,MRQ,2002-03-31,2002-03-31,2002-03-31,2021-07-29,-39000000.0,36298000000.0,,9779000000.0,26519000000.0,,13.475,-711000000.0,5989000000.0,5989000000.0,1315000000.0,631000000.0,1.712,6.4,15670000000.0,744000000.0,14926000000.0,15670000000.0,0.0,320000000.0,0.0,0.0,0.0,1361000000.0,1681000000.0,0.573,1681000000.0,1361000000.0,1027000000.0,1.73,1.71,1.73,4905000000.0,,4905000000.0,19222443545.0,4.0,2.992,479000000.0,1.316,1.0,1620000000.0,0.552,0.0,334000000.0,40268000000.0,,342000000.0,1340000000.0,0.0,1340000000.0,31393000000.0,5711000000.0,25682000000.0,9139443545.0,325000000.0,0.0,21000000.0,-149000000.0,0.0,-148000000.0,-717000000.0,0.0,1190000000.0,0.0,631000000.0,631000000.0,631000000.0,-8000000.0,0.0,0.215,319000000.0,1301000000.0,5913000000.0,0.0,1.863,3.409,3.192,19575000000.0,0.0,23.56,0.747,0.701,3010000000.0,-373000000.0,2935000000.0,2935000000.0,0.0,,,,,0.0,0.0,1.0,387922052.0,364000000,364000000.0,8.063,36298000000.0,0.0,396000000.0,2868000000.0,99.72,4068000000.0
78,PCG,MRQ,2001-12-31,2001-12-31,2001-12-31,2021-07-29,30000000.0,35963000000.0,,9877000000.0,26086000000.0,,11.906,471000000.0,5550000000.0,5550000000.0,-568000000.0,529000000.0,1.989,7.321,15624000000.0,1001000000.0,14623000000.0,15624000000.0,0.0,115000000.0,0.0,0.0,0.0,999000000.0,1114000000.0,1.972,1114000000.0,999000000.0,797000000.0,1.46,1.45,1.46,4322000000.0,,4322000000.0,21075835685.0,8.0,5.721,592000000.0,1.631,1.0,1133000000.0,2.005,0.0,202000000.0,41072000000.0,,383000000.0,1337000000.0,0.0,1337000000.0,31641000000.0,4965000000.0,26676000000.0,7450835685.0,-66000000.0,0.0,14000000.0,-911000000.0,0.0,-898000000.0,711000000.0,0.0,121000000.0,0.0,529000000.0,529000000.0,529000000.0,0.0,0.0,0.936,179000000.0,954000000.0,6575000000.0,0.0,1.724,6.78,6.35,17401000000.0,0.0,19.24,0.713,0.668,3185000000.0,-1004000000.0,565000000.0,565000000.0,0.0,,,,,0.0,0.0,1.0,387257572.0,363000000,363000000.0,1.556,35963000000.0,0.0,268000000.0,2242000000.0,99.072,4912000000.0
79,PCG,MRQ,2001-09-30,2001-09-30,2001-09-30,2021-07-29,-47000000.0,34792000000.0,,9694000000.0,25098000000.0,,10.196,-716000000.0,1020000000.0,1020000000.0,1872000000.0,771000000.0,2.251,8.401,15661000000.0,657000000.0,15004000000.0,15661000000.0,0.0,270000000.0,0.0,0.02,0.0,1575000000.0,1845000000.0,0.496,1845000000.0,1575000000.0,1258000000.0,2.12,2.12,2.12,3701000000.0,,3701000000.0,19736390060.0,-4.0,-7.146,1206000000.0,3.322,1.0,1847000000.0,0.497,0.0,317000000.0,45126000000.0,,539000000.0,5933000000.0,4609000000.0,1324000000.0,31091000000.0,4307000000.0,26784000000.0,5884390060.0,1146000000.0,0.0,0.0,60000000.0,0.0,60000000.0,-836000000.0,0.0,1922000000.0,0.0,771000000.0,771000000.0,771000000.0,0.0,0.0,0.207,295000000.0,1552000000.0,6711000000.0,0.0,1.59,-1.659,-1.549,18612000000.0,0.0,15.2,0.599,0.561,3427000000.0,-1533000000.0,3719000000.0,3719000000.0,0.0,,,,,0.0,0.0,1.0,387130925.0,363000000,363000000.0,10.245,34792000000.0,0.0,487000000.0,2028000000.0,95.846,5387000000.0
80,PCG,MRQ,2001-06-30,2001-06-30,2001-06-30,2021-07-29,-109000000.0,36429000000.0,,11028000000.0,25401000000.0,,7.898,-564000000.0,726000000.0,726000000.0,3296000000.0,750000000.0,1.758,11.706,15486000000.0,745000000.0,14741000000.0,15486000000.0,0.0,259000000.0,0.0,0.054,0.0,1525000000.0,1784000000.0,0.356,1784000000.0,1525000000.0,1213000000.0,2.07,2.07,2.07,2867000000.0,,2867000000.0,17128914710.0,-3.0,-8.157,336000000.0,0.926,1.0,1714000000.0,0.342,0.0,312000000.0,44916000000.0,,501000000.0,5089000000.0,3757000000.0,1332000000.0,33562000000.0,6273000000.0,27289000000.0,4335914710.0,890000000.0,0.0,0.0,522000000.0,0.0,522000000.0,-532000000.0,0.0,900000000.0,0.0,750000000.0,750000000.0,750000000.0,0.0,0.0,0.15,267000000.0,1447000000.0,6441000000.0,0.0,1.512,-1.059,-0.99,17950000000.0,0.0,11.2,0.319,0.299,3293000000.0,-2305000000.0,5010000000.0,5010000000.0,0.0,,,,,0.0,0.0,1.0,387135242.0,363000000,363000000.0,13.802,36429000000.0,0.0,463000000.0,1968000000.0,100.355,4755000000.0
81,PCG,MRQ,2001-03-31,2001-03-31,2001-03-31,2021-07-29,-319000000.0,36065000000.0,,11386000000.0,24679000000.0,,5.251,-538000000.0,682000000.0,682000000.0,7758000000.0,-951000000.0,0.602,17.922,14456000000.0,6185000000.0,8271000000.0,14456000000.0,0.0,255000000.0,0.0,0.072,0.0,-1314000000.0,-1059000000.0,-0.159,-1059000000.0,-1314000000.0,-1561000000.0,-2.62,-2.62,-2.62,1906000000.0,,1906000000.0,16419337108.0,-2.0,-5.162,1414000000.0,3.895,1.0,-1085000000.0,-0.163,0.0,247000000.0,30933000000.0,,370000000.0,4239000000.0,2911000000.0,1328000000.0,34159000000.0,18906000000.0,15253000000.0,4819337108.0,1034000000.0,0.0,0.0,-124000000.0,-109000000.0,-233000000.0,-685000000.0,0.0,1952000000.0,0.0,-951000000.0,-951000000.0,-951000000.0,0.0,0.0,-0.143,255000000.0,-1340000000.0,6299000000.0,0.0,2.529,-1.049,-0.93,17556000000.0,0.0,12.45,0.338,0.317,3643000000.0,-3056000000.0,6673000000.0,6673000000.0,0.0,,,,,0.0,0.0,1.0,387095350.0,363000000,363000000.0,18.383,36065000000.0,0.0,-610000000.0,1133000000.0,99.353,-7520000000.0
82,PCG,MRQ,2000-12-31,2000-12-31,2000-12-31,2021-07-29,-4000000.0,36152000000.0,,11199000000.0,24953000000.0,,8.69,-643000000.0,925000000.0,925000000.0,-6983000000.0,-4117000000.0,0.646,10.397,14801000000.0,7211000000.0,7590000000.0,14801000000.0,0.0,1327000000.0,0.0,0.06,0.3,-6659000000.0,-5332000000.0,0.957,-5332000000.0,-6659000000.0,-6891000000.0,-11.38,-11.36,-11.38,3172000000.0,,3172000000.0,19341907000.0,-4.0,-17.843,-1145000000.0,-3.137,1.0,1410000000.0,-0.253,0.0,232000000.0,32697000000.0,,392000000.0,2962000000.0,1634000000.0,1328000000.0,32980000000.0,17331000000.0,15649000000.0,7741907000.0,2030000000.0,312000000.0,11000000.0,2273000000.0,-111000000.0,2196000000.0,336000000.0,0.0,-502000000.0,0.0,-4117000000.0,-4117000000.0,-4117000000.0,-99000000.0,0.0,0.739,8266000000.0,-6856000000.0,5896000000.0,-0.026,2.441,-2.301,-2.153,17296000000.0,0.0,20.0,0.616,0.576,4758000000.0,-2105000000.0,-5573000000.0,-5573000000.0,0.0,,,,,0.0,0.0,1.0,387095350.0,365000000,365000000.0,-15.268,36152000000.0,1241000000.0,-2774000000.0,1848000000.0,99.047,-6132000000.0
83,PCG,MRQ,2000-09-30,2000-09-30,2000-09-30,2021-07-29,0.0,33891000000.0,,5714000000.0,28177000000.0,,20.425,-717000000.0,304000000.0,304000000.0,5634000000.0,225000000.0,0.658,3.584,11904000000.0,3275000000.0,8629000000.0,11904000000.0,0.0,1852000000.0,0.0,0.05,0.3,655000000.0,2507000000.0,0.334,2507000000.0,655000000.0,464000000.0,0.62,0.62,0.62,7394000000.0,,7394000000.0,19643204642.0,14.0,5.203,-1192000000.0,-3.293,1.0,1868000000.0,0.249,0.0,191000000.0,36813000000.0,,987000000.0,2204000000.0,819000000.0,1385000000.0,26497000000.0,8678000000.0,17819000000.0,9339204642.0,6000000.0,103000000.0,30000000.0,1589000000.0,-108000000.0,1511000000.0,-1030000000.0,0.0,-475000000.0,0.0,225000000.0,225000000.0,225000000.0,0.0,0.0,0.03,1239000000.0,629000000.0,3236000000.0,0.484,1.263,65.769,-93.115,17051000000.0,0.0,24.21,0.407,0.382,2852000000.0,2126000000.0,7502000000.0,7502000000.0,0.0,,,,,0.0,0.0,1.0,385758143.0,362000000,362000000.0,20.724,33891000000.0,0.0,239000000.0,3790000000.0,93.622,-2964000000.0
84,PCG,MRQ,2000-06-30,2000-06-30,2000-06-30,2021-07-29,0.0,31229000000.0,,4620000000.0,26609000000.0,,20.05,-524000000.0,307000000.0,307000000.0,4946000000.0,248000000.0,0.621,3.315,10611000000.0,1886000000.0,8725000000.0,10611000000.0,0.0,69000000.0,0.0,0.049,0.3,634000000.0,703000000.0,0.125,703000000.0,634000000.0,452000000.0,0.0,0.0,0.0,7238000000.0,,7238000000.0,19867599207.0,16.0,8.018,119000000.0,0.33,1.0,691000000.0,0.123,0.0,182000000.0,34099000000.0,,660000000.0,1385000000.0,49000000.0,1336000000.0,23991000000.0,7434000000.0,16557000000.0,9490599207.0,56000000.0,0.0,12000000.0,128000000.0,-109000000.0,28000000.0,-615000000.0,0.0,643000000.0,0.0,248000000.0,248000000.0,248000000.0,0.0,0.0,0.044,69000000.0,622000000.0,2293000000.0,,1.311,93.045,-64.816,16845000000.0,0.0,24.63,0.438,0.411,3097000000.0,2000000000.0,5637000000.0,5637000000.0,0.0,,,,,0.0,0.0,1.0,385326805.0,361000000,361000000.0,15.615,31229000000.0,82000000.0,204000000.0,3827000000.0,86.507,-2814000000.0
85,PCG,MRQ,2000-03-31,2000-03-31,2000-03-31,2021-07-29,0.0,29196000000.0,,3399000000.0,25797000000.0,,19.632,-450000000.0,260000000.0,260000000.0,3979000000.0,280000000.0,0.562,3.12,10637000000.0,1914000000.0,8723000000.0,10637000000.0,0.0,347000000.0,0.0,0.057,0.3,691000000.0,1038000000.0,0.208,1038000000.0,691000000.0,508000000.0,0.78,0.77,0.78,7087000000.0,,7087000000.0,19185341779.0,17.0,6.753,639000000.0,1.77,1.0,1023000000.0,0.205,0.0,183000000.0,33524000000.0,,543000000.0,1345000000.0,45000000.0,1300000000.0,22109000000.0,6049000000.0,16060000000.0,8081341779.0,-15000000.0,0.0,10000000.0,-640000000.0,-108000000.0,-735000000.0,-369000000.0,0.0,1089000000.0,0.0,280000000.0,280000000.0,280000000.0,0.0,0.0,0.056,347000000.0,676000000.0,1213000000.0,0.385,1.14,224.482,175.0,16644000000.0,0.0,21.0,0.39,0.366,2644000000.0,1861000000.0,5002000000.0,5002000000.0,0.0,,,,,0.0,0.0,1.0,384825799.0,361000000,361000000.0,13.856,29196000000.0,111000000.0,228000000.0,3762000000.0,80.875,-2650000000.0
86,PCG,MRQ,1999-12-31,1999-12-31,1999-12-31,2021-07-29,-4000000.0,29588000000.0,,3575000000.0,26013000000.0,,18.866,-643000000.0,282000000.0,282000000.0,3994000000.0,-611000000.0,0.588,3.297,11463000000.0,2347000000.0,9116000000.0,11463000000.0,0.0,96000000.0,0.0,0.059,0.3,-569000000.0,-473000000.0,-0.099,-473000000.0,-569000000.0,-758000000.0,-1.66,-1.65,-1.66,6886000000.0,,6886000000.0,18640584280.0,20.0,6.836,-496000000.0,-1.359,1.0,800000000.0,0.167,0.0,189000000.0,34684000000.0,,433000000.0,1451000000.0,187000000.0,1264000000.0,22702000000.0,6085000000.0,16617000000.0,7871584280.0,13000000.0,0.0,-149000000.0,453000000.0,-130000000.0,164000000.0,-298000000.0,0.0,147000000.0,0.0,-611000000.0,-611000000.0,-611000000.0,-34000000.0,0.0,-0.127,1379000000.0,-579000000.0,1202000000.0,-0.181,1.143,-107.83,-102.5,16893000000.0,0.0,20.5,0.378,0.362,2402000000.0,1674000000.0,4794000000.0,4794000000.0,0.0,,,,,0.0,0.0,1.0,383979721.0,365000000,365000000.0,13.134,29588000000.0,0.0,-147000000.0,3589000000.0,81.063,-2510000000.0
87,PCG,MRQ,1999-09-30,1999-09-30,1999-09-30,2021-07-29,0.0,31486000000.0,,4213000000.0,27273000000.0,,21.172,-1332000000.0,269000000.0,269000000.0,5023000000.0,185000000.0,0.615,3.052,11038000000.0,1785000000.0,9253000000.0,11038000000.0,0.0,686000000.0,0.0,0.046,0.3,524000000.0,1210000000.0,0.195,1210000000.0,524000000.0,334000000.0,0.5,0.5,0.5,7770000000.0,,7770000000.0,20736620281.0,10.0,5.267,-964000000.0,-2.627,1.0,1194000000.0,0.192,0.0,190000000.0,35405000000.0,,799000000.0,1262000000.0,37000000.0,1225000000.0,23716000000.0,6850000000.0,16866000000.0,9936620281.0,-15000000.0,1014000000.0,-19000000.0,-35000000.0,-110000000.0,-173000000.0,-210000000.0,0.0,368000000.0,0.0,185000000.0,185000000.0,185000000.0,12000000.0,0.0,0.03,678000000.0,516000000.0,1437000000.0,0.6,1.279,13.538,13.137,17503000000.0,0.0,25.88,0.47,0.449,3335000000.0,2397000000.0,6217000000.0,6217000000.0,0.0,,,,,0.0,0.0,1.0,383949779.0,367000000,367000000.0,16.94,31486000000.0,0.0,149000000.0,3876000000.0,85.793,-2637000000.0
88,PCG,MRQ,1999-06-30,1999-06-30,1999-06-30,2021-07-29,0.0,31426000000.0,,3947000000.0,27479000000.0,,21.022,646000000.0,284000000.0,284000000.0,3642000000.0,182000000.0,0.607,3.073,11084000000.0,1708000000.0,9376000000.0,11084000000.0,0.0,560000000.0,0.0,0.037,0.3,506000000.0,1066000000.0,0.228,1066000000.0,506000000.0,314000000.0,0.5,0.47,0.5,7715000000.0,,7715000000.0,24411942027.0,12.0,6.089,1276000000.0,3.477,1.0,1040000000.0,0.222,0.0,192000000.0,35721000000.0,,770000000.0,1275000000.0,37000000.0,1238000000.0,23711000000.0,6505000000.0,17206000000.0,12442942027.0,39000000.0,0.0,12000000.0,-1136000000.0,-110000000.0,-1220000000.0,629000000.0,0.0,630000000.0,0.0,182000000.0,182000000.0,182000000.0,14000000.0,0.0,0.039,560000000.0,480000000.0,1250000000.0,0.6,1.613,16.394,16.059,17476000000.0,0.0,32.44,0.615,0.588,2825000000.0,2324000000.0,4682000000.0,4682000000.0,0.0,,,,,0.0,0.0,1.0,383567880.0,367000000,367000000.0,12.757,31426000000.0,0.0,132000000.0,4252000000.0,85.629,-2558000000.0
89,PCG,MRQ,1999-03-31,1999-03-31,1999-03-31,2021-07-29,0.0,34108000000.0,,5622000000.0,28486000000.0,,20.448,-372000000.0,245000000.0,245000000.0,4227000000.0,171000000.0,0.678,3.472,12214000000.0,2435000000.0,9779000000.0,12214000000.0,0.0,438000000.0,0.0,0.039,0.3,486000000.0,924000000.0,0.18,924000000.0,486000000.0,285000000.0,0.46,0.4,0.46,7627000000.0,,7627000000.0,23923880631.0,11.0,6.126,653000000.0,1.751,1.0,899000000.0,0.175,0.0,201000000.0,37790000000.0,,738000000.0,1228000000.0,34000000.0,1194000000.0,26481000000.0,8287000000.0,18194000000.0,11894880631.0,-41000000.0,0.0,-483000000.0,-122000000.0,-115000000.0,-711000000.0,-355000000.0,0.0,1025000000.0,0.0,171000000.0,171000000.0,171000000.0,0.0,0.0,0.033,438000000.0,461000000.0,1313000000.0,0.652,1.56,15.839,15.687,17863000000.0,0.0,31.06,0.585,0.569,2458000000.0,2248000000.0,5126000000.0,5126000000.0,0.0,,,,,0.0,0.0,1.0,382964605.0,373000000,373000000.0,13.743,34108000000.0,0.0,114000000.0,4292000000.0,91.442,-2665000000.0
90,PCG,MRQ,1998-12-31,1998-12-31,1998-12-31,2021-07-29,0.0,33234000000.0,,4791000000.0,28443000000.0,,21.115,-415000000.0,286000000.0,286000000.0,4381000000.0,196000000.0,0.709,3.12,12315000000.0,2272000000.0,10043000000.0,12315000000.0,0.0,199000000.0,0.0,0.038,0.3,538000000.0,737000000.0,0.144,737000000.0,538000000.0,343000000.0,0.51,0.51,0.51,8066000000.0,,8066000000.0,24134246598.0,11.0,6.5,458000000.0,1.199,1.0,749000000.0,0.146,0.0,195000000.0,38508000000.0,,671000000.0,1227000000.0,55000000.0,1172000000.0,25168000000.0,6755000000.0,18413000000.0,12049246598.0,1135000000.0,-1779000000.0,16000000.0,1214000000.0,-93000000.0,1094000000.0,-832000000.0,0.0,873000000.0,0.0,196000000.0,196000000.0,196000000.0,0.0,0.0,0.038,199000000.0,550000000.0,1382000000.0,0.588,1.494,16.758,16.755,17982000000.0,0.0,31.5,0.615,0.615,2442000000.0,2204000000.0,5130000000.0,5130000000.0,0.0,,,,,0.0,0.0,1.0,382515765.0,382000000,382000000.0,13.429,33234000000.0,0.0,147000000.0,4247000000.0,87.0,-1964000000.0
91,PCG,MRQ,1998-09-30,1998-09-30,1998-09-30,2021-07-29,0.0,31638000000.0,,3838000000.0,27800000000.0,,21.733,-279000000.0,278000000.0,278000000.0,4043000000.0,210000000.0,0.629,2.811,12363000000.0,2492000000.0,9871000000.0,12363000000.0,0.0,737000000.0,0.0,0.038,0.3,545000000.0,1282000000.0,0.242,1282000000.0,545000000.0,352000000.0,0.55,0.55,0.55,8302000000.0,,8302000000.0,23553904832.0,12.0,6.359,986000000.0,2.581,1.0,1264000000.0,0.238,0.0,193000000.0,37617000000.0,,792000000.0,1103000000.0,33000000.0,1070000000.0,23336000000.0,6106000000.0,17230000000.0,12177904832.0,-39000000.0,0.0,-21000000.0,-679000000.0,-137000000.0,-821000000.0,-483000000.0,0.0,1265000000.0,0.0,210000000.0,210000000.0,210000000.0,0.0,0.0,0.04,737000000.0,527000000.0,1357000000.0,0.545,1.467,19.737,20.05,18206000000.0,0.0,31.88,0.635,0.635,2735000000.0,2111000000.0,5307000000.0,5307000000.0,0.0,,,,,0.0,0.0,1.0,381991996.0,382000000,382000000.0,13.893,31638000000.0,0.0,142000000.0,4736000000.0,82.822,-2268000000.0
92,PCG,MRQ,1998-06-30,1998-06-30,1998-06-30,2021-07-29,0.0,29289000000.0,,3822000000.0,25467000000.0,,21.476,-419000000.0,311000000.0,311000000.0,3818000000.0,174000000.0,0.894,2.57,11687000000.0,1373000000.0,10314000000.0,11687000000.0,0.0,413000000.0,0.0,0.038,0.3,549000000.0,962000000.0,0.201,962000000.0,549000000.0,353000000.0,0.46,0.46,0.46,8204000000.0,,8204000000.0,23252305427.0,11.0,6.506,-21000000.0,-0.055,1.0,969000000.0,0.202,0.0,196000000.0,36390000000.0,,638000000.0,1137000000.0,39000000.0,1098000000.0,21085000000.0,4275000000.0,16810000000.0,12039305427.0,87000000.0,7000000.0,15000000.0,238000000.0,-106000000.0,84000000.0,-395000000.0,0.0,398000000.0,0.0,174000000.0,174000000.0,174000000.0,0.0,0.0,0.036,412000000.0,557000000.0,1356000000.0,0.652,1.467,18.131,19.012,16287000000.0,0.0,31.56,0.671,0.672,2834000000.0,2041000000.0,4787000000.0,4787000000.0,0.0,,,,,0.0,0.0,1.0,381473556.0,382000000,382000000.0,12.531,29289000000.0,0.0,179000000.0,4735000000.0,76.673,-453000000.0
93,PCG,MRQ,1998-03-31,1998-03-31,1998-03-31,2021-07-29,0.0,29336000000.0,,3970000000.0,25366000000.0,,21.362,-506000000.0,214000000.0,214000000.0,3637000000.0,139000000.0,0.996,2.604,11427000000.0,820000000.0,10607000000.0,11427000000.0,0.0,253000000.0,0.0,0.036,0.3,477000000.0,730000000.0,0.168,730000000.0,477000000.0,280000000.0,0.36,0.36,0.36,8139000000.0,,8139000000.0,23658342078.0,12.0,6.664,346000000.0,0.908,1.0,716000000.0,0.164,0.0,197000000.0,36565000000.0,,600000000.0,1123000000.0,49000000.0,1074000000.0,21197000000.0,3984000000.0,17213000000.0,12573342078.0,-1134000000.0,-7000000.0,-1105000000.0,-210000000.0,-134000000.0,-1470000000.0,-516000000.0,0.0,852000000.0,0.0,139000000.0,139000000.0,139000000.0,0.0,0.0,0.032,253000000.0,463000000.0,1529000000.0,0.833,1.545,18.409,19.527,20317000000.0,0.0,33.0,0.774,0.774,3107000000.0,1992000000.0,4353000000.0,4353000000.0,0.0,,,,,0.0,0.0,1.0,381010366.0,381000000,381000000.0,11.425,29336000000.0,0.0,141000000.0,4877000000.0,76.997,-14000000.0
94,PCG,MRQ,1997-12-31,1997-12-31,1997-12-31,2021-07-29,0.0,31115000000.0,,5325000000.0,25790000000.0,,21.234,-476000000.0,237000000.0,237000000.0,3991000000.0,94000000.0,1.142,2.497,11622000000.0,1052000000.0,10570000000.0,11622000000.0,0.0,362000000.0,0.0,0.04,0.3,368000000.0,730000000.0,0.154,730000000.0,368000000.0,201000000.0,0.22,0.22,0.22,8897000000.0,,8897000000.0,22347358301.0,11.0,5.887,-26000000.0,-0.062,1.0,753000000.0,0.159,0.0,167000000.0,37839000000.0,,626000000.0,2184000000.0,1160000000.0,1024000000.0,22218000000.0,4661000000.0,17557000000.0,12755757301.0,829000000.0,-75000000.0,-86000000.0,1149000000.0,-135000000.0,916000000.0,-537000000.0,0.0,450000000.0,0.0,94000000.0,94000000.0,94000000.0,0.0,0.0,0.02,454000000.0,299000000.0,1512000000.0,1.364,1.434,17.815,17.32,16109000000.0,0.0,30.31,0.836,0.815,2802000000.0,2531000000.0,4744000000.0,4744000000.0,0.0,,,,,0.0,0.0,1.0,420843197.0,419000000,419000000.0,11.322,31115000000.0,0.0,107000000.0,4594000000.0,74.26,664000000.0
95,PCG,MRQ,1997-09-30,1997-09-30,1997-09-30,2021-07-29,0.0,29414747000.0,,3885903000.0,25528844000.0,,21.79,-479000000.0,566682000.0,566682000.0,2962000000.0,257000000.0,0.751,2.261,10158283000.0,1976371000.0,8181912000.0,10158283000.0,0.0,504000000.0,0.0,0.052,0.3,648000000.0,1152000000.0,0.284,1152000000.0,648000000.0,474000000.0,0.62,0.62,0.62,9021261000.0,,9021261000.0,18173074846.0,9.0,4.817,546000000.0,1.319,1.0,1101000000.0,0.271,0.0,174000000.0,33833774000.0,,693005000.0,1713096000.0,0.0,1713096000.0,20393486000.0,5172574000.0,15220912000.0,9162652846.0,360000000.0,0.0,-116000000.0,16000000.0,-127000000.0,-234000000.0,-431000000.0,0.0,1025000000.0,0.0,257000000.0,257000000.0,257000000.0,0.0,0.0,0.063,473000000.0,628000000.0,1198243000.0,0.484,1.016,11.998,12.401,20353222000.0,0.0,23.19,0.694,0.727,2626216000.0,,4063000000.0,4063000000.0,0.0,,,,,0.0,0.0,1.0,395112240.0,414000000,414000000.0,9.814,29414747000.0,1003350000.0,217000000.0,4846336000.0,71.05,-1286671000.0
96,PCG,MRQ,1997-06-30,1997-06-30,1997-06-30,2021-07-29,0.0,26674938000.0,,2939176000.0,23735762000.0,,20.726,-508000000.0,207188000.0,207188000.0,2246000000.0,193000000.0,0.725,2.234,9217610000.0,1555718000.0,7661892000.0,9217610000.0,0.0,492000000.0,0.0,0.057,0.3,446000000.0,938000000.0,0.304,938000000.0,446000000.0,282000000.0,0.49,0.49,0.49,8248770000.0,,8248770000.0,18325732212.0,9.0,5.247,-334000000.0,-0.839,1.0,837000000.0,0.271,0.0,164000000.0,31632461000.0,,513130000.0,1713176000.0,0.0,1713176000.0,18426168000.0,4052899000.0,14373269000.0,9914662212.0,87000000.0,0.0,-242000000.0,689000000.0,-131000000.0,300000000.0,-387000000.0,0.0,174000000.0,0.0,193000000.0,193000000.0,193000000.0,0.0,0.0,0.063,466000000.0,371000000.0,587351000.0,0.612,1.202,13.543,13.472,19078488000.0,0.0,24.25,0.85,0.827,2151375000.0,,3083000000.0,3083000000.0,0.0,,,,,0.0,0.0,1.0,408852050.0,398000000,398000000.0,7.746,26674938000.0,1060061000.0,89000000.0,4779708000.0,67.022,-1113723000.0
97,PCG,MRQ,1997-03-31,1997-03-31,1997-03-31,2021-07-29,0.0,26636620000.0,,2816057000.0,23820563000.0,,20.589,-359000000.0,120334000.0,120334000.0,2442000000.0,173000000.0,0.766,2.163,8531404000.0,815578000.0,7715826000.0,8531404000.0,0.0,493000000.0,0.0,0.067,0.3,484000000.0,977000000.0,0.29,977000000.0,484000000.0,324000000.0,0.42,0.42,0.42,8420791000.0,,8420791000.0,18305840634.0,10.0,5.743,610000000.0,1.491,1.0,923000000.0,0.274,0.0,160000000.0,31370496000.0,,490762000.0,1718879000.0,0.0,1718879000.0,18215829000.0,3677194000.0,14538635000.0,9788408634.0,-23000000.0,-41000000.0,-306000000.0,-135000000.0,-131000000.0,-576000000.0,-416000000.0,0.0,969000000.0,0.0,173000000.0,173000000.0,173000000.0,0.0,0.0,0.051,459000000.0,464000000.0,1078271000.0,0.714,1.162,15.233,15.064,19133798000.0,0.0,23.5,0.913,0.896,2146854000.0,,3365000000.0,3365000000.0,0.0,,,,,0.0,0.0,1.0,416528027.0,409000000,409000000.0,8.227,26636620000.0,1096446000.0,151000000.0,4989993000.0,65.126,-861137000.0
98,PCG,MRQ,1996-12-31,1996-12-31,1996-12-31,2021-07-29,0.0,26237000000.0,,2711000000.0,23526000000.0,,21.34,-254662000.0,131000000.0,131000000.0,2841397000.0,140656000.0,0.827,1.993,8661000000.0,891000000.0,7770000000.0,8661000000.0,0.0,236984000.0,0.0,0.084,0.3,469037000.0,706021000.0,0.261,706021000.0,469037000.0,319470000.0,0.34,,0.34,8766000000.0,,8766000000.0,16715180838.0,9.0,5.339,177263000.0,0.432,1.0,-140683000.0,-0.052,0.0,149567000.0,31487000000.0,,584000000.0,896000000.0,13000000.0,883000000.0,17471000000.0,3280000000.0,14191000000.0,8657234838.0,-17185000.0,-229000000.0,-161182000.0,471020000.0,-209501000.0,99939000.0,-549049000.0,0.0,431925000.0,0.0,140656000.0,140656000.0,140656000.0,0.0,0.0,0.052,-650068000.0,509385000.0,878000000.0,0.882,0.988,11.991,12.0,19008000000.0,0.0,21.0,0.901,0.902,1983000000.0,2636000000.0,2700714000.0,2700714000.0,0.0,,,,,0.0,-727775000.0,1.0,412249278.0,410786000,,6.575,26237000000.0,0.0,178814000.0,4631000000.0,63.87,-569000000.0
99,PCG,MRQ,1996-09-30,1996-09-30,1996-09-30,2021-07-29,0.0,25649715000.0,,2370353000.0,23279362000.0,,20.629,-473825000.0,161480000.0,161480000.0,1415997000.0,225416000.0,0.992,2.02,8219426000.0,254178000.0,7965248000.0,8219426000.0,0.0,333913000.0,0.0,0.09,0.49,537720000.0,871633000.0,0.346,871633000.0,537720000.0,382305000.0,0.55,,0.55,8494022000.0,,8494022000.0,17105803085.0,9.0,5.404,284707000.0,0.691,1.0,1105855000.0,0.439,0.0,155415000.0,31318000000.0,,507650000.0,1795919000.0,0.0,1795919000.0,17155693000.0,2389661000.0,14766032000.0,9042558085.0,24023000.0,0.0,-52072000.0,16179000.0,-211505000.0,-246715000.0,-487794000.0,0.0,758532000.0,0.0,225416000.0,225416000.0,225416000.0,0.0,0.0,0.089,581009000.0,524846000.0,400968000.0,0.891,1.065,11.542,11.447,18809197000.0,0.0,21.75,0.99,0.98,1654427000.0,2687020000.0,2521852000.0,2521852000.0,0.0,,,,,0.0,201634000.0,1.0,415749797.0,411759000,,6.125,25649715000.0,1064000000.0,156889000.0,4811135000.0,62.293,-19308000.0
100,PCG,MRQ,1996-06-30,1996-06-30,1996-06-30,2021-07-29,0.0,25758101000.0,,2572404000.0,23185697000.0,,20.522,-283076000.0,137457000.0,137457000.0,1123001000.0,103502000.0,1.043,2.024,8200702000.0,277206000.0,7923496000.0,8200702000.0,0.0,323952000.0,0.0,0.086,0.49,308713000.0,632665000.0,0.296,632665000.0,308713000.0,151255000.0,0.25,,0.25,8519156000.0,,8519156000.0,17470469652.0,8.0,4.999,170118000.0,0.41,1.0,1015665000.0,0.475,0.0,157458000.0,31355241000.0,,509504000.0,1651208000.0,0.0,1651208000.0,17238945000.0,2466105000.0,14772840000.0,9480350652.0,-852069000.0,38339000.0,-40039000.0,-782213000.0,-211418000.0,-1040071000.0,-265192000.0,0.0,453194000.0,0.0,103502000.0,103502000.0,103502000.0,0.0,0.0,0.048,727290000.0,288375000.0,360671000.0,1.96,1.113,10.308,10.341,18795564000.0,0.0,22.75,1.025,1.021,1865350000.0,2700704000.0,2138666000.0,2138666000.0,0.0,,,,,0.0,346762000.0,1.0,416718710.0,415125000,,5.152,25758101000.0,1051458000.0,47753000.0,4910247000.0,62.049,106299000.0
101,PCG,MRQ,1996-03-31,1996-03-31,1996-03-31,2021-07-29,0.0,26634338000.0,,3380889000.0,23253449000.0,,20.897,-218437000.0,989526000.0,989526000.0,1111605000.0,260704000.0,1.059,2.076,8979645000.0,993646000.0,7985999000.0,8979645000.0,0.0,327151000.0,0.0,0.077,0.49,601808000.0,928959000.0,0.413,928959000.0,601808000.0,432248000.0,0.61,,0.61,8658881000.0,,8658881000.0,19081208293.0,7.0,4.646,718912000.0,1.735,1.0,1137163000.0,0.506,0.0,169560000.0,31432993000.0,,505077000.0,1698593000.0,0.0,1698593000.0,17975457000.0,3191464000.0,14783993000.0,10632806293.0,255231000.0,-38339000.0,18293000.0,-203986000.0,-211576000.0,-405153000.0,-276965000.0,0.0,937349000.0,0.0,260704000.0,252426000.0,252426000.0,0.0,0.0,0.112,563769000.0,573394000.0,298489000.0,0.803,1.228,8.808,8.841,18807712000.0,8278000.0,25.375,1.112,1.1,1784340000.0,2836255000.0,2248768000.0,2248768000.0,0.0,,,,,0.0,179379000.0,1.0,419026849.0,414351000,,5.427,26634338000.0,1056118000.0,171544000.0,4978905000.0,64.28,189425000.0
102,PCG,MRQ,1995-12-31,1995-12-31,1995-12-31,2021-07-29,0.0,26850290000.0,,3341575000.0,23508715000.0,,20.582,-352733000.0,734295000.0,734295000.0,2397076000.0,157200000.0,1.038,2.122,9182697000.0,1134151000.0,8048546000.0,9182697000.0,0.0,295308000.0,0.0,0.069,0.49,436567000.0,731875000.0,0.329,731875000.0,436567000.0,268465000.0,0.49,,0.49,8599133000.0,,8599133000.0,20311316975.0,7.0,4.733,205726000.0,0.492,1.0,-169617000.0,-0.076,0.0,168102000.0,32080328000.0,,544975000.0,1625791000.0,0.0,1625791000.0,18251157000.0,3218364000.0,15032793000.0,11891981975.0,395145000.0,-340000000.0,-127403000.0,423553000.0,-216872000.0,176269000.0,-339583000.0,0.0,558459000.0,0.0,157200000.0,202089000.0,202089000.0,0.0,0.0,0.091,-621306000.0,451689000.0,463147000.0,1.0,1.383,9.371,9.492,18931743000.0,-44889000.0,28.38,1.236,1.251,2015280000.0,2812683000.0,2227459000.0,2227459000.0,0.0,,,,,0.0,-749669000.0,1.0,419026849.0,417808000,,5.331,26850290000.0,1079673000.0,111265000.0,4828895000.0,64.265,123211000.0
103,PCG,MRQ,1995-09-30,1995-09-30,1995-09-30,2021-07-29,0.0,26880930000.0,,3385661000.0,23495269000.0,,20.666,-290467000.0,338755000.0,338755000.0,1178401000.0,377593000.0,1.093,2.085,8758090000.0,551019000.0,8207071000.0,8758090000.0,0.0,388027000.0,0.0,0.065,0.49,813569000.0,1201596000.0,0.456,1201596000.0,813569000.0,650497000.0,0.85,,0.85,8712341000.0,,8712341000.0,21193103500.0,8.0,4.985,597506000.0,1.417,1.0,1459252000.0,0.553,0.0,163072000.0,32202870000.0,,530746000.0,1549776000.0,0.0,1549776000.0,18168589000.0,3097395000.0,15071194000.0,12731719500.0,-77522000.0,0.0,-158113000.0,-119445000.0,-223046000.0,-668138000.0,-297357000.0,0.0,887973000.0,0.0,377593000.0,361692000.0,361692000.0,0.0,0.0,0.137,677340000.0,781912000.0,368367000.0,0.576,1.461,11.012,11.07,18990175000.0,15901000.0,30.0,1.281,1.273,2405342000.0,2879978000.0,2637653000.0,2637653000.0,0.0,,,,,0.0,273956000.0,1.0,424390650.0,421578000,,6.257,26880930000.0,1090955000.0,272904000.0,5057866000.0,63.763,288266000.0
104,PCG,MRQ,1995-06-30,1995-06-30,1995-06-30,2021-07-29,0.0,26950917000.0,,3383082000.0,23567835000.0,,20.461,-227109000.0,416277000.0,416277000.0,993283000.0,405520000.0,1.142,2.087,8877661000.0,626939000.0,8250722000.0,8877661000.0,0.0,380166000.0,0.0,0.068,0.49,864339000.0,1244505000.0,0.508,1244505000.0,864339000.0,691562000.0,0.92,,0.92,8729259000.0,,8729259000.0,21184513932.0,7.0,4.841,294174000.0,0.69,1.0,1455358000.0,0.594,0.0,172777000.0,32449894000.0,,521132000.0,1479697000.0,0.0,1479697000.0,18221658000.0,2962407000.0,15259251000.0,12429089932.0,23536000.0,340000000.0,-132039000.0,-173612000.0,-225207000.0,-538495000.0,40748000.0,0.0,521283000.0,0.0,405520000.0,391026000.0,391026000.0,0.0,0.0,0.16,634988000.0,820370000.0,321140000.0,0.533,1.424,10.31,10.284,19106527000.0,14494000.0,29.0,1.224,1.219,2323893000.0,2820278000.0,2448641000.0,2448641000.0,0.0,,,,,0.0,214592000.0,1.0,428589308.0,426621000,,5.74,26950917000.0,1133735000.0,286042000.0,5192825000.0,63.173,420675000.0
105,PCG,MRQ,1995-03-31,1995-03-31,1995-03-31,2021-07-29,0.0,27474626000.0,,3320563000.0,24154063000.0,,20.181,-231691000.0,392741000.0,392741000.0,930240000.0,328687000.0,1.056,2.165,9148165000.0,636130000.0,8512035000.0,9148165000.0,0.0,385499000.0,0.0,0.079,0.49,727525000.0,1113024000.0,0.482,1113024000.0,727525000.0,553476000.0,0.73,,0.73,8679739000.0,,8679739000.0,20242100232.0,8.0,4.9,1115594000.0,2.594,1.0,1378007000.0,0.597,0.0,174049000.0,33085126000.0,,501749000.0,1423118000.0,0.0,1423118000.0,18794887000.0,3144924000.0,15649963000.0,10702177232.0,255841000.0,0.0,-43445000.0,-531496000.0,-225875000.0,-802636000.0,-288808000.0,0.0,1347285000.0,0.0,328687000.0,314193000.0,314193000.0,0.0,0.0,0.136,668978000.0,709029000.0,377735000.0,0.671,1.233,10.275,10.239,19709856000.0,14494000.0,24.88,1.055,1.055,2299606000.0,2716339000.0,2308247000.0,2308247000.0,0.0,,,,,0.0,261121000.0,1.0,430151818.0,430086000,,5.367,27474626000.0,1166400000.0,224789000.0,5352003000.0,63.882,175639000.0
106,PCG,MRQ,1994-12-31,1994-12-31,1994-12-31,2021-07-29,0.0,27708564000.0,,3438486000.0,24270078000.0,,20.052,51508000.0,136900000.0,136900000.0,1491421000.0,103500000.0,1.015,2.209,9676823000.0,1001732000.0,8675091000.0,9676823000.0,0.0,367671000.0,0.0,0.08,0.49,324537000.0,692208000.0,0.272,692208000.0,324537000.0,131735000.0,0.21,,0.21,8635025000.0,,8635025000.0,20038339004.0,8.0,4.928,545209000.0,1.266,1.0,1049637000.0,0.413,0.0,192802000.0,33862418000.0,,541784000.0,1377992000.0,0.0,1377992000.0,19073539000.0,3386069000.0,15687470000.0,10590692004.0,-4614000.0,-308810000.0,5334000.0,69234000.0,-225397000.0,-205882000.0,-292433000.0,0.0,493701000.0,0.0,103500000.0,89211000.0,89211000.0,0.0,0.0,0.035,829456000.0,220181000.0,414291000.0,2.333,1.226,11.15,11.086,19836130000.0,14289000.0,24.5,1.023,1.017,2628516000.0,2677304000.0,2541058000.0,2541058000.0,0.0,,,,,0.0,276023000.0,1.0,432273143.0,430632000,,5.901,27708564000.0,1155421000.0,28235000.0,5162593000.0,64.344,52417000.0
107,PCG,MRQ,1994-09-30,1994-09-30,1994-09-30,2021-07-29,0.0,27923463000.0,,3589276000.0,24334187000.0,,20.294,-555535000.0,141514000.0,141514000.0,1231265000.0,425633000.0,1.102,2.197,9589161000.0,604030000.0,8985131000.0,9589161000.0,0.0,376696000.0,0.0,0.085,0.49,950022000.0,1326718000.0,0.465,1326718000.0,950022000.0,773572000.0,0.96,,0.96,8735419000.0,,8735419000.0,19687843656.0,7.0,4.561,574601000.0,1.335,1.0,1623956000.0,0.569,0.0,176450000.0,34113037000.0,,623429000.0,609901000.0,0.0,609901000.0,19188044000.0,3258073000.0,15929971000.0,9828974656.0,42846000.0,0.0,8929000.0,-380082000.0,-225176000.0,-527815000.0,-559475000.0,0.0,1130136000.0,0.0,425633000.0,411139000.0,411139000.0,0.0,0.0,0.144,691323000.0,932633000.0,436966000.0,0.51,1.125,9.324,9.248,19820759000.0,14494000.0,22.75,0.938,0.934,2689530000.0,2807204000.0,2855221000.0,2855221000.0,0.0,,,,,0.0,234291000.0,1.0,432042842.0,430439000,,6.633,27923463000.0,1151387000.0,347939000.0,5478626000.0,64.872,331203000.0
108,PCG,MRQ,1994-06-30,1994-06-30,1994-06-30,2021-07-29,0.0,27221662000.0,,3331248000.0,23890414000.0,,19.839,-358324000.0,98668000.0,98668000.0,1100915000.0,241365000.0,1.007,2.193,9957537000.0,939006000.0,9018531000.0,9957537000.0,0.0,372079000.0,0.0,0.081,0.49,627391000.0,999470000.0,0.41,999470000.0,627391000.0,452248000.0,0.53,,0.53,8526073000.0,,8526073000.0,19855216166.0,7.0,4.66,-10997000.0,-0.026,1.0,1338765000.0,0.549,0.0,175143000.0,33772684000.0,,619205000.0,587445000.0,0.0,587445000.0,18695589000.0,3307847000.0,15387742000.0,10233533166.0,-83294000.0,0.0,17453000.0,172836000.0,-223367000.0,-55651000.0,-374970000.0,0.0,347327000.0,0.0,241365000.0,227003000.0,227003000.0,0.0,0.0,0.093,732177000.0,606588000.0,370885000.0,0.925,1.2,10.405,10.371,19992894000.0,14362000.0,23.75,0.968,0.965,2443055000.0,2632273000.0,2439680000.0,2439680000.0,0.0,,,,,0.0,267819000.0,1.0,430885607.0,429762000,,5.677,27221662000.0,1085260000.0,210883000.0,5030084000.0,63.341,23401000.0
109,PCG,MRQ,1994-03-31,1994-03-31,1994-03-31,2021-07-29,0.0,27012531000.0,,3104912000.0,23907619000.0,,19.818,-264553000.0,181962000.0,181962000.0,1186063000.0,236952000.0,0.998,2.181,9803645000.0,719513000.0,9084132000.0,9803645000.0,0.0,376355000.0,0.0,0.066,0.49,671474000.0,1047829000.0,0.417,1047829000.0,671474000.0,486662000.0,0.52,,0.52,8492587000.0,,8492587000.0,22653228983.0,8.0,5.357,711970000.0,1.661,1.0,1328208000.0,0.528,0.0,184812000.0,33521874000.0,,581800000.0,0.0,0.0,0.0,18519944000.0,3112340000.0,15407604000.0,12436615983.0,120896000.0,0.0,60995000.0,-477232000.0,-217910000.0,-616877000.0,-238750000.0,0.0,976523000.0,0.0,236952000.0,222494000.0,222494000.0,0.0,0.0,0.088,663824000.0,664384000.0,392100000.0,0.942,1.464,12.623,12.664,20131321000.0,14458000.0,29.0,1.173,1.172,2172823000.0,2638586000.0,2514271000.0,2514271000.0,0.0,,,,,0.0,195169000.0,1.0,428848827.0,428531000,,5.867,27012531000.0,1140407000.0,249710000.0,5115780000.0,63.035,-7428000.0
110,PCG,MRQ,1993-12-31,1993-12-31,1993-12-31,2021-07-29,0.0,27162526000.0,,3128347000.0,24034179000.0,,19.6,-276301000.0,61066000.0,61066000.0,1776516000.0,208382000.0,0.965,2.216,10277679000.0,985579000.0,9292100000.0,10277679000.0,0.0,421290000.0,0.0,0.054,0.47,521238000.0,942528000.0,0.352,942528000.0,521238000.0,355388000.0,0.45,,0.45,8446037000.0,,8446037000.0,,,,30409000.0,0.071,1.0,898249000.0,0.336,0.0,165850000.0,34138514000.0,,654227000.0,840767000.0,0.0,840767000.0,18716489000.0,3240625000.0,15475864000.0,15065459293.0,-441596000.0,-234221000.0,-190783000.0,228458000.0,-218170000.0,-167023000.0,-581283000.0,0.0,306710000.0,0.0,208382000.0,193483000.0,193483000.0,0.0,0.0,0.072,426915000.0,471334000.0,472985000.0,1.044,1.784,15.04,15.077,20257117000.0,14899000.0,35.13,1.428,1.434,2233737000.0,2643487000.0,2674765000.0,2674765000.0,0.0,,,,,0.0,290480000.0,1.0,428848827.0,430919000,,6.207,27162526000.0,1276532000.0,147006000.0,5009078000.0,63.034,-112278000.0
111,PCG,MRQ,1993-09-30,1993-09-30,1993-09-30,2021-07-29,,,,,,,,-474181000.0,,,1265932000.0,356099000.0,,,,,,,,353192000.0,,0.052,0.47,917815000.0,1271007000.0,0.431,1271007000.0,917815000.0,721683000.0,0.79,,0.79,,,,,,,552334000.0,1.277,1.0,1681362000.0,0.57,,196132000.0,,,,,,,,,,,390995000.0,0.0,51025000.0,47017000.0,-216525000.0,-190413000.0,-445107000.0,0.0,1026515000.0,0.0,356099000.0,340579000.0,340579000.0,0.0,0.0,0.116,789796000.0,891566000.0,,0.595,,,,,15520000.0,35.38,,,,,2947294000.0,2947294000.0,0.0,,,,,0.0,253133000.0,1.0,,432472000,,6.815,,,365584000.0,,,
112,PCG,MRQ,1993-06-30,1993-06-30,1993-06-30,2021-07-29,,,,,,,,-510146000.0,,,1009823000.0,245350000.0,,,,,,,,338989000.0,,0.055,0.47,628493000.0,967482000.0,0.393,967482000.0,628493000.0,436837000.0,0.53,,0.53,,,,,,,-172365000.0,-0.4,1.0,1454302000.0,0.59,,191656000.0,,,,,,,,,,,-615496000.0,0.0,74540000.0,-242984000.0,-217195000.0,-439385000.0,-513892000.0,0.0,337781000.0,0.0,245350000.0,228717000.0,228717000.0,0.0,0.0,0.093,875108000.0,579194000.0,,0.887,,,,,16633000.0,33.13,,,,,2464125000.0,2464125000.0,0.0,,,,,0.0,233248000.0,1.0,,430639000,,5.722,,,191487000.0,,,
113,PCG,MRQ,1993-03-31,1993-03-31,1993-03-31,2021-07-29,,,,,,,,-502396000.0,,,1092824000.0,255664000.0,,,,,,,,337861000.0,,0.052,0.47,640469000.0,978330000.0,0.397,978330000.0,640469000.0,453477000.0,0.56,,0.56,,,,,,,619398000.0,1.446,1.0,1370994000.0,0.556,,186992000.0,,,,,,,,,,,629571000.0,0.0,71927000.0,182392000.0,-205625000.0,33374000.0,-525597000.0,0.0,1121794000.0,0.0,255664000.0,238904000.0,238904000.0,0.0,0.0,0.097,752853000.0,618141000.0,,0.839,,,,,16760000.0,34.63,,,,,2463818000.0,2463818000.0,0.0,,,,,0.0,264592000.0,1.0,,428426000,,5.751,,,197813000.0,,,
114,PCG,MRQ,1992-12-31,1992-12-31,1992-12-31,2021-07-29,0.0,24188159000.0,,2995283000.0,21192876000.0,,19.595,,97592000.0,97592000.0,,,0.831,1.92,9863876000.0,1484816000.0,8379060000.0,9863876000.0,0.0,,0.0,0.053,0.44,,,,,,,,,,8283137000.0,,8283137000.0,,,,,,1.0,,,0.0,,30351749000.0,,677324000.0,0.0,0.0,0.0,15905022000.0,3602694000.0,12302328000.0,,,,,,,,,,,,,,,,,,,,529315000.0,,,,12.841,19352189000.0,,33.13,,1.36,2038732000.0,2631847000.0,,,,,,,,,,1.0,,422714000,,,24188159000.0,0.0,,2818172000.0,57.221,-607411000.0
0,PCG,MRT,2021-06-30,2021-06-30,2021-06-30,2021-07-29,-26000000.0,100494000000.0,98123750000.0,10289000000.0,90205000000.0,0.199,10.855,-7911000000.0,319000000.0,319000000.0,13602000000.0,814000000.0,0.664,3.652,44064000000.0,7048000000.0,37016000000.0,44064000000.0,0.0,3478000000.0,0.0,0.0,0.0,2141000000.0,5619000000.0,0.287,5619000000.0,2141000000.0,528000000.0,0.75,0.73,0.75,21547000000.0,21121750000.0,21547000000.0,62360525000.0,29.0,11.098,-29102000000.0,-14.661,1.0,5959000000.0,0.305,0.0,1613000000.0,128746000000.0,126433500000.0,565000000.0,3697000000.0,0.0,3697000000.0,78695000000.0,15493000000.0,63202000000.0,20188525000.0,-15062000000.0,0.0,7582000000.0,4973000000.0,0.0,14004000000.0,-7875000000.0,-18000000.0,-21191000000.0,0.0,800000000.0,800000000.0,800000000.0,0.0,14000000.0,0.041,4373000000.0,1586000000.0,2250000000.0,0.0,0.937,25.236,13.56,69821000000.0,0.0,10.17,1.032,1.032,6869000000.0,-8672000000.0,19561000000.0,19561000000.0,0.0,0.008,0.038,0.017,0.109,0.0,0.0,1.0,1985105703.0,1985000000,2146000000.0,9.854,100494000000.0,68000000.0,-272000000.0,1618000000.0,50.627,-5204000000.0
1,PCG,MRT,2021-03-31,2021-03-31,2021-03-31,2021-07-29,-26000000.0,98558000000.0,100307500000.0,9067000000.0,89491000000.0,0.188,10.643,-7827000000.0,258000000.0,258000000.0,13019000000.0,-1555000000.0,0.742,3.653,42430000000.0,3504000000.0,38926000000.0,42430000000.0,0.0,3501000000.0,0.0,0.0,0.0,145000000.0,3646000000.0,0.193,3646000000.0,145000000.0,-1269000000.0,-3.18,-3.18,-3.18,21127000000.0,16622250000.0,21127000000.0,65217647532.0,450.0,17.887,-27364000000.0,-13.785,1.0,5860000000.0,0.31,0.0,1414000000.0,128513000000.0,116209500000.0,550000000.0,3592000000.0,0.0,3592000000.0,77179000000.0,12217000000.0,64962000000.0,23240647532.0,-1709000000.0,0.0,7582000000.0,16674000000.0,0.0,25717000000.0,-7889000000.0,-80000000.0,-19537000000.0,0.0,-1569000000.0,-1569000000.0,-1569000000.0,0.0,14000000.0,-0.083,6239000000.0,-379000000.0,2141000000.0,0.0,1.1,-14.812,-3.682,68920000000.0,0.0,11.71,1.231,1.231,6443000000.0,-9073000000.0,18879000000.0,18879000000.0,0.0,-0.016,-0.094,0.001,0.008,0.0,0.0,1.0,1984683820.0,1985000000,2131000000.0,9.511,98558000000.0,68000000.0,300000000.0,1468000000.0,49.651,-3150000000.0
2,PCG,MRT,2020-12-31,2020-12-31,2020-12-31,2021-07-29,-27000000.0,97856000000.0,97340000000.0,9602000000.0,88254000000.0,0.19,16.707,-7690000000.0,627000000.0,627000000.0,12582000000.0,-1304000000.0,0.707,3.648,42604000000.0,4108000000.0,38496000000.0,42604000000.0,0.0,3468000000.0,0.0,0.0,0.0,304000000.0,3772000000.0,0.204,3772000000.0,304000000.0,-956000000.0,-1.05,-1.05,-1.05,21001000000.0,12717250000.0,21001000000.0,64684690229.0,213.0,17.149,-26820000000.0,-21.337,1.0,5887000000.0,0.319,0.0,1260000000.0,126252000000.0,116940000000.0,628000000.0,3538000000.0,0.0,3538000000.0,76603000000.0,13581000000.0,63022000000.0,24727690229.0,-950000000.0,0.0,7582000000.0,17185000000.0,0.0,25928000000.0,-7748000000.0,-72000000.0,-19130000000.0,0.0,-1318000000.0,-1318000000.0,-1318000000.0,0.0,14000000.0,-0.071,6091000000.0,-204000000.0,2402000000.0,0.0,1.177,-18.762,-11.867,67877000000.0,0.0,12.46,1.339,0.848,6212000000.0,-9196000000.0,18469000000.0,18469000000.0,0.0,-0.014,-0.104,0.003,0.016,0.0,0.0,1.0,1984565829.0,1257000000,1257000000.0,14.693,97856000000.0,67000000.0,362000000.0,1398000000.0,77.849,-3979000000.0
3,PCG,MRT,2020-09-30,2020-09-30,2020-09-30,2021-07-29,-10000000.0,95587000000.0,94175000000.0,9798000000.0,85789000000.0,0.196,10.581,-7596000000.0,679000000.0,679000000.0,12622000000.0,-5121000000.0,0.736,3.581,40636000000.0,2968000000.0,37668000000.0,40636000000.0,0.0,3375000000.0,0.0,0.0,0.0,-4646000000.0,-1271000000.0,-0.069,-1271000000.0,-4646000000.0,-6209000000.0,-9.84,-9.97,-9.84,20812000000.0,8751000000.0,20812000000.0,42646435010.0,-9.0,-33.553,-26066000000.0,-13.252,1.0,5842000000.0,0.316,0.0,1563000000.0,122223000000.0,117957000000.0,646000000.0,3318000000.0,0.0,3318000000.0,74523000000.0,13321000000.0,61202000000.0,18230435010.0,-2298000000.0,0.0,7582000000.0,15083000000.0,0.0,23824000000.0,-7652000000.0,-69000000.0,-18470000000.0,0.0,-5135000000.0,-5135000000.0,-5135000000.0,0.0,14000000.0,-0.278,10877000000.0,-5035000000.0,2756000000.0,0.0,0.876,-3.55,-0.954,66563000000.0,0.0,9.39,0.987,1.0,7787000000.0,-9400000000.0,18464000000.0,18464000000.0,0.0,-0.055,-0.587,-0.039,-0.252,0.0,0.0,1.0,1941473377.0,1967000000,2140000000.0,9.387,95587000000.0,67000000.0,-1074000000.0,1225000000.0,48.595,-3523000000.0
4,PCG,MRT,2020-06-30,2020-06-30,2020-06-30,2021-07-29,-10000000.0,109229000000.0,91706500000.0,25013000000.0,84216000000.0,0.196,6.709,-7302000000.0,15381000000.0,15381000000.0,12472000000.0,-6823000000.0,0.546,29.706,39797000000.0,3301000000.0,36496000000.0,39797000000.0,0.0,3370000000.0,0.0,0.0,0.0,-7307000000.0,-3937000000.0,-0.219,-3937000000.0,-7307000000.0,-8531000000.0,-12.94,-13.07,-12.94,3549000000.0,5732750000.0,3549000000.0,57699200898.0,-8.0,-14.656,-1952000000.0,-3.69,1.0,5542000000.0,0.308,0.0,1224000000.0,87850000000.0,118726000000.0,653000000.0,3196000000.0,0.0,3196000000.0,105428000000.0,45795000000.0,59633000000.0,4699200898.0,11915000000.0,0.0,0.0,13932000000.0,0.0,13950000000.0,-7385000000.0,-96000000.0,5350000000.0,0.0,-6837000000.0,-6837000000.0,-6837000000.0,0.0,14000000.0,-0.38,13211000000.0,-7669000000.0,3399000000.0,0.0,1.324,-0.687,-0.685,65528000000.0,0.0,8.87,0.261,0.26,7033000000.0,-9486000000.0,18014000000.0,18014000000.0,0.0,-0.075,-1.193,-0.062,-0.406,0.0,0.0,1.0,529785896.0,529000000,529000000.0,34.053,109229000000.0,67000000.0,-1694000000.0,1171000000.0,206.482,-20782000000.0
5,PCG,MRT,2020-03-31,2020-03-31,2020-03-31,2021-07-29,-10000000.0,86688000000.0,85496000000.0,10558000000.0,76130000000.0,0.204,10.41,-6730000000.0,1960000000.0,1960000000.0,12325000000.0,-7404000000.0,1.279,14.696,54960000000.0,2554000000.0,52406000000.0,54960000000.0,0.0,3292000000.0,0.0,0.0,0.0,-9685000000.0,-6393000000.0,-0.367,-6393000000.0,-9685000000.0,-10770000000.0,-14.04,-14.17,-14.04,5507000000.0,7431000000.0,5507000000.0,57524775205.0,-6.0,-8.998,-2553000000.0,-4.826,1.0,5099000000.0,0.293,0.0,1085000000.0,131435000000.0,127260750000.0,644000000.0,2911000000.0,0.0,2911000000.0,80929000000.0,8253000000.0,72676000000.0,4762775205.0,-1005000000.0,0.0,0.0,1579000000.0,0.0,1604000000.0,-6786000000.0,-69000000.0,4177000000.0,0.0,-7418000000.0,-7418000000.0,-7418000000.0,0.0,14000000.0,-0.426,15122000000.0,-10023000000.0,1851000000.0,0.0,0.865,-0.642,-0.64,64707000000.0,0.0,8.99,0.273,0.273,6212000000.0,-7518000000.0,17424000000.0,17424000000.0,0.0,-0.087,-0.998,-0.076,-0.556,0.0,0.0,1.0,529785896.0,529000000,648000000.0,32.938,86688000000.0,67000000.0,-3352000000.0,505000000.0,163.871,2305000000.0
6,PCG,MRT,2019-12-31,2019-12-31,2019-12-31,2021-07-29,-10000000.0,85196000000.0,84395750000.0,10165000000.0,75031000000.0,0.203,9.727,-6313000000.0,1577000000.0,1577000000.0,12554000000.0,-7642000000.0,1.332,15.539,54332000000.0,2056000000.0,52276000000.0,54332000000.0,0.0,3234000000.0,0.0,0.0,0.0,-10122000000.0,-6888000000.0,-0.402,-6888000000.0,-10122000000.0,-11056000000.0,-14.5,-14.5,-14.5,5136000000.0,9273500000.0,5136000000.0,51810724850.0,-5.0,-7.522,-1497000000.0,-2.835,1.0,4575000000.0,0.267,0.0,934000000.0,130320000000.0,123633250000.0,647000000.0,3173000000.0,0.0,3173000000.0,79808000000.0,7631000000.0,72177000000.0,5752724850.0,-98000000.0,0.0,85000000.0,1387000000.0,0.0,1464000000.0,-6378000000.0,-76000000.0,4816000000.0,0.0,-7656000000.0,-7656000000.0,-7656000000.0,0.0,14000000.0,-0.447,15015000000.0,-10440000000.0,1954000000.0,0.0,1.12,-0.751,-0.75,63921000000.0,0.0,10.87,0.336,0.335,6167000000.0,-7892000000.0,17129000000.0,17129000000.0,0.0,-0.091,-0.826,-0.082,-0.591,0.0,0.0,1.0,529229517.0,528000000,528000000.0,32.441,85196000000.0,67000000.0,-3400000000.0,320000000.0,161.356,2534000000.0
7,PCG,MRT,2019-09-30,2019-09-30,2019-09-30,2021-07-29,-9000000.0,85713000000.0,82345500000.0,11577000000.0,74136000000.0,0.2,16.52,-6114000000.0,2970000000.0,2970000000.0,12432000000.0,-10898000000.0,1.789,8.779,49028000000.0,553000000.0,48475000000.0,49028000000.0,0.0,3212000000.0,0.0,0.0,0.0,-15140000000.0,-11928000000.0,-0.724,-11928000000.0,-15140000000.0,-15606000000.0,-20.93,-20.93,-20.93,8739000000.0,11152250000.0,8739000000.0,48605237930.0,-3.0,-4.075,-1531000000.0,-2.894,1.0,4042000000.0,0.245,0.0,466000000.0,125299000000.0,104959750000.0,635000000.0,3061000000.0,0.0,3061000000.0,76722000000.0,6472000000.0,70250000000.0,5292237930.0,2540000000.0,0.0,148000000.0,4026000000.0,0.0,4154000000.0,-6197000000.0,-95000000.0,4583000000.0,0.0,-10909000000.0,-10909000000.0,-10909000000.0,0.0,11000000.0,-0.662,19579000000.0,-15537000000.0,1844000000.0,0.0,0.606,-0.485,-0.478,63759000000.0,0.0,10.0,0.321,0.321,5994000000.0,-4279000000.0,16474000000.0,16474000000.0,0.0,-0.132,-0.978,-0.144,-0.919,0.0,0.0,1.0,529223793.0,529000000,529000000.0,31.142,85713000000.0,82000000.0,-4697000000.0,1721000000.0,162.028,5105000000.0
8,PCG,MRT,2019-06-30,2019-06-30,2019-06-30,2021-07-29,-9000000.0,84387000000.0,78763500000.0,11577000000.0,72810000000.0,0.209,19.55,-6027000000.0,3459000000.0,3459000000.0,12024000000.0,-8715000000.0,2.027,7.135,46772000000.0,546000000.0,46226000000.0,46772000000.0,0.0,3131000000.0,0.0,0.0,0.0,-12033000000.0,-8902000000.0,-0.542,-8902000000.0,-12033000000.0,-12679000000.0,-16.78,-16.78,-16.78,10342000000.0,13828500000.0,10342000000.0,51575499572.0,-4.0,-5.794,-1271000000.0,-2.403,1.0,4399000000.0,0.268,0.0,646000000.0,121989000000.0,93839000000.0,608000000.0,3016000000.0,0.0,3016000000.0,73793000000.0,5711000000.0,68082000000.0,12129499572.0,2942000000.0,0.0,203000000.0,4122000000.0,0.0,4289000000.0,-6103000000.0,-90000000.0,4756000000.0,0.0,-8726000000.0,-8726000000.0,-8726000000.0,0.0,11000000.0,-0.531,16867000000.0,-12468000000.0,1679000000.0,0.0,1.173,-1.39,-1.366,62913000000.0,0.0,22.92,0.739,0.738,5505000000.0,-2663000000.0,16423000000.0,16423000000.0,0.0,-0.111,-0.631,-0.128,-0.733,0.0,0.0,1.0,529210278.0,529000000,529000000.0,31.045,84387000000.0,85000000.0,-3953000000.0,2354000000.0,159.522,5866000000.0
9,PCG,MRT,2019-03-31,2019-03-31,2019-03-31,2021-07-29,-9000000.0,82287000000.0,75139000000.0,10693000000.0,71594000000.0,0.222,24.481,-6268000000.0,2964000000.0,2964000000.0,11965000000.0,-7146000000.0,2.224,5.371,42410000000.0,539000000.0,41871000000.0,42410000000.0,0.0,3081000000.0,0.0,0.0,0.0,-9772000000.0,-6691000000.0,-0.4,-6691000000.0,-9772000000.0,-10584000000.0,-13.86,-13.86,-13.86,12877000000.0,15945250000.0,12877000000.0,29716593436.0,-3.0,-4.441,-784000000.0,-1.49,1.0,4749000000.0,0.284,0.0,812000000.0,116925000000.0,83052000000.0,536000000.0,2932000000.0,0.0,2932000000.0,69158000000.0,4808000000.0,64350000000.0,9390593436.0,2821000000.0,0.0,250000000.0,3454000000.0,0.0,3673000000.0,-6336000000.0,-88000000.0,5484000000.0,0.0,-7157000000.0,-7157000000.0,-7157000000.0,0.0,11000000.0,-0.428,14986000000.0,-10237000000.0,867000000.0,0.0,0.729,-1.312,-1.284,61975000000.0,0.0,17.8,0.562,0.56,4999000000.0,-114000000.0,16714000000.0,16714000000.0,0.0,-0.095,-0.449,-0.118,-0.585,0.0,0.0,1.0,527561429.0,526000000,527000000.0,31.776,82287000000.0,69000000.0,-3427000000.0,3273000000.0,156.439,5885000000.0
10,PCG,MRT,2018-12-31,2018-12-31,2018-12-31,2021-07-29,-9000000.0,76995000000.0,71605750000.0,9195000000.0,67800000000.0,0.234,24.47,-6514000000.0,1668000000.0,1668000000.0,11652000000.0,-6837000000.0,0.221,5.066,21994000000.0,21994000000.0,0.0,21994000000.0,0.0,3036000000.0,0.0,0.0,0.0,-9214000000.0,-6178000000.0,-0.369,-6178000000.0,-9214000000.0,-10143000000.0,-13.25,-13.25,-13.25,12651000000.0,17658750000.0,12651000000.0,31238514055.0,-3.0,-5.056,-1762000000.0,-3.408,1.0,5107000000.0,0.305,0.0,929000000.0,55626000000.0,73785250000.0,554000000.0,2730000000.0,0.0,2730000000.0,64092000000.0,41695000000.0,22397000000.0,12318514055.0,1219000000.0,0.0,200000000.0,2851000000.0,0.0,3031000000.0,-6564000000.0,-73000000.0,4752000000.0,0.0,-6851000000.0,-6851000000.0,-6851000000.0,0.0,14000000.0,-0.409,14807000000.0,-9700000000.0,1975000000.0,0.0,0.974,-1.798,-1.792,58557000000.0,0.0,23.75,0.735,0.733,4659000000.0,-250000000.0,16759000000.0,16759000000.0,0.0,-0.096,-0.388,-0.125,-0.55,0.0,0.0,1.0,518674276.0,517000000,517000000.0,32.416,76995000000.0,92000000.0,-3292000000.0,3281000000.0,148.926,-32500000000.0
11,PCG,MRT,2018-09-30,2018-09-30,2018-09-30,2021-07-29,-12000000.0,71385000000.0,69360000000.0,6349000000.0,65036000000.0,0.242,37.609,-6295000000.0,430000000.0,430000000.0,11439000000.0,150000000.0,0.669,2.658,19350000000.0,943000000.0,18407000000.0,19350000000.0,0.0,2977000000.0,0.0,0.0,0.0,620000000.0,3597000000.0,0.214,3597000000.0,620000000.0,-283000000.0,0.25,0.27,0.25,19444000000.0,19301000000.0,19444000000.0,42532133015.0,69.0,11.824,-819000000.0,-1.584,1.0,5332000000.0,0.318,0.0,903000000.0,80816000000.0,79769500000.0,505000000.0,2917000000.0,0.0,2917000000.0,51689000000.0,9489000000.0,42200000000.0,23794133015.0,239000000.0,0.0,187000000.0,1152000000.0,-267000000.0,1080000000.0,-6317000000.0,-48000000.0,5476000000.0,0.0,136000000.0,136000000.0,136000000.0,0.0,14000000.0,0.008,5085000000.0,247000000.0,1699000000.0,0.0,1.224,174.957,184.04,56205000000.0,0.0,46.01,1.419,1.418,4815000000.0,6623000000.0,16771000000.0,16771000000.0,0.0,0.002,0.007,0.008,0.037,0.0,0.0,1.0,517151337.0,517000000,517000000.0,32.439,71385000000.0,67000000.0,-419000000.0,5822000000.0,138.075,-3140000000.0
12,PCG,MRT,2018-06-30,2018-06-30,2018-06-30,2021-07-29,-13000000.0,69889000000.0,69395250000.0,6367000000.0,63522000000.0,0.244,36.452,-6064000000.0,517000000.0,517000000.0,11371000000.0,136000000.0,0.651,2.702,19255000000.0,1643000000.0,17612000000.0,19255000000.0,0.0,2928000000.0,0.0,0.012,0.53,739000000.0,3667000000.0,0.217,3667000000.0,739000000.0,-152000000.0,0.23,0.25,0.23,18809000000.0,19198500000.0,18809000000.0,40603154485.0,55.0,11.073,-90000000.0,-0.174,1.0,5536000000.0,0.327,0.0,891000000.0,78841000000.0,80076250000.0,487000000.0,2828000000.0,0.0,2828000000.0,50828000000.0,9786000000.0,41042000000.0,21979154485.0,339000000.0,0.0,230000000.0,746000000.0,-533000000.0,421000000.0,-6056000000.0,-22000000.0,5974000000.0,0.0,122000000.0,122000000.0,122000000.0,0.0,14000000.0,0.007,5099000000.0,437000000.0,1477000000.0,2.304,1.169,180.157,185.043,55154000000.0,0.0,42.56,1.3,1.299,5030000000.0,6057000000.0,16907000000.0,16907000000.0,0.0,0.002,0.006,0.009,0.044,0.0,0.0,1.0,516427502.0,516000000,516000000.0,32.766,69889000000.0,66000000.0,-274000000.0,5667000000.0,135.444,-3419000000.0
13,PCG,MRT,2018-03-31,2018-03-31,2018-03-31,2021-07-29,-13000000.0,68154000000.0,69436750000.0,5855000000.0,62299000000.0,0.244,38.313,-5895000000.0,144000000.0,144000000.0,11392000000.0,1526000000.0,0.846,2.441,18768000000.0,1361000000.0,17407000000.0,18768000000.0,0.0,2894000000.0,0.0,0.024,1.06,2855000000.0,5749000000.0,0.34,5749000000.0,2855000000.0,1965000000.0,2.93,2.95,2.93,19731000000.0,19156000000.0,19731000000.0,41302590147.0,14.0,7.184,20000000.0,0.039,1.0,5531000000.0,0.327,0.0,890000000.0,79858000000.0,80720500000.0,453000000.0,2842000000.0,0.0,2842000000.0,48171000000.0,6920000000.0,41251000000.0,22622590147.0,-20000000.0,0.0,284000000.0,479000000.0,-778000000.0,-45000000.0,-5890000000.0,-20000000.0,5915000000.0,0.0,1512000000.0,1512000000.0,1512000000.0,0.0,14000000.0,0.089,2894000000.0,2637000000.0,1231000000.0,0.362,1.147,14.962,14.993,54341000000.0,0.0,43.93,1.337,1.337,4704000000.0,7043000000.0,16923000000.0,16923000000.0,0.0,0.022,0.079,0.035,0.169,0.0,0.0,1.0,514969045.0,515000000,516000000.0,32.86,68154000000.0,65000000.0,453000000.0,5990000000.0,132.338,-1065000000.0
14,PCG,MRT,2017-12-31,2017-12-31,2017-12-31,2021-07-29,-8000000.0,68012000000.0,69689250000.0,6281000000.0,61731000000.0,0.246,37.539,-5641000000.0,449000000.0,449000000.0,11376000000.0,1660000000.0,0.881,2.525,19129000000.0,1376000000.0,17753000000.0,19129000000.0,0.0,2854000000.0,0.0,0.035,1.55,3045000000.0,5899000000.0,0.344,5899000000.0,3045000000.0,2157000000.0,3.21,3.21,3.21,19220000000.0,18811500000.0,19220000000.0,41051574393.0,13.0,6.959,336000000.0,0.656,1.0,5759000000.0,0.336,0.0,888000000.0,79563000000.0,80938750000.0,481000000.0,2863000000.0,0.0,2863000000.0,48540000000.0,7129000000.0,41411000000.0,23061574393.0,272000000.0,0.0,395000000.0,678000000.0,-1021000000.0,-55000000.0,-5650000000.0,-32000000.0,5977000000.0,0.0,1646000000.0,1646000000.0,1646000000.0,0.0,14000000.0,0.096,2854000000.0,2905000000.0,1646000000.0,0.483,1.2,14.011,13.966,53789000000.0,0.0,44.83,1.346,1.34,4531000000.0,6596000000.0,17135000000.0,17135000000.0,0.0,0.024,0.087,0.038,0.178,0.0,0.0,1.0,514422806.0,512000000,513000000.0,33.467,68012000000.0,65000000.0,511000000.0,5822000000.0,132.836,-848000000.0
15,PCG,MRT,2017-09-30,2017-09-30,2017-09-30,2021-07-29,-8000000.0,71526000000.0,69835750000.0,6383000000.0,65143000000.0,0.254,37.103,-5519000000.0,198000000.0,198000000.0,11385000000.0,2238000000.0,0.854,2.745,18188000000.0,1569000000.0,16619000000.0,18188000000.0,0.0,2799000000.0,0.0,0.03,2.04,3658000000.0,6457000000.0,0.364,6457000000.0,3658000000.0,2787000000.0,4.37,4.37,4.37,19034000000.0,18491500000.0,19034000000.0,53229026693.0,15.0,8.244,344000000.0,0.671,1.0,6363000000.0,0.359,0.0,871000000.0,82043000000.0,80871250000.0,498000000.0,2793000000.0,0.0,2793000000.0,52240000000.0,7473000000.0,44767000000.0,34918026693.0,-107000000.0,0.0,440000000.0,335000000.0,-997000000.0,-350000000.0,-5620000000.0,-54000000.0,5863000000.0,0.0,2224000000.0,2224000000.0,2224000000.0,0.0,14000000.0,0.125,2931000000.0,3432000000.0,1419000000.0,0.467,1.835,15.701,15.581,52523000000.0,0.0,68.09,1.967,1.968,5146000000.0,6482000000.0,17748000000.0,17748000000.0,0.0,0.032,0.12,0.045,0.206,0.0,0.0,1.0,512821658.0,513000000,516000000.0,34.596,71526000000.0,77000000.0,563000000.0,11085000000.0,139.427,-1090000000.0
16,PCG,MRT,2017-06-30,2017-06-30,2017-06-30,2021-07-29,-8000000.0,70055000000.0,68595500000.0,6071000000.0,63984000000.0,0.263,36.476,-5532000000.0,185000000.0,185000000.0,11993000000.0,2076000000.0,0.874,2.745,18496000000.0,1880000000.0,16616000000.0,18496000000.0,0.0,2783000000.0,0.0,0.03,2.0,3397000000.0,6180000000.0,0.343,6180000000.0,3397000000.0,2535000000.0,4.07,4.07,4.07,18639000000.0,18071500000.0,18639000000.0,52020132587.0,15.0,8.417,-182000000.0,-0.356,1.0,6048000000.0,0.335,0.0,862000000.0,81418000000.0,79832750000.0,501000000.0,2733000000.0,0.0,2733000000.0,51164000000.0,6948000000.0,44216000000.0,33915132587.0,-238000000.0,0.0,780000000.0,263000000.0,-969000000.0,-32000000.0,-5556000000.0,-39000000.0,5350000000.0,0.0,2062000000.0,2062000000.0,2062000000.0,0.0,14000000.0,0.114,2862000000.0,3186000000.0,1389000000.0,0.491,1.82,16.448,16.307,51636000000.0,0.0,66.37,1.88,1.88,4632000000.0,6205000000.0,18041000000.0,18041000000.0,0.0,0.03,0.114,0.043,0.188,0.0,0.0,1.0,511000943.0,511000000,513000000.0,35.305,70055000000.0,163000000.0,473000000.0,10753000000.0,137.094,-877000000.0
17,PCG,MRT,2017-03-31,2017-03-31,2017-03-31,2021-07-29,-9000000.0,69164000000.0,67563500000.0,5980000000.0,63184000000.0,0.266,36.128,-5696000000.0,171000000.0,171000000.0,12213000000.0,1876000000.0,0.915,2.755,18276000000.0,1463000000.0,16813000000.0,18276000000.0,0.0,2770000000.0,0.0,0.03,1.96,3057000000.0,5827000000.0,0.324,5827000000.0,3057000000.0,2213000000.0,3.69,3.69,3.69,18353000000.0,17598250000.0,18353000000.0,51948430044.0,17.0,8.915,-801000000.0,-1.577,1.0,5747000000.0,0.32,0.0,844000000.0,80731000000.0,78744750000.0,465000000.0,2701000000.0,0.0,2701000000.0,50559000000.0,6538000000.0,44021000000.0,33696430044.0,-205000000.0,0.0,822000000.0,882000000.0,-945000000.0,638000000.0,-5738000000.0,-56000000.0,4895000000.0,0.0,1862000000.0,1862000000.0,1862000000.0,0.0,14000000.0,0.104,2895000000.0,2852000000.0,1117000000.0,0.531,1.836,18.097,17.984,51080000000.0,0.0,66.36,1.876,1.877,4533000000.0,6070000000.0,17960000000.0,17960000000.0,0.0,0.028,0.106,0.039,0.17,0.0,0.0,1.0,507782249.0,508000000,511000000.0,35.354,69164000000.0,230000000.0,351000000.0,10488000000.0,136.15,-558000000.0
18,PCG,MRT,2016-12-31,2016-12-31,2016-12-31,2021-07-29,-9000000.0,68598000000.0,66435000000.0,6164000000.0,62434000000.0,0.266,35.952,-5709000000.0,177000000.0,177000000.0,12706000000.0,1407000000.0,0.815,2.81,18436000000.0,2216000000.0,16220000000.0,18436000000.0,0.0,2755000000.0,0.0,0.032,1.925,2277000000.0,5032000000.0,0.285,5032000000.0,2277000000.0,1448000000.0,2.79,2.78,2.79,17940000000.0,17163000000.0,17940000000.0,48323364994.0,21.0,9.603,-1300000000.0,-2.605,1.0,4960000000.0,0.281,0.0,829000000.0,79293000000.0,77480750000.0,463000000.0,2606000000.0,0.0,2606000000.0,50406000000.0,7564000000.0,42842000000.0,30729364994.0,-173000000.0,0.0,822000000.0,1314000000.0,-921000000.0,1171000000.0,-5753000000.0,-57000000.0,4409000000.0,0.0,1393000000.0,1393000000.0,1393000000.0,0.0,14000000.0,0.079,2880000000.0,2080000000.0,1495000000.0,0.69,1.713,22.06,21.781,50581000000.0,0.0,60.77,1.739,1.717,4495000000.0,5751000000.0,17666000000.0,17666000000.0,0.0,0.021,0.081,0.029,0.129,0.0,0.0,1.0,505666694.0,499000000,501000000.0,35.403,68598000000.0,230000000.0,55000000.0,10213000000.0,137.471,-1400000000.0
19,PCG,MRT,2016-09-30,2016-09-30,2016-09-30,2021-07-29,-7000000.0,66565000000.0,65094000000.0,5749000000.0,60816000000.0,0.263,34.639,-5639000000.0,239000000.0,239000000.0,13012000000.0,849000000.0,0.917,2.821,17833000000.0,1305000000.0,16528000000.0,17833000000.0,0.0,2767000000.0,0.0,0.031,1.89,1438000000.0,4205000000.0,0.246,4205000000.0,1438000000.0,619000000.0,1.67,1.66,1.67,17354000000.0,16822000000.0,17354000000.0,48283633613.0,34.0,11.482,-1518000000.0,-3.03,1.0,4108000000.0,0.24,0.0,819000000.0,77889000000.0,76062000000.0,477000000.0,2597000000.0,0.0,2597000000.0,48959000000.0,6270000000.0,42689000000.0,30493633613.0,-83000000.0,0.0,818000000.0,1491000000.0,-896000000.0,1356000000.0,-5560000000.0,-54000000.0,4121000000.0,0.0,835000000.0,835000000.0,835000000.0,0.0,14000000.0,0.049,2767000000.0,1341000000.0,1370000000.0,1.132,1.757,36.519,36.629,49430000000.0,0.0,61.17,1.781,1.79,4428000000.0,5278000000.0,17120000000.0,17120000000.0,0.0,0.013,0.05,0.019,0.084,0.0,0.0,1.0,498506353.0,501000000,503000000.0,34.172,66565000000.0,288000000.0,-216000000.0,9850000000.0,132.864,-521000000.0
20,PCG,MRT,2016-06-30,2016-06-30,2016-06-30,2021-07-29,-7000000.0,65927000000.0,63950000000.0,6135000000.0,59792000000.0,0.264,33.694,-5414000000.0,424000000.0,424000000.0,12888000000.0,768000000.0,0.922,2.922,18214000000.0,1689000000.0,16525000000.0,18214000000.0,0.0,2726000000.0,0.0,0.029,1.855,1337000000.0,4063000000.0,0.241,4063000000.0,1337000000.0,535000000.0,1.53,1.52,1.53,16746000000.0,16625500000.0,16746000000.0,48706024136.0,36.0,11.988,-1678000000.0,-3.376,1.0,3972000000.0,0.236,0.0,802000000.0,77066000000.0,74556250000.0,469000000.0,2546000000.0,0.0,2546000000.0,48929000000.0,6651000000.0,42278000000.0,31707024136.0,-60000000.0,0.0,817000000.0,1740000000.0,-872000000.0,1615000000.0,-5411000000.0,-65000000.0,3736000000.0,0.0,754000000.0,754000000.0,754000000.0,0.0,14000000.0,0.045,2726000000.0,1246000000.0,1313000000.0,1.212,1.893,42.052,41.778,48597000000.0,0.0,63.92,1.881,1.884,4347000000.0,5137000000.0,16860000000.0,16860000000.0,0.0,0.012,0.045,0.018,0.079,0.0,0.0,1.0,496042305.0,497000000,498000000.0,33.924,65927000000.0,381000000.0,-219000000.0,9556000000.0,132.65,-516000000.0
21,PCG,MRT,2016-03-31,2016-03-31,2016-03-31,2021-07-29,-7000000.0,64650000000.0,62876000000.0,5634000000.0,59016000000.0,0.269,33.696,-5211000000.0,376000000.0,376000000.0,12698000000.0,964000000.0,0.943,2.877,17375000000.0,853000000.0,16522000000.0,17375000000.0,0.0,2678000000.0,0.0,0.03,1.82,1616000000.0,4294000000.0,0.254,4294000000.0,1616000000.0,829000000.0,1.96,1.94,1.96,16612000000.0,16443750000.0,16612000000.0,46283835728.0,29.0,10.779,-1423000000.0,-2.886,1.0,4210000000.0,0.249,0.0,787000000.0,75675000000.0,73128000000.0,453000000.0,2516000000.0,0.0,2516000000.0,47786000000.0,5974000000.0,41812000000.0,29431835728.0,-3000000.0,0.0,775000000.0,1550000000.0,-864000000.0,1398000000.0,-5189000000.0,-60000000.0,3788000000.0,0.0,950000000.0,950000000.0,950000000.0,0.0,14000000.0,0.056,2678000000.0,1532000000.0,1062000000.0,0.929,1.772,30.981,30.469,48044000000.0,0.0,59.72,1.741,1.741,4120000000.0,5179000000.0,16908000000.0,16908000000.0,0.0,0.015,0.058,0.022,0.096,0.0,0.0,1.0,492830471.0,493000000,495000000.0,34.296,64650000000.0,383000000.0,-121000000.0,9323000000.0,131.136,-340000000.0
22,PCG,MRT,2015-12-31,2015-12-31,2015-12-31,2021-07-29,-7000000.0,63234000000.0,61850250000.0,5813000000.0,57421000000.0,0.272,34.248,-5173000000.0,357000000.0,357000000.0,12713000000.0,888000000.0,0.914,2.8,17104000000.0,1179000000.0,15925000000.0,17104000000.0,0.0,2612000000.0,0.0,0.034,1.82,1620000000.0,4232000000.0,0.251,4232000000.0,1620000000.0,847000000.0,1.81,1.79,1.81,16576000000.0,16216500000.0,16576000000.0,42072240601.0,26.0,9.941,-1393000000.0,-2.878,1.0,4120000000.0,0.245,0.0,773000000.0,73618000000.0,71673750000.0,439000000.0,2470000000.0,0.0,2470000000.0,46406000000.0,6363000000.0,40043000000.0,26087240601.0,-28000000.0,0.0,780000000.0,1506000000.0,-856000000.0,1403000000.0,-5211000000.0,-124000000.0,3780000000.0,0.0,874000000.0,874000000.0,874000000.0,0.0,14000000.0,0.052,2612000000.0,1508000000.0,1414000000.0,1.006,1.574,29.848,29.387,46723000000.0,0.0,53.19,1.55,1.529,4436000000.0,5301000000.0,16833000000.0,16833000000.0,0.0,0.014,0.054,0.023,0.096,0.0,0.0,1.0,490453856.0,484000000,487000000.0,34.779,63234000000.0,290000000.0,-27000000.0,9206000000.0,130.649,-550000000.0
23,PCG,MRT,2015-09-30,2015-09-30,2015-09-30,2021-07-29,-6000000.0,61989000000.0,61073500000.0,6131000000.0,55858000000.0,0.278,34.091,-4931000000.0,441000000.0,441000000.0,12686000000.0,885000000.0,1.004,2.726,16426000000.0,881000000.0,15545000000.0,16426000000.0,0.0,2602000000.0,0.0,0.034,1.82,1752000000.0,4354000000.0,0.257,4354000000.0,1752000000.0,990000000.0,1.8,1.79,1.8,16568000000.0,16009500000.0,16568000000.0,41474130957.0,24.0,9.526,-1256000000.0,-2.584,1.0,4288000000.0,0.253,0.0,762000000.0,71866000000.0,70629500000.0,471000000.0,2417000000.0,0.0,2417000000.0,45169000000.0,6108000000.0,39061000000.0,25450130957.0,15000000.0,0.0,748000000.0,1426000000.0,-849000000.0,1327000000.0,-4987000000.0,-93000000.0,3675000000.0,0.0,871000000.0,871000000.0,871000000.0,0.0,14000000.0,0.051,2602000000.0,1686000000.0,1286000000.0,1.011,1.536,29.219,29.333,45647000000.0,0.0,52.8,1.499,1.512,4761000000.0,5391000000.0,16974000000.0,16974000000.0,0.0,0.014,0.054,0.025,0.103,0.0,0.0,1.0,482010056.0,486000000,489000000.0,34.926,61989000000.0,253000000.0,119000000.0,8773000000.0,127.549,23000000.0
24,PCG,MRT,2015-06-30,2015-06-30,2015-06-30,2021-07-29,-6000000.0,61631000000.0,60047250000.0,6446000000.0,55185000000.0,0.289,33.373,-4923000000.0,536000000.0,536000000.0,12537000000.0,1389000000.0,1.023,2.832,16560000000.0,1016000000.0,15544000000.0,16560000000.0,0.0,2620000000.0,0.0,0.037,1.82,2284000000.0,4904000000.0,0.282,4904000000.0,2284000000.0,1542000000.0,2.89,2.87,2.89,16019000000.0,15812250000.0,16019000000.0,39030703907.0,17.0,7.959,-654000000.0,-1.363,1.0,4826000000.0,0.278,0.0,742000000.0,71353000000.0,69338250000.0,456000000.0,2504000000.0,0.0,2504000000.0,45360000000.0,6302000000.0,39058000000.0,23566703907.0,117000000.0,0.0,465000000.0,1119000000.0,-844000000.0,755000000.0,-4907000000.0,-102000000.0,4269000000.0,0.0,1375000000.0,1375000000.0,1375000000.0,0.0,14000000.0,0.079,2620000000.0,2206000000.0,1178000000.0,0.63,1.471,17.139,16.99,45010000000.0,0.0,49.1,1.357,1.357,5065000000.0,5308000000.0,17363000000.0,17363000000.0,0.0,0.023,0.087,0.033,0.132,0.0,0.0,1.0,479973603.0,480000000,483000000.0,36.173,61631000000.0,286000000.0,167000000.0,8732000000.0,128.398,144000000.0
25,PCG,MRT,2015-03-31,2015-03-31,2015-03-31,2021-07-29,-6000000.0,60547000000.0,58895750000.0,6026000000.0,54521000000.0,0.29,32.92,-4827000000.0,443000000.0,443000000.0,12535000000.0,1254000000.0,0.979,2.84,15907000000.0,856000000.0,15051000000.0,15907000000.0,0.0,2526000000.0,0.0,0.034,1.82,2139000000.0,4665000000.0,0.273,4665000000.0,2139000000.0,1401000000.0,2.62,2.61,2.62,15703000000.0,15564500000.0,15703000000.0,40516543224.0,19.0,8.685,-828000000.0,-1.736,1.0,4563000000.0,0.267,0.0,738000000.0,69858000000.0,67840750000.0,418000000.0,2526000000.0,0.0,2526000000.0,44592000000.0,6153000000.0,38439000000.0,25282543224.0,37000000.0,0.0,651000000.0,996000000.0,-837000000.0,835000000.0,-4797000000.0,-80000000.0,3999000000.0,0.0,1240000000.0,1240000000.0,1240000000.0,0.0,14000000.0,0.073,2526000000.0,2037000000.0,1007000000.0,0.695,1.61,20.389,20.256,44441000000.0,0.0,53.07,1.479,1.481,4822000000.0,5126000000.0,17098000000.0,17098000000.0,0.0,0.021,0.08,0.032,0.125,0.0,0.0,1.0,476399910.0,477000000,481000000.0,35.845,60547000000.0,289000000.0,161000000.0,8626000000.0,126.933,-127000000.0
26,PCG,MRT,2014-12-31,2014-12-31,2014-12-31,2021-07-29,11000000.0,60127000000.0,57755750000.0,6389000000.0,53738000000.0,0.296,33.65,-4833000000.0,449000000.0,449000000.0,12207000000.0,1450000000.0,1.079,2.802,15683000000.0,633000000.0,15050000000.0,15683000000.0,0.0,2433000000.0,0.0,0.034,1.82,2515000000.0,4948000000.0,0.29,4948000000.0,2515000000.0,1781000000.0,3.07,3.06,3.07,15748000000.0,15308750000.0,15748000000.0,39836686557.0,16.0,8.051,-1143000000.0,-2.442,1.0,4883000000.0,0.286,0.0,734000000.0,69441000000.0,66458250000.0,476000000.0,2421000000.0,0.0,2421000000.0,44127000000.0,5920000000.0,38207000000.0,25293686557.0,-145000000.0,0.0,802000000.0,876000000.0,-828000000.0,879000000.0,-4714000000.0,2000000.0,3690000000.0,0.0,1436000000.0,1436000000.0,1436000000.0,0.0,14000000.0,0.084,2433000000.0,2450000000.0,1244000000.0,0.593,1.606,17.614,17.342,43941000000.0,0.0,53.24,1.48,1.458,5092000000.0,5316000000.0,17090000000.0,17090000000.0,0.0,0.025,0.094,0.038,0.147,0.0,0.0,1.0,475088027.0,468000000,470000000.0,36.517,60127000000.0,289000000.0,345000000.0,8513000000.0,128.476,469000000.0
27,PCG,MRT,2014-09-30,2014-09-30,2014-09-30,2021-07-29,26000000.0,57884000000.0,56625250000.0,6071000000.0,51813000000.0,0.296,33.43,-4890000000.0,438000000.0,438000000.0,12056000000.0,1405000000.0,1.06,2.652,14981000000.0,426000000.0,14555000000.0,14981000000.0,0.0,2301000000.0,0.0,0.04,1.82,2456000000.0,4757000000.0,0.284,4757000000.0,2456000000.0,1726000000.0,2.96,2.95,2.96,15779000000.0,14957250000.0,15779000000.0,36219377338.0,15.0,7.614,-1339000000.0,-2.837,1.0,4701000000.0,0.281,0.0,730000000.0,66701000000.0,64671750000.0,497000000.0,2399000000.0,0.0,2399000000.0,41853000000.0,5726000000.0,36127000000.0,21232377338.0,-142000000.0,0.0,1064000000.0,792000000.0,-816000000.0,1062000000.0,-4755000000.0,7000000.0,3551000000.0,0.0,1391000000.0,1391000000.0,1391000000.0,0.0,14000000.0,0.083,2301000000.0,2400000000.0,1192000000.0,0.615,1.346,15.264,15.216,43172000000.0,0.0,45.04,1.267,1.269,5164000000.0,5403000000.0,16757000000.0,16757000000.0,0.0,0.025,0.093,0.038,0.147,0.0,0.0,1.0,471411575.0,472000000,474000000.0,35.502,57884000000.0,270000000.0,335000000.0,8032000000.0,122.636,345000000.0
28,PCG,MRT,2014-06-30,2014-06-30,2014-06-30,2021-07-29,44000000.0,57025000000.0,55957750000.0,6197000000.0,50828000000.0,0.286,32.18,-5006000000.0,431000000.0,431000000.0,12214000000.0,755000000.0,0.932,2.778,15418000000.0,1452000000.0,13966000000.0,15418000000.0,0.0,2153000000.0,0.0,0.038,1.82,1672000000.0,3825000000.0,0.239,3825000000.0,1672000000.0,937000000.0,1.6,1.6,1.6,15028000000.0,14514500000.0,15028000000.0,36805601031.0,22.0,9.622,-1758000000.0,-3.764,1.0,3779000000.0,0.236,0.0,735000000.0,65363000000.0,63283250000.0,461000000.0,2428000000.0,0.0,2428000000.0,41745000000.0,6649000000.0,35096000000.0,22317601031.0,-149000000.0,0.0,1072000000.0,1235000000.0,-804000000.0,1532000000.0,-4929000000.0,10000000.0,3248000000.0,0.0,741000000.0,741000000.0,741000000.0,0.0,14000000.0,0.046,2153000000.0,1626000000.0,1161000000.0,1.137,1.485,30.118,30.012,42483000000.0,0.0,48.02,1.395,1.402,4693000000.0,4808000000.0,15993000000.0,15993000000.0,0.0,0.013,0.051,0.026,0.105,0.0,0.0,1.0,464756373.0,467000000,469000000.0,34.246,57025000000.0,701000000.0,196000000.0,7874000000.0,122.109,-452000000.0
29,PCG,MRT,2014-03-31,2014-03-31,2014-03-31,2021-07-29,55000000.0,55987000000.0,55282500000.0,5892000000.0,50095000000.0,0.286,31.983,-5155000000.0,407000000.0,407000000.0,11961000000.0,816000000.0,0.959,2.797,14895000000.0,930000000.0,13965000000.0,14895000000.0,0.0,2112000000.0,0.0,0.042,1.82,1771000000.0,3883000000.0,0.245,3883000000.0,1771000000.0,1047000000.0,1.77,1.77,1.77,14680000000.0,14225000000.0,14680000000.0,33954059182.0,19.0,8.744,-1826000000.0,-3.978,1.0,3856000000.0,0.244,0.0,724000000.0,64328000000.0,62070750000.0,392000000.0,2351000000.0,0.0,2351000000.0,41055000000.0,6147000000.0,34908000000.0,19771059182.0,-170000000.0,0.0,921000000.0,1458000000.0,-793000000.0,1590000000.0,-5089000000.0,10000000.0,3329000000.0,0.0,802000000.0,802000000.0,802000000.0,0.0,14000000.0,0.051,2112000000.0,1744000000.0,1072000000.0,1.028,1.347,24.652,24.407,41817000000.0,0.0,43.2,1.25,1.254,4253000000.0,4756000000.0,15817000000.0,15817000000.0,0.0,0.015,0.056,0.029,0.112,0.0,0.0,1.0,457663407.0,459000000,460000000.0,34.46,55987000000.0,689000000.0,245000000.0,7838000000.0,121.976,-255000000.0
30,PCG,MRT,2013-12-31,2013-12-31,2013-12-31,2021-07-29,50000000.0,55605000000.0,54551250000.0,5977000000.0,49628000000.0,0.286,32.302,-5207000000.0,597000000.0,597000000.0,11759000000.0,828000000.0,0.798,2.86,14780000000.0,2063000000.0,12717000000.0,14780000000.0,0.0,2077000000.0,0.0,0.045,1.82,1797000000.0,3874000000.0,0.248,3874000000.0,1797000000.0,1082000000.0,1.83,1.83,1.83,14342000000.0,13948000000.0,14342000000.0,31674614362.0,18.0,8.176,-1780000000.0,-4.009,1.0,3839000000.0,0.246,0.0,715000000.0,62295000000.0,60698250000.0,454000000.0,2342000000.0,0.0,2342000000.0,41011000000.0,7493000000.0,33518000000.0,18097614362.0,-105000000.0,0.0,1045000000.0,1353000000.0,-782000000.0,1575000000.0,-5107000000.0,15000000.0,3427000000.0,0.0,814000000.0,814000000.0,814000000.0,0.0,14000000.0,0.052,2077000000.0,1762000000.0,1293000000.0,0.995,1.262,22.233,22.011,41252000000.0,0.0,40.28,1.16,1.147,3989000000.0,4742000000.0,15598000000.0,15598000000.0,0.0,0.015,0.058,0.03,0.115,0.0,0.0,1.0,449295292.0,444000000,445000000.0,35.131,55605000000.0,659000000.0,268000000.0,7823000000.0,125.236,-1516000000.0
31,PCG,MRT,2013-09-30,2013-09-30,2013-09-30,2021-07-29,-70000000.0,55214000000.0,53762250000.0,5522000000.0,49692000000.0,0.287,31.408,-5144000000.0,582000000.0,582000000.0,11892000000.0,729000000.0,0.722,2.924,14159000000.0,2241000000.0,11918000000.0,14159000000.0,0.0,2007000000.0,0.0,0.044,1.82,1611000000.0,3618000000.0,0.234,3618000000.0,1611000000.0,904000000.0,1.61,1.61,1.61,14008000000.0,13631000000.0,14008000000.0,31786612229.0,20.0,8.786,-881000000.0,-1.975,1.0,3561000000.0,0.23,0.0,707000000.0,61147000000.0,59842250000.0,500000000.0,2272000000.0,0.0,2272000000.0,40954000000.0,7644000000.0,33310000000.0,18215612229.0,-15000000.0,0.0,773000000.0,725000000.0,-773000000.0,702000000.0,-4980000000.0,7000000.0,4263000000.0,0.0,715000000.0,715000000.0,715000000.0,0.0,14000000.0,0.046,2007000000.0,1554000000.0,1303000000.0,1.13,1.3,25.476,25.416,39757000000.0,0.0,40.92,1.179,1.181,3914000000.0,4866000000.0,15453000000.0,15453000000.0,0.0,0.013,0.052,0.027,0.104,0.0,0.0,1.0,445151814.0,446000000,447000000.0,34.648,55214000000.0,540000000.0,189000000.0,7314000000.0,123.798,-2122000000.0
32,PCG,MRT,2013-06-30,2013-06-30,2013-06-30,2021-07-29,-71000000.0,54324000000.0,52675750000.0,5442000000.0,48882000000.0,0.29,31.38,-4926000000.0,586000000.0,586000000.0,11276000000.0,929000000.0,0.737,2.898,14157000000.0,2240000000.0,11917000000.0,14157000000.0,0.0,2101000000.0,0.0,0.04,1.82,1934000000.0,4035000000.0,0.265,4035000000.0,1934000000.0,1228000000.0,2.09,2.09,2.09,13870000000.0,13412250000.0,13870000000.0,33044589308.0,17.0,8.189,-759000000.0,-1.717,1.0,3978000000.0,0.261,0.0,706000000.0,60513000000.0,59090500000.0,475000000.0,2214000000.0,0.0,2214000000.0,40202000000.0,7382000000.0,32820000000.0,20220589308.0,-11000000.0,0.0,752000000.0,677000000.0,-764000000.0,613000000.0,-4791000000.0,3000000.0,4167000000.0,0.0,915000000.0,915000000.0,915000000.0,0.0,14000000.0,0.06,2101000000.0,1877000000.0,1155000000.0,0.871,1.458,22.099,21.88,39067000000.0,0.0,45.73,1.326,1.325,4007000000.0,4909000000.0,15254000000.0,15254000000.0,0.0,0.017,0.068,0.033,0.127,0.0,0.0,1.0,442173394.0,442000000,443000000.0,34.511,54324000000.0,491000000.0,313000000.0,7111000000.0,122.905,-1940000000.0
33,PCG,MRT,2013-03-31,2013-03-31,2013-03-31,2021-07-29,-91000000.0,53062000000.0,51623500000.0,4892000000.0,48170000000.0,0.292,31.272,-4779000000.0,582000000.0,582000000.0,11172000000.0,836000000.0,0.694,2.891,13406000000.0,1888000000.0,11518000000.0,13406000000.0,0.0,2191000000.0,0.0,0.041,1.82,1774000000.0,3965000000.0,0.263,3965000000.0,1774000000.0,1069000000.0,1.91,1.9,1.91,13572000000.0,13145250000.0,13572000000.0,31889875049.0,18.0,8.043,41000000.0,0.094,1.0,3899000000.0,0.259,0.0,705000000.0,58838000000.0,58100500000.0,389000000.0,2233000000.0,0.0,2233000000.0,39238000000.0,7048000000.0,32190000000.0,19211875049.0,21000000.0,0.0,790000000.0,-142000000.0,-755000000.0,-159000000.0,-4640000000.0,-38000000.0,4820000000.0,0.0,822000000.0,822000000.0,822000000.0,0.0,14000000.0,0.055,2191000000.0,1708000000.0,1043000000.0,0.953,1.416,23.372,23.314,38282000000.0,0.0,44.53,1.275,1.282,3886000000.0,4784000000.0,15071000000.0,15071000000.0,0.0,0.016,0.063,0.031,0.118,0.0,0.0,1.0,431436673.0,434000000,435000000.0,34.726,53062000000.0,368000000.0,247000000.0,6924000000.0,122.263,-2156000000.0
34,PCG,MRT,2012-12-31,2012-12-31,2012-12-31,2021-07-29,-101000000.0,52449000000.0,50905000000.0,5121000000.0,47328000000.0,0.295,30.835,-4624000000.0,731000000.0,731000000.0,11075000000.0,830000000.0,0.819,2.992,13409000000.0,892000000.0,12517000000.0,13409000000.0,0.0,2272000000.0,0.0,0.045,1.82,1756000000.0,4028000000.0,0.268,4028000000.0,1756000000.0,1053000000.0,1.92,1.92,1.92,13074000000.0,12892250000.0,13074000000.0,29984770138.0,17.0,7.444,258000000.0,0.608,1.0,3965000000.0,0.264,0.0,703000000.0,58871000000.0,57343500000.0,444000000.0,2161000000.0,0.0,2161000000.0,39123000000.0,6256000000.0,32867000000.0,17276770138.0,-112000000.0,0.0,751000000.0,-487000000.0,-746000000.0,-468000000.0,-4526000000.0,-56000000.0,4882000000.0,0.0,816000000.0,816000000.0,816000000.0,0.0,14000000.0,0.054,2272000000.0,1693000000.0,1241000000.0,0.948,1.321,21.173,20.927,37523000000.0,0.0,40.18,1.149,1.133,3268000000.0,4747000000.0,15040000000.0,15040000000.0,0.0,0.016,0.063,0.031,0.117,0.0,0.0,1.0,429984324.0,424000000,425000000.0,35.472,52449000000.0,387000000.0,237000000.0,6748000000.0,123.7,-1135000000.0
35,PCG,MRT,2012-09-30,2012-09-30,2012-09-30,2021-07-29,-186000000.0,50868000000.0,50230250000.0,5593000000.0,45275000000.0,0.299,30.685,-4431000000.0,714000000.0,714000000.0,10725000000.0,926000000.0,1.029,2.854,13422000000.0,507000000.0,12915000000.0,13422000000.0,0.0,2374000000.0,0.0,0.043,1.82,1995000000.0,4369000000.0,0.291,4369000000.0,1995000000.0,1294000000.0,2.15,2.15,2.15,13133000000.0,12649000000.0,13133000000.0,30992159825.0,16.0,7.094,-472000000.0,-1.103,1.0,4300000000.0,0.286,0.0,701000000.0,58140000000.0,56374250000.0,454000000.0,2155000000.0,0.0,2155000000.0,37483000000.0,5436000000.0,32047000000.0,18197159825.0,19000000.0,0.0,973000000.0,184000000.0,-735000000.0,475000000.0,-4415000000.0,-66000000.0,3959000000.0,0.0,912000000.0,912000000.0,912000000.0,0.0,14000000.0,0.061,2374000000.0,1926000000.0,1054000000.0,0.847,1.386,19.953,19.847,35650000000.0,0.0,42.67,1.211,1.215,3331000000.0,4957000000.0,15025000000.0,15025000000.0,0.0,0.018,0.072,0.035,0.133,0.0,0.0,1.0,426462616.0,428000000,429000000.0,35.105,50868000000.0,352000000.0,382000000.0,6739000000.0,118.85,157000000.0
36,PCG,MRT,2012-06-30,2012-06-30,2012-06-30,2021-07-29,-195000000.0,50115000000.0,49392500000.0,5540000000.0,44575000000.0,0.302,30.265,-4360000000.0,673000000.0,673000000.0,10866000000.0,765000000.0,0.871,2.895,13468000000.0,1302000000.0,12166000000.0,13468000000.0,0.0,2323000000.0,0.0,0.04,1.82,1781000000.0,4104000000.0,0.275,4104000000.0,1781000000.0,1082000000.0,1.81,1.81,1.81,12802000000.0,12355500000.0,12802000000.0,32015431380.0,18.0,7.801,-352000000.0,-0.832,1.0,4043000000.0,0.271,0.0,699000000.0,56553000000.0,55154250000.0,415000000.0,2106000000.0,0.0,2106000000.0,37061000000.0,6357000000.0,30704000000.0,19118431380.0,-58000000.0,0.0,966000000.0,101000000.0,-723000000.0,421000000.0,-4487000000.0,-123000000.0,4008000000.0,0.0,751000000.0,751000000.0,751000000.0,0.0,14000000.0,0.05,2323000000.0,1720000000.0,1000000000.0,1.006,1.493,25.457,25.011,34902000000.0,0.0,45.27,1.282,1.284,3622000000.0,4793000000.0,14909000000.0,14909000000.0,0.0,0.015,0.061,0.032,0.119,0.0,0.0,1.0,422320110.0,423000000,425000000.0,35.246,50115000000.0,417000000.0,331000000.0,6550000000.0,118.475,-817000000.0
37,PCG,MRT,2012-03-31,2012-03-31,2012-03-31,2021-07-29,-203000000.0,50188000000.0,48693250000.0,6166000000.0,44022000000.0,0.308,30.338,-4187000000.0,642000000.0,642000000.0,10747000000.0,892000000.0,0.848,2.976,13539000000.0,1772000000.0,11767000000.0,13539000000.0,0.0,2308000000.0,0.0,0.042,1.82,1995000000.0,4303000000.0,0.287,4303000000.0,1995000000.0,1298000000.0,2.16,2.17,2.16,12560000000.0,12102250000.0,12560000000.0,30916973155.0,15.0,7.185,-605000000.0,-1.461,1.0,4253000000.0,0.284,0.0,697000000.0,55810000000.0,54251250000.0,370000000.0,2134000000.0,0.0,2134000000.0,37376000000.0,7275000000.0,30101000000.0,17923973155.0,17000000.0,0.0,967000000.0,305000000.0,-712000000.0,631000000.0,-4196000000.0,-45000000.0,3582000000.0,0.0,878000000.0,878000000.0,878000000.0,0.0,14000000.0,0.059,2308000000.0,1945000000.0,873000000.0,0.843,1.427,20.415,20.097,34249000000.0,0.0,43.41,1.195,1.198,3606000000.0,4752000000.0,15000000000.0,15000000000.0,0.0,0.018,0.073,0.037,0.133,0.0,0.0,1.0,412899635.0,414000000,416000000.0,36.232,50188000000.0,566000000.0,420000000.0,6460000000.0,121.227,-1109000000.0
38,PCG,MRT,2011-12-31,2011-12-31,2011-12-31,2021-07-29,-213000000.0,49750000000.0,47711000000.0,6480000000.0,43270000000.0,0.313,30.177,-4038000000.0,893000000.0,893000000.0,10799000000.0,858000000.0,0.836,3.09,13886000000.0,2120000000.0,11766000000.0,13886000000.0,0.0,2215000000.0,0.0,0.044,1.82,1984000000.0,4199000000.0,0.281,4199000000.0,1984000000.0,1284000000.0,2.1,2.1,2.1,12101000000.0,11815750000.0,12101000000.0,29291497095.0,15.0,6.976,-299000000.0,-0.746,1.0,4157000000.0,0.278,0.0,700000000.0,54994000000.0,53061250000.0,420000000.0,2041000000.0,0.0,2041000000.0,37397000000.0,7749000000.0,29648000000.0,16730497095.0,222000000.0,0.0,662000000.0,470000000.0,-704000000.0,469000000.0,-3986000000.0,-35000000.0,3739000000.0,0.0,844000000.0,844000000.0,844000000.0,0.0,14000000.0,0.056,2215000000.0,1942000000.0,1177000000.0,0.867,1.383,19.823,19.629,33655000000.0,0.0,41.22,1.119,1.105,3211000000.0,4712000000.0,14956000000.0,14956000000.0,0.0,0.018,0.071,0.037,0.133,0.0,0.0,1.0,405882996.0,401000000,402000000.0,37.297,49750000000.0,569000000.0,440000000.0,6314000000.0,124.065,-1269000000.0
39,PCG,MRT,2011-09-30,2011-09-30,2011-09-30,2021-07-29,-176000000.0,47517000000.0,46779750000.0,5877000000.0,41640000000.0,0.316,29.675,-3976000000.0,670000000.0,670000000.0,10553000000.0,1025000000.0,0.862,2.952,13231000000.0,1605000000.0,11626000000.0,13231000000.0,0.0,2133000000.0,0.0,0.043,1.82,2129000000.0,4262000000.0,0.289,4262000000.0,2129000000.0,1428000000.0,2.55,2.54,2.55,11959000000.0,11611000000.0,11959000000.0,29659972045.0,14.0,6.959,142000000.0,0.352,1.0,4209000000.0,0.285,0.0,701000000.0,53260000000.0,52158000000.0,417000000.0,1964000000.0,0.0,1964000000.0,35306000000.0,6818000000.0,28488000000.0,17014972045.0,-70000000.0,0.0,553000000.0,-21000000.0,-695000000.0,-198000000.0,-3990000000.0,-42000000.0,4118000000.0,0.0,1011000000.0,1011000000.0,1011000000.0,0.0,14000000.0,0.068,2133000000.0,2076000000.0,1154000000.0,0.714,1.423,16.83,16.588,32832000000.0,0.0,42.3,1.153,1.155,3232000000.0,4817000000.0,14762000000.0,14762000000.0,0.0,0.022,0.087,0.041,0.144,0.0,0.0,1.0,402245202.0,403000000,404000000.0,36.63,47517000000.0,605000000.0,417000000.0,6319000000.0,117.908,-941000000.0
40,PCG,MRT,2011-06-30,2011-06-30,2011-06-30,2021-07-29,-184000000.0,47318000000.0,46213750000.0,6122000000.0,41196000000.0,0.312,29.546,-3913000000.0,717000000.0,717000000.0,10176000000.0,1083000000.0,0.872,2.992,13362000000.0,1673000000.0,11689000000.0,13362000000.0,0.0,1949000000.0,0.0,0.043,1.82,2236000000.0,4185000000.0,0.29,4185000000.0,2236000000.0,1544000000.0,2.71,2.7,2.71,11789000000.0,11377000000.0,11789000000.0,29288826563.0,13.0,6.999,-175000000.0,-0.439,1.0,4239000000.0,0.294,0.0,692000000.0,52941000000.0,51437750000.0,356000000.0,2069000000.0,0.0,2069000000.0,35277000000.0,7022000000.0,28255000000.0,16725826563.0,85000000.0,0.0,471000000.0,473000000.0,-691000000.0,166000000.0,-3819000000.0,-2000000.0,3738000000.0,0.0,1069000000.0,1069000000.0,1069000000.0,0.0,14000000.0,0.074,2068000000.0,2171000000.0,1103000000.0,0.672,1.419,15.646,15.509,32127000000.0,0.0,42.03,1.16,1.163,3604000000.0,4802000000.0,14415000000.0,14415000000.0,0.0,0.023,0.094,0.043,0.155,0.0,0.0,1.0,397949716.0,399000000,400000000.0,36.128,47318000000.0,664000000.0,475000000.0,6228000000.0,118.591,-900000000.0
41,PCG,MRT,2011-03-31,2011-03-31,2011-03-31,2021-07-29,-193000000.0,46259000000.0,45438750000.0,5471000000.0,40788000000.0,0.307,28.823,-3892000000.0,671000000.0,671000000.0,9844000000.0,1054000000.0,0.704,3.031,13234000000.0,2619000000.0,10615000000.0,13234000000.0,0.0,1890000000.0,0.0,0.041,1.82,2219000000.0,4109000000.0,0.294,4109000000.0,2219000000.0,1526000000.0,2.68,2.65,2.68,11414000000.0,11147500000.0,11414000000.0,30047696421.0,14.0,7.313,7000000.0,0.018,1.0,4119000000.0,0.295,0.0,693000000.0,51050000000.0,50355750000.0,292000000.0,2054000000.0,0.0,2054000000.0,34593000000.0,7772000000.0,26821000000.0,17506696421.0,-18000000.0,0.0,375000000.0,355000000.0,-679000000.0,-25000000.0,-3892000000.0,-54000000.0,3899000000.0,0.0,1040000000.0,1040000000.0,1040000000.0,0.0,14000000.0,0.074,1945000000.0,2174000000.0,974000000.0,0.679,1.534,16.833,16.485,31872000000.0,0.0,44.18,1.254,1.253,3362000000.0,4624000000.0,13963000000.0,13963000000.0,0.0,0.023,0.093,0.044,0.159,0.0,0.0,1.0,396258407.0,396000000,397000000.0,35.26,46259000000.0,601000000.0,486000000.0,5928000000.0,116.816,-2301000000.0
42,PCG,MRT,2010-12-31,2010-12-31,2010-12-31,2021-07-29,-202000000.0,46025000000.0,44759000000.0,5542000000.0,40483000000.0,0.309,29.534,-3802000000.0,854000000.0,854000000.0,9628000000.0,1113000000.0,0.771,3.057,13395000000.0,2066000000.0,11329000000.0,13395000000.0,0.0,1905000000.0,0.0,0.038,1.82,2330000000.0,4235000000.0,0.306,4235000000.0,2330000000.0,1646000000.0,2.86,2.82,2.86,11282000000.0,10886250000.0,11282000000.0,31066427537.0,13.0,7.336,-596000000.0,-1.56,1.0,4213000000.0,0.304,0.0,684000000.0,51381000000.0,49585250000.0,357000000.0,2009000000.0,0.0,2009000000.0,34491000000.0,7185000000.0,27306000000.0,18756427537.0,-236000000.0,0.0,303000000.0,862000000.0,-662000000.0,415000000.0,-3857000000.0,-51000000.0,3206000000.0,0.0,1099000000.0,1099000000.0,1099000000.0,0.0,14000000.0,0.079,1905000000.0,2308000000.0,1129000000.0,0.636,1.663,17.067,16.727,31449000000.0,0.0,47.84,1.355,1.32,2954000000.0,4606000000.0,13841000000.0,13841000000.0,0.0,0.025,0.101,0.047,0.168,0.0,0.0,1.0,392065793.0,382000000,392000000.0,36.233,46025000000.0,612000000.0,547000000.0,5737000000.0,120.484,-1643000000.0
43,PCG,MRT,2010-09-30,2010-09-30,2010-09-30,2021-07-29,-224000000.0,45253000000.0,43989000000.0,5751000000.0,39502000000.0,0.313,28.264,-3730000000.0,920000000.0,920000000.0,9546000000.0,1136000000.0,0.801,3.082,13230000000.0,1975000000.0,11255000000.0,13230000000.0,0.0,1717000000.0,0.0,0.039,1.785,2367000000.0,4084000000.0,0.297,4084000000.0,2367000000.0,1685000000.0,2.95,2.9,2.95,11023000000.0,10649000000.0,11023000000.0,29761965197.0,13.0,7.287,-1178000000.0,-3.021,1.0,4213000000.0,0.306,0.0,682000000.0,50379000000.0,48675250000.0,379000000.0,1977000000.0,0.0,1977000000.0,33978000000.0,7184000000.0,26794000000.0,17747965197.0,-353000000.0,0.0,149000000.0,1472000000.0,-647000000.0,910000000.0,-3815000000.0,-60000000.0,2552000000.0,0.0,1122000000.0,1122000000.0,1122000000.0,0.0,14000000.0,0.082,1874000000.0,2339000000.0,943000000.0,0.605,1.61,15.818,15.397,30675000000.0,0.0,45.42,1.29,1.287,3230000000.0,4535000000.0,13759000000.0,13759000000.0,0.0,0.026,0.105,0.049,0.172,0.0,0.0,1.0,390752206.0,390000000,392000000.0,35.279,45253000000.0,624000000.0,563000000.0,5677000000.0,116.033,-1433000000.0
44,PCG,MRT,2010-06-30,2010-06-30,2010-06-30,2021-07-29,-232000000.0,44218000000.0,43313500000.0,5612000000.0,38606000000.0,0.311,29.145,-3667000000.0,848000000.0,848000000.0,9215000000.0,1196000000.0,0.737,3.044,12862000000.0,2047000000.0,10815000000.0,12862000000.0,0.0,1846000000.0,0.0,0.043,1.75,2463000000.0,4309000000.0,0.32,4309000000.0,2463000000.0,1774000000.0,3.13,3.07,3.13,10871000000.0,10433750000.0,10871000000.0,27511418709.0,11.0,6.385,-1009000000.0,-2.705,1.0,4266000000.0,0.316,0.0,689000000.0,48613000000.0,47661500000.0,334000000.0,1854000000.0,0.0,1854000000.0,33095000000.0,7619000000.0,25476000000.0,15303418709.0,-73000000.0,0.0,126000000.0,767000000.0,-624000000.0,267000000.0,-2998000000.0,-43000000.0,2658000000.0,0.0,1182000000.0,1182000000.0,1182000000.0,0.0,14000000.0,0.088,1823000000.0,2443000000.0,920000000.0,0.559,1.408,12.947,13.131,29983000000.0,0.0,41.1,1.135,1.137,3374000000.0,4457000000.0,13481000000.0,13481000000.0,0.0,0.027,0.113,0.052,0.183,0.0,0.0,1.0,372345954.0,373000000,390000000.0,36.142,44218000000.0,693000000.0,592000000.0,5674000000.0,118.547,-2007000000.0
45,PCG,MRT,2010-03-31,2010-03-31,2010-03-31,2021-07-29,-240000000.0,43540000000.0,42808250000.0,5621000000.0,37919000000.0,0.314,27.949,-3734000000.0,887000000.0,887000000.0,9255000000.0,1251000000.0,0.722,3.175,13095000000.0,2483000000.0,10612000000.0,13095000000.0,0.0,1795000000.0,0.0,0.04,1.715,2459000000.0,4254000000.0,0.316,4254000000.0,2459000000.0,1767000000.0,3.28,3.23,3.28,10369000000.0,10202500000.0,10369000000.0,26958978948.0,11.0,6.337,-1190000000.0,-3.208,1.0,4188000000.0,0.312,0.0,692000000.0,47968000000.0,46878000000.0,255000000.0,1929000000.0,0.0,1929000000.0,32919000000.0,7780000000.0,25139000000.0,15751978948.0,-13000000.0,0.0,133000000.0,1027000000.0,-609000000.0,541000000.0,-3098000000.0,-44000000.0,2544000000.0,0.0,1237000000.0,1237000000.0,1237000000.0,0.0,14000000.0,0.092,1784000000.0,2404000000.0,882000000.0,0.523,1.519,12.734,12.933,29377000000.0,0.0,42.42,1.172,1.171,3946000000.0,4302000000.0,13443000000.0,13443000000.0,0.0,0.029,0.121,0.052,0.183,0.0,0.0,1.0,371333780.0,371000000,389000000.0,36.235,43540000000.0,708000000.0,530000000.0,5430000000.0,117.358,-2159000000.0
46,PCG,MRT,2009-12-31,2009-12-31,2009-12-31,2021-07-29,-160000000.0,42945000000.0,42257000000.0,5657000000.0,37288000000.0,0.317,28.079,-3958000000.0,1160000000.0,1160000000.0,9348000000.0,1234000000.0,0.83,3.132,12769000000.0,1561000000.0,11208000000.0,12769000000.0,0.0,1752000000.0,0.0,0.038,1.68,2385000000.0,4137000000.0,0.309,4137000000.0,2385000000.0,1680000000.0,3.25,3.2,3.25,10333000000.0,10012750000.0,10333000000.0,27285373466.0,11.0,6.595,-919000000.0,-2.497,1.0,4051000000.0,0.302,0.0,705000000.0,47741000000.0,46109500000.0,314000000.0,1899000000.0,0.0,1899000000.0,32360000000.0,6813000000.0,25547000000.0,16563373466.0,308000000.0,0.0,219000000.0,993000000.0,-590000000.0,605000000.0,-3336000000.0,-63000000.0,3039000000.0,0.0,1220000000.0,1220000000.0,1220000000.0,0.0,14000000.0,0.091,1752000000.0,2299000000.0,984000000.0,0.517,1.603,13.577,13.738,28892000000.0,0.0,44.65,1.236,1.226,2920000000.0,4213000000.0,13399000000.0,13399000000.0,0.0,0.029,0.122,0.052,0.178,0.0,0.0,1.0,370960212.0,368000000,386000000.0,36.41,42945000000.0,723000000.0,460000000.0,5278000000.0,116.698,-1156000000.0
47,PCG,MRT,2009-09-30,2009-09-30,2009-09-30,2021-07-29,-200000000.0,42551000000.0,41655000000.0,5610000000.0,36941000000.0,0.324,27.465,-3959000000.0,1269000000.0,1269000000.0,9473000000.0,1478000000.0,0.807,3.162,11991000000.0,1224000000.0,10767000000.0,11991000000.0,0.0,1930000000.0,0.0,0.041,1.65,2563000000.0,4493000000.0,0.333,4493000000.0,2563000000.0,1852000000.0,3.91,3.89,3.91,10162000000.0,9876250000.0,10162000000.0,25723127076.0,10.0,5.725,-581000000.0,-1.57,1.0,4030000000.0,0.298,0.0,711000000.0,46324000000.0,44976750000.0,345000000.0,1870000000.0,0.0,1870000000.0,32137000000.0,6949000000.0,25188000000.0,15009127076.0,449000000.0,0.0,286000000.0,567000000.0,-575000000.0,266000000.0,-3195000000.0,-51000000.0,3378000000.0,0.0,1464000000.0,1464000000.0,1464000000.0,0.0,14000000.0,0.108,1709000000.0,2321000000.0,864000000.0,0.422,1.477,10.252,10.355,28184000000.0,0.0,40.49,1.112,1.109,3927000000.0,4097000000.0,13503000000.0,13503000000.0,0.0,0.035,0.148,0.057,0.19,0.0,0.0,1.0,370687258.0,370000000,388000000.0,36.495,42551000000.0,564000000.0,388000000.0,5172000000.0,115.003,-1339000000.0
48,PCG,MRT,2009-06-30,2009-06-30,2009-06-30,2021-07-29,-207000000.0,42197000000.0,40736750000.0,6428000000.0,35769000000.0,0.342,27.027,-3993000000.0,1623000000.0,1623000000.0,9911000000.0,1464000000.0,0.865,3.217,12337000000.0,1373000000.0,10964000000.0,12337000000.0,0.0,1905000000.0,0.0,0.042,1.62,2580000000.0,4485000000.0,0.322,4485000000.0,2580000000.0,1865000000.0,3.9,3.89,3.9,9946000000.0,9620500000.0,9946000000.0,24668894516.0,10.0,5.5,-1724000000.0,-4.685,1.0,4031000000.0,0.289,0.0,715000000.0,45479000000.0,43453750000.0,311000000.0,1740000000.0,0.0,1740000000.0,31999000000.0,7432000000.0,24567000000.0,14159894516.0,41000000.0,0.0,325000000.0,2080000000.0,-565000000.0,1769000000.0,-3997000000.0,-51000000.0,2269000000.0,0.0,1450000000.0,1450000000.0,1450000000.0,0.0,14000000.0,0.104,1678000000.0,2353000000.0,863000000.0,0.415,1.424,9.765,9.856,27599000000.0,0.0,38.44,1.016,1.015,4153000000.0,3934000000.0,13942000000.0,13942000000.0,0.0,0.036,0.151,0.059,0.185,0.0,0.0,1.0,368363541.0,368000000,369000000.0,37.886,42197000000.0,171000000.0,415000000.0,4340000000.0,114.666,-1004000000.0
49,PCG,MRT,2009-03-31,2009-03-31,2009-03-31,2021-07-29,-214000000.0,41335000000.0,39840500000.0,6197000000.0,35138000000.0,0.36,26.401,-3854000000.0,1555000000.0,1555000000.0,10377000000.0,1369000000.0,0.892,3.275,12064000000.0,759000000.0,11305000000.0,12064000000.0,0.0,1889000000.0,0.0,0.042,1.59,2507000000.0,4396000000.0,0.307,4396000000.0,2507000000.0,1785000000.0,3.67,3.67,3.67,9610000000.0,9358250000.0,9610000000.0,24261513075.0,10.0,5.519,-1239000000.0,-3.404,1.0,3949000000.0,0.276,0.0,722000000.0,44894000000.0,41879000000.0,257000000.0,1634000000.0,0.0,1634000000.0,31473000000.0,6950000000.0,24523000000.0,13979513075.0,18000000.0,0.0,282000000.0,1657000000.0,-555000000.0,1343000000.0,-3940000000.0,-121000000.0,2615000000.0,0.0,1355000000.0,1355000000.0,1355000000.0,0.0,14000000.0,0.095,1668000000.0,2281000000.0,839000000.0,0.433,1.455,10.317,10.414,26923000000.0,0.0,38.22,0.976,0.971,4234000000.0,3701000000.0,14326000000.0,14326000000.0,0.0,0.034,0.145,0.06,0.175,0.0,0.0,1.0,365764340.0,364000000,366000000.0,39.357,41335000000.0,45000000.0,430000000.0,4147000000.0,113.558,-753000000.0
50,PCG,MRT,2008-12-31,2008-12-31,2008-12-31,2021-07-29,-216000000.0,40537000000.0,38868250000.0,6130000000.0,34407000000.0,0.376,27.415,-3628000000.0,1342000000.0,1342000000.0,10716000000.0,1352000000.0,0.818,3.142,11511000000.0,1257000000.0,10254000000.0,11511000000.0,0.0,1863000000.0,0.0,0.04,1.56,2491000000.0,4354000000.0,0.298,4354000000.0,2491000000.0,1763000000.0,3.64,3.63,3.64,9787000000.0,9129000000.0,9787000000.0,23824688046.0,10.0,5.472,-865000000.0,-2.423,1.0,3912000000.0,0.267,0.0,728000000.0,43210000000.0,40311750000.0,423000000.0,1718000000.0,0.0,1718000000.0,30750000000.0,7496000000.0,23254000000.0,13973688046.0,-126000000.0,0.0,225000000.0,1133000000.0,-546000000.0,763000000.0,-3652000000.0,-49000000.0,2763000000.0,0.0,1338000000.0,1338000000.0,1338000000.0,0.0,14000000.0,0.091,1651000000.0,2261000000.0,1121000000.0,0.429,1.428,10.444,10.635,26259000000.0,0.0,38.71,0.955,0.945,4392000000.0,6092000000.0,14628000000.0,14628000000.0,0.0,0.034,0.147,0.062,0.17,0.0,0.0,1.0,360983933.0,357000000,358000000.0,40.975,40537000000.0,25000000.0,425000000.0,3759000000.0,113.549,-1366000000.0
51,PCG,MRT,2008-09-30,2008-09-30,2008-09-30,2021-07-29,18000000.0,38878000000.0,37892000000.0,6308000000.0,32570000000.0,0.38,25.599,-3425000000.0,1576000000.0,1576000000.0,10551000000.0,1048000000.0,0.742,3.254,11427000000.0,2301000000.0,9126000000.0,11427000000.0,0.0,1928000000.0,0.0,0.041,1.53,2279000000.0,4207000000.0,0.292,4207000000.0,2279000000.0,1538000000.0,2.81,2.81,2.81,9139000000.0,8820500000.0,9139000000.0,22056923773.0,10.0,5.243,-751000000.0,-2.104,1.0,3850000000.0,0.267,0.0,741000000.0,40232000000.0,39236500000.0,505000000.0,1819000000.0,0.0,1819000000.0,29739000000.0,8497000000.0,21242000000.0,13427923773.0,-533000000.0,0.0,205000000.0,468000000.0,-535000000.0,80000000.0,-3287000000.0,-41000000.0,2674000000.0,0.0,1024000000.0,1024000000.0,1024000000.0,0.0,24000000.0,0.071,1685000000.0,2165000000.0,962000000.0,0.544,1.469,13.113,13.327,25424000000.0,0.0,37.45,0.932,0.928,4553000000.0,3238000000.0,14401000000.0,14401000000.0,0.0,0.027,0.116,0.058,0.158,0.0,0.0,1.0,358556042.0,357000000,358000000.0,40.339,38878000000.0,0.0,514000000.0,3981000000.0,108.902,-2189000000.0
52,PCG,MRT,2008-06-30,2008-06-30,2008-06-30,2021-07-29,15000000.0,38612000000.0,37192750000.0,6342000000.0,32270000000.0,0.377,24.992,-3161000000.0,1619000000.0,1619000000.0,10167000000.0,1019000000.0,0.787,3.34,10248000000.0,1118000000.0,9130000000.0,10248000000.0,0.0,1947000000.0,0.0,0.038,1.5,2259000000.0,4206000000.0,0.3,4206000000.0,2259000000.0,1500000000.0,2.75,2.75,2.75,8897000000.0,8635250000.0,8897000000.0,23022609591.0,10.0,5.474,411000000.0,1.154,1.0,3839000000.0,0.274,0.0,759000000.0,39180000000.0,38502750000.0,428000000.0,1914000000.0,0.0,1914000000.0,29715000000.0,8061000000.0,21654000000.0,14179609591.0,-69000000.0,0.0,168000000.0,-286000000.0,-521000000.0,-622000000.0,-3019000000.0,-74000000.0,3572000000.0,0.0,998000000.0,998000000.0,998000000.0,0.0,21000000.0,0.071,1731000000.0,2108000000.0,1133000000.0,0.545,1.594,14.208,14.433,24705000000.0,0.0,39.69,1.012,1.009,4698000000.0,3389000000.0,14006000000.0,14006000000.0,0.0,0.027,0.116,0.059,0.161,0.0,0.0,1.0,357258997.0,356000000,357000000.0,39.343,38612000000.0,52000000.0,502000000.0,3744000000.0,108.461,-1719000000.0
53,PCG,MRT,2008-03-31,2008-03-31,2008-03-31,2021-07-29,12000000.0,37446000000.0,36398000000.0,5756000000.0,31690000000.0,0.374,24.487,-2953000000.0,1558000000.0,1558000000.0,9794000000.0,991000000.0,0.751,3.308,10401000000.0,1186000000.0,9215000000.0,10401000000.0,0.0,1942000000.0,0.0,0.04,1.47,2243000000.0,4185000000.0,0.307,4185000000.0,2243000000.0,1484000000.0,2.7,2.69,2.7,8693000000.0,8460000000.0,8693000000.0,22082703659.0,10.0,5.277,-331000000.0,-0.932,1.0,3821000000.0,0.281,0.0,759000000.0,38625000000.0,38007750000.0,264000000.0,1932000000.0,0.0,1932000000.0,28753000000.0,7664000000.0,21089000000.0,13098703659.0,-217000000.0,0.0,188000000.0,255000000.0,-502000000.0,-73000000.0,-2766000000.0,-38000000.0,2622000000.0,0.0,974000000.0,974000000.0,974000000.0,0.0,17000000.0,0.072,1742000000.0,2079000000.0,1070000000.0,0.544,1.507,13.448,13.637,24222000000.0,0.0,36.82,0.962,0.96,4173000000.0,3237000000.0,13615000000.0,13615000000.0,0.0,0.027,0.115,0.059,0.165,0.0,0.0,1.0,355749692.0,355000000,356000000.0,38.352,37446000000.0,105000000.0,510000000.0,3560000000.0,105.482,-1908000000.0
54,PCG,MRT,2007-12-31,2007-12-31,2007-12-31,2021-07-29,10000000.0,36632000000.0,35732750000.0,5449000000.0,31183000000.0,0.37,24.368,-2769000000.0,1642000000.0,1642000000.0,9353000000.0,1020000000.0,0.812,3.283,10626000000.0,873000000.0,9753000000.0,10626000000.0,0.0,1959000000.0,0.0,0.033,1.44,2307000000.0,4266000000.0,0.322,4266000000.0,2307000000.0,1545000000.0,2.79,2.78,2.79,8553000000.0,8281000000.0,8553000000.0,23963086159.0,10.0,5.617,-209000000.0,-0.595,1.0,3884000000.0,0.293,0.0,762000000.0,38909000000.0,37364750000.0,371000000.0,1979000000.0,0.0,1979000000.0,28079000000.0,6707000000.0,21372000000.0,15256086159.0,-111000000.0,0.0,175000000.0,295000000.0,-496000000.0,-5000000.0,-2666000000.0,-103000000.0,2560000000.0,0.0,1006000000.0,1006000000.0,1006000000.0,0.0,14000000.0,0.076,1770000000.0,2114000000.0,1067000000.0,0.516,1.784,15.165,15.444,23656000000.0,0.0,43.09,1.153,1.143,3793000000.0,3151000000.0,13237000000.0,13237000000.0,0.0,0.028,0.121,0.062,0.174,0.0,0.0,1.0,354051663.0,351000000,353000000.0,37.712,36632000000.0,61000000.0,539000000.0,3386000000.0,104.365,-1258000000.0
55,PCG,MRT,2007-09-30,2007-09-30,2007-09-30,2021-07-29,-4000000.0,36081000000.0,35275500000.0,6081000000.0,30000000000.0,0.369,23.858,-2702000000.0,2230000000.0,2230000000.0,9180000000.0,955000000.0,0.812,3.296,10937000000.0,1588000000.0,9349000000.0,10937000000.0,0.0,1879000000.0,0.0,0.029,1.41,2316000000.0,4195000000.0,0.322,4195000000.0,2316000000.0,1477000000.0,2.65,2.65,2.65,8398000000.0,8095500000.0,8398000000.0,25607508337.0,11.0,6.104,-150000000.0,-0.426,1.0,3848000000.0,0.295,0.0,839000000.0,37297000000.0,36383750000.0,422000000.0,1978000000.0,0.0,1978000000.0,27683000000.0,7491000000.0,20192000000.0,16890508337.0,362000000.0,0.0,143000000.0,922000000.0,-481000000.0,633000000.0,-2823000000.0,-161000000.0,2552000000.0,0.0,955000000.0,955000000.0,955000000.0,0.0,0.0,0.073,1743000000.0,2105000000.0,772000000.0,0.532,2.011,17.686,18.038,23034000000.0,0.0,47.8,1.296,1.291,3733000000.0,3076000000.0,13028000000.0,13028000000.0,0.0,0.027,0.118,0.064,0.178,0.0,0.0,1.0,353357915.0,352000000,353000000.0,37.011,36081000000.0,0.0,522000000.0,3414000000.0,102.503,-1410000000.0
56,PCG,MRT,2007-06-30,2007-06-30,2007-06-30,2021-07-29,-10000000.0,35433000000.0,34962500000.0,5843000000.0,29590000000.0,0.369,23.417,-2534000000.0,1794000000.0,1794000000.0,8925000000.0,1070000000.0,0.841,3.323,10511000000.0,1067000000.0,9444000000.0,10511000000.0,0.0,1849000000.0,0.0,0.03,1.38,2444000000.0,4293000000.0,0.332,4293000000.0,2444000000.0,1649000000.0,2.97,2.97,2.97,8196000000.0,7936000000.0,8196000000.0,24146900532.0,10.0,5.625,-124000000.0,-0.354,1.0,3992000000.0,0.309,0.0,795000000.0,37200000000.0,35909500000.0,352000000.0,1934000000.0,0.0,1934000000.0,27237000000.0,6950000000.0,20287000000.0,15922900532.0,-55000000.0,0.0,143000000.0,406000000.0,-470000000.0,180000000.0,-2645000000.0,-173000000.0,2410000000.0,0.0,1070000000.0,1070000000.0,1070000000.0,0.0,0.0,0.083,1734000000.0,2258000000.0,822000000.0,0.465,1.943,14.881,15.253,22542000000.0,0.0,45.3,1.233,1.227,3834000000.0,2925000000.0,12917000000.0,12917000000.0,0.0,0.031,0.135,0.068,0.189,0.0,0.0,1.0,351498908.0,350000000,352000000.0,36.906,35433000000.0,175000000.0,579000000.0,3431000000.0,101.237,-1107000000.0
57,PCG,MRT,2007-03-31,2007-03-31,2007-03-31,2021-07-29,-14000000.0,34785000000.0,34599250000.0,5631000000.0,29154000000.0,0.368,22.857,-2481000000.0,1896000000.0,1896000000.0,8854000000.0,1033000000.0,0.81,3.361,10120000000.0,875000000.0,9245000000.0,10120000000.0,0.0,1855000000.0,0.0,0.028,1.35,2376000000.0,4231000000.0,0.332,4231000000.0,2376000000.0,1602000000.0,2.87,2.88,2.87,7977000000.0,7753000000.0,7977000000.0,25365949864.0,11.0,5.995,80000000.0,0.229,1.0,3893000000.0,0.305,0.0,774000000.0,36053000000.0,35379000000.0,255000000.0,1894000000.0,0.0,1894000000.0,26808000000.0,6956000000.0,19852000000.0,16933949864.0,-433000000.0,0.0,35000000.0,89000000.0,-465000000.0,-421000000.0,-2573000000.0,-133000000.0,2561000000.0,0.0,1033000000.0,1033000000.0,1033000000.0,0.0,0.0,0.081,1725000000.0,2168000000.0,805000000.0,0.47,2.123,16.393,16.819,22145000000.0,0.0,48.27,1.328,1.322,3981000000.0,2783000000.0,12747000000.0,12747000000.0,0.0,0.03,0.133,0.067,0.186,0.0,0.0,1.0,350817275.0,349000000,351000000.0,36.524,34785000000.0,50000000.0,569000000.0,3465000000.0,99.67,-1325000000.0
58,PCG,MRT,2006-12-31,2006-12-31,2006-12-31,2021-07-29,-19000000.0,34803000000.0,34421500000.0,5867000000.0,28936000000.0,0.364,22.575,-2385000000.0,1871000000.0,1871000000.0,8722000000.0,991000000.0,0.711,3.456,10303000000.0,1670000000.0,8633000000.0,10303000000.0,0.0,1803000000.0,0.0,0.028,1.32,2283000000.0,4086000000.0,0.326,4086000000.0,2283000000.0,1545000000.0,2.78,2.76,2.78,7811000000.0,7598000000.0,7811000000.0,24634186009.0,11.0,6.029,329000000.0,0.951,1.0,3817000000.0,0.304,0.0,738000000.0,34985000000.0,35021750000.0,330000000.0,1876000000.0,0.0,1876000000.0,26992000000.0,8250000000.0,18742000000.0,16509186009.0,-257000000.0,0.0,17000000.0,-108000000.0,-456000000.0,-544000000.0,-2427000000.0,-157000000.0,2714000000.0,0.0,991000000.0,991000000.0,991000000.0,0.0,0.0,0.079,1709000000.0,2108000000.0,1075000000.0,0.475,2.114,16.659,17.025,21785000000.0,0.0,47.33,1.317,1.306,3980000000.0,2671000000.0,12539000000.0,12539000000.0,0.0,0.029,0.13,0.065,0.182,0.0,0.0,1.0,348810184.0,346000000,349000000.0,36.24,34803000000.0,0.0,554000000.0,3196000000.0,100.587,-2383000000.0
59,PCG,MRT,2006-09-30,2006-09-30,2006-09-30,2021-07-29,-8000000.0,34829000000.0,34239250000.0,5696000000.0,29133000000.0,0.382,22.363,-2184000000.0,1867000000.0,1867000000.0,9275000000.0,1019000000.0,0.754,3.488,9992000000.0,1195000000.0,8797000000.0,9992000000.0,0.0,1746000000.0,0.0,0.032,1.32,2212000000.0,3958000000.0,0.303,3958000000.0,2212000000.0,1597000000.0,2.84,2.82,2.84,7760000000.0,7449750000.0,7760000000.0,22669939279.0,10.0,5.728,348000000.0,1.003,1.0,3791000000.0,0.29,0.0,615000000.0,35400000000.0,35098750000.0,372000000.0,1817000000.0,0.0,1817000000.0,27069000000.0,7554000000.0,19515000000.0,14496939279.0,-811000000.0,0.0,-1095000000.0,541000000.0,-453000000.0,-1030000000.0,-2313000000.0,-124000000.0,2532000000.0,0.0,1019000000.0,1019000000.0,1019000000.0,13000000.0,0.0,0.078,1706000000.0,2085000000.0,720000000.0,0.465,1.868,14.227,14.665,21361000000.0,0.0,41.65,1.11,1.106,3803000000.0,2633000000.0,13066000000.0,13066000000.0,0.0,0.03,0.137,0.063,0.169,50000000.0,0.0,1.0,348065769.0,347000000,347000000.0,37.654,34829000000.0,0.0,578000000.0,3405000000.0,100.372,-1858000000.0
60,PCG,MRT,2006-06-30,2006-06-30,2006-06-30,2021-07-29,-8000000.0,33980000000.0,34072000000.0,5603000000.0,28377000000.0,0.373,21.572,-2150000000.0,1919000000.0,1919000000.0,9106000000.0,878000000.0,0.792,3.553,10092000000.0,1131000000.0,8961000000.0,10092000000.0,0.0,1727000000.0,0.0,0.033,1.29,1995000000.0,3722000000.0,0.293,3722000000.0,1995000000.0,1387000000.0,2.41,2.38,2.41,7464000000.0,7568500000.0,7464000000.0,21259717050.0,11.0,5.712,216000000.0,0.624,1.0,3596000000.0,0.283,0.0,608000000.0,35078000000.0,34856250000.0,304000000.0,1761000000.0,0.0,1761000000.0,26516000000.0,7075000000.0,19441000000.0,13636717050.0,-1073000000.0,0.0,-1107000000.0,304000000.0,-451000000.0,-1329000000.0,-2110000000.0,-102000000.0,2366000000.0,0.0,878000000.0,878000000.0,878000000.0,0.0,0.0,0.069,1731000000.0,1865000000.0,663000000.0,0.535,1.827,15.532,16.299,20604000000.0,0.0,39.28,1.074,1.07,4118000000.0,2356000000.0,12702000000.0,12702000000.0,0.0,0.026,0.116,0.057,0.157,50000000.0,0.0,1.0,347166931.0,346000000,346000000.0,36.711,33980000000.0,100000000.0,509000000.0,3454000000.0,98.208,-1472000000.0
61,PCG,MRT,2006-03-31,2006-03-31,2006-03-31,2021-07-29,-8000000.0,34074000000.0,34181250000.0,5991000000.0,28083000000.0,0.356,21.387,-2000000000.0,2397000000.0,2397000000.0,8479000000.0,913000000.0,0.847,3.632,10020000000.0,635000000.0,9385000000.0,10020000000.0,0.0,1715000000.0,0.0,0.032,1.26,2015000000.0,3730000000.0,0.306,3730000000.0,2015000000.0,1440000000.0,2.46,2.43,2.46,7357000000.0,7718500000.0,7357000000.0,21583946872.0,11.0,5.787,586000000.0,1.703,1.0,3704000000.0,0.304,0.0,575000000.0,34624000000.0,34705500000.0,218000000.0,1761000000.0,0.0,1761000000.0,26717000000.0,7073000000.0,19644000000.0,13432946872.0,-478000000.0,0.0,-992000000.0,148000000.0,-448000000.0,-1304000000.0,-1760000000.0,-134000000.0,2586000000.0,0.0,913000000.0,913000000.0,913000000.0,0.0,0.0,0.075,1764000000.0,1940000000.0,760000000.0,0.512,1.826,14.713,15.813,20254000000.0,0.0,38.9,1.103,1.098,4177000000.0,2239000000.0,12183000000.0,12183000000.0,0.0,0.027,0.118,0.058,0.165,50000000.0,0.0,1.0,345319971.0,344000000,344000000.0,35.416,34074000000.0,0.0,527000000.0,3581000000.0,99.052,-1082000000.0
62,PCG,MRT,2005-12-31,2005-12-31,2005-12-31,2021-07-29,-8000000.0,34074000000.0,34272000000.0,5980000000.0,28094000000.0,0.341,19.403,-1765000000.0,2259000000.0,2259000000.0,7998000000.0,917000000.0,0.863,3.721,10410000000.0,868000000.0,9542000000.0,10410000000.0,0.0,1698000000.0,0.0,0.033,1.23,2044000000.0,3742000000.0,0.32,3742000000.0,2044000000.0,1461000000.0,2.4,2.37,2.4,7218000000.0,7834500000.0,7218000000.0,20595882140.0,10.0,5.504,644000000.0,1.731,1.0,3705000000.0,0.317,0.0,583000000.0,35293000000.0,34631750000.0,364000000.0,1719000000.0,0.0,1719000000.0,26856000000.0,6932000000.0,19924000000.0,13910882140.0,-259000000.0,0.0,-1945000000.0,1136000000.0,-334000000.0,-1270000000.0,-1398000000.0,-90000000.0,2409000000.0,0.0,917000000.0,917000000.0,917000000.0,0.0,0.0,0.078,1735000000.0,1970000000.0,980000000.0,0.512,1.927,15.17,15.467,19955000000.0,0.0,37.12,1.189,1.18,3989000000.0,2139000000.0,11703000000.0,11703000000.0,0.0,0.027,0.117,0.059,0.175,50000000.0,0.0,1.0,374754368.0,372000000,378000000.0,31.46,34074000000.0,21000000.0,544000000.0,3385000000.0,91.597,-952000000.0
63,PCG,MRT,2005-09-30,2005-09-30,2005-09-30,2021-07-29,-5000000.0,34160000000.0,34388500000.0,6007000000.0,28153000000.0,0.318,22.137,-1741000000.0,2760000000.0,2760000000.0,7064000000.0,1608000000.0,0.936,3.148,9445000000.0,520000000.0,8925000000.0,9445000000.0,0.0,1736000000.0,0.0,0.023,0.9,2828000000.0,4564000000.0,0.417,4564000000.0,2828000000.0,2159000000.0,3.98,3.91,3.98,8235000000.0,8188250000.0,8235000000.0,21271391205.0,8.0,4.661,892000000.0,2.398,1.0,3887000000.0,0.355,0.0,669000000.0,34430000000.0,34288750000.0,401000000.0,1693000000.0,0.0,1693000000.0,25925000000.0,6415000000.0,19510000000.0,14642391205.0,-623000000.0,0.0,-1193000000.0,-704000000.0,-223000000.0,-2233000000.0,-1023000000.0,-215000000.0,2633000000.0,0.0,1608000000.0,1608000000.0,1608000000.0,-13000000.0,0.0,0.147,1755000000.0,2132000000.0,568000000.0,0.226,1.778,9.106,9.862,19548000000.0,0.0,39.25,1.337,1.333,3752000000.0,2672000000.0,10951000000.0,10951000000.0,0.0,0.047,0.196,0.082,0.258,41000000.0,0.0,1.0,373054553.0,372000000,372000000.0,29.438,34160000000.0,0.0,551000000.0,3591000000.0,91.828,-408000000.0
64,PCG,MRT,2005-06-30,2005-06-30,2005-06-30,2021-07-29,-5000000.0,34417000000.0,34691000000.0,6425000000.0,27992000000.0,0.31,21.795,-1598000000.0,3153000000.0,3153000000.0,6964000000.0,1584000000.0,0.978,3.268,9782000000.0,724000000.0,9058000000.0,9782000000.0,0.0,1685000000.0,0.0,0.016,0.6,2820000000.0,4505000000.0,0.418,4505000000.0,2820000000.0,2137000000.0,3.87,3.79,3.87,8064000000.0,8198000000.0,8064000000.0,20517102319.0,7.0,4.554,1223000000.0,3.305,1.0,3806000000.0,0.353,0.0,683000000.0,34475000000.0,34776500000.0,312000000.0,1659000000.0,0.0,1659000000.0,26353000000.0,6571000000.0,19782000000.0,13893102319.0,74000000.0,0.0,-1188000000.0,-441000000.0,-111000000.0,-1883000000.0,-864000000.0,-181000000.0,2821000000.0,0.0,1584000000.0,1584000000.0,1584000000.0,0.0,0.0,0.147,1680000000.0,2126000000.0,488000000.0,0.155,1.723,8.771,9.7,19295000000.0,0.0,37.54,1.29,1.29,4038000000.0,2533000000.0,10770000000.0,10770000000.0,0.0,0.046,0.193,0.081,0.262,41000000.0,0.0,1.0,370087968.0,370000000,370000000.0,29.108,34417000000.0,0.0,553000000.0,4270000000.0,93.019,-146000000.0
65,PCG,MRT,2005-03-31,2005-03-31,2005-03-31,2021-07-29,-5000000.0,34437000000.0,34857500000.0,6392000000.0,28045000000.0,0.316,20.157,-1538000000.0,3239000000.0,3239000000.0,7180000000.0,1689000000.0,0.949,3.403,9863000000.0,944000000.0,8919000000.0,9863000000.0,0.0,1571000000.0,0.0,0.009,0.3,2949000000.0,4520000000.0,0.41,4520000000.0,2949000000.0,2221000000.0,4.06,3.97,4.06,7821000000.0,8114000000.0,7821000000.0,19819222181.0,7.0,4.385,261000000.0,0.673,1.0,3841000000.0,0.349,0.0,728000000.0,34329000000.0,34969500000.0,214000000.0,1627000000.0,0.0,1627000000.0,26616000000.0,6732000000.0,19884000000.0,13520222181.0,-2143000000.0,0.0,-1161000000.0,-6867000000.0,0.0,-8140000000.0,4198000000.0,-149000000.0,1799000000.0,0.0,1689000000.0,1689000000.0,1689000000.0,0.0,0.0,0.153,1583000000.0,2258000000.0,500000000.0,0.074,1.729,8.005,8.399,19068000000.0,0.0,34.1,1.227,1.201,3458000000.0,2379000000.0,11021000000.0,11021000000.0,0.0,0.048,0.208,0.084,0.268,41000000.0,0.0,1.0,396487454.0,388000000,388000000.0,28.405,34437000000.0,0.0,532000000.0,4371000000.0,88.755,-340000000.0
66,PCG,MRT,2004-12-31,2004-12-31,2004-12-31,2021-07-29,-4000000.0,34540000000.0,36783000000.0,6408000000.0,28132000000.0,0.301,21.691,-1524000000.0,2952000000.0,2952000000.0,7365000000.0,4504000000.0,0.926,3.001,9251000000.0,1348000000.0,7903000000.0,9251000000.0,0.0,1497000000.0,0.0,0.0,0.0,7767000000.0,9264000000.0,0.836,9264000000.0,7767000000.0,6970000000.0,10.8,10.57,10.8,8633000000.0,7987000000.0,8633000000.0,20536081902.0,3.0,2.217,332000000.0,0.834,1.0,3715000000.0,0.335,0.0,797000000.0,33921000000.0,37454000000.0,304000000.0,1629000000.0,0.0,1629000000.0,25907000000.0,6918000000.0,18989000000.0,13416081902.0,-2686000000.0,0.0,-216000000.0,-1302000000.0,0.0,-1624000000.0,-2918000000.0,-151000000.0,1856000000.0,0.0,4504000000.0,4504000000.0,4504000000.0,0.0,0.0,0.406,-3403000000.0,7118000000.0,762000000.0,0.0,1.554,2.979,3.081,18989000000.0,0.0,33.28,1.211,1.195,3475000000.0,2863000000.0,11080000000.0,11080000000.0,0.0,0.122,0.564,0.207,0.701,41000000.0,0.0,1.0,403127461.0,398000000,398000000.0,27.839,34540000000.0,0.0,2466000000.0,4231000000.0,86.784,-510000000.0
67,PCG,MRT,2004-09-30,2004-09-30,2004-09-30,2021-07-29,-81000000.0,35370000000.0,35691750000.0,7438000000.0,27932000000.0,0.296,20.737,-1548000000.0,4221000000.0,4221000000.0,7156000000.0,3670000000.0,1.218,3.275,11341000000.0,747000000.0,10594000000.0,11341000000.0,0.0,1364000000.0,0.0,0.0,0.0,6882000000.0,8246000000.0,0.78,8246000000.0,6882000000.0,6026000000.0,8.89,8.65,8.89,8274000000.0,6882500000.0,8274000000.0,18467565504.0,3.0,2.24,-901000000.0,-2.258,1.0,3415000000.0,0.323,0.0,856000000.0,36381000000.0,37314500000.0,353000000.0,1539000000.0,0.0,1539000000.0,27096000000.0,6109000000.0,20987000000.0,12187565504.0,-3309000000.0,0.0,1000000.0,-293000000.0,0.0,-395000000.0,-3561000000.0,-143000000.0,647000000.0,0.0,3670000000.0,3670000000.0,3670000000.0,0.0,0.0,0.347,-3467000000.0,6882000000.0,485000000.0,0.0,1.473,3.321,3.42,18700000000.0,0.0,30.4,1.153,1.147,3271000000.0,2175000000.0,10571000000.0,10571000000.0,0.0,0.103,0.533,0.184,0.651,0.0,0.0,1.0,400906760.0,399000000,399000000.0,26.494,35370000000.0,0.0,2356000000.0,3476000000.0,88.647,1329000000.0
68,PCG,MRT,2004-06-30,2004-06-30,2004-06-30,2021-07-29,-81000000.0,35083000000.0,33789250000.0,6744000000.0,28339000000.0,0.326,19.466,-1642000000.0,3925000000.0,3925000000.0,7021000000.0,3952000000.0,1.103,3.54,10205000000.0,748000000.0,9457000000.0,10205000000.0,0.0,1271000000.0,0.0,0.0,0.0,7539000000.0,8810000000.0,0.8,8810000000.0,7539000000.0,6500000000.0,9.6,9.35,9.6,7728000000.0,5830750000.0,7728000000.0,16565156864.0,2.0,1.88,-302000000.0,-0.761,1.0,3989000000.0,0.362,0.0,1039000000.0,35247000000.0,35698000000.0,287000000.0,1522000000.0,0.0,1522000000.0,27355000000.0,6116000000.0,21239000000.0,11141156864.0,-3309000000.0,0.0,43000000.0,-777000000.0,0.0,-833000000.0,-3816000000.0,-143000000.0,1340000000.0,0.0,3952000000.0,3952000000.0,3952000000.0,0.0,0.0,0.359,-3545000000.0,7534000000.0,528000000.0,0.0,1.442,2.819,2.91,18542000000.0,0.0,27.94,1.012,1.007,3166000000.0,1947000000.0,11010000000.0,11010000000.0,0.0,0.117,0.678,0.211,0.685,0.0,0.0,1.0,398752930.0,397000000,397000000.0,27.733,35083000000.0,0.0,2548000000.0,3555000000.0,88.37,628000000.0
69,PCG,MRT,2004-03-31,2004-03-31,2004-03-31,2021-07-29,-81000000.0,42139000000.0,33645500000.0,6869000000.0,35270000000.0,0.326,18.608,-1607000000.0,11269000000.0,11269000000.0,6890000000.0,3807000000.0,2.084,4.762,16693000000.0,294000000.0,16399000000.0,16693000000.0,0.0,1219000000.0,0.0,0.0,0.0,7555000000.0,8774000000.0,0.799,8774000000.0,7555000000.0,6432000000.0,9.27,9.02,9.27,7313000000.0,4773000000.0,7313000000.0,18463738225.0,2.0,2.104,692000000.0,1.761,1.0,4085000000.0,0.372,0.0,1123000000.0,44267000000.0,35831000000.0,210000000.0,1547000000.0,0.0,1547000000.0,34826000000.0,3296000000.0,31530000000.0,12137738225.0,-1021000000.0,0.0,-21000000.0,5666000000.0,0.0,5645000000.0,-8965000000.0,-143000000.0,2299000000.0,0.0,3807000000.0,3807000000.0,3807000000.0,101000000.0,0.0,0.347,-3549000000.0,7634000000.0,3867000000.0,0.0,1.66,3.188,3.125,18296000000.0,0.0,28.97,1.106,1.037,3045000000.0,1575000000.0,10975000000.0,10975000000.0,0.0,0.113,0.798,0.211,0.688,0.0,0.0,1.0,418976121.0,393000000,393000000.0,27.926,42139000000.0,0.0,2625000000.0,3346000000.0,107.224,3573000000.0
70,PCG,MRT,2003-12-31,2003-12-31,2003-12-31,2021-07-29,-85000000.0,30175000000.0,31934000000.0,7148000000.0,23027000000.0,0.327,10.948,-1649000000.0,4061000000.0,4061000000.0,6710000000.0,420000000.0,2.278,6.159,10387000000.0,600000000.0,9787000000.0,10387000000.0,0.0,1218000000.0,0.0,0.0,0.0,2025000000.0,3243000000.0,0.311,3243000000.0,2025000000.0,878000000.0,1.04,1.02,1.04,4215000000.0,3766750000.0,4215000000.0,16751843906.0,8.0,5.166,574000000.0,1.491,1.0,3725000000.0,0.357,0.0,1147000000.0,33363000000.0,33981500000.0,292000000.0,1478000000.0,0.0,1478000000.0,25960000000.0,3138000000.0,22822000000.0,11517843906.0,-364000000.0,0.0,0.0,-571000000.0,0.0,-571000000.0,-2016000000.0,-143000000.0,2223000000.0,0.0,420000000.0,420000000.0,420000000.0,0.0,0.0,0.04,1382000000.0,2343000000.0,4372000000.0,0.0,2.733,27.423,26.702,18107000000.0,0.0,27.77,1.104,1.025,2873000000.0,-1458000000.0,10435000000.0,10435000000.0,0.0,0.013,0.112,0.06,0.194,0.0,0.0,1.0,414758513.0,385000000,385000000.0,27.104,30175000000.0,0.0,458000000.0,1341000000.0,78.377,4010000000.0
71,PCG,MRT,2003-09-30,2003-09-30,2003-09-30,2021-07-29,-137000000.0,27760000000.0,32655250000.0,7720000000.0,20040000000.0,0.316,10.509,-1563000000.0,5230000000.0,5230000000.0,6348000000.0,-1806000000.0,2.507,5.826,10464000000.0,600000000.0,9864000000.0,10464000000.0,0.0,1225000000.0,0.0,0.0,0.0,-132000000.0,1093000000.0,0.106,1093000000.0,-132000000.0,-1242000000.0,-4.98,-4.91,-4.98,4067000000.0,3616250000.0,4067000000.0,20308660352.0,-154.0,18.581,916000000.0,2.367,1.0,3958000000.0,0.384,0.0,1110000000.0,29915000000.0,33335500000.0,371000000.0,1416000000.0,0.0,1416000000.0,23693000000.0,3079000000.0,20614000000.0,9847660352.0,561000000.0,-8000000.0,147000000.0,-492000000.0,0.0,-347000000.0,-1571000000.0,0.0,2479000000.0,0.0,-1806000000.0,-1806000000.0,-1806000000.0,-55000000.0,0.0,-0.175,1421000000.0,2537000000.0,4192000000.0,0.0,2.421,-5.453,-4.799,16026000000.0,0.0,23.9,0.956,0.897,2110000000.0,-1495000000.0,10306000000.0,10306000000.0,0.0,-0.055,-0.499,-0.004,-0.013,0.0,0.0,1.0,412035998.0,387000000,387000000.0,26.63,27760000000.0,0.0,564000000.0,1672000000.0,71.731,4641000000.0
72,PCG,MRT,2003-06-30,2003-06-30,2003-06-30,2021-07-29,-140000000.0,34508000000.0,34874000000.0,9343000000.0,25165000000.0,0.292,9.107,-575000000.0,5779000000.0,5779000000.0,6298000000.0,-1850000000.0,1.017,8.868,16240000000.0,5583000000.0,10657000000.0,16240000000.0,0.0,1138000000.0,0.0,0.002,0.05,-181000000.0,957000000.0,0.094,957000000.0,-181000000.0,-1320000000.0,-4.99,-4.95,-4.99,3497000000.0,4010000000.0,3497000000.0,19753395974.0,-109.0,20.641,1328000000.0,3.458,1.0,3893000000.0,0.382,0.0,1139000000.0,35779000000.0,35789500000.0,357000000.0,1410000000.0,0.0,1410000000.0,31011000000.0,9190000000.0,21821000000.0,8654395974.0,-154000000.0,0.0,210000000.0,-1304000000.0,0.0,-1057000000.0,-1000000000.0,0.0,1903000000.0,0.0,-1850000000.0,-1850000000.0,-1850000000.0,-42000000.0,0.0,-0.182,1448000000.0,2445000000.0,4446000000.0,-0.01,2.475,-4.678,-4.238,18972000000.0,0.0,21.15,0.849,0.797,2418000000.0,-2005000000.0,10191000000.0,10191000000.0,0.0,-0.053,-0.461,-0.005,-0.018,0.0,0.0,1.0,409191299.0,384000000,384000000.0,26.539,34508000000.0,605000000.0,530000000.0,1992000000.0,89.865,153000000.0
73,PCG,MRT,2003-03-31,2003-03-31,2003-03-31,2021-07-29,-86000000.0,35293000000.0,35441750000.0,9240000000.0,26053000000.0,0.294,8.607,-1191000000.0,5135000000.0,5135000000.0,6263000000.0,-1859000000.0,0.97,9.734,16234000000.0,5264000000.0,10970000000.0,16234000000.0,0.0,1186000000.0,0.0,0.004,0.05,-143000000.0,1043000000.0,0.1,1043000000.0,-143000000.0,-1382000000.0,-4.95,-4.91,-4.95,3288000000.0,4436500000.0,3288000000.0,16806903992.0,-118.0,16.114,-634000000.0,-1.66,1.0,4151000000.0,0.399,0.0,1239000000.0,36869000000.0,37003250000.0,240000000.0,1314000000.0,0.0,1314000000.0,32005000000.0,9523000000.0,22482000000.0,5481903992.0,-966000000.0,0.0,217000000.0,-609000000.0,0.0,-372000000.0,-1151000000.0,0.0,557000000.0,0.0,-1859000000.0,-1859000000.0,-1859000000.0,-143000000.0,0.0,-0.179,1430000000.0,2721000000.0,4938000000.0,-0.01,1.667,-2.949,-2.717,18866000000.0,0.0,13.45,0.526,0.493,2770000000.0,-2233000000.0,10414000000.0,10414000000.0,0.0,-0.052,-0.419,-0.004,-0.014,0.0,0.0,1.0,407576505.0,382000000,382000000.0,27.262,35293000000.0,958000000.0,477000000.0,1744000000.0,92.39,-283000000.0
74,PCG,MRT,2002-12-31,2002-12-31,2002-12-31,2021-07-29,-93000000.0,33060000000.0,35693000000.0,9493000000.0,23567000000.0,0.294,9.739,-1536000000.0,4059000000.0,4059000000.0,5200000000.0,-874000000.0,1.024,8.15,11051000000.0,571000000.0,10480000000.0,11051000000.0,0.0,1196000000.0,0.0,0.004,0.05,1487000000.0,2683000000.0,0.255,2683000000.0,1487000000.0,263000000.0,-2.3,-2.27,-2.3,3613000000.0,4840750000.0,3613000000.0,16099264475.0,11.0,6.0,-722000000.0,-1.946,1.0,5305000000.0,0.505,0.0,1224000000.0,30779000000.0,37853000000.0,275000000.0,1335000000.0,0.0,1335000000.0,29447000000.0,9273000000.0,20174000000.0,5625264475.0,-1164000000.0,0.0,217000000.0,-684000000.0,0.0,-467000000.0,-1511000000.0,0.0,814000000.0,0.0,-874000000.0,-874000000.0,-874000000.0,0.0,0.0,-0.083,1351000000.0,3954000000.0,3977000000.0,-0.022,1.557,-6.436,-6.043,13965000000.0,0.0,13.9,0.535,0.491,2383000000.0,-1878000000.0,10505000000.0,10505000000.0,0.0,-0.024,-0.181,0.039,0.142,0.0,0.0,1.0,404695286.0,371000000,371000000.0,28.315,33060000000.0,0.0,1137000000.0,1009000000.0,89.111,220000000.0
75,PCG,MRT,2002-09-30,2002-09-30,2002-09-30,2021-07-29,-201000000.0,36635000000.0,36418750000.0,9781000000.0,26854000000.0,0.258,15.126,-685000000.0,4880000000.0,4880000000.0,3824000000.0,1844000000.0,1.326,5.493,15354000000.0,1775000000.0,13579000000.0,15354000000.0,0.0,996000000.0,0.0,0.004,0.05,4233000000.0,5229000000.0,0.557,5229000000.0,4233000000.0,2966000000.0,5.04,4.94,5.04,5642000000.0,5018000000.0,5642000000.0,14785242539.0,3.0,2.828,687000000.0,1.842,1.0,5560000000.0,0.592,0.0,1267000000.0,39731000000.0,40426250000.0,491000000.0,1311000000.0,0.0,1311000000.0,30993000000.0,7378000000.0,23615000000.0,4427242539.0,-648000000.0,8000000.0,204000000.0,-1801000000.0,0.0,-1598000000.0,-422000000.0,0.0,1372000000.0,0.0,1844000000.0,1844000000.0,1844000000.0,5000000.0,0.0,0.197,1188000000.0,4372000000.0,5092000000.0,0.01,0.785,2.401,2.234,20357000000.0,0.0,11.26,0.472,0.448,3883000000.0,311000000.0,9384000000.0,9384000000.0,0.0,0.051,0.367,0.105,0.451,0.0,0.0,1.0,393183174.0,373000000,373000000.0,25.158,36635000000.0,0.0,1122000000.0,2573000000.0,98.217,2403000000.0
76,PCG,MRT,2002-06-30,2002-06-30,2002-06-30,2021-07-29,-45000000.0,36779000000.0,35958000000.0,10110000000.0,26669000000.0,0.282,14.216,-1925000000.0,5472000000.0,5472000000.0,4173000000.0,2149000000.0,1.555,6.069,15830000000.0,682000000.0,15148000000.0,15830000000.0,0.0,1041000000.0,0.0,0.0,0.0,4672000000.0,5713000000.0,0.563,5713000000.0,4672000000.0,3459000000.0,5.91,5.87,5.91,5203000000.0,4532750000.0,5203000000.0,16647463500.0,4.0,2.914,530000000.0,1.448,1.0,5983000000.0,0.589,0.0,1213000000.0,40634000000.0,41775000000.0,444000000.0,1345000000.0,0.0,1345000000.0,31576000000.0,6503000000.0,25073000000.0,6966463500.0,777000000.0,0.0,75000000.0,-372000000.0,0.0,-335000000.0,-1343000000.0,0.0,2455000000.0,0.0,2149000000.0,2149000000.0,2149000000.0,-8000000.0,0.0,0.212,1128000000.0,4855000000.0,5432000000.0,0.0,1.339,3.242,3.027,19901000000.0,0.0,17.89,0.686,0.645,3489000000.0,-155000000.0,10156000000.0,10156000000.0,0.0,0.06,0.474,0.112,0.46,0.0,0.0,1.0,389405450.0,366000000,366000000.0,27.749,36779000000.0,0.0,1310000000.0,2689000000.0,100.489,3607000000.0
77,PCG,MRT,2002-03-31,2002-03-31,2002-03-31,2021-07-29,-39000000.0,36298000000.0,35870500000.0,9779000000.0,26519000000.0,0.341,13.475,-1520000000.0,5989000000.0,5989000000.0,5915000000.0,2681000000.0,1.712,6.4,15670000000.0,744000000.0,14926000000.0,15670000000.0,0.0,964000000.0,0.0,0.0,0.0,5460000000.0,6424000000.0,0.525,6424000000.0,5460000000.0,4295000000.0,7.38,7.35,7.38,4905000000.0,3948750000.0,4905000000.0,19222443545.0,4.0,2.992,2613000000.0,7.179,1.0,6314000000.0,0.516,0.0,1165000000.0,40268000000.0,42845500000.0,342000000.0,1340000000.0,0.0,1340000000.0,31393000000.0,5711000000.0,25682000000.0,9139443545.0,2295000000.0,0.0,35000000.0,-478000000.0,0.0,-464000000.0,-1374000000.0,0.0,4133000000.0,0.0,2681000000.0,2681000000.0,2681000000.0,-8000000.0,0.0,0.219,1060000000.0,5254000000.0,5913000000.0,0.0,1.863,3.409,3.192,19575000000.0,0.0,23.56,0.747,0.701,3010000000.0,-373000000.0,12229000000.0,12229000000.0,0.0,0.075,0.679,0.127,0.446,0.0,0.0,1.0,387922052.0,364000000,364000000.0,33.596,36298000000.0,0.0,1614000000.0,2868000000.0,99.72,4068000000.0
78,PCG,MRT,2001-12-31,2001-12-31,2001-12-31,2021-07-29,30000000.0,35963000000.0,35812250000.0,9877000000.0,26086000000.0,0.292,11.906,-1347000000.0,5550000000.0,5550000000.0,6841000000.0,1099000000.0,1.989,7.321,15624000000.0,1001000000.0,14623000000.0,15624000000.0,0.0,899000000.0,0.0,0.0,0.0,2785000000.0,3684000000.0,0.353,3684000000.0,2785000000.0,1707000000.0,3.03,3.02,3.03,4322000000.0,3199000000.0,4322000000.0,21075835685.0,8.0,5.721,3548000000.0,9.774,1.0,3609000000.0,0.345,0.0,1078000000.0,41072000000.0,40511750000.0,383000000.0,1337000000.0,0.0,1337000000.0,31641000000.0,4965000000.0,26676000000.0,7450835685.0,3004000000.0,0.0,14000000.0,-453000000.0,-109000000.0,-549000000.0,-1342000000.0,0.0,4895000000.0,0.0,1099000000.0,1099000000.0,1099000000.0,0.0,0.0,0.105,996000000.0,2613000000.0,6575000000.0,0.0,1.724,6.78,6.35,17401000000.0,0.0,19.24,0.713,0.668,3185000000.0,-1004000000.0,10450000000.0,10450000000.0,0.0,0.031,0.344,0.069,0.267,0.0,0.0,1.0,387257572.0,363000000,363000000.0,28.788,35963000000.0,0.0,608000000.0,2242000000.0,99.072,4912000000.0
79,PCG,MRT,2001-09-30,2001-09-30,2001-09-30,2021-07-29,-47000000.0,34792000000.0,35859500000.0,9694000000.0,25098000000.0,0.274,10.196,-2461000000.0,1020000000.0,1020000000.0,5943000000.0,-3547000000.0,2.251,8.401,15661000000.0,657000000.0,15004000000.0,15661000000.0,0.0,2111000000.0,0.0,0.02,0.3,-4873000000.0,-2762000000.0,-0.281,-2762000000.0,-4873000000.0,-5981000000.0,-9.81,-9.79,-9.81,3701000000.0,2911500000.0,3701000000.0,19736390060.0,-4.0,-7.146,1811000000.0,4.989,1.0,3886000000.0,0.395,0.0,1108000000.0,45126000000.0,38418000000.0,539000000.0,5933000000.0,4609000000.0,1324000000.0,31091000000.0,4307000000.0,26784000000.0,5884390060.0,5100000000.0,312000000.0,11000000.0,2731000000.0,-220000000.0,2545000000.0,-1717000000.0,0.0,4272000000.0,0.0,-3547000000.0,-3547000000.0,-3547000000.0,-99000000.0,0.0,-0.361,9083000000.0,-5197000000.0,6711000000.0,-0.031,1.59,-1.659,-1.549,18612000000.0,0.0,15.2,0.599,0.561,3427000000.0,-1533000000.0,9829000000.0,9829000000.0,0.0,-0.099,-1.218,-0.127,-0.496,0.0,0.0,1.0,387130925.0,363000000,363000000.0,27.077,34792000000.0,0.0,-2434000000.0,2028000000.0,95.846,5387000000.0
80,PCG,MRT,2001-06-30,2001-06-30,2001-06-30,2021-07-29,-109000000.0,36429000000.0,35634250000.0,11028000000.0,25401000000.0,0.382,7.898,-2462000000.0,726000000.0,726000000.0,9705000000.0,-4093000000.0,1.758,11.706,15486000000.0,745000000.0,14741000000.0,15486000000.0,0.0,3693000000.0,0.0,0.054,0.6,-5793000000.0,-2100000000.0,-0.154,-2100000000.0,-5793000000.0,-6775000000.0,-11.31,-11.29,-11.31,2867000000.0,3834750000.0,2867000000.0,17128914710.0,-3.0,-8.157,-587000000.0,-1.617,1.0,3907000000.0,0.287,0.0,982000000.0,44916000000.0,36339750000.0,501000000.0,5089000000.0,3757000000.0,1332000000.0,33562000000.0,6273000000.0,27289000000.0,4335914710.0,3960000000.0,415000000.0,41000000.0,4260000000.0,-328000000.0,3996000000.0,-1911000000.0,0.0,1875000000.0,0.0,-4093000000.0,-4093000000.0,-4093000000.0,-99000000.0,0.0,-0.301,10027000000.0,-6120000000.0,6441000000.0,-0.053,1.512,-1.059,-0.99,17950000000.0,0.0,11.2,0.319,0.299,3293000000.0,-2305000000.0,13612000000.0,13612000000.0,0.0,-0.115,-1.067,-0.159,-0.426,0.0,0.0,1.0,387135242.0,363000000,363000000.0,37.499,36429000000.0,0.0,-2682000000.0,1968000000.0,100.355,4755000000.0
81,PCG,MRT,2001-03-31,2001-03-31,2001-03-31,2021-07-29,-319000000.0,36065000000.0,34334250000.0,11386000000.0,24679000000.0,0.415,5.251,-2422000000.0,682000000.0,682000000.0,11355000000.0,-4595000000.0,0.602,17.922,14456000000.0,6185000000.0,8271000000.0,14456000000.0,0.0,3503000000.0,0.0,0.072,0.9,-6684000000.0,-3181000000.0,-0.223,-3181000000.0,-6684000000.0,-7536000000.0,-13.38,-13.36,-13.38,1906000000.0,4927500000.0,1906000000.0,16419337108.0,-2.0,-5.162,-804000000.0,-2.215,1.0,2884000000.0,0.203,0.0,852000000.0,30933000000.0,33635500000.0,370000000.0,4239000000.0,2911000000.0,1328000000.0,34159000000.0,18906000000.0,15253000000.0,4819337108.0,3126000000.0,415000000.0,53000000.0,3866000000.0,-437000000.0,3502000000.0,-1994000000.0,0.0,1618000000.0,0.0,-4595000000.0,-4595000000.0,-4595000000.0,-99000000.0,0.0,-0.323,9829000000.0,-6945000000.0,6299000000.0,-0.067,2.529,-1.049,-0.93,17556000000.0,0.0,12.45,0.338,0.317,3643000000.0,-3056000000.0,14239000000.0,14239000000.0,0.0,-0.134,-0.933,-0.199,-0.469,0.0,0.0,1.0,387095350.0,363000000,363000000.0,39.226,36065000000.0,0.0,-2941000000.0,1133000000.0,99.353,-7520000000.0
82,PCG,MRT,2000-12-31,2000-12-31,2000-12-31,2021-07-29,-4000000.0,36152000000.0,32617000000.0,11199000000.0,24953000000.0,0.385,8.762,-2334000000.0,925000000.0,925000000.0,6963000000.0,-3364000000.0,0.646,10.397,14801000000.0,7211000000.0,7590000000.0,14801000000.0,0.0,3595000000.0,0.0,0.06,1.2,-4679000000.0,-1084000000.0,-0.086,-1084000000.0,-4679000000.0,-5467000000.0,-9.29,-9.29,-9.29,3172000000.0,6222750000.0,3172000000.0,19341907000.0,-4.0,-17.843,-1579000000.0,-4.362,1.0,5605000000.0,0.446,0.0,788000000.0,32697000000.0,34283250000.0,392000000.0,2962000000.0,1634000000.0,1328000000.0,32980000000.0,17331000000.0,15649000000.0,7741907000.0,2077000000.0,415000000.0,63000000.0,3350000000.0,-436000000.0,3000000000.0,-1678000000.0,0.0,755000000.0,0.0,-3364000000.0,-3364000000.0,-3364000000.0,-99000000.0,0.0,-0.268,10534000000.0,-4929000000.0,5896000000.0,-0.129,2.441,-2.301,-2.153,17296000000.0,0.0,20.0,0.616,0.576,4758000000.0,-2105000000.0,12568000000.0,12568000000.0,0.0,-0.103,-0.541,-0.136,-0.372,0.0,0.0,1.0,387095350.0,362000000,362000000.0,34.718,36152000000.0,1241000000.0,-2103000000.0,1848000000.0,99.867,-6132000000.0
83,PCG,MRT,2000-09-30,2000-09-30,2000-09-30,2021-07-29,0.0,33891000000.0,30976000000.0,5714000000.0,28177000000.0,0.74,20.425,-2334000000.0,304000000.0,304000000.0,18553000000.0,142000000.0,0.658,3.584,11904000000.0,3275000000.0,8629000000.0,11904000000.0,0.0,2364000000.0,0.0,0.05,1.2,1411000000.0,3775000000.0,0.165,3775000000.0,1411000000.0,666000000.0,-0.26,-0.26,-0.26,7394000000.0,7151250000.0,7394000000.0,19643204642.0,14.0,5.203,-930000000.0,-2.569,1.0,4382000000.0,0.191,0.0,745000000.0,36813000000.0,34780000000.0,987000000.0,2204000000.0,819000000.0,1385000000.0,26497000000.0,8678000000.0,17819000000.0,9339204642.0,60000000.0,103000000.0,-97000000.0,1530000000.0,-455000000.0,968000000.0,-2312000000.0,0.0,1404000000.0,0.0,142000000.0,142000000.0,142000000.0,-34000000.0,0.0,0.006,3034000000.0,1348000000.0,3236000000.0,-4.615,1.263,65.769,-93.115,17051000000.0,0.0,24.21,0.407,0.382,2852000000.0,2126000000.0,22935000000.0,22935000000.0,0.0,0.005,0.02,0.041,0.062,0.0,0.0,1.0,385758143.0,362000000,362000000.0,63.356,33891000000.0,0.0,524000000.0,3790000000.0,93.622,-2964000000.0
84,PCG,MRT,2000-06-30,2000-06-30,2000-06-30,2021-07-29,0.0,31229000000.0,30374750000.0,4620000000.0,26609000000.0,0.713,20.05,-2949000000.0,307000000.0,307000000.0,17942000000.0,102000000.0,0.621,3.315,10611000000.0,1886000000.0,8725000000.0,10611000000.0,0.0,1198000000.0,0.0,0.049,1.2,1280000000.0,2478000000.0,0.114,2478000000.0,1280000000.0,536000000.0,-0.38,-0.38,-0.38,7238000000.0,7245250000.0,7238000000.0,19867599207.0,16.0,8.018,-702000000.0,-1.945,1.0,3708000000.0,0.171,0.0,744000000.0,34099000000.0,34428000000.0,660000000.0,1385000000.0,49000000.0,1336000000.0,23991000000.0,7434000000.0,16557000000.0,9490599207.0,39000000.0,1014000000.0,-146000000.0,-94000000.0,-457000000.0,-716000000.0,-1492000000.0,0.0,2247000000.0,0.0,102000000.0,102000000.0,102000000.0,-22000000.0,0.0,0.005,2473000000.0,1235000000.0,2293000000.0,-3.158,1.311,93.045,-64.816,16845000000.0,0.0,24.63,0.438,0.411,3097000000.0,2000000000.0,21650000000.0,21650000000.0,0.0,0.003,0.014,0.037,0.059,0.0,0.0,1.0,385326805.0,361000000,361000000.0,59.972,31229000000.0,82000000.0,434000000.0,3827000000.0,86.507,-2814000000.0
85,PCG,MRT,2000-03-31,2000-03-31,2000-03-31,2021-07-29,0.0,29196000000.0,30424000000.0,3399000000.0,25797000000.0,0.68,19.632,-1779000000.0,260000000.0,260000000.0,16638000000.0,36000000.0,0.562,3.12,10637000000.0,1914000000.0,8723000000.0,10637000000.0,0.0,1689000000.0,0.0,0.057,1.2,1152000000.0,2841000000.0,0.137,2841000000.0,1152000000.0,398000000.0,0.12,0.09,0.12,7087000000.0,7364500000.0,7087000000.0,19185341779.0,17.0,6.753,455000000.0,1.26,1.0,4057000000.0,0.196,0.0,754000000.0,33524000000.0,34833500000.0,543000000.0,1345000000.0,45000000.0,1300000000.0,22109000000.0,6049000000.0,16060000000.0,8081341779.0,22000000.0,1014000000.0,-146000000.0,-1358000000.0,-458000000.0,-1964000000.0,-248000000.0,0.0,2234000000.0,0.0,36000000.0,36000000.0,36000000.0,-8000000.0,0.0,0.002,2964000000.0,1093000000.0,1213000000.0,10.0,1.14,224.482,175.0,16644000000.0,0.0,21.0,0.39,0.366,2644000000.0,1861000000.0,20695000000.0,20695000000.0,0.0,0.001,0.005,0.033,0.056,0.0,0.0,1.0,384825799.0,361000000,361000000.0,57.327,29196000000.0,111000000.0,362000000.0,3762000000.0,80.875,-2650000000.0
86,PCG,MRT,1999-12-31,1999-12-31,1999-12-31,2021-07-29,-4000000.0,29588000000.0,31652000000.0,3575000000.0,26013000000.0,0.658,18.712,-1701000000.0,282000000.0,282000000.0,16886000000.0,-73000000.0,0.588,3.297,11463000000.0,2347000000.0,9116000000.0,11463000000.0,0.0,1780000000.0,0.0,0.059,1.2,947000000.0,2727000000.0,0.131,2727000000.0,947000000.0,175000000.0,-0.2,-0.2,-0.2,6886000000.0,7499500000.0,6886000000.0,18640584280.0,20.0,6.836,469000000.0,1.274,1.0,3933000000.0,0.189,0.0,772000000.0,34684000000.0,35900000000.0,433000000.0,1451000000.0,187000000.0,1264000000.0,22702000000.0,6085000000.0,16617000000.0,7871584280.0,-4000000.0,1014000000.0,-639000000.0,-840000000.0,-465000000.0,-1940000000.0,-234000000.0,0.0,2170000000.0,0.0,-73000000.0,-73000000.0,-73000000.0,0.0,0.0,-0.004,3055000000.0,878000000.0,1202000000.0,-6.0,1.143,-107.83,-102.5,16893000000.0,0.0,20.5,0.378,0.362,2402000000.0,1674000000.0,20819000000.0,20819000000.0,0.0,-0.002,-0.01,0.026,0.045,0.0,0.0,1.0,383979721.0,368000000,368000000.0,56.573,29588000000.0,0.0,248000000.0,3589000000.0,80.402,-2510000000.0
87,PCG,MRT,1999-09-30,1999-09-30,1999-09-30,2021-07-29,0.0,31486000000.0,32563500000.0,4213000000.0,27273000000.0,0.65,21.172,-1473000000.0,269000000.0,269000000.0,17273000000.0,734000000.0,0.615,3.052,11038000000.0,1785000000.0,9253000000.0,11038000000.0,0.0,1883000000.0,0.0,0.046,1.2,2054000000.0,3937000000.0,0.186,3937000000.0,2054000000.0,1276000000.0,1.97,1.88,1.97,7770000000.0,7794500000.0,7770000000.0,20736620281.0,10.0,5.267,1423000000.0,3.877,1.0,3882000000.0,0.184,0.0,778000000.0,35405000000.0,36856000000.0,799000000.0,1262000000.0,37000000.0,1225000000.0,23716000000.0,6850000000.0,16866000000.0,9936620281.0,1118000000.0,-765000000.0,-474000000.0,-79000000.0,-428000000.0,-1010000000.0,-768000000.0,0.0,2896000000.0,0.0,734000000.0,734000000.0,734000000.0,26000000.0,0.0,0.035,1875000000.0,2007000000.0,1437000000.0,0.609,1.279,13.538,13.137,17503000000.0,0.0,25.88,0.47,0.449,3335000000.0,2397000000.0,21155000000.0,21155000000.0,0.0,0.023,0.094,0.056,0.097,0.0,0.0,1.0,383949779.0,367000000,367000000.0,57.643,31486000000.0,0.0,542000000.0,3876000000.0,85.793,-2637000000.0
88,PCG,MRT,1999-06-30,1999-06-30,1999-06-30,2021-07-29,0.0,31426000000.0,32601500000.0,3947000000.0,27479000000.0,0.621,21.022,-420000000.0,284000000.0,284000000.0,16293000000.0,759000000.0,0.607,3.073,11084000000.0,1708000000.0,9376000000.0,11084000000.0,0.0,1934000000.0,0.0,0.037,1.2,2075000000.0,4009000000.0,0.198,4009000000.0,2075000000.0,1294000000.0,2.02,1.93,2.02,7715000000.0,7927500000.0,7715000000.0,24411942027.0,12.0,6.089,3373000000.0,9.191,1.0,3952000000.0,0.195,0.0,781000000.0,35721000000.0,37409000000.0,770000000.0,1275000000.0,37000000.0,1238000000.0,23711000000.0,6505000000.0,17206000000.0,12442942027.0,1094000000.0,-1779000000.0,-476000000.0,-723000000.0,-455000000.0,-1658000000.0,-1041000000.0,0.0,3793000000.0,0.0,759000000.0,759000000.0,759000000.0,14000000.0,0.0,0.037,1934000000.0,2018000000.0,1250000000.0,0.594,1.613,16.394,16.059,17476000000.0,0.0,32.44,0.615,0.588,2825000000.0,2324000000.0,20245000000.0,20245000000.0,0.0,0.023,0.096,0.055,0.102,0.0,0.0,1.0,383567880.0,367000000,367000000.0,55.163,31426000000.0,0.0,535000000.0,4252000000.0,85.629,-2558000000.0
89,PCG,MRT,1999-03-31,1999-03-31,1999-03-31,2021-07-29,0.0,34108000000.0,32067250000.0,5622000000.0,28486000000.0,0.635,20.448,-1485000000.0,245000000.0,245000000.0,16469000000.0,751000000.0,0.678,3.472,12214000000.0,2435000000.0,9779000000.0,12214000000.0,0.0,1787000000.0,0.0,0.039,1.2,2118000000.0,3905000000.0,0.192,3905000000.0,2118000000.0,1333000000.0,1.98,1.92,1.98,7627000000.0,8049750000.0,7627000000.0,23923880631.0,11.0,6.126,2076000000.0,5.566,1.0,3881000000.0,0.191,0.0,785000000.0,37790000000.0,37576250000.0,738000000.0,1228000000.0,34000000.0,1194000000.0,26481000000.0,8287000000.0,18194000000.0,11894880631.0,1142000000.0,-1772000000.0,-473000000.0,651000000.0,-451000000.0,-354000000.0,-2065000000.0,0.0,3561000000.0,0.0,751000000.0,751000000.0,751000000.0,0.0,0.0,0.037,1786000000.0,2095000000.0,1313000000.0,0.606,1.56,15.839,15.687,17863000000.0,0.0,31.06,0.585,0.569,2458000000.0,2248000000.0,20350000000.0,20350000000.0,0.0,0.023,0.093,0.056,0.104,0.0,0.0,1.0,382964605.0,373000000,373000000.0,54.558,34108000000.0,0.0,582000000.0,4292000000.0,91.442,-2665000000.0
90,PCG,MRT,1998-12-31,1998-12-31,1998-12-31,2021-07-29,0.0,33234000000.0,30874250000.0,4791000000.0,28443000000.0,0.634,21.115,-1619000000.0,286000000.0,286000000.0,15877000000.0,719000000.0,0.709,3.12,12315000000.0,2272000000.0,10043000000.0,12315000000.0,0.0,1602000000.0,0.0,0.038,1.2,2111000000.0,3713000000.0,0.19,3713000000.0,2111000000.0,1330000000.0,1.88,1.88,1.88,8066000000.0,8177750000.0,8066000000.0,24134246598.0,11.0,6.5,1769000000.0,4.631,1.0,3700000000.0,0.189,0.0,781000000.0,38508000000.0,37270000000.0,671000000.0,1227000000.0,55000000.0,1172000000.0,25168000000.0,6755000000.0,18413000000.0,12049246598.0,49000000.0,-1779000000.0,-1095000000.0,563000000.0,-470000000.0,-1113000000.0,-2226000000.0,0.0,3388000000.0,0.0,719000000.0,719000000.0,719000000.0,0.0,0.0,0.037,1602000000.0,2098000000.0,1382000000.0,0.638,1.494,16.758,16.755,17982000000.0,0.0,31.5,0.615,0.615,2442000000.0,2204000000.0,19577000000.0,19577000000.0,0.0,0.023,0.088,0.057,0.108,0.0,0.0,1.0,382515765.0,382000000,382000000.0,51.249,33234000000.0,0.0,611000000.0,4247000000.0,87.0,-1964000000.0
91,PCG,MRT,1998-09-30,1998-09-30,1998-09-30,2021-07-29,0.0,31638000000.0,30344500000.0,3838000000.0,27800000000.0,0.632,21.733,-1680000000.0,278000000.0,278000000.0,15489000000.0,617000000.0,0.629,2.811,12363000000.0,2492000000.0,9871000000.0,12363000000.0,0.0,1765000000.0,0.0,0.038,1.2,1939000000.0,3704000000.0,0.193,3704000000.0,1939000000.0,1186000000.0,1.59,1.59,1.59,8302000000.0,8385500000.0,8302000000.0,23553904832.0,12.0,6.359,1285000000.0,3.364,1.0,3702000000.0,0.193,0.0,753000000.0,37617000000.0,37102750000.0,792000000.0,1103000000.0,33000000.0,1070000000.0,23336000000.0,6106000000.0,17230000000.0,12177904832.0,-257000000.0,-75000000.0,-1197000000.0,498000000.0,-512000000.0,-1291000000.0,-1931000000.0,0.0,2965000000.0,0.0,617000000.0,617000000.0,617000000.0,0.0,0.0,0.032,1856000000.0,1846000000.0,1357000000.0,0.755,1.467,19.737,20.05,18206000000.0,0.0,31.88,0.635,0.635,2735000000.0,2111000000.0,19191000000.0,19191000000.0,0.0,0.02,0.074,0.052,0.101,0.0,0.0,1.0,381991996.0,382000000,382000000.0,50.238,31638000000.0,0.0,569000000.0,4736000000.0,82.822,-2268000000.0
92,PCG,MRT,1998-06-30,1998-06-30,1998-06-30,2021-07-29,0.0,29289000000.0,29788686750.0,3822000000.0,25467000000.0,0.602,21.476,-1880000000.0,311000000.0,311000000.0,14408000000.0,664000000.0,0.894,2.57,11687000000.0,1373000000.0,10314000000.0,11687000000.0,0.0,1532000000.0,0.0,0.038,1.2,2042000000.0,3574000000.0,0.199,3574000000.0,2042000000.0,1308000000.0,1.66,1.66,1.66,8204000000.0,8565315250.0,8204000000.0,23252305427.0,11.0,6.506,845000000.0,2.212,1.0,3539000000.0,0.197,0.0,734000000.0,36390000000.0,36156943500.0,638000000.0,1137000000.0,39000000.0,1098000000.0,21085000000.0,4275000000.0,16810000000.0,12039305427.0,142000000.0,-75000000.0,-1292000000.0,1193000000.0,-502000000.0,-704000000.0,-1879000000.0,0.0,2725000000.0,0.0,664000000.0,664000000.0,664000000.0,0.0,0.0,0.037,1592000000.0,1947000000.0,1356000000.0,0.723,1.467,18.131,19.012,16287000000.0,0.0,31.56,0.671,0.672,2834000000.0,2041000000.0,17947000000.0,17947000000.0,0.0,0.022,0.078,0.056,0.114,0.0,0.0,1.0,381473556.0,382000000,382000000.0,46.982,29289000000.0,0.0,644000000.0,4735000000.0,76.673,-453000000.0
93,PCG,MRT,1998-03-31,1998-03-31,1998-03-31,2021-07-29,0.0,29336000000.0,29135171250.0,3970000000.0,25366000000.0,0.558,21.362,-1969000000.0,214000000.0,214000000.0,12836000000.0,683000000.0,0.996,2.604,11427000000.0,820000000.0,10607000000.0,11427000000.0,0.0,1611000000.0,0.0,0.036,1.2,1939000000.0,3550000000.0,0.219,3550000000.0,1939000000.0,1237000000.0,1.69,1.69,1.69,8139000000.0,8576507750.0,8139000000.0,23658342078.0,12.0,6.664,532000000.0,1.396,1.0,3407000000.0,0.21,0.0,702000000.0,36565000000.0,34967558750.0,600000000.0,1123000000.0,49000000.0,1074000000.0,21197000000.0,3984000000.0,17213000000.0,12573342078.0,142000000.0,-82000000.0,-1549000000.0,1644000000.0,-527000000.0,-488000000.0,-1871000000.0,0.0,2501000000.0,0.0,683000000.0,683000000.0,683000000.0,0.0,0.0,0.042,1646000000.0,1761000000.0,1529000000.0,0.71,1.545,18.409,19.527,20317000000.0,0.0,33.0,0.774,0.774,3107000000.0,1992000000.0,16243000000.0,16243000000.0,0.0,0.023,0.08,0.055,0.119,0.0,0.0,1.0,381010366.0,381000000,381000000.0,42.633,29336000000.0,0.0,554000000.0,4877000000.0,76.997,-14000000.0
94,PCG,MRT,1997-12-31,1997-12-31,1997-12-31,2021-07-29,0.0,31115000000.0,28460326250.0,5325000000.0,25790000000.0,0.536,21.7,-1822000000.0,237000000.0,237000000.0,11642000000.0,716000000.0,1.142,2.497,11622000000.0,1052000000.0,10570000000.0,11622000000.0,0.0,1851000000.0,0.0,0.04,1.2,1945000000.0,3796000000.0,0.249,3796000000.0,1945000000.0,1281000000.0,1.75,1.75,1.75,8897000000.0,8646955500.0,8897000000.0,22347358301.0,11.0,5.887,796000000.0,1.941,1.0,3613000000.0,0.237,0.0,664000000.0,37839000000.0,33668932750.0,626000000.0,2184000000.0,1160000000.0,1024000000.0,22218000000.0,4661000000.0,17557000000.0,12755757301.0,1253000000.0,-116000000.0,-750000000.0,1719000000.0,-524000000.0,406000000.0,-1771000000.0,0.0,2618000000.0,0.0,716000000.0,716000000.0,716000000.0,0.0,0.0,0.047,1851000000.0,1762000000.0,1512000000.0,0.686,1.434,17.815,17.32,16109000000.0,0.0,30.31,0.836,0.815,2802000000.0,2531000000.0,15255000000.0,15255000000.0,0.0,0.025,0.083,0.058,0.127,0.0,0.0,1.0,420843197.0,410000000,410000000.0,37.207,31115000000.0,0.0,565000000.0,4594000000.0,75.89,664000000.0
95,PCG,MRT,1997-09-30,1997-09-30,1997-09-30,2021-07-29,0.0,29414747000.0,27240826250.0,3885903000.0,25528844000.0,0.485,21.79,-1600662000.0,566682000.0,566682000.0,10491397000.0,763656000.0,0.751,2.261,10158283000.0,1976371000.0,8181912000.0,10158283000.0,0.0,1725984000.0,0.0,0.052,1.2,2047037000.0,3773021000.0,0.286,3773021000.0,2047037000.0,1399470000.0,1.87,,1.87,9021261000.0,8614205500.0,9021261000.0,18173074846.0,9.0,4.817,999263000.0,2.414,1.0,2720317000.0,0.206,0.0,647567000.0,33833774000.0,32080932750.0,693005000.0,1713096000.0,0.0,1713096000.0,20393486000.0,5172574000.0,15220912000.0,9162652846.0,406815000.0,-270000000.0,-825182000.0,1041020000.0,-598501000.0,-410061000.0,-1783049000.0,0.0,2599925000.0,0.0,763656000.0,763656000.0,763656000.0,0.0,0.0,0.058,747932000.0,1972385000.0,1198243000.0,0.642,1.016,11.998,12.401,20353222000.0,0.0,23.19,0.694,0.727,2626216000.0,,13211714000.0,13211714000.0,0.0,0.028,0.089,0.064,0.155,0.0,-727775000.0,1.0,395112240.0,414000000,,31.912,29414747000.0,1003350000.0,635814000.0,4846336000.0,71.05,-1286671000.0
96,PCG,MRT,1997-06-30,1997-06-30,1997-06-30,2021-07-29,0.0,26674938000.0,26299568250.0,2939176000.0,23735762000.0,0.444,20.726,-1595487000.0,207188000.0,207188000.0,8945394000.0,732072000.0,0.725,2.234,9217610000.0,1555718000.0,7661892000.0,9217610000.0,0.0,1555897000.0,0.0,0.057,1.39,1936757000.0,3492654000.0,0.299,3492654000.0,1936757000.0,1307775000.0,1.8,,1.8,8248770000.0,8482395750.0,8248770000.0,18325732212.0,9.0,5.247,737970000.0,1.854,1.0,2725172000.0,0.234,0.0,628982000.0,31632461000.0,31451989250.0,513130000.0,1713176000.0,0.0,1713176000.0,18426168000.0,4052899000.0,14373269000.0,9914662212.0,70838000.0,-270000000.0,-761254000.0,1041199000.0,-683006000.0,-422776000.0,-1839843000.0,0.0,2333457000.0,0.0,732072000.0,732072000.0,732072000.0,0.0,0.0,0.063,855941000.0,1869231000.0,587351000.0,0.772,1.202,13.543,13.472,19078488000.0,0.0,24.25,0.85,0.827,2151375000.0,,11670566000.0,11670566000.0,0.0,0.028,0.086,0.062,0.166,0.0,-526141000.0,1.0,408852050.0,398000000,,29.323,26674938000.0,1060061000.0,575703000.0,4779708000.0,67.022,-1113723000.0
97,PCG,MRT,1997-03-31,1997-03-31,1997-03-31,2021-07-29,0.0,26636620000.0,26070359000.0,2816057000.0,23820563000.0,0.411,20.589,-1370563000.0,120334000.0,120334000.0,7822395000.0,642574000.0,0.766,2.163,8531404000.0,815578000.0,7715826000.0,8531404000.0,0.0,1387849000.0,0.0,0.067,1.58,1799470000.0,3187319000.0,0.297,3187319000.0,1799470000.0,1177030000.0,1.56,,1.56,8420791000.0,8549992250.0,8420791000.0,18305840634.0,10.0,5.743,1242088000.0,3.037,1.0,2903837000.0,0.271,0.0,622440000.0,31370496000.0,31382684250.0,490762000.0,1718879000.0,0.0,1718879000.0,18215829000.0,3677194000.0,14538635000.0,9788408634.0,-868231000.0,-231661000.0,-559293000.0,-430014000.0,-763424000.0,-1762847000.0,-1718035000.0,0.0,2612651000.0,0.0,642574000.0,642574000.0,642574000.0,0.0,0.0,0.06,1117231000.0,1786606000.0,1078271000.0,1.013,1.162,15.233,15.064,19133798000.0,0.0,23.5,0.913,0.896,2146854000.0,,10726232000.0,10726232000.0,0.0,0.025,0.075,0.057,0.168,0.0,-179379000.0,1.0,416528027.0,409000000,,26.226,26636620000.0,1096446000.0,534456000.0,4989993000.0,65.126,-861137000.0
98,PCG,MRT,1996-12-31,1996-12-31,1996-12-31,2021-07-29,0.0,26237000000.0,26069788500.0,2711000000.0,23526000000.0,0.369,21.225,-1230000000.0,131000000.0,131000000.0,6492000000.0,722000000.0,0.827,1.993,8661000000.0,891000000.0,7770000000.0,8661000000.0,0.0,1222000000.0,0.0,0.084,1.77,1909000000.0,3131000000.0,0.326,3131000000.0,1909000000.0,1277000000.0,1.75,1.75,1.75,8766000000.0,8609514750.0,8766000000.0,16715180838.0,9.0,5.339,1351000000.0,3.271,1.0,3118000000.0,0.324,0.0,632000000.0,31487000000.0,31398308500.0,584000000.0,896000000.0,13000000.0,883000000.0,17471000000.0,3280000000.0,14191000000.0,8657234838.0,-590000000.0,-229000000.0,-235000000.0,-499000000.0,-844000000.0,-1592000000.0,-1579000000.0,0.0,2581000000.0,0.0,722000000.0,722000000.0,722000000.0,0.0,0.0,0.075,1222000000.0,1896000000.0,878000000.0,1.011,0.988,11.991,12.0,19008000000.0,0.0,21.0,0.901,0.902,1983000000.0,2636000000.0,9610000000.0,9610000000.0,0.0,0.028,0.084,0.061,0.199,0.0,0.0,1.0,412249278.0,413000000,413000000.0,23.269,26237000000.0,0.0,555000000.0,4631000000.0,63.528,-569000000.0
99,PCG,MRT,1996-09-30,1996-09-30,1996-09-30,2021-07-29,0.0,25649715000.0,26223111000.0,2370353000.0,23279362000.0,0.348,20.629,-1328071000.0,161480000.0,161480000.0,6047679000.0,746822000.0,0.992,2.02,8219426000.0,254178000.0,7965248000.0,8219426000.0,0.0,1280324000.0,0.0,0.09,1.96,1884808000.0,3165132000.0,0.346,3165132000.0,1884808000.0,1234273000.0,1.9,,1.9,8494022000.0,8567798000.0,8494022000.0,17105803085.0,9.0,5.404,1379463000.0,3.35,1.0,3089066000.0,0.338,0.0,650535000.0,31318000000.0,31546640500.0,507650000.0,1795919000.0,0.0,1795919000.0,17155693000.0,2389661000.0,14766032000.0,9042558085.0,-177670000.0,-340000000.0,-201221000.0,-546467000.0,-851371000.0,-1515670000.0,-1369534000.0,0.0,2707534000.0,0.0,746822000.0,783433000.0,783433000.0,0.0,0.0,0.086,1250762000.0,1838304000.0,400968000.0,1.032,1.065,11.542,11.447,18809197000.0,-36611000.0,21.75,0.99,0.98,1654427000.0,2687020000.0,9136745000.0,9136745000.0,0.0,0.03,0.091,0.06,0.206,0.0,-21894000.0,1.0,415749797.0,411759000,,22.19,25649715000.0,1064000000.0,487451000.0,4811135000.0,62.293,-19308000.0
100,PCG,MRT,1996-06-30,1996-06-30,1996-06-30,2021-07-29,0.0,25758101000.0,26530914750.0,2572404000.0,23185697000.0,0.349,20.522,-1144713000.0,137457000.0,137457000.0,5810083000.0,898999000.0,1.043,2.024,8200702000.0,277206000.0,7923496000.0,8200702000.0,0.0,1334438000.0,0.0,0.086,1.96,2160657000.0,3495095000.0,0.378,3495095000.0,2160657000.0,1502465000.0,2.2,,2.2,8519156000.0,8622377750.0,8519156000.0,17470469652.0,8.0,4.999,1692262000.0,4.077,1.0,3442463000.0,0.372,0.0,658192000.0,31355241000.0,31767858000.0,509504000.0,1651208000.0,0.0,1651208000.0,17238945000.0,2466105000.0,14772840000.0,9480350652.0,-279215000.0,-340000000.0,-307262000.0,-682091000.0,-862912000.0,-1937093000.0,-1179097000.0,0.0,2836975000.0,0.0,898999000.0,919709000.0,919709000.0,0.0,0.0,0.099,1347093000.0,2095370000.0,360671000.0,0.891,1.113,10.308,10.341,18795564000.0,-20710000.0,22.75,1.025,1.021,1865350000.0,2700704000.0,9252546000.0,9252546000.0,0.0,0.035,0.107,0.068,0.234,0.0,50428000.0,1.0,416718710.0,415125000,,22.289,25758101000.0,1051458000.0,603466000.0,4910247000.0,62.049,106299000.0
101,PCG,MRT,1996-03-31,1996-03-31,1996-03-31,2021-07-29,0.0,26634338000.0,26829118750.0,3380889000.0,23253449000.0,0.356,20.897,-1088746000.0,989526000.0,989526000.0,5680365000.0,1201017000.0,1.059,2.076,8979645000.0,993646000.0,7985999000.0,8979645000.0,0.0,1390652000.0,0.0,0.077,1.96,2716283000.0,4106935000.0,0.429,4106935000.0,2716283000.0,2042772000.0,2.87,,2.87,8658881000.0,8674903500.0,8658881000.0,19081208293.0,7.0,4.646,1816318000.0,4.384,1.0,3882156000.0,0.406,0.0,673511000.0,31432993000.0,32041521250.0,505077000.0,1698593000.0,0.0,1698593000.0,17975457000.0,3191464000.0,14783993000.0,10632806293.0,596390000.0,-38339000.0,-399262000.0,-73490000.0,-876701000.0,-1435517000.0,-873157000.0,0.0,2905064000.0,0.0,1201017000.0,1207233000.0,1207233000.0,0.0,0.0,0.126,1254791000.0,2627365000.0,298489000.0,0.683,1.228,8.808,8.841,18807712000.0,-6216000.0,25.375,1.112,1.1,1784340000.0,2836255000.0,9562521000.0,9562521000.0,0.0,0.045,0.139,0.085,0.284,0.0,-81742000.0,1.0,419026849.0,414351000,,23.078,26634338000.0,1056118000.0,841755000.0,4978905000.0,64.28,189425000.0
102,PCG,MRT,1995-12-31,1995-12-31,1995-12-31,2021-07-29,0.0,26850290000.0,27039190750.0,3341575000.0,23508715000.0,0.356,20.281,-1102000000.0,734295000.0,734295000.0,5499000000.0,1269000000.0,1.038,2.122,9182697000.0,1134151000.0,8048546000.0,9182697000.0,0.0,1449000000.0,0.0,0.069,1.96,2842000000.0,4291000000.0,0.446,4291000000.0,2842000000.0,2164000000.0,2.99,2.99,2.99,8599133000.0,8680118000.0,8599133000.0,20311316975.0,7.0,4.733,2213000000.0,5.219,1.0,4123000000.0,0.428,0.0,678000000.0,32080328000.0,32454554500.0,544975000.0,1625791000.0,0.0,1625791000.0,18251157000.0,3218364000.0,15032793000.0,11891981975.0,597000000.0,0.0,-461000000.0,-401000000.0,-891000000.0,-1833000000.0,-885000000.0,0.0,3315000000.0,0.0,1269000000.0,1269000000.0,1269000000.0,0.0,0.0,0.132,1360000000.0,2763000000.0,463147000.0,0.656,1.383,9.371,9.492,18931743000.0,0.0,28.38,1.236,1.251,2015280000.0,2812683000.0,9622000000.0,9622000000.0,0.0,0.047,0.146,0.088,0.295,0.0,0.0,1.0,419026849.0,424000000,424000000.0,22.693,26850290000.0,1079673000.0,895000000.0,4828895000.0,63.326,123211000.0
103,PCG,MRT,1995-09-30,1995-09-30,1995-09-30,2021-07-29,0.0,26880930000.0,27253759250.0,3385661000.0,23495269000.0,0.365,20.666,-697759000.0,338755000.0,338755000.0,4593345000.0,1215300000.0,1.093,2.085,8758090000.0,551019000.0,8207071000.0,8758090000.0,0.0,1521363000.0,0.0,0.065,1.96,2729970000.0,4251333000.0,0.428,4251333000.0,2729970000.0,2027270000.0,2.71,,2.71,8712341000.0,8689091000.0,8712341000.0,21193103500.0,8.0,4.985,2552483000.0,6.055,1.0,5342254000.0,0.538,0.0,702700000.0,32202870000.0,32900077000.0,530746000.0,1549776000.0,0.0,1549776000.0,18168589000.0,3097395000.0,15071194000.0,12731719500.0,197241000.0,31190000.0,-328263000.0,-755319000.0,-899525000.0,-2215151000.0,-837850000.0,0.0,3250242000.0,0.0,1215300000.0,1156122000.0,1156122000.0,0.0,0.0,0.116,2810762000.0,2531492000.0,368367000.0,0.723,1.461,11.012,11.07,18990175000.0,59178000.0,30.0,1.281,1.273,2405342000.0,2879978000.0,9935599000.0,9935599000.0,0.0,0.042,0.133,0.083,0.275,0.0,1025692000.0,1.0,424390650.0,421578000,,23.568,26880930000.0,1090955000.0,811970000.0,5057866000.0,63.763,288266000.0
104,PCG,MRT,1995-06-30,1995-06-30,1995-06-30,2021-07-29,0.0,26950917000.0,27514392500.0,3383082000.0,23567835000.0,0.369,20.461,-962827000.0,416277000.0,416277000.0,4646209000.0,1263340000.0,1.142,2.087,8877661000.0,626939000.0,8250722000.0,8877661000.0,0.0,1510032000.0,0.0,0.068,1.96,2866423000.0,4376455000.0,0.431,4376455000.0,2866423000.0,2150345000.0,2.82,,2.82,8729259000.0,8694860500.0,8729259000.0,21184513932.0,7.0,4.841,2529578000.0,5.929,1.0,5506958000.0,0.542,0.0,716078000.0,32449894000.0,33377618750.0,521132000.0,1479697000.0,0.0,1479697000.0,18221658000.0,2962407000.0,15259251000.0,12429089932.0,317609000.0,31190000.0,-161221000.0,-1015956000.0,-901655000.0,-2074828000.0,-1099968000.0,0.0,3492405000.0,0.0,1263340000.0,1205569000.0,1205569000.0,0.0,0.0,0.119,2824745000.0,2682213000.0,321140000.0,0.695,1.424,10.31,10.284,19106527000.0,57771000.0,29.0,1.224,1.219,2323893000.0,2820278000.0,10153167000.0,10153167000.0,0.0,0.044,0.139,0.086,0.282,0.0,986027000.0,1.0,428589308.0,426621000,,23.799,26950917000.0,1133735000.0,887005000.0,5192825000.0,63.173,420675000.0
105,PCG,MRT,1995-03-31,1995-03-31,1995-03-31,2021-07-29,0.0,27474626000.0,27582078750.0,3320563000.0,24154063000.0,0.368,20.181,-1094042000.0,392741000.0,392741000.0,4753841000.0,1099185000.0,1.056,2.165,9148165000.0,636130000.0,8512035000.0,9148165000.0,0.0,1501945000.0,0.0,0.079,1.96,2629475000.0,4131420000.0,0.407,4131420000.0,2629475000.0,1911031000.0,2.43,,2.43,8679739000.0,8644064000.0,8679739000.0,20242100232.0,8.0,4.9,2224407000.0,5.172,1.0,5390365000.0,0.531,0.0,718444000.0,33085126000.0,33708316250.0,501749000.0,1423118000.0,0.0,1423118000.0,18794887000.0,3144924000.0,15649963000.0,10702177232.0,210779000.0,-308810000.0,-11729000.0,-669508000.0,-899815000.0,-1591984000.0,-1515686000.0,0.0,3318449000.0,0.0,1099185000.0,1041546000.0,1041546000.0,0.0,0.0,0.103,2921934000.0,2468431000.0,377735000.0,0.807,1.233,10.275,10.239,19709856000.0,57639000.0,24.88,1.055,1.055,2299606000.0,2716339000.0,10144206000.0,10144206000.0,0.0,0.038,0.12,0.078,0.259,0.0,1039254000.0,1.0,430151818.0,430086000,,23.586,27474626000.0,1166400000.0,811846000.0,5352003000.0,63.882,175639000.0
106,PCG,MRT,1994-12-31,1994-12-31,1994-12-31,2021-07-29,0.0,27708564000.0,27466555000.0,3438486000.0,24270078000.0,0.377,20.089,-1126904000.0,136900000.0,136900000.0,5009664000.0,1007450000.0,1.015,2.209,9676823000.0,1001732000.0,8675091000.0,9676823000.0,0.0,1492801000.0,0.0,0.08,1.96,2573424000.0,4066225000.0,0.393,4066225000.0,2573424000.0,1844217000.0,2.21,,2.21,8635025000.0,8597276000.0,8635025000.0,20038339004.0,8.0,4.928,1820783000.0,4.236,1.0,5340566000.0,0.516,0.0,729207000.0,33862418000.0,33817503250.0,541784000.0,1377992000.0,0.0,1377992000.0,19073539000.0,3386069000.0,15687470000.0,10590692004.0,75834000.0,-308810000.0,92711000.0,-615244000.0,-891850000.0,-1406225000.0,-1465628000.0,0.0,2947687000.0,0.0,1007450000.0,949847000.0,949847000.0,0.0,0.0,0.092,2916780000.0,2423786000.0,414291000.0,0.887,1.226,11.15,11.086,19836130000.0,57603000.0,24.5,1.023,1.017,2628516000.0,2677304000.0,10350230000.0,10350230000.0,0.0,0.035,0.11,0.076,0.249,0.0,973302000.0,1.0,432273143.0,429846000,,24.079,27708564000.0,1155421000.0,836767000.0,5162593000.0,64.462,52417000.0
107,PCG,MRT,1994-09-30,1994-09-30,1994-09-30,2021-07-29,0.0,27923463000.0,27330045500.0,3589276000.0,24334187000.0,0.384,20.294,-1454713000.0,141514000.0,141514000.0,5294759000.0,1112332000.0,1.102,2.197,9589161000.0,604030000.0,8985131000.0,9589161000.0,0.0,1546420000.0,0.0,0.085,1.94,2770125000.0,4316545000.0,0.412,4316545000.0,2770125000.0,2067870000.0,2.46,,2.46,8735419000.0,8550029000.0,8735419000.0,19687843656.0,7.0,4.561,1305983000.0,3.034,1.0,5189178000.0,0.495,0.0,702255000.0,34113037000.0,33886527250.0,623429000.0,609901000.0,0.0,609901000.0,19188044000.0,3258073000.0,15929971000.0,9828974656.0,-361148000.0,-234221000.0,-103406000.0,-456020000.0,-884623000.0,-1367366000.0,-1754478000.0,0.0,2760696000.0,0.0,1112332000.0,1054119000.0,1054119000.0,0.0,0.0,0.101,2514239000.0,2674939000.0,436966000.0,0.789,1.125,9.324,9.248,19820759000.0,58213000.0,22.75,0.938,0.934,2689530000.0,2807204000.0,10483937000.0,10483937000.0,0.0,0.039,0.123,0.082,0.264,0.0,987759000.0,1.0,432042842.0,430439000,,24.356,27923463000.0,1151387000.0,955538000.0,5478626000.0,64.872,331203000.0
108,PCG,MRT,1994-06-30,1994-06-30,1994-06-30,2021-07-29,0.0,27221662000.0,,3331248000.0,23890414000.0,,19.839,-1373359000.0,98668000.0,98668000.0,5329426000.0,1042798000.0,1.007,2.193,9957537000.0,939006000.0,9018531000.0,9957537000.0,0.0,1522916000.0,0.0,0.081,1.92,2737918000.0,4260834000.0,0.403,4260834000.0,2737918000.0,2015981000.0,2.29,,2.29,8526073000.0,,8526073000.0,19855216166.0,7.0,4.66,1283716000.0,2.987,1.0,5246584000.0,0.496,0.0,721937000.0,33772684000.0,,619205000.0,587445000.0,0.0,587445000.0,18695589000.0,3307847000.0,15387742000.0,10233533166.0,-12999000.0,-234221000.0,-61310000.0,-28921000.0,-875972000.0,-1029964000.0,-1640110000.0,0.0,2657075000.0,0.0,1042798000.0,983559000.0,983559000.0,0.0,0.0,0.093,2612712000.0,2633872000.0,370885000.0,0.838,1.2,10.405,10.371,19992894000.0,59239000.0,23.75,0.968,0.965,2443055000.0,2632273000.0,10576010000.0,10576010000.0,0.0,,,,0.259,0.0,1006601000.0,1.0,430885607.0,429762000,,24.609,27221662000.0,1085260000.0,973183000.0,5030084000.0,63.341,23401000.0
109,PCG,MRT,1994-03-31,1994-03-31,1994-03-31,2021-07-29,0.0,27012531000.0,,3104912000.0,23907619000.0,,19.818,-1525181000.0,181962000.0,181962000.0,5238334000.0,1046783000.0,0.998,2.181,9803645000.0,719513000.0,9084132000.0,9803645000.0,0.0,1489826000.0,0.0,0.066,1.9,2739020000.0,4228846000.0,0.399,4228846000.0,2739020000.0,2000570000.0,2.29,,2.29,8492587000.0,,8492587000.0,22653228983.0,8.0,5.357,1122348000.0,2.619,1.0,5362121000.0,0.506,0.0,738450000.0,33521874000.0,,581800000.0,0.0,0.0,0.0,18519944000.0,3112340000.0,15407604000.0,12436615983.0,-545201000.0,-234221000.0,-4223000.0,-444741000.0,-869800000.0,-1413698000.0,-1779032000.0,0.0,2647529000.0,0.0,1046783000.0,985273000.0,985273000.0,0.0,0.0,0.093,2755643000.0,2606478000.0,392100000.0,0.83,1.464,12.623,12.664,20131321000.0,61510000.0,29.0,1.173,1.172,2172823000.0,2638586000.0,10600455000.0,10600455000.0,0.0,,,,0.258,0.0,972030000.0,1.0,428848827.0,428531000,,24.737,27012531000.0,1140407000.0,953787000.0,5115780000.0,63.035,-7428000.0
110,PCG,MRT,1993-12-31,1993-12-31,1993-12-31,2021-07-29,0.0,27162526000.0,25675342500.0,3128347000.0,24034179000.0,0.411,19.613,-1763024000.0,61066000.0,61066000.0,5145095000.0,1065495000.0,0.965,2.216,10277679000.0,985579000.0,9292100000.0,10277679000.0,0.0,1451332000.0,0.0,0.054,1.88,2708188000.0,4159520000.0,0.394,4159520000.0,2708188000.0,1967385000.0,2.33,,2.33,8446037000.0,8364587000.0,8446037000.0,,,,1029776000.0,2.391,1.0,5404907000.0,0.512,0.0,740803000.0,34138514000.0,32245131500.0,654227000.0,840767000.0,0.0,840767000.0,18716489000.0,3240625000.0,15475864000.0,15065459293.0,-36526000.0,-234221000.0,6709000.0,214883000.0,-857515000.0,-763447000.0,-2065879000.0,0.0,2792800000.0,0.0,1065495000.0,1001683000.0,1001683000.0,0.0,0.0,0.095,2844672000.0,2560235000.0,472985000.0,0.807,1.784,15.04,15.077,20257117000.0,63812000.0,35.13,1.428,1.434,2233737000.0,2643487000.0,10550002000.0,10550002000.0,0.0,0.039,0.12,0.084,0.257,0.0,1041453000.0,1.0,428848827.0,430625000,,24.499,27162526000.0,1276532000.0,901890000.0,5009078000.0,63.077,-112278000.0
111,PCG,MRT,1993-09-30,1993-09-30,1993-09-30,2021-07-29,,,,,,,,,,,,,,,,,,,,,,0.052,1.85,,,,,,,,,,,,,,,,,,1.0,,,,,,,,,,,,,,,,,,,,,,,,,,,,,,,,,,,,,,,,35.38,,,,,,,,,,,,,,1.0,,432472000,,,,,,,,
112,PCG,MRT,1993-06-30,1993-06-30,1993-06-30,2021-07-29,,,,,,,,,,,,,,,,,,,,,,0.055,1.82,,,,,,,,,,,,,,,,,,1.0,,,,,,,,,,,,,,,,,,,,,,,,,,,,,,,,,,,,,,,,33.13,,,,,,,,,,,,,,1.0,,430639000,,,,,,,,
113,PCG,MRT,1993-03-31,1993-03-31,1993-03-31,2021-07-29,,,,,,,,,,,,,,,,,,,,,,0.052,1.79,,,,,,,,,,,,,,,,,,1.0,,,,,,,,,,,,,,,,,,,,,,,,,,,,,,,,,,,,,,,,34.63,,,,,,,,,,,,,,1.0,,428426000,,,,,,,,
114,PCG,MRT,1992-12-31,1992-12-31,1992-12-31,2021-07-29,0.0,24188159000.0,,2995283000.0,21192876000.0,,19.595,-2455544000.0,97592000.0,97592000.0,4789421000.0,1170581000.0,0.831,1.92,9863876000.0,1484816000.0,8379060000.0,9863876000.0,0.0,1343285000.0,0.0,0.053,1.76,2863892000.0,4207177000.0,0.409,4207177000.0,2863892000.0,2077426000.0,2.58,,2.58,8283137000.0,,8283137000.0,,,,104493000.0,0.247,1.0,5506667000.0,0.535,0.0,786466000.0,30351749000.0,,677324000.0,0.0,0.0,0.0,15905022000.0,3602694000.0,12302328000.0,,312000.0,97251000.0,291243000.0,388389000.0,-809108000.0,-239567000.0,-2320158000.0,0.0,2560037000.0,0.0,1170581000.0,1091694000.0,1091694000.0,0.0,0.0,0.106,2766381000.0,2740286000.0,529315000.0,0.682,,,12.841,19352189000.0,78887000.0,33.13,,1.36,2038732000.0,2631847000.0,10296088000.0,10296088000.0,0.0,,,,0.278,0.0,927316000.0,1.0,,422714000,,24.357,24188159000.0,0.0,906845000.0,2818172000.0,57.221,-607411000.0
115,PCG,MRT,1991-12-31,1991-12-31,1991-12-31,2021-07-29,,,,,,,,-1871456000.0,,,4580218000.0,1026392000.0,,,,,,,,1244800000.0,,0.05,1.64,2670963000.0,3915763000.0,0.4,3915763000.0,2670963000.0,1889481000.0,2.24,,2.24,,,,,,,-845064000.0,-2.022,1.0,5197901000.0,0.532,,781482000.0,,,,,,,,,,,-3927000.0,-388662000.0,-66487000.0,461151000.0,-765543000.0,-484468000.0,-2244536000.0,0.0,1026392000.0,0.0,1026392000.0,936797000.0,936797000.0,0.0,0.0,0.096,2621733000.0,2576168000.0,,0.732,,,14.509,,89595000.0,32.5,,1.389,,,9778119000.0,9778119000.0,0.0,,,,0.273,0.0,875878000.0,1.0,,417965000,,23.395,,,863089000.0,,,
