None,ticker,dimension,calendardate,datekey,reportperiod,lastupdated,accoci,assets,assetsavg,assetsc,assetsnc,assetturnover,bvps,capex,cashneq,cashnequsd,cor,consolinc,currentratio,de,debt,debtc,debtnc,debtusd,deferredrev,depamor,deposits,divyield,dps,ebit,ebitda,ebitdamargin,ebitdausd,ebitusd,ebt,eps,epsdil,epsusd,equity,equityavg,equityusd,ev,evebit,evebitda,fcf,fcfps,fxusd,gp,grossmargin,intangibles,intexp,invcap,invcapavg,inventory,investments,investmentsc,investmentsnc,liabilities,liabilitiesc,liabilitiesnc,marketcap,ncf,ncfbus,ncfcommon,ncfdebt,ncfdiv,ncff,ncfi,ncfinv,ncfo,ncfx,netinc,netinccmn,netinccmnusd,netincdis,netincnci,netmargin,opex,opinc,payables,payoutratio,pb,pe,pe1,ppnenet,prefdivis,price,ps,ps1,receivables,retearn,revenue,revenueusd,rnd,roa,roe,roic,ros,sbcomp,sgna,sharefactor,sharesbas,shareswa,shareswadil,sps,tangibles,taxassets,taxexp,taxliabilities,tbvps,workingcapital
0,AGN1,MRY,2014-12-31,2014-12-31,2014-12-31,2021-08-25,-408600000.0,12415700000.0,11443125000.0,6871200000.0,5544500000.0,0.633,25.204,-277400000.0,4911400000.0,4911400000.0,842400000.0,1528800000.0,4.412,0.6,2157400000.0,72100000.0,2085300000.0,2157400000.0,0.0,248100000.0,0.0,0.0,0.0,2050300000.0,2298400000.0,0.318,2298400000.0,2050300000.0,1980900000.0,5.12,5.01,5.12,7753000000.0,7066900000.0,7753000000.0,63627529777.0,31.0,27.683,1650400000.0,5.365,1.0,6395500000.0,0.884,4179400000.0,69400000.0,3925000000.0,4358950000.0,296000000.0,326900000.0,55000000.0,271900000.0,4652700000.0,1557300000.0,3095400000.0,65393929777.0,1865300000.0,-65700000.0,-318200000.0,16500000.0,-59600000.0,-204000000.0,182700000.0,525800000.0,1927800000.0,-41200000.0,1524200000.0,1524200000.0,1524200000.0,3800000.0,4600000.0,0.211,4386200000.0,2009300000.0,287400000.0,0.0,8.435,42.904,41.521,1006300000.0,0.0,212.59,9.035,9.035,914500000.0,5894800000.0,7237900000.0,7237900000.0,1191600000.0,0.133,0.216,0.47,0.283,159700000.0,2837200000.0,1.0,307605860.0,307605860.0,,23.53,8236300000.0,86900000.0,456700000.0,0.0,26.775,5313900000.0
1,AGN1,MRY,2013-12-31,2013-12-31,2013-12-31,2021-08-25,-226600000.0,10574300000.0,9911100000.0,5319700000.0,5254600000.0,0.636,21.015,-183500000.0,3046100000.0,3046100000.0,795800000.0,988700000.0,4.275,0.635,2153900000.0,55600000.0,2098300000.0,2153900000.0,0.0,254600000.0,0.0,0.0,0.0,1518400000.0,1773000000.0,0.281,1773000000.0,1518400000.0,1443400000.0,3.32,3.26,3.32,6463200000.0,5902025000.0,6463200000.0,33615504985.0,22.0,18.96,1511900000.0,4.916,1.0,5504600000.0,0.874,3989400000.0,75000000.0,4448400000.0,4281050000.0,285300000.0,816200000.0,603000000.0,213200000.0,4104800000.0,1244300000.0,2860500000.0,34163104985.0,344300000.0,-849400000.0,-471400000.0,600500000.0,-59400000.0,28200000.0,-1375300000.0,-342400000.0,1695400000.0,-4000000.0,985100000.0,985100000.0,985100000.0,283800000.0,3600000.0,0.156,3695300000.0,1809300000.0,283200000.0,0.0,5.286,34.68,33.458,923200000.0,0.0,111.08,5.422,5.422,883300000.0,4646700000.0,6300400000.0,6300400000.0,1042300000.0,0.099,0.167,0.355,0.241,114400000.0,2519400000.0,1.0,307554060.0,307554060.0,,20.486,6584900000.0,128800000.0,458300000.0,38900000.0,21.411,4075400000.0
2,AGN1,MRY,2012-12-31,2012-12-31,2012-12-31,2021-08-25,-244600000.0,9179300000.0,8861950000.0,4934900000.0,4244400000.0,0.637,18.98,-159500000.0,2701800000.0,2701800000.0,751200000.0,1102500000.0,4.505,0.568,1561200000.0,48800000.0,1512400000.0,1561200000.0,0.0,256600000.0,0.0,0.0,0.0,1592700000.0,1849300000.0,0.328,1849300000.0,1592700000.0,1529100000.0,3.64,3.58,3.64,5837100000.0,5576025000.0,5837100000.0,27111372708.0,17.0,14.66,1440400000.0,4.684,1.0,4895400000.0,0.867,2993900000.0,63600000.0,3949300000.0,3753700000.0,272300000.0,452700000.0,260600000.0,192100000.0,3316700000.0,1095500000.0,2221200000.0,28210172708.0,295700000.0,-349200000.0,-662600000.0,-35100000.0,-60400000.0,-717500000.0,-589300000.0,-80600000.0,1599900000.0,2600000.0,1098800000.0,1098800000.0,1098800000.0,-1800000.0,3700000.0,0.195,3284400000.0,1611000000.0,232200000.0,0.0,4.833,25.674,25.201,851500000.0,0.0,91.73,4.996,4.996,739000000.0,3832100000.0,5646600000.0,5646600000.0,977300000.0,0.124,0.197,0.424,0.282,109100000.0,2193100000.0,1.0,307534860.0,307534860.0,,18.361,6185400000.0,206900000.0,430300000.0,0.0,20.113,3839400000.0
3,AGN1,MRY,2011-12-31,2011-12-31,2011-12-31,2021-08-25,-241400000.0,8508600000.0,8235725000.0,4048300000.0,4460300000.0,0.633,17.266,-128900000.0,2406100000.0,2406100000.0,718000000.0,938100000.0,4.239,0.598,1599300000.0,83900000.0,1515400000.0,1599300000.0,0.0,253400000.0,0.0,0.0,0.0,1365900000.0,1619300000.0,0.31,1619300000.0,1365900000.0,1294100000.0,3.07,3.01,3.07,5309600000.0,5061225000.0,5309600000.0,26364093053.0,19.0,16.281,953000000.0,3.099,1.0,4498000000.0,0.862,3253600000.0,71800000.0,3493200000.0,3533425000.0,249700000.0,427000000.0,179900000.0,247100000.0,3176200000.0,955000000.0,2221200000.0,26981093053.0,414900000.0,-101400000.0,-197700000.0,-778200000.0,-61100000.0,-1002300000.0,340800000.0,571100000.0,1081900000.0,-5500000.0,934500000.0,934500000.0,934500000.0,11500000.0,3600000.0,0.179,3123400000.0,1374600000.0,200400000.0,0.0,5.082,28.872,28.58,807000000.0,0.0,87.74,5.173,5.173,730600000.0,2969300000.0,5216000000.0,5216000000.0,871500000.0,0.113,0.185,0.387,0.262,86300000.0,2158300000.0,1.0,307511888.0,307511888.0,,16.962,5255000000.0,152600000.0,359600000.0,0.0,17.089,3093300000.0
4,AGN1,MRY,2010-12-31,2010-12-31,2010-12-31,2021-08-25,-152900000.0,8308100000.0,8066050000.0,3993700000.0,4314400000.0,0.61,15.472,-156600000.0,1991200000.0,1991200000.0,722000000.0,4900000.0,2.613,0.741,2204800000.0,670600000.0,1534200000.0,2204800000.0,0.0,257100000.0,0.0,0.0,0.0,245200000.0,502300000.0,0.102,502300000.0,245200000.0,166500000.0,0.0,0.0,0.0,4757700000.0,4812500000.0,4757700000.0,20714041349.0,84.0,41.238,307300000.0,0.999,1.0,4197400000.0,0.853,3034600000.0,78700000.0,3958700000.0,3053350000.0,229400000.0,1010500000.0,749100000.0,261400000.0,3527000000.0,1528400000.0,1998600000.0,21116841349.0,44100000.0,-71500000.0,-52000000.0,648500000.0,-60600000.0,563000000.0,-977200000.0,-749100000.0,463900000.0,-5600000.0,600000.0,600000.0,600000.0,0.0,4300000.0,0.0,3938800000.0,258600000.0,222500000.0,,4.438,35194.736,,800600000.0,0.0,68.67,4.293,4.293,647300000.0,2225900000.0,4919400000.0,4919400000.0,804600000.0,0.0,0.0,0.08,0.05,73900000.0,2017600000.0,1.0,307511888.0,307511888.0,,15.997,5273500000.0,217800000.0,165900000.0,16100000.0,17.149,2465300000.0
5,AGN1,MRY,2009-12-31,2009-12-31,2009-12-31,2021-08-25,-102800000.0,7536600000.0,7104400000.0,3106300000.0,4430300000.0,0.634,15.683,-125700000.0,1947100000.0,1947100000.0,750900000.0,623800000.0,3.827,0.558,1509400000.0,18100000.0,1491300000.0,1509400000.0,0.0,262100000.0,0.0,0.0,0.0,922900000.0,1185000000.0,0.263,1185000000.0,922900000.0,846000000.0,2.05,2.03,2.05,4822800000.0,4467575000.0,4822800000.0,19186824063.0,21.0,16.191,987600000.0,3.212,1.0,3752700000.0,0.833,3355500000.0,76900000.0,2931800000.0,2970100000.0,213900000.0,266700000.0,0.0,266700000.0,2692700000.0,811600000.0,1881100000.0,19376324063.0,836700000.0,-1200000.0,-42000000.0,-86200000.0,-60600000.0,-181500000.0,-98700000.0,28200000.0,1113300000.0,3600000.0,621300000.0,621300000.0,621300000.0,0.0,2500000.0,0.138,2824700000.0,928000000.0,204000000.0,0.0,4.018,31.187,30.737,808100000.0,0.0,63.01,4.302,4.302,576600000.0,2356700000.0,4503600000.0,4503600000.0,706000000.0,0.087,0.139,0.311,0.205,151900000.0,1921500000.0,1.0,307511888.0,307511888.0,,14.645,4181100000.0,0.0,224700000.0,43900000.0,13.597,2294700000.0
6,AGN1,MRY,2008-12-31,2008-12-31,2008-12-31,2021-08-25,-198700000.0,6791800000.0,6695200000.0,2270600000.0,4521200000.0,0.658,13.172,-315700000.0,1110400000.0,1110400000.0,761200000.0,564700000.0,3.258,0.676,1574900000.0,4400000.0,1570500000.0,1574900000.0,0.0,264400000.0,0.0,0.0,0.0,846100000.0,1110500000.0,0.252,1110500000.0,846100000.0,760600000.0,1.85,1.84,1.85,4050700000.0,3951775000.0,4050700000.0,12984279324.0,15.0,11.692,366800000.0,1.193,1.0,3642200000.0,0.827,3473700000.0,85500000.0,3085600000.0,3031675000.0,262500000.0,272100000.0,0.0,272100000.0,2739300000.0,697000000.0,2042300000.0,12398879324.0,-47500000.0,-144000000.0,-178500000.0,-34700000.0,-60700000.0,-262800000.0,-459700000.0,0.0,682500000.0,-7500000.0,563100000.0,563100000.0,563100000.0,0.0,1600000.0,0.128,2846200000.0,796000000.0,173900000.0,0.0,3.061,22.019,21.795,775400000.0,0.0,40.32,2.816,2.816,538400000.0,1842100000.0,4403400000.0,4403400000.0,797900000.0,0.084,0.142,0.279,0.192,93100000.0,1856100000.0,1.0,307511888.0,307511888.0,,14.319,3318100000.0,0.0,197500000.0,118400000.0,10.79,1573600000.0
7,AGN1,MRY,2007-12-31,2007-12-31,2007-12-31,2021-08-25,-34800000.0,6579300000.0,6181175000.0,2124200000.0,4455100000.0,0.637,12.158,-174000000.0,1157900000.0,1157900000.0,673200000.0,485300000.0,2.968,0.76,1629900000.0,39700000.0,1590200000.0,1629900000.0,0.0,215500000.0,0.0,0.0,0.0,756800000.0,972300000.0,0.247,972300000.0,756800000.0,662200000.0,1.59,1.57,1.59,3738600000.0,3473850000.0,3738600000.0,19958663685.0,26.0,20.527,619200000.0,2.014,1.0,3265700000.0,0.829,3518800000.0,94600000.0,2816800000.0,2771925000.0,224700000.0,249900000.0,0.0,249900000.0,2840700000.0,715700000.0,2125000000.0,19754563685.0,-211500000.0,-659800000.0,-49100000.0,-108500000.0,-60800000.0,-182400000.0,-833800000.0,0.0,793200000.0,11500000.0,484800000.0,484800000.0,484800000.0,1700000.0,500000.0,0.123,2546400000.0,719300000.0,208700000.0,0.0,5.284,40.748,40.403,686400000.0,0.0,64.24,5.015,5.015,463100000.0,1423500000.0,3938900000.0,3938900000.0,718100000.0,0.078,0.14,0.273,0.192,81700000.0,1680200000.0,1.0,307511888.0,307511888.0,,12.809,3060500000.0,0.0,177400000.0,236900000.0,9.952,1408500000.0
8,AGN1,MRY,2006-12-31,2006-12-31,2006-12-31,2021-08-25,-127400000.0,5767100000.0,5488900000.0,2130300000.0,3636800000.0,0.558,10.221,-156500000.0,1369400000.0,1369400000.0,575700000.0,-127400000.0,3.237,0.835,1708400000.0,102000000.0,1606400000.0,1708400000.0,0.0,152400000.0,0.0,0.0,0.0,40300000.0,192700000.0,0.063,192700000.0,40300000.0,-19900000.0,-0.43,-0.43,-0.43,3143100000.0,3023450000.0,3143100000.0,18985236735.0,471.0,98.522,590400000.0,1.92,1.0,2487600000.0,0.812,2877200000.0,60200000.0,2570800000.0,2303150000.0,168500000.0,148200000.0,0.0,148200000.0,2624000000.0,658100000.0,1965900000.0,18410736735.0,73100000.0,-1328700000.0,-125100000.0,938100000.0,-58400000.0,803000000.0,-1484600000.0,600000.0,746900000.0,7800000.0,-127400000.0,-127400000.0,-127400000.0,0.0,0.0,-0.042,2490800000.0,-3200000.0,142400000.0,0.0,5.858,-144.511,-139.233,611400000.0,0.0,59.87,6.01,6.01,386900000.0,1065700000.0,3063300000.0,3063300000.0,1055500000.0,-0.023,-0.042,0.017,0.013,69600000.0,1333400000.0,1.0,307511888.0,307511888.0,,9.962,2889900000.0,0.0,107500000.0,138500000.0,9.398,1472200000.0
9,AGN1,MRY,2005-12-31,2005-12-31,2005-12-31,2021-08-25,-50600000.0,2850500000.0,2523475000.0,1825600000.0,1024900000.0,0.928,5.836,-183600000.0,1296300000.0,1296300000.0,385300000.0,403900000.0,1.749,0.819,747100000.0,689600000.0,57500000.0,747100000.0,0.0,78900000.0,0.0,0.0,0.0,608700000.0,687600000.0,0.294,687600000.0,608700000.0,596300000.0,1.54,1.51,1.54,1566900000.0,1283925000.0,1566900000.0,14085145185.0,23.0,20.485,241000000.0,0.898,1.0,1957300000.0,0.836,148800000.0,12400000.0,1108500000.0,1346825000.0,90100000.0,258900000.0,0.0,258900000.0,1283600000.0,1044000000.0,239600000.0,14494145185.0,401500000.0,0.0,55600000.0,157000000.0,-52300000.0,160300000.0,-182100000.0,1300000.0,424600000.0,-1300000.0,403900000.0,403900000.0,403900000.0,0.0,0.0,0.172,1386400000.0,570900000.0,92300000.0,0.0,9.25,35.885,35.052,494000000.0,0.0,53.98,6.187,6.187,246100000.0,1305100000.0,2342600000.0,2342600000.0,388300000.0,0.16,0.315,0.452,0.26,15100000.0,936800000.0,1.0,268509544.0,268509544.0,,8.724,2701700000.0,123200000.0,192400000.0,0.0,10.062,781600000.0
10,AGN1,MRY,2004-12-31,2004-12-31,2004-12-31,2021-08-25,-45700000.0,2257000000.0,2061400000.0,1376000000.0,881000000.0,0.999,4.157,-106900000.0,894800000.0,894800000.0,381700000.0,377100000.0,2.994,1.022,583200000.0,13100000.0,570100000.0,583200000.0,0.0,68300000.0,0.0,0.0,0.0,549200000.0,617500000.0,0.3,617500000.0,549200000.0,531100000.0,1.435,1.41,1.435,1116200000.0,978400000.0,1116200000.0,10695034366.0,19.0,17.32,441600000.0,1.645,1.0,1677200000.0,0.815,66800000.0,18100000.0,1419000000.0,1450575000.0,89900000.0,230000000.0,0.0,230000000.0,1140800000.0,459600000.0,681200000.0,10884034366.0,387200000.0,0.0,18400000.0,-23000000.0,-47300000.0,-51900000.0,-106800000.0,0.0,548500000.0,-2600000.0,377100000.0,377100000.0,377100000.0,0.0,0.0,0.183,1149800000.0,527400000.0,97900000.0,0.0,9.751,28.862,28.247,468500000.0,0.0,40.535,5.286,5.286,243500000.0,982500000.0,2058900000.0,2058900000.0,342900000.0,0.183,0.385,0.379,0.267,11500000.0,791700000.0,1.0,268509544.0,268509544.0,,7.668,2190200000.0,115700000.0,154000000.0,93000000.0,8.157,916400000.0
11,AGN1,MRY,2003-12-31,2003-12-31,2003-12-31,2021-08-25,-54900000.0,1754900000.0,1841525000.0,928200000.0,826700000.0,0.962,2.676,-121900000.0,507600000.0,507600000.0,334800000.0,-52500000.0,2.421,1.442,597700000.0,24400000.0,573300000.0,597700000.0,0.0,57900000.0,0.0,0.0,0.0,-14700000.0,43200000.0,0.024,43200000.0,-14700000.0,-30300000.0,-0.2,-0.2,-0.2,718600000.0,811450000.0,718600000.0,10217609037.0,-695.0,236.519,313400000.0,1.167,1.0,1436600000.0,0.811,74700000.0,15600000.0,1386900000.0,1335275000.0,76300000.0,210900000.0,0.0,210900000.0,1036300000.0,383400000.0,652900000.0,10312109037.0,-266400000.0,-469500000.0,-43600000.0,-26300000.0,-46900000.0,-116800000.0,-594900000.0,0.0,435300000.0,10000000.0,-52500000.0,-52500000.0,-52500000.0,0.0,0.0,-0.03,1460300000.0,-23700000.0,87200000.0,0.0,14.35,-196.421,-192.025,422500000.0,0.0,38.405,5.821,5.821,220100000.0,695700000.0,1771400000.0,1771400000.0,763500000.0,-0.029,-0.065,-0.011,-0.008,10300000.0,697200000.0,1.0,268509544.0,268509544.0,,6.597,1680200000.0,118600000.0,22200000.0,46500000.0,6.258,544800000.0
12,AGN1,MRY,2002-12-31,2002-12-31,2002-12-31,2021-08-25,-73400000.0,1806600000.0,1936050000.0,1200200000.0,606400000.0,0.736,3.123,-71900000.0,774000000.0,774000000.0,258300000.0,75200000.0,2.974,1.235,616100000.0,89700000.0,526400000.0,616100000.0,0.0,40700000.0,0.0,0.0,0.0,117700000.0,158400000.0,0.111,158400000.0,117700000.0,100300000.0,0.29,0.285,0.29,808300000.0,809300000.0,808300000.0,7196294400.0,61.0,45.431,-24300000.0,-0.094,1.0,1167000000.0,0.819,30700000.0,17400000.0,1214400000.0,1298625000.0,70400000.0,223700000.0,0.0,223700000.0,998300000.0,403600000.0,594700000.0,7457594400.0,-900000.0,0.0,-156400000.0,74000000.0,-46700000.0,-129100000.0,-79600000.0,0.0,47600000.0,-11800000.0,75200000.0,75200000.0,75200000.0,-11200000.0,0.0,0.053,1038000000.0,129000000.0,82000000.0,0.0,9.226,99.17,99.345,352000000.0,0.0,28.81,5.232,5.232,220600000.0,871700000.0,1425300000.0,1425300000.0,233100000.0,0.039,0.093,0.091,0.083,10300000.0,623800000.0,1.0,258854370.0,258854370.0,,5.506,1775900000.0,0.0,25100000.0,58200000.0,6.861,796600000.0
13,AGN1,MRY,2001-12-31,2001-12-31,2001-12-31,2021-08-25,-61600000.0,2046200000.0,1988350000.0,1114800000.0,931400000.0,0.605,3.725,-79500000.0,774900000.0,774900000.0,254200000.0,224900000.0,2.757,1.094,519900000.0,75100000.0,444800000.0,519900000.0,0.0,53000000.0,0.0,0.0,0.0,331500000.0,384500000.0,0.32,384500000.0,331500000.0,313400000.0,0.855,0.84,0.855,977400000.0,924900000.0,977400000.0,9727489137.0,29.0,25.299,212500000.0,0.81,1.0,948200000.0,0.789,25500000.0,18100000.0,1361300000.0,1302975000.0,55000000.0,168000000.0,0.0,168000000.0,1068800000.0,404400000.0,664400000.0,9845189137.0,13600000.0,-70200000.0,-100000000.0,-15500000.0,-47500000.0,-163000000.0,-166800000.0,0.0,292000000.0,-4900000.0,224900000.0,224900000.0,224900000.0,-54900000.0,0.0,0.187,706200000.0,242000000.0,74700000.0,0.0,10.073,43.776,43.889,360400000.0,0.0,37.525,8.188,8.188,164700000.0,928400000.0,1202400000.0,1202400000.0,227500000.0,0.113,0.243,0.254,0.276,7100000.0,481100000.0,1.0,262363468.0,262363468.0,,4.583,2020700000.0,0.0,88500000.0,114400000.0,7.702,710400000.0
14,AGN1,MRY,2000-12-31,2000-12-31,2000-12-31,2021-08-25,-50800000.0,1971000000.0,1601475000.0,1326300000.0,644700000.0,0.659,3.323,-59800000.0,773900000.0,773900000.0,257100000.0,215100000.0,3.067,1.256,643900000.0,59200000.0,584700000.0,643900000.0,0.0,55000000.0,0.0,0.0,0.0,300400000.0,355400000.0,0.337,355400000.0,300400000.0,284200000.0,0.825,0.805,0.825,873800000.0,763050000.0,873800000.0,12697769049.0,42.0,35.728,218400000.0,0.83,1.0,797900000.0,0.756,133200000.0,16200000.0,1275300000.0,1050650000.0,122700000.0,159900000.0,0.0,159900000.0,1097200000.0,432500000.0,664700000.0,12729969049.0,600700000.0,0.0,25300000.0,347700000.0,-41900000.0,331100000.0,-78100000.0,3000000.0,278200000.0,-3100000.0,215100000.0,215100000.0,215100000.0,-49200000.0,0.0,0.204,572000000.0,225900000.0,96300000.0,0.0,14.569,59.182,58.674,351600000.0,0.0,48.406,12.066,12.066,290100000.0,780000000.0,1055000000.0,1055000000.0,165700000.0,0.134,0.282,0.286,0.285,6400000.0,409200000.0,1.0,262981930.0,262981930.0,,4.012,1837800000.0,0.0,69100000.0,98500000.0,6.988,893800000.0
15,AGN1,MRY,1999-12-31,1999-12-31,1999-12-31,2021-08-25,-49300000.0,1339100000.0,1361250000.0,697500000.0,641600000.0,1.067,2.341,-49600000.0,162900000.0,162900000.0,449700000.0,188200000.0,1.661,1.11,294100000.0,85300000.0,208800000.0,294100000.0,0.0,73800000.0,0.0,0.0,0.0,284000000.0,357800000.0,0.246,357800000.0,284000000.0,268900000.0,0.71,0.695,0.71,634500000.0,679625000.0,634500000.0,6809472150.0,24.0,19.032,204700000.0,0.755,1.0,1002700000.0,0.69,150500000.0,15100000.0,899900000.0,858200000.0,130700000.0,160800000.0,0.0,160800000.0,704600000.0,419900000.0,284700000.0,6741672150.0,-18700000.0,0.0,-196500000.0,20100000.0,-37000000.0,-213400000.0,-53000000.0,33800000.0,254300000.0,-6600000.0,188200000.0,188200000.0,188200000.0,0.0,0.0,0.13,739200000.0,263500000.0,80500000.0,0.0,10.625,35.822,35.035,330300000.0,0.0,24.875,4.642,4.642,253200000.0,651100000.0,1452400000.0,1452400000.0,168400000.0,0.138,0.277,0.331,0.196,10000000.0,587900000.0,1.0,271021996.0,271021996.0,,5.359,1188600000.0,0.0,80700000.0,83400000.0,4.386,277600000.0
16,AGN1,MRY,1998-12-31,1998-12-31,1998-12-31,2021-08-25,-4300000.0,1334400000.0,1332550000.0,661200000.0,673200000.0,0.973,2.637,-41800000.0,181600000.0,181600000.0,439100000.0,-90200000.0,1.794,0.917,249600000.0,48500000.0,201100000.0,249600000.0,0.0,76500000.0,0.0,0.0,0.0,-41000000.0,35500000.0,0.027,35500000.0,-41000000.0,-57400000.0,-0.345,-0.345,-0.345,696000000.0,679850000.0,696000000.0,4367077688.0,-107.0,123.016,10900000.0,0.041,1.0,857000000.0,0.661,169100000.0,16400000.0,864800000.0,906700000.0,123300000.0,179200000.0,0.0,179200000.0,638400000.0,368500000.0,269900000.0,4272877688.0,700000.0,0.0,3100000.0,23400000.0,-33800000.0,-35900000.0,-11800000.0,57000000.0,52700000.0,-4300000.0,-90200000.0,-90200000.0,-90200000.0,0.0,0.0,-0.07,955100000.0,-98100000.0,67000000.0,0.0,6.139,-47.371,-46.92,324900000.0,0.0,16.188,3.297,3.297,226100000.0,516300000.0,1296100000.0,1296100000.0,125400000.0,-0.068,-0.133,-0.045,-0.032,8100000.0,525200000.0,1.0,263961556.0,263961556.0,,4.91,1165300000.0,0.0,32800000.0,39400000.0,4.415,292700000.0
17,AGN1,MRY,1997-12-31,1997-12-31,1997-12-31,2021-08-25,11700000.0,1398900000.0,1374350000.0,636400000.0,762500000.0,0.836,3.212,-54000000.0,180900000.0,180900000.0,409700000.0,128300000.0,1.752,0.663,223000000.0,80500000.0,142500000.0,223000000.0,0.0,68800000.0,0.0,0.0,0.0,166200000.0,235000000.0,0.205,235000000.0,166200000.0,157300000.0,0.49,0.485,0.49,841400000.0,795600000.0,841400000.0,,,,155800000.0,0.595,1.0,739300000.0,0.643,213400000.0,8900000.0,864300000.0,862400000.0,147800000.0,191300000.0,0.0,191300000.0,557500000.0,363300000.0,194200000.0,2197646321.0,68900000.0,0.0,-15400000.0,-5700000.0,-33400000.0,-54500000.0,-83900000.0,12400000.0,209800000.0,-2500000.0,128300000.0,128300000.0,128300000.0,0.0,0.0,0.112,590300000.0,149000000.0,83300000.0,0.0,2.612,17.129,17.124,357800000.0,0.0,8.391,1.913,1.913,187000000.0,670800000.0,1149000000.0,1149000000.0,131200000.0,0.093,0.161,0.193,0.145,7200000.0,459100000.0,1.0,261916880.0,261916880.0,,4.387,1185500000.0,0.0,29000000.0,32500000.0,4.526,273100000.0
18,AGN1,MRY,1996-12-31,1996-12-31,1996-12-31,2021-08-25,4000000.0,1349800000.0,,599700000.0,750100000.0,,,-52500000.0,112000000.0,112000000.0,393900000.0,77100000.0,1.598,0.8,236600000.0,66600000.0,170000000.0,236600000.0,0.0,72900000.0,0.0,0.0,0.0,120900000.0,193800000.0,0.168,193800000.0,120900000.0,108400000.0,0.295,0.292,0.295,749800000.0,,749800000.0,,,,122700000.0,,1.0,763000000.0,0.66,238600000.0,12500000.0,860500000.0,,130100000.0,163000000.0,0.0,163000000.0,600000000.0,375300000.0,224700000.0,,9700000.0,0.0,18200000.0,-80200000.0,-31500000.0,-93500000.0,-74400000.0,0.0,175200000.0,2400000.0,77100000.0,77100000.0,77100000.0,0.0,0.0,0.067,652400000.0,110600000.0,75400000.0,0.0,,,30.191,348500000.0,0.0,8.906,,,242500000.0,574800000.0,1156900000.0,1156900000.0,118300000.0,,,,0.105,5500000.0,456600000.0,1.0,,,,,1111200000.0,0.0,31300000.0,47200000.0,,224400000.0
19,AGN1,MRY,1995-12-31,1995-12-31,1995-12-31,2021-08-25,,,,,,,,-61600000.0,,,333900000.0,72500000.0,,,,,,,,60500000.0,,0.0,0.0,138100000.0,198600000.0,0.185,198600000.0,138100000.0,124200000.0,0.282,0.28,0.282,,,,,,,15100000.0,,1.0,739700000.0,0.689,,13900000.0,,,,,,,,,,,-28400000.0,-168000000.0,15400000.0,190200000.0,-29900000.0,175700000.0,-277800000.0,0.0,76700000.0,-3000000.0,72500000.0,72500000.0,72500000.0,0.0,0.0,0.068,610100000.0,129600000.0,,0.0,,,28.812,,0.0,8.125,,,,,1073600000.0,1073600000.0,116700000.0,,,,0.129,2500000.0,443400000.0,1.0,,,,,,,51700000.0,,,
0,AGN1,MRQ,2014-12-31,2014-12-31,2014-12-31,2021-08-25,-408600000.0,12415700000.0,,6871200000.0,5544500000.0,,25.204,-64700000.0,4911400000.0,4911400000.0,209100000.0,539100000.0,4.412,0.6,2157400000.0,72100000.0,2085300000.0,2157400000.0,0.0,63100000.0,0.0,0.0,0.0,644100000.0,707200000.0,0.37,707200000.0,644100000.0,628500000.0,1.8,1.76,1.8,7753000000.0,,7753000000.0,63627529777.0,31.0,27.683,629500000.0,2.046,1.0,1701400000.0,0.891,4179400000.0,15600000.0,3925000000.0,,296000000.0,326900000.0,55000000.0,271900000.0,4652700000.0,1557300000.0,3095400000.0,65393929777.0,1000600000.0,0.0,128600000.0,16300000.0,-14900000.0,183400000.0,144600000.0,209300000.0,694200000.0,-21600000.0,537200000.0,537200000.0,537200000.0,3500000.0,1900000.0,0.281,1074700000.0,626700000.0,287400000.0,0.0,8.435,42.904,41.521,1006300000.0,0.0,212.59,9.035,9.035,914500000.0,5894800000.0,1910500000.0,1910500000.0,265400000.0,,,,,52600000.0,745000000.0,1.0,307605860.0,307605860.0,,6.211,8236300000.0,86900000.0,91300000.0,0.0,26.775,5313900000.0
1,AGN1,MRQ,2014-09-30,2014-09-30,2014-09-30,2021-08-25,-293400000.0,11645800000.0,,6103800000.0,5542000000.0,,23.116,-84400000.0,3910800000.0,3910800000.0,206600000.0,313400000.0,3.895,0.637,2144400000.0,55800000.0,2088600000.0,2144400000.0,0.0,64000000.0,0.0,0.0,0.0,437200000.0,501200000.0,0.276,501200000.0,437200000.0,418800000.0,1.05,1.03,1.05,7110700000.0,,7110700000.0,53775088193.0,29.0,25.483,510100000.0,1.658,1.0,1610500000.0,0.886,4240400000.0,18400000.0,4072000000.0,,297700000.0,511500000.0,274600000.0,236900000.0,4526800000.0,1567000000.0,2959800000.0,54812288193.0,720900000.0,-67500000.0,51400000.0,-5100000.0,-14900000.0,47600000.0,99100000.0,251000000.0,594500000.0,-20300000.0,312500000.0,312500000.0,312500000.0,-300000.0,900000.0,0.172,1217700000.0,392800000.0,283200000.0,0.0,7.708,42.167,40.869,1005300000.0,0.0,178.19,7.817,7.817,967400000.0,5411900000.0,1817100000.0,1817100000.0,288500000.0,,,,,41000000.0,714700000.0,1.0,307605860.0,307605860.0,,5.907,7405400000.0,59400000.0,106300000.0,0.0,24.074,4536800000.0
2,AGN1,MRQ,2014-06-30,2014-06-30,2014-06-30,2021-08-25,-216100000.0,10990800000.0,,5702900000.0,5287900000.0,,22.062,-78400000.0,3189900000.0,3189900000.0,222200000.0,418400000.0,4.055,0.618,2152700000.0,60900000.0,2091800000.0,2152700000.0,0.0,60400000.0,0.0,0.0,0.0,592900000.0,653300000.0,0.35,653300000.0,592900000.0,573200000.0,1.4,1.37,1.4,6786000000.0,,6786000000.0,51391696081.0,27.0,24.324,394900000.0,1.284,1.0,1642000000.0,0.881,3949800000.0,19700000.0,4597400000.0,,299900000.0,764300000.0,525600000.0,238700000.0,4196500000.0,1406400000.0,2790100000.0,52050796081.0,374600000.0,0.0,-317800000.0,-100000.0,-14900000.0,-296500000.0,195800000.0,274200000.0,473300000.0,2000000.0,417200000.0,417200000.0,417200000.0,0.0,1200000.0,0.224,1034100000.0,607900000.0,300000000.0,0.0,7.67,40.437,39.171,977900000.0,0.0,169.22,7.707,7.707,1055000000.0,5138800000.0,1864200000.0,1864200000.0,288700000.0,,,,,31400000.0,718900000.0,1.0,307592460.0,307592460.0,,6.061,7041000000.0,121500000.0,156000000.0,0.0,22.891,4296500000.0
3,AGN1,MRQ,2014-03-31,2014-03-31,2014-03-31,2021-08-25,-224000000.0,10720200000.0,,5458700000.0,5261500000.0,,21.515,-49900000.0,2815300000.0,2815300000.0,204500000.0,257900000.0,4.374,0.619,2156200000.0,61100000.0,2095100000.0,2156200000.0,0.0,60600000.0,0.0,0.0,0.0,376100000.0,436700000.0,0.265,436700000.0,376100000.0,360400000.0,0.86,0.85,0.86,6617900000.0,,6617900000.0,37280024286.0,21.0,18.337,115900000.0,0.377,1.0,1441600000.0,0.876,3971600000.0,15700000.0,4841400000.0,,296600000.0,1028100000.0,802000000.0,226100000.0,4095200000.0,1248100000.0,2847100000.0,38172224286.0,-230800000.0,1800000.0,-180400000.0,5400000.0,-14900000.0,-138500000.0,-256800000.0,-208700000.0,165800000.0,-1300000.0,257300000.0,257300000.0,257300000.0,600000.0,600000.0,0.156,1059700000.0,381900000.0,316500000.0,0.0,5.768,31.037,29.976,942300000.0,0.0,124.1,5.885,5.885,990400000.0,4790500000.0,1646100000.0,1646100000.0,349000000.0,,,,,34700000.0,658600000.0,1.0,307592460.0,307592460.0,,5.352,6748600000.0,121500000.0,103100000.0,0.0,21.94,4210600000.0
4,AGN1,MRQ,2013-12-31,2013-12-31,2013-12-31,2021-08-25,-226600000.0,10574300000.0,,5319700000.0,5254600000.0,,21.015,-77600000.0,3046100000.0,3046100000.0,204600000.0,312300000.0,4.275,0.635,2153900000.0,55600000.0,2098300000.0,2153900000.0,0.0,59500000.0,0.0,0.0,0.0,459500000.0,519000000.0,0.308,519000000.0,459500000.0,441300000.0,1.05,1.03,1.05,6463200000.0,,6463200000.0,33615504985.0,22.0,18.96,437700000.0,1.423,1.0,1479800000.0,0.879,3989400000.0,18200000.0,4448400000.0,,285300000.0,816200000.0,603000000.0,213200000.0,4104800000.0,1244300000.0,2860500000.0,34163104985.0,359800000.0,42700000.0,17800000.0,18400000.0,-14800000.0,-42600000.0,-113300000.0,-78400000.0,515300000.0,400000.0,312900000.0,312900000.0,312900000.0,300000.0,-600000.0,0.186,1025000000.0,454800000.0,283200000.0,0.0,5.286,34.68,33.458,923200000.0,0.0,111.08,5.422,5.422,883300000.0,4646700000.0,1684400000.0,1684400000.0,269400000.0,,,,,29800000.0,715400000.0,1.0,307554060.0,307554060.0,,5.477,6584900000.0,128800000.0,128400000.0,38900000.0,21.411,4075400000.0
5,AGN1,MRQ,2013-09-30,2013-09-30,2013-09-30,2021-08-25,-252100000.0,10144600000.0,,4932400000.0,5212200000.0,,19.788,-37700000.0,2686300000.0,2686300000.0,192200000.0,300800000.0,4.111,0.662,2138700000.0,37200000.0,2101500000.0,2138700000.0,0.0,60700000.0,0.0,0.0,0.0,443100000.0,503800000.0,0.323,503800000.0,443100000.0,423700000.0,1.01,1.0,1.01,6085900000.0,,6085900000.0,27490464727.0,18.0,15.436,541300000.0,1.76,1.0,1366500000.0,0.877,4023400000.0,19400000.0,4373900000.0,,280000000.0,716200000.0,524600000.0,191600000.0,4031500000.0,1199700000.0,2831800000.0,27818264727.0,202300000.0,0.0,19300000.0,-14400000.0,-14900000.0,-8200000.0,-377500000.0,-339800000.0,579000000.0,9000000.0,299800000.0,299800000.0,299800000.0,32100000.0,1000000.0,0.192,876300000.0,490200000.0,267800000.0,0.0,4.571,27.919,27.0,877000000.0,0.0,90.45,4.569,4.569,908200000.0,4363600000.0,1558700000.0,1558700000.0,257600000.0,,,,,27800000.0,589300000.0,1.0,307554060.0,307554060.0,,5.068,6121200000.0,120200000.0,123900000.0,16900000.0,19.903,3732700000.0
6,AGN1,MRQ,2013-06-30,2013-06-30,2013-06-30,2021-08-25,-282100000.0,9675000000.0,,4482200000.0,5192800000.0,,18.605,-41600000.0,2484000000.0,2484000000.0,199100000.0,361200000.0,4.083,0.686,2156200000.0,51600000.0,2104600000.0,2156200000.0,0.0,61300000.0,0.0,0.0,0.0,512300000.0,573600000.0,0.359,573600000.0,512300000.0,492300000.0,1.22,1.19,1.22,5721900000.0,,5721900000.0,25874454014.0,18.0,15.326,439900000.0,1.43,1.0,1398600000.0,0.875,4043500000.0,20000000.0,4205800000.0,,274400000.0,379200000.0,184800000.0,194400000.0,3927700000.0,1097900000.0,2829800000.0,25908354014.0,285200000.0,-20700000.0,27700000.0,-6700000.0,-14800000.0,6200000.0,-197100000.0,-134800000.0,481500000.0,-5400000.0,359900000.0,359900000.0,359900000.0,-7200000.0,1300000.0,0.225,905400000.0,493200000.0,237000000.0,0.0,4.528,27.387,26.574,866200000.0,0.0,84.24,4.387,4.387,917200000.0,4089400000.0,1597700000.0,1597700000.0,266500000.0,,,,,27800000.0,609900000.0,1.0,307554060.0,307554060.0,,5.195,5631500000.0,88700000.0,132400000.0,0.0,18.311,3384300000.0
7,AGN1,MRQ,2013-03-31,2013-03-31,2013-03-31,2021-08-25,-265900000.0,9250500000.0,,4069500000.0,5181000000.0,,17.354,-26600000.0,2198800000.0,2198800000.0,199900000.0,14400000.0,3.834,0.729,2164900000.0,57200000.0,2107700000.0,2164900000.0,0.0,73100000.0,0.0,0.0,0.0,103500000.0,176600000.0,0.121,176600000.0,103500000.0,86100000.0,0.04,0.04,0.04,5337100000.0,,5337100000.0,33191185290.0,24.0,20.44,93000000.0,0.302,1.0,1259700000.0,0.863,4059000000.0,17400000.0,4096100000.0,,269200000.0,243200000.0,50000000.0,193200000.0,3888100000.0,1061500000.0,2826600000.0,34331785290.0,-503000000.0,-871400000.0,-536200000.0,603200000.0,-14900000.0,72800000.0,-687400000.0,210600000.0,119600000.0,-8000000.0,12500000.0,12500000.0,12500000.0,258600000.0,1900000.0,0.009,888600000.0,371100000.0,218500000.0,0.0,6.433,38.947,38.099,853900000.0,0.0,111.63,5.962,5.962,887900000.0,3761900000.0,1459600000.0,1459600000.0,248800000.0,,,,,29000000.0,604800000.0,1.0,307549810.0,307549810.0,,4.746,5191500000.0,74900000.0,73600000.0,0.0,16.88,3008000000.0
8,AGN1,MRQ,2012-12-31,2012-12-31,2012-12-31,2021-08-25,-244600000.0,9179300000.0,,4934900000.0,4244400000.0,,18.98,-51100000.0,2701800000.0,2701800000.0,183000000.0,325200000.0,4.505,0.568,1561200000.0,48800000.0,1512400000.0,1561200000.0,0.0,65200000.0,0.0,0.0,0.0,461700000.0,526900000.0,0.358,526900000.0,461700000.0,446900000.0,1.08,1.06,1.08,5837100000.0,,5837100000.0,27111372708.0,17.0,14.66,448800000.0,1.459,1.0,1289100000.0,0.876,2993900000.0,14800000.0,3949300000.0,,272300000.0,452700000.0,260600000.0,192100000.0,3316700000.0,1095500000.0,2221200000.0,28210172708.0,46800000.0,-346100000.0,-93200000.0,8000000.0,-15000000.0,-79000000.0,-377900000.0,19300000.0,499900000.0,3800000.0,324200000.0,324200000.0,324200000.0,-2900000.0,1000000.0,0.22,827400000.0,461700000.0,232200000.0,0.0,4.833,25.674,25.201,851500000.0,0.0,91.73,4.996,4.996,739000000.0,3832100000.0,1472100000.0,1472100000.0,239800000.0,,,,,29400000.0,542300000.0,1.0,307534860.0,307534860.0,,4.787,6185400000.0,206900000.0,122700000.0,0.0,20.113,3839400000.0
9,AGN1,MRQ,2012-09-30,2012-09-30,2012-09-30,2021-08-25,-244800000.0,8910900000.0,,4535800000.0,4375100000.0,,18.11,-44500000.0,2655000000.0,2655000000.0,182900000.0,250600000.0,4.3,0.595,1556200000.0,40700000.0,1515500000.0,1556200000.0,0.0,64500000.0,0.0,0.0,0.0,346700000.0,411200000.0,0.299,411200000.0,346700000.0,330800000.0,0.83,0.82,0.83,5569600000.0,,5569600000.0,27352642479.0,18.0,15.324,417200000.0,1.357,1.0,1193600000.0,0.867,3172300000.0,15900000.0,3584900000.0,,265100000.0,471600000.0,279900000.0,191700000.0,3316600000.0,1054900000.0,2261700000.0,28164042479.0,286300000.0,0.0,-147500000.0,-1600000.0,-15000000.0,-160600000.0,-19500000.0,25000000.0,461700000.0,4700000.0,249400000.0,249400000.0,249400000.0,2300000.0,1200000.0,0.181,836100000.0,357500000.0,210600000.0,0.0,5.057,26.711,26.241,822800000.0,0.0,91.58,5.241,5.241,872600000.0,3602900000.0,1376500000.0,1376500000.0,289800000.0,,,,,26900000.0,522900000.0,1.0,307534860.0,307534860.0,,4.476,5738600000.0,188300000.0,81400000.0,2500000.0,18.66,3480900000.0
10,AGN1,MRQ,2012-06-30,2012-06-30,2012-06-30,2021-08-25,-258600000.0,8673400000.0,,4259600000.0,4413800000.0,,17.685,-39400000.0,2368700000.0,2368700000.0,195300000.0,296400000.0,4.42,0.591,1557300000.0,42400000.0,1514900000.0,1557300000.0,0.0,64200000.0,0.0,0.0,0.0,444900000.0,509100000.0,0.351,509100000.0,444900000.0,427800000.0,0.98,0.96,0.98,5438800000.0,,5438800000.0,27778785425.0,18.0,15.364,390000000.0,1.268,1.0,1254800000.0,0.865,3202100000.0,17100000.0,3696100000.0,,259700000.0,545200000.0,304800000.0,240400000.0,3212000000.0,963800000.0,2248200000.0,28468085425.0,77000000.0,0.0,-292100000.0,-45300000.0,-15200000.0,-346500000.0,5600000.0,45000000.0,429400000.0,-11500000.0,295400000.0,295400000.0,295400000.0,700000.0,1000000.0,0.204,814800000.0,440000000.0,200600000.0,0.0,5.234,26.989,26.601,811600000.0,0.0,92.57,5.346,5.346,867900000.0,3387600000.0,1450100000.0,1450100000.0,227700000.0,,,,,26800000.0,563100000.0,1.0,307530360.0,307530360.0,,4.715,5471300000.0,159700000.0,132400000.0,0.0,17.791,3295800000.0
11,AGN1,MRQ,2012-03-31,2012-03-31,2012-03-31,2021-08-25,-218500000.0,8684200000.0,,4238600000.0,4445600000.0,,17.75,-24500000.0,2291700000.0,2291700000.0,190000000.0,230300000.0,4.375,0.587,1602400000.0,87700000.0,1514700000.0,1602400000.0,0.0,62700000.0,0.0,0.0,0.0,339400000.0,402100000.0,0.298,402100000.0,339400000.0,323600000.0,0.76,0.74,0.76,5458600000.0,,5458600000.0,28540545508.0,19.0,16.607,184400000.0,0.6,1.0,1157900000.0,0.859,3241600000.0,15800000.0,3784500000.0,,261900000.0,597400000.0,349800000.0,247600000.0,3203300000.0,968800000.0,2234500000.0,29347345508.0,-114400000.0,-3100000.0,-129800000.0,3800000.0,-15200000.0,-131400000.0,-197500000.0,-169900000.0,208900000.0,5600000.0,229800000.0,229800000.0,229800000.0,-1900000.0,500000.0,0.17,806100000.0,351800000.0,203000000.0,0.0,5.376,29.172,28.831,807000000.0,0.0,95.43,5.545,5.545,855700000.0,3134900000.0,1347900000.0,1347900000.0,220000000.0,,,,,26000000.0,564800000.0,1.0,307527460.0,307527460.0,,4.383,5442600000.0,149400000.0,93800000.0,0.0,17.698,3269800000.0
12,AGN1,MRQ,2011-12-31,2011-12-31,2011-12-31,2021-08-25,-241400000.0,8508600000.0,,4048300000.0,4460300000.0,,17.266,-46400000.0,2406100000.0,2406100000.0,151300000.0,279700000.0,4.239,0.598,1599300000.0,83900000.0,1515400000.0,1599300000.0,0.0,64000000.0,0.0,0.0,0.0,398500000.0,462500000.0,0.386,462500000.0,398500000.0,381800000.0,0.92,0.9,0.92,5309600000.0,,5309600000.0,26364093053.0,19.0,16.281,334000000.0,1.086,1.0,1047900000.0,0.874,3253600000.0,16700000.0,3493200000.0,,249700000.0,427000000.0,179900000.0,247100000.0,3176200000.0,955000000.0,2221200000.0,26981093053.0,194100000.0,-2500000.0,-29400000.0,5000000.0,-15300000.0,-22800000.0,-161900000.0,-113000000.0,380400000.0,-1600000.0,279800000.0,279800000.0,279800000.0,11500000.0,-100000.0,0.233,628400000.0,419500000.0,200400000.0,0.0,5.082,28.872,28.58,807000000.0,0.0,87.74,5.173,5.173,730600000.0,2969300000.0,1199200000.0,1199200000.0,195100000.0,,,,,22000000.0,463600000.0,1.0,307511888.0,307511888.0,,3.9,5255000000.0,152600000.0,102000000.0,0.0,17.089,3093300000.0
13,AGN1,MRQ,2011-09-30,2011-09-30,2011-09-30,2021-08-25,-179000000.0,8184000000.0,,3682600000.0,4501400000.0,,16.603,-30900000.0,2212000000.0,2212000000.0,188100000.0,251000000.0,3.987,0.598,1595000000.0,78800000.0,1516200000.0,1595000000.0,0.0,63500000.0,0.0,0.0,0.0,370800000.0,434300000.0,0.327,434300000.0,370800000.0,355600000.0,0.82,0.81,0.82,5105700000.0,,5105700000.0,25062729333.0,19.0,15.854,289300000.0,0.941,1.0,1140300000.0,0.858,3292000000.0,15200000.0,3351300000.0,,242100000.0,333400000.0,66500000.0,266900000.0,3055500000.0,923700000.0,2131800000.0,25332829333.0,355500000.0,-91900000.0,-47500000.0,2800000.0,-15200000.0,-56800000.0,111100000.0,233900000.0,320200000.0,-19000000.0,249800000.0,249800000.0,249800000.0,0.0,1200000.0,0.188,795900000.0,344400000.0,190100000.0,0.0,4.962,27.602,27.278,791100000.0,0.0,82.38,4.756,4.756,710900000.0,2752200000.0,1328400000.0,1328400000.0,221300000.0,,,,,22400000.0,538500000.0,1.0,307511888.0,307511888.0,,4.32,4892000000.0,151400000.0,105800000.0,0.0,15.908,2758900000.0
14,AGN1,MRQ,2011-06-30,2011-06-30,2011-06-30,2021-08-25,-100300000.0,7879600000.0,,3592600000.0,4287000000.0,,16.142,-31400000.0,1856500000.0,1856500000.0,195300000.0,248600000.0,3.899,0.582,1586400000.0,76100000.0,1510300000.0,1586400000.0,0.0,62500000.0,0.0,0.0,0.0,357200000.0,419700000.0,0.296,419700000.0,357200000.0,342000000.0,0.81,0.79,0.81,4963900000.0,,4963900000.0,25284264676.0,102.0,50.7,211700000.0,0.688,1.0,1221900000.0,0.862,2981100000.0,15200000.0,3706900000.0,,242400000.0,561400000.0,299800000.0,261600000.0,2890900000.0,921500000.0,1969400000.0,25600364676.0,-674300000.0,-7000000.0,-38300000.0,-794200000.0,-15300000.0,-834800000.0,-87600000.0,-49200000.0,243100000.0,5000000.0,246600000.0,246600000.0,246600000.0,0.0,2000000.0,0.174,858700000.0,363200000.0,200300000.0,0.0,5.157,-10240.146,-8325.0,795100000.0,0.0,83.25,4.918,4.918,744200000.0,2530300000.0,1417200000.0,1417200000.0,257400000.0,,,,,21100000.0,566700000.0,1.0,307511888.0,307511888.0,,4.609,4898500000.0,249200000.0,95400000.0,0.0,15.929,2671100000.0
15,AGN1,MRQ,2011-03-31,2011-03-31,2011-03-31,2021-08-25,-131600000.0,8370700000.0,,4084400000.0,4286300000.0,,15.823,-20200000.0,2530800000.0,2530800000.0,183300000.0,158800000.0,2.768,0.716,2214700000.0,685200000.0,1529500000.0,2214700000.0,0.0,63400000.0,0.0,0.0,0.0,239400000.0,302800000.0,0.238,302800000.0,239400000.0,214700000.0,0.52,0.51,0.52,4865700000.0,,4865700000.0,22053094286.0,93.0,44.887,118000000.0,0.384,1.0,1087900000.0,0.856,2996700000.0,24700000.0,3582300000.0,,239200000.0,508200000.0,249700000.0,258500000.0,3482600000.0,1475600000.0,2007000000.0,21839494286.0,539600000.0,0.0,-82500000.0,8200000.0,-15300000.0,-87900000.0,479200000.0,499400000.0,138200000.0,10100000.0,158300000.0,158300000.0,158300000.0,0.0,500000.0,0.125,840400000.0,247500000.0,200500000.0,0.0,4.488,-2426.61,-2367.333,788500000.0,0.0,71.02,4.337,4.337,671600000.0,2342300000.0,1271200000.0,1271200000.0,197700000.0,,,,,20800000.0,589500000.0,1.0,307511888.0,307511888.0,,4.134,5374000000.0,242600000.0,56400000.0,0.0,17.476,2608800000.0
16,AGN1,MRQ,2010-12-31,2010-12-31,2010-12-31,2021-08-25,-152900000.0,8308100000.0,,3993700000.0,4314400000.0,,15.472,-77600000.0,1991200000.0,1991200000.0,182800000.0,263100000.0,2.613,0.741,2204800000.0,670600000.0,1534200000.0,2204800000.0,0.0,63200000.0,0.0,0.0,0.0,360800000.0,424000000.0,0.324,424000000.0,360800000.0,333000000.0,0.87,0.87,0.87,4757700000.0,,4757700000.0,20714041349.0,84.0,41.238,-434600000.0,-1.413,1.0,1126500000.0,0.86,3034600000.0,27800000.0,3958700000.0,,229400000.0,1010500000.0,749100000.0,261400000.0,3527000000.0,1528400000.0,1998600000.0,21116841349.0,-612100000.0,0.0,56300000.0,9500000.0,-15200000.0,73000000.0,-327400000.0,-249800000.0,-357000000.0,-700000.0,263100000.0,263100000.0,263100000.0,0.0,0.0,0.201,759100000.0,367400000.0,222500000.0,0.0,4.438,35194.736,,800600000.0,0.0,68.67,4.293,4.293,647300000.0,2225900000.0,1309300000.0,1309300000.0,200300000.0,,,,,20500000.0,527500000.0,1.0,307511888.0,307511888.0,,4.258,5273500000.0,217800000.0,69900000.0,16100000.0,17.149,2465300000.0
17,AGN1,MRQ,2010-09-30,2010-09-30,2010-09-30,2021-08-25,-105400000.0,8540100000.0,,4243400000.0,4296700000.0,,14.502,-42300000.0,2603300000.0,2603300000.0,177700000.0,-668700000.0,2.027,0.909,2200500000.0,654500000.0,1546000000.0,2200500000.0,0.0,61300000.0,0.0,0.0,0.0,-709100000.0,-647800000.0,-0.536,-647800000.0,-709100000.0,-729500000.0,-2.21,-2.21,-2.21,4459500000.0,,4459500000.0,19770665909.0,99.0,42.998,267300000.0,0.869,1.0,1030500000.0,0.853,3073000000.0,20400000.0,2971300000.0,,219600000.0,787900000.0,499300000.0,288600000.0,4055700000.0,2093000000.0,1962700000.0,20458765909.0,383700000.0,-6100000.0,-29400000.0,647400000.0,-15100000.0,606600000.0,-547700000.0,-499300000.0,309600000.0,15200000.0,-670500000.0,-670500000.0,-670500000.0,0.0,1800000.0,-0.555,1721500000.0,-691000000.0,206300000.0,0.0,4.588,-498.994,-475.214,778000000.0,0.0,66.53,4.232,4.232,586900000.0,2030200000.0,1208200000.0,1208200000.0,194000000.0,,,,,18100000.0,517300000.0,1.0,307511888.0,307511888.0,,3.929,5467100000.0,157100000.0,-59000000.0,21000000.0,17.778,2150400000.0
18,AGN1,MRQ,2010-06-30,2010-06-30,2010-06-30,2021-08-25,-166300000.0,7787600000.0,,3354200000.0,4433400000.0,,16.546,-21300000.0,2219600000.0,2219600000.0,191300000.0,241500000.0,2.362,0.526,1531500000.0,642800000.0,888700000.0,1531500000.0,0.0,66300000.0,0.0,0.0,0.0,346000000.0,412300000.0,0.331,412300000.0,346000000.0,332100000.0,0.79,0.78,0.79,5088000000.0,,5088000000.0,17445142595.0,15.0,12.271,316700000.0,1.03,1.0,1055900000.0,0.847,3357000000.0,13900000.0,2322500000.0,,201900000.0,273400000.0,0.0,273400000.0,2677900000.0,1420000000.0,1257900000.0,17915642595.0,229900000.0,0.0,-55300000.0,-4900000.0,-15200000.0,-74400000.0,-21300000.0,0.0,338000000.0,-12400000.0,240100000.0,240100000.0,240100000.0,0.0,1400000.0,0.193,724000000.0,331900000.0,198900000.0,0.0,3.521,22.159,21.902,785900000.0,0.0,58.26,3.758,3.758,601300000.0,2723000000.0,1247200000.0,1247200000.0,187600000.0,,,,,17100000.0,499000000.0,1.0,307511888.0,307511888.0,,4.056,4430600000.0,17100000.0,92000000.0,43200000.0,14.408,1934200000.0
19,AGN1,MRQ,2010-03-31,2010-03-31,2010-03-31,2021-08-25,-122800000.0,7628400000.0,,3144200000.0,4484200000.0,,16.08,-15400000.0,1989700000.0,1989700000.0,170200000.0,169000000.0,4.014,0.538,1519200000.0,17900000.0,1501300000.0,1519200000.0,0.0,66300000.0,0.0,0.0,0.0,247500000.0,313800000.0,0.272,313800000.0,247500000.0,230900000.0,0.55,0.55,0.55,4944800000.0,,4944800000.0,19648976524.0,18.0,14.584,157900000.0,0.513,1.0,984500000.0,0.853,3413700000.0,16600000.0,2960900000.0,,219400000.0,268400000.0,0.0,268400000.0,2661700000.0,783300000.0,1878400000.0,20086676524.0,42600000.0,-65400000.0,-23600000.0,-3500000.0,-15100000.0,-42200000.0,-80800000.0,0.0,173300000.0,-7700000.0,167900000.0,167900000.0,167900000.0,0.0,1100000.0,0.145,734200000.0,250300000.0,257900000.0,0.0,4.062,26.98,26.661,795400000.0,0.0,65.32,4.319,4.319,558700000.0,2498700000.0,1154700000.0,1154700000.0,222700000.0,,,,,18200000.0,473800000.0,1.0,307511888.0,307511888.0,,3.755,4214700000.0,6700000.0,63000000.0,20700000.0,13.706,2360900000.0
20,AGN1,MRQ,2009-12-31,2009-12-31,2009-12-31,2021-08-25,-102800000.0,7536600000.0,,3106300000.0,4430300000.0,,15.683,-53500000.0,1947100000.0,1947100000.0,184600000.0,222800000.0,3.827,0.558,1509400000.0,18100000.0,1491300000.0,1509400000.0,0.0,65800000.0,0.0,0.0,0.0,315700000.0,381500000.0,0.312,381500000.0,315700000.0,294500000.0,0.73,0.72,0.73,4822800000.0,,4822800000.0,19186824063.0,21.0,16.191,268300000.0,0.872,1.0,1039700000.0,0.849,3355500000.0,21200000.0,2931800000.0,,213900000.0,266700000.0,0.0,266700000.0,2692700000.0,811600000.0,1881100000.0,19376324063.0,248500000.0,0.0,-8000000.0,1800000.0,-15100000.0,-16900000.0,-53200000.0,300000.0,321800000.0,-3200000.0,221500000.0,221500000.0,221500000.0,0.0,1300000.0,0.181,722800000.0,316900000.0,204000000.0,0.0,4.018,31.187,30.737,808100000.0,0.0,63.01,4.302,4.302,576600000.0,2356700000.0,1224300000.0,1224300000.0,185400000.0,,,,,18600000.0,497600000.0,1.0,307511888.0,307511888.0,,3.981,4181100000.0,0.0,73000000.0,43900000.0,13.597,2294700000.0
21,AGN1,MRQ,2009-09-30,2009-09-30,2009-09-30,2021-08-25,-154600000.0,7263000000.0,,2821200000.0,4441800000.0,,14.786,-27400000.0,1698600000.0,1698600000.0,190200000.0,179200000.0,3.73,0.593,1509100000.0,16300000.0,1492800000.0,1509100000.0,0.0,64100000.0,0.0,0.0,0.0,249900000.0,314000000.0,0.275,314000000.0,249900000.0,232100000.0,0.59,0.58,0.59,4546900000.0,,4546900000.0,17558974763.0,21.0,16.194,314900000.0,1.024,1.0,951100000.0,0.833,3391800000.0,17800000.0,2925300000.0,,229500000.0,264800000.0,0.0,264800000.0,2695800000.0,756400000.0,1939400000.0,17454374763.0,310500000.0,-12800000.0,-13500000.0,2500000.0,-15200000.0,-23300000.0,-12300000.0,27900000.0,342300000.0,3800000.0,179000000.0,179000000.0,179000000.0,0.0,200000.0,0.157,714600000.0,236500000.0,229600000.0,0.0,3.839,31.944,31.533,785200000.0,0.0,56.76,4.026,4.026,574800000.0,2163600000.0,1141300000.0,1141300000.0,176900000.0,,,,,16900000.0,497500000.0,1.0,307511888.0,307511888.0,,3.711,3871200000.0,0.0,53100000.0,18500000.0,12.589,2064800000.0
22,AGN1,MRQ,2009-06-30,2009-06-30,2009-06-30,2021-08-25,-185000000.0,6938300000.0,,2526500000.0,4411800000.0,,14.134,-24400000.0,1388100000.0,1388100000.0,198300000.0,176800000.0,3.714,0.596,1492700000.0,12200000.0,1480500000.0,1492700000.0,0.0,63200000.0,0.0,0.0,0.0,274800000.0,338000000.0,0.299,338000000.0,274800000.0,256300000.0,0.58,0.58,0.58,4346400000.0,,4346400000.0,15034115631.0,18.0,13.793,308300000.0,1.003,1.0,932500000.0,0.825,3387900000.0,18500000.0,2974700000.0,,235900000.0,242900000.0,0.0,242900000.0,2589100000.0,680300000.0,1908800000.0,14631415631.0,299800000.0,11600000.0,-25500000.0,11100000.0,-15100000.0,-29600000.0,-12800000.0,0.0,332700000.0,9500000.0,176100000.0,176100000.0,176100000.0,0.0,700000.0,0.156,640000000.0,292500000.0,187000000.0,0.0,3.366,27.461,27.189,781000000.0,0.0,47.58,3.408,3.408,579000000.0,2012400000.0,1130800000.0,1130800000.0,161600000.0,,,,,18200000.0,441900000.0,1.0,307511888.0,307511888.0,,3.677,3550400000.0,0.0,80200000.0,40400000.0,11.546,1846200000.0
23,AGN1,MRQ,2009-03-31,2009-03-31,2009-03-31,2021-08-25,-224200000.0,6679700000.0,,2226500000.0,4453200000.0,,13.509,-20400000.0,1088300000.0,1088300000.0,177800000.0,45000000.0,3.643,0.607,1491000000.0,1100000.0,1489900000.0,1491000000.0,0.0,69000000.0,0.0,0.0,0.0,82500000.0,151500000.0,0.15,151500000.0,82500000.0,63100000.0,0.15,0.15,0.15,4154200000.0,,4154200000.0,15216067771.0,20.0,14.807,96100000.0,0.313,1.0,829400000.0,0.823,3422700000.0,19400000.0,3048600000.0,,255400000.0,251800000.0,0.0,251800000.0,2523500000.0,611100000.0,1912400000.0,14686767771.0,-22100000.0,0.0,5000000.0,-101600000.0,-15200000.0,-111700000.0,-20400000.0,0.0,116500000.0,-6500000.0,44700000.0,44700000.0,44700000.0,0.0,300000.0,0.044,747300000.0,82100000.0,185100000.0,0.0,3.535,29.368,29.122,778700000.0,0.0,47.76,3.389,3.389,536600000.0,1855700000.0,1007200000.0,1007200000.0,182100000.0,,,,,98200000.0,484500000.0,1.0,307511888.0,307511888.0,,3.275,3257000000.0,0.0,18400000.0,33400000.0,10.591,1615400000.0
24,AGN1,MRQ,2008-12-31,2008-12-31,2008-12-31,2021-08-25,-198700000.0,6791800000.0,,2270600000.0,4521200000.0,,13.172,-87200000.0,1110400000.0,1110400000.0,186800000.0,147000000.0,3.258,0.676,1574900000.0,4400000.0,1570500000.0,1574900000.0,0.0,69200000.0,0.0,0.0,0.0,211600000.0,280800000.0,0.266,280800000.0,211600000.0,189400000.0,0.48,0.48,0.48,4050700000.0,,4050700000.0,12984279324.0,15.0,11.692,113900000.0,0.37,1.0,869800000.0,0.823,3473700000.0,22200000.0,3085600000.0,,262500000.0,272100000.0,0.0,272100000.0,2739300000.0,697000000.0,2042300000.0,12398879324.0,97100000.0,0.0,1100000.0,800000.0,-15200000.0,-11900000.0,-87200000.0,0.0,201100000.0,-4900000.0,146600000.0,146600000.0,146600000.0,0.0,400000.0,0.139,686200000.0,183600000.0,173900000.0,0.0,3.061,22.019,21.795,775400000.0,0.0,40.32,2.816,2.816,538400000.0,1842100000.0,1056600000.0,1056600000.0,215000000.0,,,,,23500000.0,426600000.0,1.0,307511888.0,307511888.0,,3.436,3318100000.0,0.0,42800000.0,118400000.0,10.79,1573600000.0
25,AGN1,MRQ,2008-09-30,2008-09-30,2008-09-30,2021-08-25,-53500000.0,6665700000.0,,2133100000.0,4532600000.0,,12.989,-72800000.0,1013300000.0,1013300000.0,194700000.0,166000000.0,3.148,0.669,1598700000.0,3600000.0,1595100000.0,1598700000.0,0.0,66500000.0,0.0,0.0,0.0,253200000.0,319700000.0,0.291,319700000.0,253200000.0,232400000.0,0.54,0.54,0.54,3994200000.0,,3994200000.0,16341662232.0,19.0,14.65,163100000.0,0.53,1.0,903500000.0,0.823,3527100000.0,20800000.0,3046400000.0,,269500000.0,267500000.0,0.0,267500000.0,2671500000.0,677600000.0,1993900000.0,15836862232.0,-76900000.0,-149900000.0,-62100000.0,-800000.0,-15100000.0,-75900000.0,-222700000.0,0.0,235900000.0,-14200000.0,165400000.0,165400000.0,165400000.0,0.0,600000.0,0.151,666100000.0,237400000.0,163500000.0,0.0,3.965,28.164,27.989,738000000.0,0.0,51.5,3.569,3.569,584200000.0,1756400000.0,1098200000.0,1098200000.0,186600000.0,,,,,22400000.0,440400000.0,1.0,307511888.0,307511888.0,,3.571,3138600000.0,0.0,67000000.0,79800000.0,10.206,1455500000.0
26,AGN1,MRQ,2008-06-30,2008-06-30,2008-06-30,2021-08-25,2600000.0,6670100000.0,,2251000000.0,4419100000.0,,12.792,-117700000.0,1090200000.0,1090200000.0,197500000.0,143800000.0,3.116,0.696,1595000000.0,5400000.0,1589600000.0,1595000000.0,0.0,65100000.0,0.0,0.0,0.0,210500000.0,275600000.0,0.235,275600000.0,210500000.0,189500000.0,0.47,0.47,0.47,3933800000.0,,3933800000.0,16545393770.0,20.0,15.337,85600000.0,0.278,1.0,974500000.0,0.831,3458500000.0,21000000.0,2993900000.0,,270200000.0,250000000.0,0.0,250000000.0,2736300000.0,722500000.0,2013800000.0,16005993770.0,-14400000.0,0.0,-51800000.0,-33000000.0,-15300000.0,-99200000.0,-117700000.0,0.0,203300000.0,-800000.0,143400000.0,143400000.0,143400000.0,0.0,400000.0,0.122,765500000.0,209000000.0,208800000.0,0.0,4.069,28.876,28.757,710600000.0,0.0,52.05,3.694,3.694,621600000.0,1613700000.0,1172000000.0,1172000000.0,213400000.0,,,,,22600000.0,506900000.0,1.0,307511888.0,307511888.0,,3.811,3211600000.0,0.0,46100000.0,103000000.0,10.444,1528500000.0
27,AGN1,MRQ,2008-03-31,2008-03-31,2008-03-31,2021-08-25,900000.0,6653200000.0,,2189800000.0,4463400000.0,,12.45,-38000000.0,1104600000.0,1104600000.0,182200000.0,107900000.0,3.182,0.738,1644000000.0,38300000.0,1605700000.0,1644000000.0,0.0,63600000.0,0.0,0.0,0.0,170800000.0,234400000.0,0.218,234400000.0,170800000.0,149300000.0,0.35,0.35,0.35,3828400000.0,,3828400000.0,17812595364.0,22.0,17.0,4200000.0,0.014,1.0,894400000.0,0.831,3503600000.0,21500000.0,3000800000.0,,247200000.0,264300000.0,0.0,264300000.0,2824800000.0,688200000.0,2136600000.0,17340595364.0,-53300000.0,5900000.0,-65700000.0,-1700000.0,-15100000.0,-75800000.0,-32100000.0,0.0,42200000.0,12400000.0,107700000.0,107700000.0,107700000.0,0.0,200000.0,0.1,728400000.0,166000000.0,202600000.0,0.0,4.529,31.603,31.503,695500000.0,0.0,56.39,4.19,4.19,566400000.0,1491100000.0,1076600000.0,1076600000.0,182900000.0,,,,,24600000.0,482200000.0,1.0,307511888.0,307511888.0,,3.501,3149600000.0,0.0,41600000.0,209000000.0,10.242,1501600000.0
28,AGN1,MRQ,2007-12-31,2007-12-31,2007-12-31,2021-08-25,-34800000.0,6579300000.0,,2124200000.0,4455100000.0,,12.158,-85600000.0,1157900000.0,1157900000.0,179800000.0,146300000.0,2.968,0.76,1629900000.0,39700000.0,1590200000.0,1629900000.0,0.0,60200000.0,0.0,0.0,0.0,225600000.0,285800000.0,0.262,285800000.0,225600000.0,184500000.0,0.48,0.47,0.48,3738600000.0,,3738600000.0,19958663685.0,26.0,20.527,132900000.0,0.432,1.0,910800000.0,0.835,3518800000.0,41100000.0,2816800000.0,,224700000.0,249900000.0,0.0,249900000.0,2840700000.0,715700000.0,2125000000.0,19754563685.0,-255400000.0,-363600000.0,-97700000.0,-700000.0,-15200000.0,-102700000.0,-374400000.0,74800000.0,218500000.0,3200000.0,145800000.0,145800000.0,145800000.0,900000.0,500000.0,0.134,692500000.0,218300000.0,208700000.0,0.0,5.284,40.748,40.403,686400000.0,0.0,64.24,5.015,5.015,463100000.0,1423500000.0,1090600000.0,1090600000.0,189700000.0,,,,,21500000.0,465100000.0,1.0,307511888.0,307511888.0,,3.547,3060500000.0,0.0,38700000.0,236900000.0,9.952,1408500000.0
29,AGN1,MRQ,2007-09-30,2007-09-28,2007-09-28,2021-08-25,-88100000.0,6297500000.0,,2416700000.0,3880800000.0,,11.727,-33000000.0,1413300000.0,1413300000.0,173500000.0,157400000.0,3.756,0.746,1617400000.0,39600000.0,1577800000.0,1617400000.0,0.0,52800000.0,0.0,0.0,0.0,230200000.0,283000000.0,0.285,283000000.0,230200000.0,212700000.0,0.51,0.51,0.51,3606100000.0,,3606100000.0,20204691419.0,28.0,21.947,210900000.0,0.686,1.0,820200000.0,0.825,3067700000.0,17500000.0,2790400000.0,,202500000.0,175500000.0,0.0,175500000.0,2691400000.0,643500000.0,2047900000.0,19825291419.0,184700000.0,16800000.0,26500000.0,-400000.0,-15300000.0,23500000.0,-91000000.0,-74800000.0,243900000.0,8300000.0,157400000.0,157400000.0,157400000.0,-1400000.0,0.0,0.158,599700000.0,220500000.0,187800000.0,0.0,5.498,41.667,40.804,637600000.0,0.0,64.47,5.391,5.391,478300000.0,1303100000.0,993700000.0,993700000.0,164400000.0,,,,,19000000.0,395600000.0,1.0,307511888.0,307511888.0,,3.231,3229800000.0,0.0,55300000.0,134300000.0,10.503,1773200000.0
30,AGN1,MRQ,2007-06-30,2007-06-29,2007-06-29,2021-08-25,-110800000.0,6018400000.0,,2131000000.0,3887400000.0,,11.003,-32100000.0,1228600000.0,1228600000.0,168100000.0,137800000.0,3.496,0.779,1608000000.0,40600000.0,1567400000.0,1608000000.0,0.0,52600000.0,0.0,0.0,0.0,192000000.0,244600000.0,0.25,244600000.0,192000000.0,174500000.0,0.45,0.45,0.45,3383600000.0,,3383600000.0,18361885224.0,29.0,22.583,193000000.0,0.628,1.0,809800000.0,0.828,3082900000.0,17500000.0,2705300000.0,,202200000.0,165400000.0,0.0,165400000.0,2634800000.0,609600000.0,2025200000.0,17724985224.0,185500000.0,-200000.0,59300000.0,-61400000.0,-15200000.0,-8900000.0,-32300000.0,0.0,225100000.0,1600000.0,137800000.0,137800000.0,137800000.0,1200000.0,0.0,0.141,626200000.0,183600000.0,194300000.0,0.0,5.238,41.725,40.592,639100000.0,0.0,57.64,5.078,5.078,468200000.0,1187700000.0,977900000.0,977900000.0,154000000.0,,,,,19900000.0,433100000.0,1.0,307511888.0,307511888.0,,3.18,2935500000.0,0.0,36700000.0,129500000.0,9.546,1521400000.0
31,AGN1,MRQ,2007-03-31,2007-03-30,2007-03-30,2021-08-25,-114400000.0,5829500000.0,,1922500000.0,3907000000.0,,10.299,-23300000.0,1043100000.0,1043100000.0,151800000.0,43800000.0,3.284,0.841,1680000000.0,68300000.0,1611700000.0,1680000000.0,0.0,49900000.0,0.0,0.0,0.0,109000000.0,158900000.0,0.181,158900000.0,109000000.0,90500000.0,0.14,0.14,0.14,3167100000.0,,3167100000.0,17378233714.0,31.0,23.27,82400000.0,0.268,1.0,724900000.0,0.827,3105700000.0,18500000.0,2775200000.0,,193800000.0,169600000.0,0.0,169600000.0,2662400000.0,585500000.0,2076900000.0,17039233714.0,-326300000.0,-312800000.0,-37200000.0,-46000000.0,-15100000.0,-94300000.0,-336100000.0,0.0,105700000.0,-1600000.0,43800000.0,43800000.0,43800000.0,1000000.0,0.0,0.05,628000000.0,96900000.0,163700000.0,0.0,5.38,47.174,45.418,631700000.0,0.0,55.41,5.141,5.141,464400000.0,1081300000.0,876700000.0,876700000.0,210000000.0,,,,,21300000.0,386400000.0,1.0,307511888.0,307511888.0,,2.851,2723800000.0,0.0,46700000.0,158800000.0,8.858,1337000000.0
32,AGN1,MRQ,2006-12-31,2006-12-31,2006-12-31,2021-08-25,-127400000.0,5767100000.0,,2130300000.0,3636800000.0,,10.221,-62300000.0,1369400000.0,1369400000.0,142500000.0,136800000.0,3.237,0.835,1708400000.0,102000000.0,1606400000.0,1708400000.0,0.0,43800000.0,0.0,0.0,0.0,190300000.0,234100000.0,0.282,234100000.0,190300000.0,170300000.0,0.48,0.48,0.48,3143100000.0,,3143100000.0,18985236735.0,471.0,98.522,173900000.0,0.566,1.0,686600000.0,0.828,2877200000.0,20000000.0,2570800000.0,,168500000.0,148200000.0,0.0,148200000.0,2624000000.0,658100000.0,1965900000.0,18410736735.0,307800000.0,-100000.0,64600000.0,71500000.0,-15100000.0,128500000.0,-62400000.0,0.0,236200000.0,5500000.0,136800000.0,136800000.0,136800000.0,0.0,0.0,0.165,513400000.0,173200000.0,142400000.0,0.0,5.858,-144.511,-139.233,611400000.0,0.0,59.87,6.01,6.01,386900000.0,1065700000.0,829100000.0,829100000.0,125400000.0,,,,,21600000.0,358000000.0,1.0,307511888.0,307511888.0,,2.696,2889900000.0,0.0,33500000.0,138500000.0,9.398,1472200000.0
33,AGN1,MRQ,2006-09-30,2006-09-29,2006-09-29,2021-08-25,-30500000.0,5548300000.0,,1827700000.0,3720600000.0,,9.836,-28100000.0,1061600000.0,1061600000.0,167700000.0,106400000.0,3.499,0.834,1636100000.0,30000000.0,1606100000.0,1636100000.0,0.0,42900000.0,0.0,0.0,0.0,132600000.0,175500000.0,0.218,175500000.0,132600000.0,120700000.0,0.35,0.35,0.35,3024800000.0,,3024800000.0,18084056854.0,747.0,117.735,160300000.0,0.521,1.0,639100000.0,0.792,2870100000.0,11900000.0,2730400000.0,,164700000.0,274200000.0,0.0,274200000.0,2523500000.0,522300000.0,2001200000.0,17314456854.0,166400000.0,-300000.0,39100000.0,-29400000.0,-15000000.0,7600000.0,-28100000.0,300000.0,188400000.0,-1500000.0,106400000.0,106400000.0,106400000.0,0.0,0.0,0.132,517900000.0,121200000.0,130400000.0,0.0,5.724,-139.52,-109.33,576300000.0,0.0,56.305,6.095,6.095,394000000.0,961000000.0,806800000.0,806800000.0,120400000.0,,,,,16000000.0,364000000.0,1.0,307511888.0,307511888.0,,2.624,2678200000.0,0.0,14300000.0,161300000.0,8.709,1305400000.0
34,AGN1,MRQ,2006-06-30,2006-06-30,2006-06-30,2021-08-25,-29700000.0,5379800000.0,,1647500000.0,3732300000.0,,9.39,-30600000.0,895200000.0,895200000.0,168200000.0,74200000.0,3.085,0.877,1664800000.0,59000000.0,1605800000.0,1664800000.0,0.0,45800000.0,0.0,0.0,0.0,132500000.0,178300000.0,0.222,178300000.0,132500000.0,112000000.0,0.25,0.24,0.25,2866900000.0,,2866900000.0,16935050462.0,280.0,101.105,175000000.0,0.573,1.0,633500000.0,0.79,2889700000.0,20500000.0,2725600000.0,,183400000.0,276500000.0,0.0,276500000.0,2512900000.0,534100000.0,1978800000.0,16374250462.0,19000000.0,-113100000.0,-255900000.0,207700000.0,-15000000.0,-45400000.0,-143700000.0,0.0,205600000.0,2500000.0,74200000.0,74200000.0,74200000.0,0.0,0.0,0.093,508300000.0,125200000.0,132600000.0,0.0,5.711,-204.678,-184.931,566100000.0,0.0,53.63,6.19,6.19,356400000.0,901300000.0,801700000.0,801700000.0,140300000.0,,,,,16600000.0,337500000.0,1.0,305318860.0,305318860.0,,2.626,2490100000.0,0.0,37800000.0,169500000.0,8.156,1113400000.0
35,AGN1,MRQ,2006-03-31,2006-03-31,2006-03-31,2021-08-25,-37400000.0,5260400000.0,,1682000000.0,3578400000.0,,11.358,-35500000.0,876200000.0,876200000.0,97300000.0,-444800000.0,0.887,0.72,1437000000.0,1379300000.0,57700000.0,1437000000.0,0.0,19900000.0,0.0,0.0,0.0,-415100000.0,-395200000.0,-0.632,-395200000.0,-415100000.0,-422900000.0,-1.645,-1.645,-1.645,3059000000.0,,3059000000.0,14061330470.0,201.0,92.631,81200000.0,0.302,1.0,528400000.0,0.844,2738500000.0,7800000.0,1185800000.0,,207200000.0,275000000.0,0.0,275000000.0,2201400000.0,1896900000.0,304500000.0,14610530470.0,-420100000.0,-1215200000.0,27100000.0,688300000.0,-13300000.0,712300000.0,-1250400000.0,300000.0,116700000.0,1300000.0,-444800000.0,-444800000.0,-444800000.0,0.0,0.0,-0.711,951200000.0,-422800000.0,119800000.0,0.0,4.776,-120.948,-132.317,564900000.0,0.0,54.25,5.992,5.992,365200000.0,844400000.0,625700000.0,625700000.0,669400000.0,,,,,15400000.0,273900000.0,1.0,269318534.0,269318534.0,,2.323,2521900000.0,0.0,21900000.0,52300000.0,9.364,-214900000.0
36,AGN1,MRQ,2005-12-31,2005-12-31,2005-12-31,2021-08-25,-50600000.0,2850500000.0,,1825600000.0,1024900000.0,,5.836,-42800000.0,1296300000.0,1296300000.0,91000000.0,140100000.0,1.749,0.819,747100000.0,689600000.0,57500000.0,747100000.0,0.0,20800000.0,0.0,0.0,0.0,174200000.0,195000000.0,0.322,195000000.0,174200000.0,169300000.0,0.53,0.52,0.53,1566900000.0,,1566900000.0,14085145185.0,23.0,20.485,77100000.0,0.287,1.0,515400000.0,0.85,148800000.0,4900000.0,1108500000.0,,90100000.0,258900000.0,0.0,258900000.0,1283600000.0,1044000000.0,239600000.0,14494145185.0,185700000.0,0.0,79400000.0,43700000.0,-13200000.0,109900000.0,-42800000.0,0.0,119900000.0,-1300000.0,140100000.0,140100000.0,140100000.0,0.0,0.0,0.231,353900000.0,161500000.0,92300000.0,0.0,9.25,35.885,35.052,494000000.0,0.0,53.98,6.187,6.187,246100000.0,1305100000.0,606400000.0,606400000.0,106800000.0,,,,,5100000.0,235700000.0,1.0,268509544.0,268509544.0,,2.258,2701700000.0,123200000.0,29200000.0,0.0,10.062,781600000.0
37,AGN1,MRQ,2005-09-30,2005-09-30,2005-09-30,2021-08-25,-46300000.0,2633400000.0,,1626700000.0,1006700000.0,,4.989,-15500000.0,1110600000.0,1110600000.0,94200000.0,150500000.0,2.714,0.966,701600000.0,126000000.0,575600000.0,701600000.0,0.0,20600000.0,0.0,0.0,0.0,168800000.0,189400000.0,0.31,189400000.0,168800000.0,170400000.0,0.575,0.56,0.575,1339600000.0,,1339600000.0,12005222211.0,20.0,17.786,73700000.0,0.274,1.0,517300000.0,0.846,154100000.0,-1600000.0,1470900000.0,,90500000.0,264100000.0,0.0,264100000.0,1293800000.0,599400000.0,694400000.0,12300422211.0,237500000.0,0.0,54500000.0,121900000.0,-13000000.0,163400000.0,-14200000.0,1300000.0,89200000.0,-900000.0,150500000.0,150500000.0,150500000.0,0.0,0.0,0.246,357500000.0,159800000.0,114400000.0,0.0,9.182,32.688,31.923,466900000.0,0.0,45.81,5.335,5.335,252300000.0,1192700000.0,611500000.0,611500000.0,109500000.0,,,,,2900000.0,243000000.0,1.0,268509544.0,268509544.0,,2.277,2479300000.0,121600000.0,19900000.0,96000000.0,9.234,1027300000.0
38,AGN1,MRQ,2005-06-30,2005-06-24,2005-06-24,2021-08-25,-49600000.0,2361400000.0,,1397600000.0,963800000.0,,4.224,-111400000.0,873100000.0,873100000.0,107200000.0,33400000.0,2.612,1.082,577900000.0,4100000.0,573800000.0,577900000.0,0.0,20500000.0,0.0,0.0,0.0,142100000.0,162600000.0,0.273,162600000.0,142100000.0,137500000.0,0.13,0.125,0.13,1134100000.0,,1134100000.0,11187670267.0,20.0,17.396,13200000.0,0.049,1.0,487400000.0,0.82,159100000.0,4600000.0,1372000000.0,,88700000.0,226500000.0,0.0,226500000.0,1227300000.0,535100000.0,692200000.0,11472070267.0,8600000.0,0.0,12100000.0,-4000000.0,-13000000.0,-4900000.0,-111200000.0,0.0,124600000.0,100000.0,33400000.0,33400000.0,33400000.0,0.0,0.0,0.056,351200000.0,136200000.0,118200000.0,0.0,10.116,36.098,35.31,461900000.0,0.0,42.725,5.203,5.203,281000000.0,1062400000.0,594600000.0,594600000.0,90700000.0,,,,,3400000.0,245100000.0,1.0,268509544.0,268509544.0,,2.214,2202300000.0,116300000.0,104100000.0,146400000.0,8.202,862500000.0
39,AGN1,MRQ,2005-03-31,2005-03-25,2005-03-25,2021-08-25,-49200000.0,2248600000.0,,1374700000.0,873900000.0,,4.078,-13900000.0,864500000.0,864500000.0,94100000.0,79900000.0,2.965,1.053,580100000.0,8100000.0,572000000.0,580100000.0,0.0,17000000.0,0.0,0.0,0.0,123600000.0,140600000.0,0.265,140600000.0,123600000.0,119100000.0,0.305,0.3,0.305,1095100000.0,,1095100000.0,9193637858.0,17.0,14.786,77000000.0,0.287,1.0,436000000.0,0.822,64600000.0,4500000.0,1435900000.0,,98200000.0,236700000.0,0.0,236700000.0,1153500000.0,463700000.0,689800000.0,9505237858.0,-30300000.0,0.0,-90400000.0,-4600000.0,-13100000.0,-108100000.0,-13900000.0,0.0,90900000.0,800000.0,79900000.0,79900000.0,79900000.0,0.0,0.0,0.151,322600000.0,113400000.0,111100000.0,0.0,8.68,25.266,24.755,458700000.0,0.0,35.4,4.491,4.491,267500000.0,1045100000.0,530100000.0,530100000.0,82000000.0,,,,,3700000.0,213200000.0,1.0,268509544.0,268509544.0,,1.974,2184000000.0,113900000.0,39200000.0,71800000.0,8.134,911000000.0
40,AGN1,MRQ,2004-12-31,2004-12-31,2004-12-31,2021-08-25,-45700000.0,2257000000.0,,1376000000.0,881000000.0,,4.157,-38000000.0,894800000.0,894800000.0,98800000.0,112500000.0,2.994,1.022,583200000.0,13100000.0,570100000.0,583200000.0,0.0,17800000.0,0.0,0.0,0.0,164600000.0,182400000.0,0.32,182400000.0,164600000.0,160700000.0,0.425,0.425,0.425,1116200000.0,,1116200000.0,10695034366.0,19.0,17.32,135400000.0,0.504,1.0,470700000.0,0.827,66800000.0,3900000.0,1419000000.0,,89900000.0,230000000.0,0.0,230000000.0,1140800000.0,459600000.0,681200000.0,10884034366.0,115900000.0,0.0,3600000.0,-9900000.0,-11800000.0,-18100000.0,-36400000.0,0.0,173400000.0,-3000000.0,112500000.0,112500000.0,112500000.0,0.0,0.0,0.198,319400000.0,151300000.0,97900000.0,0.0,9.751,28.862,28.247,468500000.0,0.0,40.535,5.286,5.286,243500000.0,982500000.0,569500000.0,569500000.0,85300000.0,,,,,3600000.0,218900000.0,1.0,268509544.0,268509544.0,,2.121,2190200000.0,115700000.0,48200000.0,93000000.0,8.157,916400000.0
41,AGN1,MRQ,2004-09-30,2004-09-24,2004-09-24,2021-08-25,-55600000.0,2099200000.0,,1237200000.0,862000000.0,,3.715,-29600000.0,778900000.0,778900000.0,99100000.0,92000000.0,2.906,1.104,589900000.0,21600000.0,568300000.0,589900000.0,0.0,18400000.0,0.0,0.0,0.0,139100000.0,157500000.0,0.308,157500000.0,139100000.0,132300000.0,0.35,0.345,0.35,997500000.0,,997500000.0,10409304191.0,31.0,25.874,194400000.0,0.724,1.0,411700000.0,0.806,68600000.0,6800000.0,1415900000.0,,84800000.0,216700000.0,0.0,216700000.0,1101700000.0,425700000.0,676000000.0,10457104191.0,128300000.0,0.0,-35400000.0,-14700000.0,-11800000.0,-61900000.0,-30800000.0,0.0,224000000.0,-3000000.0,92000000.0,92000000.0,92000000.0,0.0,0.0,0.18,278500000.0,133200000.0,97300000.0,0.0,10.483,60.167,58.564,448200000.0,0.0,38.945,5.311,5.311,262000000.0,883700000.0,510800000.0,510800000.0,83000000.0,,,,,2000000.0,195500000.0,1.0,268509544.0,268509544.0,,1.902,2030600000.0,128500000.0,40300000.0,55200000.0,7.562,811500000.0
42,AGN1,MRQ,2004-06-30,2004-06-25,2004-06-25,2021-08-25,-59600000.0,2001200000.0,,1151100000.0,850100000.0,,3.526,-21200000.0,650600000.0,650600000.0,96200000.0,91800000.0,3.024,1.114,602800000.0,36300000.0,566500000.0,602800000.0,0.0,15400000.0,0.0,0.0,0.0,125900000.0,141300000.0,0.279,141300000.0,125900000.0,122200000.0,0.35,0.34,0.35,946700000.0,,946700000.0,12115884766.0,40.0,32.79,82000000.0,0.305,1.0,410000000.0,0.81,70200000.0,3700000.0,1502500000.0,,83500000.0,218600000.0,0.0,218600000.0,1054500000.0,380700000.0,673800000.0,12090984766.0,82300000.0,0.0,2100000.0,8000000.0,-11900000.0,-1800000.0,-21500000.0,0.0,103200000.0,2400000.0,91800000.0,91800000.0,91800000.0,0.0,0.0,0.181,285200000.0,124800000.0,90700000.0,0.0,12.772,76.622,74.43,432800000.0,0.0,45.03,6.359,6.359,282300000.0,803200000.0,506200000.0,506200000.0,88500000.0,,,,,2700000.0,196700000.0,1.0,268509544.0,268509544.0,,1.885,1931000000.0,128500000.0,30400000.0,31200000.0,7.192,770400000.0
43,AGN1,MRQ,2004-03-31,2004-03-26,2004-03-26,2021-08-25,-56300000.0,1888200000.0,,1054800000.0,833400000.0,,3.178,-18100000.0,568300000.0,568300000.0,87600000.0,80800000.0,2.808,1.213,593200000.0,28500000.0,564700000.0,593200000.0,0.0,16700000.0,0.0,0.0,0.0,119600000.0,136300000.0,0.289,136300000.0,119600000.0,115900000.0,0.31,0.3,0.31,853200000.0,,853200000.0,11262782126.0,3129.0,172.478,29800000.0,0.111,1.0,384800000.0,0.815,72600000.0,3700000.0,1464900000.0,,82900000.0,217600000.0,0.0,217600000.0,1035000000.0,375600000.0,659400000.0,11172682126.0,60700000.0,0.0,48100000.0,-6400000.0,-11800000.0,29900000.0,-18100000.0,0.0,47900000.0,1000000.0,80800000.0,80800000.0,80800000.0,0.0,0.0,0.171,266700000.0,118100000.0,79900000.0,0.0,13.095,-266.651,-260.062,424600000.0,0.0,41.61,6.063,6.063,280200000.0,738500000.0,472400000.0,472400000.0,86100000.0,,,,,3200000.0,180600000.0,1.0,268509544.0,268509544.0,,1.759,1815600000.0,118600000.0,35100000.0,42400000.0,6.762,679200000.0
44,AGN1,MRQ,2003-12-31,2003-12-31,2003-12-31,2021-08-25,-54900000.0,1754900000.0,,928200000.0,826700000.0,,2.676,-59900000.0,507600000.0,507600000.0,89000000.0,-90800000.0,2.421,1.442,597700000.0,24400000.0,573300000.0,597700000.0,0.0,16200000.0,0.0,0.0,0.0,-49000000.0,-32800000.0,-0.068,-32800000.0,-49000000.0,-52400000.0,-0.345,-0.345,-0.345,718600000.0,,718600000.0,10217609037.0,-695.0,236.519,83600000.0,0.311,1.0,390400000.0,0.814,74700000.0,3400000.0,1386900000.0,,76300000.0,210900000.0,0.0,210900000.0,1036300000.0,383400000.0,652900000.0,10312109037.0,-215600000.0,-217700000.0,-46100000.0,-32900000.0,-11700000.0,-90700000.0,-270200000.0,0.0,143500000.0,1800000.0,-90800000.0,-90800000.0,-90800000.0,0.0,0.0,-0.189,441500000.0,-51100000.0,87200000.0,0.0,14.35,-196.421,-192.025,422500000.0,0.0,38.405,5.821,5.821,220100000.0,695700000.0,479400000.0,479400000.0,270900000.0,,,,,3600000.0,171000000.0,1.0,268509544.0,268509544.0,,1.785,1680200000.0,118600000.0,38400000.0,46500000.0,6.258,544800000.0
45,AGN1,MRQ,2003-09-30,2003-09-26,2003-09-26,2021-08-25,-62200000.0,1903400000.0,,1156900000.0,746500000.0,,3.167,-23100000.0,723200000.0,723200000.0,82800000.0,76000000.0,2.777,1.239,628700000.0,67600000.0,561100000.0,628700000.0,0.0,15000000.0,0.0,0.0,0.0,109700000.0,124700000.0,0.281,124700000.0,109700000.0,105800000.0,0.29,0.285,0.29,850300000.0,,850300000.0,10527612341.0,82.0,59.344,107100000.0,0.399,1.0,360500000.0,0.813,23000000.0,3900000.0,1369300000.0,,73800000.0,338200000.0,0.0,338200000.0,1053100000.0,416600000.0,636500000.0,10545712341.0,79300000.0,0.0,-10000000.0,700000.0,-11800000.0,-21100000.0,-29000000.0,0.0,130200000.0,-800000.0,76000000.0,76000000.0,76000000.0,0.0,0.0,0.171,252100000.0,108400000.0,87300000.0,0.0,12.402,102.685,99.43,385300000.0,0.0,39.275,6.266,6.266,235100000.0,811200000.0,443300000.0,443300000.0,81000000.0,,,,,1900000.0,171100000.0,1.0,268509544.0,268509544.0,,1.651,1880400000.0,0.0,29800000.0,47200000.0,7.003,740300000.0
46,AGN1,MRQ,2003-06-30,2003-06-27,2003-06-27,2021-08-25,-61800000.0,1793800000.0,,1064100000.0,729700000.0,,2.94,-21900000.0,643900000.0,643900000.0,85700000.0,-107900000.0,2.853,1.273,625800000.0,66500000.0,559300000.0,625800000.0,0.0,13800000.0,0.0,0.0,0.0,-176700000.0,-162900000.0,-0.364,-162900000.0,-176700000.0,-181300000.0,-0.415,-0.415,-0.415,789300000.0,,789300000.0,10177923428.0,-360.0,636.12,21500000.0,0.08,1.0,362000000.0,0.809,19800000.0,4600000.0,1382900000.0,,75800000.0,336600000.0,0.0,336600000.0,1004500000.0,373000000.0,631500000.0,10435623428.0,-234400000.0,-251800000.0,200000.0,3100000.0,-11700000.0,-8400000.0,-276300000.0,0.0,43400000.0,6900000.0,-107900000.0,-107900000.0,-107900000.0,0.0,0.0,-0.241,540800000.0,-178800000.0,94700000.0,0.0,13.221,-1033.23,-1110.429,373300000.0,0.0,38.865,6.524,6.524,222400000.0,759400000.0,447700000.0,447700000.0,355700000.0,,,,,2300000.0,185100000.0,1.0,268509544.0,268509544.0,,1.667,1774000000.0,0.0,-73400000.0,29300000.0,6.607,691100000.0
47,AGN1,MRQ,2003-03-31,2003-03-28,2003-03-28,2021-08-25,-71100000.0,1914000000.0,,1297500000.0,616500000.0,,3.306,-17000000.0,878300000.0,878300000.0,77300000.0,70200000.0,3.026,1.156,620600000.0,92900000.0,527700000.0,620600000.0,0.0,12900000.0,0.0,0.0,0.0,101300000.0,114200000.0,0.285,114200000.0,101300000.0,97600000.0,0.27,0.265,0.27,887600000.0,,887600000.0,9131187675.0,59.0,46.187,101200000.0,0.377,1.0,323700000.0,0.807,25500000.0,3700000.0,1202000000.0,,78700000.0,231200000.0,0.0,231200000.0,1026400000.0,428800000.0,597600000.0,9289087675.0,104300000.0,0.0,12300000.0,2800000.0,-11700000.0,3400000.0,-19400000.0,0.0,118200000.0,2100000.0,70200000.0,70200000.0,70200000.0,0.0,0.0,0.175,225900000.0,97800000.0,79500000.0,0.0,10.465,91.428,87.582,359800000.0,0.0,34.595,6.199,6.199,216100000.0,907800000.0,401000000.0,401000000.0,55900000.0,,,,,2500000.0,170000000.0,1.0,268509544.0,268509544.0,,1.493,1888500000.0,0.0,27400000.0,76000000.0,7.033,868700000.0
48,AGN1,MRQ,2002-12-31,2002-12-31,2002-12-31,2021-08-25,-73400000.0,1806600000.0,,1200200000.0,606400000.0,,3.123,-40300000.0,774000000.0,774000000.0,81300000.0,64400000.0,2.974,1.235,616100000.0,89700000.0,526400000.0,616100000.0,0.0,7400000.0,0.0,0.0,0.0,94000000.0,101400000.0,0.259,101400000.0,94000000.0,89400000.0,0.25,0.245,0.25,808300000.0,,808300000.0,7196294400.0,61.0,45.431,-72700000.0,-0.281,1.0,309600000.0,0.792,30700000.0,4600000.0,1214400000.0,,70400000.0,223700000.0,0.0,223700000.0,998300000.0,403600000.0,594700000.0,7457594400.0,19800000.0,0.0,1400000.0,107600000.0,-11700000.0,97300000.0,-46500000.0,0.0,-32400000.0,4100000.0,64400000.0,64400000.0,64400000.0,0.0,0.0,0.165,203800000.0,105800000.0,82000000.0,0.0,9.226,99.17,99.345,352000000.0,0.0,28.81,5.232,5.232,220600000.0,871700000.0,390900000.0,390900000.0,62800000.0,,,,,2700000.0,143000000.0,1.0,258854370.0,258854370.0,,1.51,1775900000.0,0.0,25000000.0,58200000.0,6.861,796600000.0
49,AGN1,MRQ,2002-09-30,2002-09-27,2002-09-27,2021-08-25,-86200000.0,1735100000.0,,1169400000.0,565700000.0,,2.853,-5400000.0,754300000.0,754300000.0,69300000.0,-36800000.0,2.42,1.352,493000000.0,47700000.0,445300000.0,493000000.0,0.0,10200000.0,0.0,0.0,0.0,-46900000.0,-36700000.0,-0.102,-36700000.0,-46900000.0,-50900000.0,-0.14,-0.14,-0.14,737700000.0,,737700000.0,6920016811.0,50.0,37.507,42800000.0,0.166,1.0,290700000.0,0.807,24500000.0,4000000.0,966100000.0,,70200000.0,220400000.0,0.0,220400000.0,997400000.0,483200000.0,514200000.0,6909116811.0,-17500000.0,0.0,0.0,-75300000.0,-11600000.0,-86900000.0,2900000.0,0.0,48200000.0,-11000000.0,-36800000.0,-36800000.0,-36800000.0,0.0,0.0,-0.102,326600000.0,-35900000.0,79700000.0,0.0,9.366,72.804,73.219,320800000.0,0.0,26.725,5.111,5.111,223800000.0,824400000.0,360000000.0,360000000.0,59000000.0,,,,,2100000.0,148400000.0,1.0,258526354.0,258526354.0,,1.393,1710600000.0,0.0,-14100000.0,49900000.0,6.617,686200000.0
50,AGN1,MRQ,2002-06-30,2002-06-28,2002-06-28,2021-08-25,-75100000.0,2216200000.0,,1444000000.0,772200000.0,,3.141,-20900000.0,854800000.0,854800000.0,54200000.0,3800000.0,3.001,1.627,865700000.0,53700000.0,812000000.0,865700000.0,0.0,11300000.0,0.0,0.0,0.0,7500000.0,18800000.0,0.054,18800000.0,7500000.0,3000000.0,0.015,0.015,0.015,843500000.0,,843500000.0,8968906031.0,32.0,28.41,19900000.0,0.074,1.0,292500000.0,0.844,128900000.0,4500000.0,1617000000.0,,124400000.0,287400000.0,0.0,287400000.0,1372700000.0,481200000.0,891500000.0,8961506031.0,97000000.0,0.0,1700000.0,-29000000.0,-11700000.0,-39000000.0,-27800000.0,0.0,40800000.0,-3700000.0,3800000.0,3800000.0,3800000.0,-6500000.0,0.0,0.011,292500000.0,0.0,121100000.0,0.0,10.624,45.146,43.914,355900000.0,0.0,33.375,6.99,6.99,333300000.0,930300000.0,346700000.0,346700000.0,57300000.0,,,,,2500000.0,184500000.0,1.0,268509544.0,268509544.0,,1.291,2087300000.0,0.0,-800000.0,91900000.0,7.774,962800000.0
51,AGN1,MRQ,2002-03-31,2002-03-29,2002-03-29,2021-08-25,-68900000.0,1986300000.0,,1220200000.0,766100000.0,,3.157,-5300000.0,679700000.0,679700000.0,53500000.0,43800000.0,2.6,1.343,687100000.0,93700000.0,593400000.0,687100000.0,0.0,11800000.0,0.0,0.0,0.0,63100000.0,74900000.0,0.229,74900000.0,63100000.0,58800000.0,0.17,0.165,0.17,847700000.0,,847700000.0,8512371010.0,26.0,23.075,-14300000.0,-0.053,1.0,274200000.0,0.837,127400000.0,4300000.0,1397000000.0,,127800000.0,259900000.0,0.0,259900000.0,1138600000.0,469300000.0,669300000.0,8679571010.0,-100200000.0,0.0,-159500000.0,70700000.0,-11700000.0,-100500000.0,-8200000.0,0.0,-9000000.0,-1200000.0,43800000.0,43800000.0,43800000.0,-4700000.0,0.0,0.134,215100000.0,59100000.0,91800000.0,0.0,10.239,40.072,38.946,378800000.0,0.0,32.325,6.349,6.349,286300000.0,956100000.0,327700000.0,327700000.0,54000000.0,,,,,3000000.0,147900000.0,1.0,268509544.0,268509544.0,,1.22,1858900000.0,0.0,15000000.0,96700000.0,6.923,750900000.0
52,AGN1,MRQ,2001-12-31,2001-12-31,2001-12-31,2021-08-25,-61600000.0,2046200000.0,,1114800000.0,931400000.0,,3.725,-32500000.0,774900000.0,774900000.0,62500000.0,84100000.0,2.757,1.094,519900000.0,75100000.0,444800000.0,519900000.0,0.0,12800000.0,0.0,0.0,0.0,114700000.0,127500000.0,0.402,127500000.0,114700000.0,110400000.0,0.32,0.315,0.32,977400000.0,,977400000.0,9727489137.0,29.0,25.299,73400000.0,0.28,1.0,254800000.0,0.803,25500000.0,4300000.0,1361300000.0,,55000000.0,168000000.0,0.0,168000000.0,1068800000.0,404400000.0,664400000.0,9845189137.0,30600000.0,0.0,-39300000.0,-4900000.0,-11900000.0,-56100000.0,-43900000.0,0.0,105900000.0,5600000.0,84100000.0,84100000.0,84100000.0,-23200000.0,0.0,0.265,167900000.0,86900000.0,74700000.0,0.0,10.073,43.776,43.889,360400000.0,0.0,37.525,8.188,8.188,164700000.0,928400000.0,317300000.0,317300000.0,50500000.0,,,,,-1300000.0,119100000.0,1.0,262363468.0,262363468.0,,1.209,2020700000.0,0.0,26300000.0,114400000.0,7.702,710400000.0
53,AGN1,MRQ,2001-09-30,2001-09-28,2001-09-28,2021-08-25,-71200000.0,2001200000.0,,1321100000.0,680100000.0,,3.519,-16400000.0,752900000.0,752900000.0,57900000.0,66800000.0,2.718,1.152,635200000.0,107900000.0,527300000.0,635200000.0,0.0,2400000.0,0.0,0.0,0.0,92100000.0,94500000.0,0.326,94500000.0,92100000.0,87500000.0,0.255,0.25,0.255,929900000.0,,929900000.0,8689742791.0,29.0,25.862,68400000.0,0.259,1.0,232400000.0,0.801,133600000.0,4600000.0,1263900000.0,,123400000.0,183600000.0,0.0,183600000.0,1071300000.0,486000000.0,585300000.0,8758942791.0,56800000.0,0.0,-33300000.0,-3200000.0,-11800000.0,-48300000.0,-13000000.0,0.0,84800000.0,-3900000.0,66800000.0,66800000.0,66800000.0,-17900000.0,0.0,0.23,165100000.0,67300000.0,91400000.0,0.0,9.419,42.54,41.962,362900000.0,0.0,33.15,8.814,8.814,288100000.0,860400000.0,290300000.0,290300000.0,50900000.0,,,,,2400000.0,114200000.0,1.0,264221502.0,264221502.0,,1.099,1867600000.0,0.0,20700000.0,108400000.0,7.068,835100000.0
54,AGN1,MRQ,2001-06-30,2001-06-29,2001-06-29,2021-08-25,-60600000.0,1946500000.0,,1265800000.0,680700000.0,,3.471,-18400000.0,700100000.0,700100000.0,113200000.0,21900000.0,2.848,1.131,630900000.0,96600000.0,534300000.0,630900000.0,0.0,19100000.0,0.0,0.0,0.0,52900000.0,72000000.0,0.167,72000000.0,52900000.0,47300000.0,0.085,0.08,0.085,913600000.0,,913600000.0,10943120990.0,38.0,32.376,35900000.0,0.136,1.0,318600000.0,0.738,136500000.0,5600000.0,1296400000.0,,129300000.0,186500000.0,0.0,186500000.0,1032900000.0,444400000.0,588500000.0,11057220990.0,-47300000.0,-70200000.0,12300000.0,-5500000.0,-11900000.0,-5100000.0,-94700000.0,0.0,54300000.0,-1800000.0,21900000.0,21900000.0,21900000.0,0.0,0.0,0.051,273800000.0,44800000.0,95600000.0,0.0,12.103,57.084,56.396,357700000.0,0.0,42.015,10.051,10.051,279200000.0,809900000.0,431800000.0,431800000.0,94900000.0,,,,,2900000.0,179100000.0,1.0,263173176.0,263173176.0,,1.641,1810000000.0,0.0,25400000.0,89200000.0,6.878,821400000.0
55,AGN1,MRQ,2001-03-31,2001-03-30,2001-03-30,2021-08-25,-60200000.0,1959500000.0,,1321100000.0,638400000.0,,3.273,-12200000.0,747400000.0,747400000.0,124900000.0,52100000.0,3.08,1.23,633300000.0,56500000.0,576800000.0,633300000.0,0.0,18700000.0,0.0,0.0,0.0,79400000.0,98100000.0,0.232,98100000.0,79400000.0,74100000.0,0.2,0.195,0.2,878700000.0,,878700000.0,9824991344.0,31.0,26.706,34800000.0,0.13,1.0,298100000.0,0.705,126200000.0,5300000.0,1290300000.0,,128000000.0,161000000.0,0.0,161000000.0,1080800000.0,428900000.0,651900000.0,9954991344.0,-26500000.0,0.0,-39700000.0,-1900000.0,-11900000.0,-53500000.0,-15200000.0,0.0,47000000.0,-4800000.0,52100000.0,52100000.0,52100000.0,0.0,0.0,0.123,234400000.0,63700000.0,89800000.0,0.0,11.329,44.502,43.11,351200000.0,0.0,37.075,9.165,9.165,297300000.0,811600000.0,423000000.0,423000000.0,45700000.0,,,,,3100000.0,189200000.0,1.0,268509544.0,268509544.0,,1.575,1833300000.0,0.0,22000000.0,102700000.0,6.828,892200000.0
56,AGN1,MRQ,2000-12-31,2000-12-31,2000-12-31,2021-08-25,-50800000.0,1971000000.0,,1326300000.0,644700000.0,,3.323,-17200000.0,773900000.0,773900000.0,-105100000.0,65100000.0,3.067,1.256,643900000.0,59200000.0,584700000.0,643900000.0,0.0,-2700000.0,0.0,0.0,0.0,74100000.0,71400000.0,-0.472,71400000.0,74100000.0,72800000.0,0.25,0.245,0.25,873800000.0,,873800000.0,12697769049.0,42.0,35.728,32300000.0,0.123,1.0,-46300000.0,0.306,133200000.0,1300000.0,1275300000.0,,122700000.0,159900000.0,0.0,159900000.0,1097200000.0,432500000.0,664700000.0,12729969049.0,384700000.0,0.0,19400000.0,286900000.0,-10500000.0,295800000.0,-27500000.0,400000.0,49500000.0,-5700000.0,65100000.0,65100000.0,65100000.0,-49200000.0,0.0,-0.43,-60800000.0,14500000.0,96300000.0,0.0,14.569,59.182,58.674,351600000.0,0.0,48.406,12.066,12.066,290100000.0,780000000.0,-151400000.0,-151400000.0,20500000.0,,,,,300000.0,-80900000.0,1.0,262981930.0,262981930.0,,-0.576,1837800000.0,0.0,7700000.0,98500000.0,6.988,893800000.0
57,AGN1,MRQ,2000-09-30,2000-09-29,2000-09-29,2021-08-25,-54700000.0,1538800000.0,,905200000.0,633600000.0,,2.98,-15100000.0,378900000.0,378900000.0,118800000.0,54600000.0,2.189,0.966,346700000.0,86200000.0,260500000.0,346700000.0,0.0,16900000.0,0.0,0.0,0.0,79600000.0,96500000.0,0.243,96500000.0,79600000.0,75100000.0,0.21,0.205,0.21,782900000.0,,782900000.0,11132853070.0,35.0,28.142,100300000.0,0.382,1.0,277900000.0,0.701,138500000.0,4500000.0,954500000.0,,121600000.0,156100000.0,0.0,156100000.0,755900000.0,413600000.0,342300000.0,11092053070.0,76500000.0,0.0,-19300000.0,6800000.0,-10500000.0,-23000000.0,-19500000.0,0.0,115400000.0,3600000.0,54600000.0,54600000.0,54600000.0,0.0,0.0,0.138,203400000.0,74500000.0,83100000.0,0.0,14.168,52.996,52.773,339000000.0,0.0,42.219,6.932,6.932,278100000.0,736600000.0,396700000.0,396700000.0,47800000.0,,,,,2300000.0,156400000.0,1.0,262728126.0,262728126.0,,1.51,1400300000.0,0.0,20500000.0,74500000.0,5.33,491600000.0
58,AGN1,MRQ,2000-06-30,2000-06-30,2000-06-30,2021-08-25,-54700000.0,1470200000.0,,834000000.0,636200000.0,,2.885,-18300000.0,302400000.0,302400000.0,125200000.0,51900000.0,2.174,0.966,343200000.0,84100000.0,259100000.0,343200000.0,0.0,22200000.0,0.0,0.0,0.0,79700000.0,101900000.0,0.244,101900000.0,79700000.0,74200000.0,0.2,0.195,0.2,747700000.0,,747700000.0,9756556774.0,32.0,25.309,25200000.0,0.097,1.0,292700000.0,0.7,143400000.0,5500000.0,984000000.0,,120700000.0,157500000.0,0.0,157500000.0,722500000.0,383600000.0,338900000.0,9653456774.0,10800000.0,0.0,46600000.0,-47700000.0,-10500000.0,-11600000.0,-19600000.0,2600000.0,43500000.0,-1500000.0,51900000.0,51900000.0,51900000.0,0.0,0.0,0.124,219000000.0,73700000.0,76300000.0,0.0,12.911,47.86,48.377,335300000.0,0.0,37.25,6.18,6.18,283000000.0,701800000.0,417900000.0,417900000.0,51700000.0,,,,,1900000.0,168100000.0,1.0,259153202.0,259153202.0,,1.613,1326800000.0,0.0,22300000.0,63500000.0,5.12,450400000.0
59,AGN1,MRQ,2000-03-31,2000-03-31,2000-03-31,2021-08-25,-51600000.0,1425900000.0,,789000000.0,636900000.0,,2.413,-9200000.0,291600000.0,291600000.0,118200000.0,43500000.0,2.011,1.201,394700000.0,87000000.0,307700000.0,394700000.0,0.0,18600000.0,0.0,0.0,0.0,67000000.0,85600000.0,0.218,85600000.0,67000000.0,62100000.0,0.165,0.165,0.165,647800000.0,,647800000.0,6843938600.0,23.0,18.552,60600000.0,0.226,1.0,273600000.0,0.698,147900000.0,4900000.0,988800000.0,,132200000.0,160400000.0,0.0,160400000.0,778100000.0,392300000.0,385800000.0,6712738600.0,128700000.0,0.0,-21400000.0,101700000.0,-10400000.0,69900000.0,-11500000.0,0.0,69800000.0,500000.0,43500000.0,43500000.0,43500000.0,0.0,0.0,0.111,210400000.0,63200000.0,68400000.0,0.0,10.362,34.127,33.557,328600000.0,0.0,25.0,4.407,4.407,238100000.0,669600000.0,391800000.0,391800000.0,45700000.0,,,,,1900000.0,165500000.0,1.0,268509544.0,268509544.0,,1.459,1278000000.0,0.0,18600000.0,76800000.0,4.76,396700000.0
60,AGN1,MRQ,1999-12-31,1999-12-31,1999-12-31,2021-08-25,-49300000.0,1339100000.0,,697500000.0,641600000.0,,2.341,-18200000.0,162900000.0,162900000.0,114000000.0,59300000.0,1.661,1.11,294100000.0,85300000.0,208800000.0,294100000.0,0.0,21900000.0,0.0,0.0,0.0,89700000.0,111600000.0,0.283,111600000.0,89700000.0,84700000.0,0.225,0.22,0.225,634500000.0,,634500000.0,6809472150.0,24.0,19.032,24900000.0,0.092,1.0,279700000.0,0.71,150500000.0,5000000.0,899900000.0,,130700000.0,160800000.0,0.0,160800000.0,704600000.0,419900000.0,284700000.0,6741672150.0,-102000000.0,0.0,-95300000.0,-40900000.0,-9200000.0,-145400000.0,-1100000.0,25200000.0,43100000.0,1400000.0,59300000.0,59300000.0,59300000.0,0.0,0.0,0.151,197700000.0,82000000.0,80500000.0,0.0,10.625,35.822,35.035,330300000.0,0.0,24.875,4.642,4.642,253200000.0,651100000.0,393700000.0,393700000.0,54000000.0,,,,,1800000.0,155800000.0,1.0,271021996.0,271021996.0,,1.453,1188600000.0,0.0,25400000.0,83400000.0,4.386,277600000.0
61,AGN1,MRQ,1999-09-30,1999-09-24,1999-09-24,2021-08-25,-43500000.0,1427700000.0,,767900000.0,659800000.0,,2.57,-12400000.0,264900000.0,264900000.0,112900000.0,47000000.0,1.795,1.104,332700000.0,84700000.0,248000000.0,332700000.0,0.0,15600000.0,0.0,0.0,0.0,70800000.0,86400000.0,0.241,86400000.0,70800000.0,67200000.0,0.18,0.175,0.18,678500000.0,,678500000.0,7081058383.0,31.0,23.463,61600000.0,0.233,1.0,245800000.0,0.685,159100000.0,3600000.0,908700000.0,,126200000.0,180400000.0,0.0,180400000.0,749200000.0,427700000.0,321500000.0,7048958383.0,49300000.0,0.0,-58900000.0,63800000.0,-9200000.0,-4300000.0,-18400000.0,1100000.0,74000000.0,-2000000.0,47000000.0,47000000.0,47000000.0,0.0,0.0,0.131,178600000.0,67200000.0,81500000.0,0.0,10.389,44.755,44.879,320300000.0,0.0,26.703,4.981,4.981,242800000.0,610600000.0,358700000.0,358700000.0,44500000.0,,,,,1700000.0,135700000.0,1.0,263975036.0,263975036.0,,1.359,1268600000.0,0.0,20200000.0,58000000.0,4.806,340200000.0
62,AGN1,MRQ,1999-06-30,1999-06-25,1999-06-25,2021-08-25,-29700000.0,1361800000.0,,705900000.0,655900000.0,,2.664,-8600000.0,215600000.0,215600000.0,124000000.0,46900000.0,1.599,0.919,247700000.0,109400000.0,138300000.0,247700000.0,0.0,15800000.0,0.0,0.0,0.0,69500000.0,85300000.0,0.225,85300000.0,69500000.0,66300000.0,0.175,0.17,0.175,709500000.0,,709500000.0,7129687232.0,55.0,34.967,46400000.0,0.174,1.0,254900000.0,0.673,158300000.0,3200000.0,794200000.0,,130700000.0,179900000.0,0.0,179900000.0,652300000.0,441400000.0,210900000.0,7104287232.0,6100000.0,0.0,-39500000.0,13600000.0,-9300000.0,-35200000.0,-13100000.0,2200000.0,55000000.0,-600000.0,46900000.0,46900000.0,46900000.0,0.0,0.0,0.124,189000000.0,65900000.0,78700000.0,0.0,10.013,89.814,90.413,317700000.0,0.0,26.672,5.126,5.126,227700000.0,574300000.0,378900000.0,378900000.0,38200000.0,,,,,2600000.0,152500000.0,1.0,266358748.0,266358748.0,,1.423,1203500000.0,0.0,19400000.0,44800000.0,4.518,264500000.0
63,AGN1,MRQ,1999-03-31,1999-03-26,1999-03-26,2021-08-25,-37600000.0,1316400000.0,,664700000.0,651700000.0,,2.592,-10400000.0,209500000.0,209500000.0,98800000.0,35000000.0,1.887,0.891,234900000.0,39400000.0,195500000.0,234900000.0,0.0,20500000.0,0.0,0.0,0.0,54000000.0,74500000.0,0.232,74500000.0,54000000.0,50700000.0,0.13,0.13,0.13,696000000.0,,696000000.0,6193587132.0,55.0,32.495,71800000.0,0.267,1.0,222300000.0,0.692,159500000.0,3300000.0,830000000.0,,126500000.0,175600000.0,0.0,175600000.0,620400000.0,352300000.0,268100000.0,6125587132.0,27900000.0,0.0,-2800000.0,-16400000.0,-9300000.0,-28500000.0,-20400000.0,5300000.0,82200000.0,-5400000.0,35000000.0,35000000.0,35000000.0,0.0,0.0,0.109,173900000.0,48400000.0,80300000.0,0.0,8.801,91.427,90.168,316600000.0,0.0,22.812,4.577,4.577,202300000.0,536100000.0,321100000.0,321100000.0,31700000.0,,,,,3900000.0,143900000.0,1.0,268518888.0,268518888.0,,1.196,1156900000.0,0.0,15700000.0,43700000.0,4.308,312400000.0
64,AGN1,MRQ,1998-12-31,1998-12-31,1998-12-31,2021-08-25,-4300000.0,1334400000.0,,661200000.0,673200000.0,,2.637,-13800000.0,181600000.0,181600000.0,118600000.0,28600000.0,1.794,0.917,249600000.0,48500000.0,201100000.0,249600000.0,0.0,19800000.0,0.0,0.0,0.0,35800000.0,55600000.0,0.156,55600000.0,35800000.0,32300000.0,0.11,0.11,0.11,696000000.0,,696000000.0,4367077688.0,-107.0,123.016,37800000.0,0.143,1.0,237900000.0,0.667,169100000.0,3500000.0,864800000.0,,123300000.0,179200000.0,0.0,179200000.0,638400000.0,368500000.0,269900000.0,4272877688.0,-18400000.0,0.0,11400000.0,-54700000.0,-8500000.0,-51800000.0,-18200000.0,1500000.0,51600000.0,0.0,28600000.0,28600000.0,28600000.0,0.0,0.0,0.08,210000000.0,27900000.0,67000000.0,0.0,6.139,-47.371,-46.92,324900000.0,0.0,16.188,3.297,3.297,226100000.0,516300000.0,356500000.0,356500000.0,32800000.0,,,,,2300000.0,150700000.0,1.0,263961556.0,263961556.0,,1.351,1165300000.0,0.0,3700000.0,39400000.0,4.415,292700000.0
65,AGN1,MRQ,1998-09-30,1998-09-25,1998-09-25,2021-08-25,-1300000.0,1325700000.0,,678000000.0,647700000.0,,2.525,-11700000.0,200000000.0,200000000.0,105700000.0,-31400000.0,1.792,1.008,294200000.0,72600000.0,221600000.0,294200000.0,0.0,19100000.0,0.0,0.0,0.0,-30600000.0,-11500000.0,-0.035,-11500000.0,-30600000.0,-36500000.0,-0.12,-0.12,-0.12,660200000.0,,660200000.0,4113543374.0,-120.0,107.967,86200000.0,0.33,1.0,223700000.0,0.679,188000000.0,5900000.0,853500000.0,,135000000.0,140800000.0,0.0,140800000.0,665500000.0,378400000.0,287100000.0,3938743374.0,46400000.0,0.0,11600000.0,-33700000.0,-8500000.0,-30600000.0,-20700000.0,500000.0,97900000.0,-200000.0,-31400000.0,-31400000.0,-31400000.0,0.0,0.0,-0.095,256100000.0,-32400000.0,74100000.0,0.0,5.966,-53.735,-53.224,318900000.0,0.0,15.062,3.148,3.148,208600000.0,497500000.0,329400000.0,329400000.0,32800000.0,,,,,1700000.0,124500000.0,1.0,261493336.0,261493336.0,,1.26,1137700000.0,0.0,-5100000.0,20200000.0,4.351,299600000.0
66,AGN1,MRQ,1998-06-30,1998-06-26,1998-06-26,2021-08-25,1600000.0,1353500000.0,,633200000.0,720300000.0,,2.606,-8500000.0,153600000.0,153600000.0,112200000.0,34800000.0,1.724,0.975,328400000.0,82000000.0,246400000.0,328400000.0,0.0,19100000.0,0.0,0.0,0.0,52900000.0,72000000.0,0.217,72000000.0,52900000.0,48900000.0,0.133,0.13,0.133,685200000.0,,685200000.0,3278474522.0,54.0,25.084,45200000.0,0.172,1.0,219100000.0,0.661,200200000.0,4000000.0,960800000.0,,143500000.0,168700000.0,0.0,168700000.0,668300000.0,367300000.0,301000000.0,3077074522.0,39800000.0,0.0,-23700000.0,20600000.0,-8400000.0,-11500000.0,-1900000.0,14200000.0,53700000.0,-500000.0,34800000.0,34800000.0,34800000.0,0.0,0.0,0.105,175100000.0,44000000.0,68100000.0,0.0,4.491,1810.044,2340.625,351400000.0,0.0,11.703,2.538,2.538,214600000.0,540200000.0,331300000.0,331300000.0,35700000.0,,,,,2000000.0,132400000.0,1.0,262927596.0,262927596.0,,1.26,1153300000.0,0.0,14100000.0,42400000.0,4.386,265900000.0
67,AGN1,MRQ,1998-03-31,1998-03-27,1998-03-27,2021-08-25,100000.0,1316600000.0,,577100000.0,739500000.0,,2.589,-7800000.0,113800000.0,113800000.0,102600000.0,-122200000.0,1.595,0.942,315200000.0,90300000.0,224900000.0,315200000.0,0.0,18500000.0,0.0,0.0,0.0,-99100000.0,-80600000.0,-0.289,-80600000.0,-99100000.0,-102100000.0,-0.468,-0.468,-0.468,678000000.0,,678000000.0,2440276432.0,61.0,22.367,-158300000.0,-0.604,1.0,176300000.0,0.632,208400000.0,3000000.0,947700000.0,,152000000.0,176700000.0,0.0,176700000.0,638600000.0,361900000.0,276700000.0,2398176432.0,-67100000.0,0.0,3800000.0,91200000.0,-8400000.0,58000000.0,29000000.0,40800000.0,-150500000.0,-3600000.0,-122200000.0,-122200000.0,-122200000.0,0.0,0.0,-0.438,313900000.0,-137600000.0,64200000.0,0.0,3.537,-204.972,-203.472,354400000.0,0.0,9.156,2.052,2.052,187700000.0,513400000.0,278900000.0,278900000.0,24100000.0,,,,,2100000.0,117600000.0,1.0,261916880.0,261916880.0,,1.065,1108200000.0,0.0,20100000.0,54500000.0,4.231,215200000.0
68,AGN1,MRQ,1997-12-31,1997-12-31,1997-12-31,2021-08-25,11700000.0,1398900000.0,,636400000.0,762500000.0,,3.212,-24600000.0,180900000.0,180900000.0,108000000.0,45500000.0,1.752,0.663,223000000.0,80500000.0,142500000.0,223000000.0,0.0,15700000.0,0.0,0.0,0.0,42500000.0,58200000.0,0.187,58200000.0,42500000.0,40800000.0,0.172,0.172,0.172,841400000.0,,841400000.0,,,,92200000.0,0.352,1.0,203700000.0,0.654,213400000.0,1700000.0,864300000.0,,147800000.0,191300000.0,0.0,191300000.0,557500000.0,363300000.0,194200000.0,2197646321.0,39400000.0,0.0,2200000.0,-35300000.0,-8300000.0,-41400000.0,-36000000.0,0.0,116800000.0,0.0,45500000.0,45500000.0,45500000.0,0.0,0.0,0.146,159800000.0,43900000.0,83300000.0,0.0,2.612,17.129,17.124,357800000.0,0.0,8.391,1.913,1.913,187000000.0,670800000.0,311700000.0,311700000.0,41100000.0,,,,,2100000.0,118700000.0,1.0,261916880.0,261916880.0,,1.19,1185500000.0,0.0,-4700000.0,32500000.0,4.526,273100000.0
69,AGN1,MRQ,1997-09-30,1997-09-26,1997-09-26,2021-08-25,,,,,,,,-13900000.0,,,103400000.0,43600000.0,,,,,,,,17200000.0,,0.0,0.0,63900000.0,81100000.0,0.279,81100000.0,63900000.0,61400000.0,0.168,0.165,0.168,,,,,,,30500000.0,,1.0,187200000.0,0.644,,2500000.0,,,,,,,,,,,16000000.0,0.0,7200000.0,-6200000.0,-8300000.0,-7300000.0,-20000000.0,12400000.0,44400000.0,-1100000.0,43600000.0,43600000.0,43600000.0,0.0,0.0,0.15,137900000.0,49300000.0,,0.0,,,,,0.0,8.594,,,,,290600000.0,290600000.0,31600000.0,,,,,1400000.0,106300000.0,1.0,,,,,,,17800000.0,,,
70,AGN1,MRQ,1997-06-30,1997-06-27,1997-06-27,2021-08-25,,,,,,,,-7600000.0,,,102800000.0,21400000.0,,,,,,,,17900000.0,,0.0,0.0,32500000.0,50400000.0,0.175,50400000.0,32500000.0,30000000.0,0.083,0.083,0.083,,,,,,,25300000.0,,1.0,184600000.0,0.642,,2500000.0,,,,,,,,,,,7900000.0,0.0,-22200000.0,18600000.0,-8400000.0,-12000000.0,-13000000.0,0.0,32900000.0,0.0,21400000.0,21400000.0,21400000.0,0.0,0.0,0.074,153100000.0,31500000.0,,0.0,,,,,0.0,8.0,,,,,287400000.0,287400000.0,30900000.0,,,,,1900000.0,122200000.0,1.0,,,,,,,8600000.0,,,
71,AGN1,MRQ,1997-03-31,1997-03-28,1997-03-28,2021-08-25,,,,,,,,-7900000.0,,,95500000.0,17800000.0,,,,,,,,18000000.0,,0.0,0.0,27300000.0,45300000.0,0.175,45300000.0,27300000.0,25100000.0,0.068,0.068,0.068,,,,,,,7800000.0,,1.0,163800000.0,0.632,,2200000.0,,,,,,,,,,,5600000.0,0.0,-2600000.0,17200000.0,-8400000.0,6200000.0,-14900000.0,0.0,15700000.0,-1400000.0,17800000.0,17800000.0,17800000.0,0.0,0.0,0.069,139500000.0,24300000.0,,0.0,,,,,0.0,7.438,,,,,259300000.0,259300000.0,27600000.0,,,,,1800000.0,111900000.0,1.0,,,,,,,7300000.0,,,
72,AGN1,MRQ,1996-12-31,1996-12-31,1996-12-31,2021-08-25,4000000.0,1349800000.0,,599700000.0,750100000.0,,,,112000000.0,112000000.0,,,1.598,0.8,236600000.0,66600000.0,170000000.0,236600000.0,0.0,,0.0,0.0,0.0,,,,,,,,,,749800000.0,,749800000.0,,,,,,1.0,,,238600000.0,,860500000.0,,130100000.0,163000000.0,0.0,163000000.0,600000000.0,375300000.0,224700000.0,,,,,,,,,,,,,,,,,,,,75400000.0,,,,30.191,348500000.0,,8.906,,,242500000.0,574800000.0,,,,,,,,,,1.0,,,,,1111200000.0,0.0,,47200000.0,,224400000.0
0,AGN1,MRT,2014-12-31,2014-12-31,2014-12-31,2021-08-25,-408600000.0,12415700000.0,11443125000.0,6871200000.0,5544500000.0,0.633,25.204,-277400000.0,4911400000.0,4911400000.0,842400000.0,1528800000.0,4.412,0.6,2157400000.0,72100000.0,2085300000.0,2157400000.0,0.0,248100000.0,0.0,0.0,0.0,2050300000.0,2298400000.0,0.318,2298400000.0,2050300000.0,1980900000.0,5.12,5.01,5.12,7753000000.0,7066900000.0,7753000000.0,63627529777.0,31.0,27.683,1650400000.0,5.365,1.0,6395500000.0,0.884,4179400000.0,69400000.0,3925000000.0,4358950000.0,296000000.0,326900000.0,55000000.0,271900000.0,4652700000.0,1557300000.0,3095400000.0,65393929777.0,1865300000.0,-65700000.0,-318200000.0,16500000.0,-59600000.0,-204000000.0,182700000.0,525800000.0,1927800000.0,-41200000.0,1524200000.0,1524200000.0,1524200000.0,3800000.0,4600000.0,0.211,4386200000.0,2009300000.0,287400000.0,0.0,8.435,42.904,41.521,1006300000.0,0.0,212.59,9.035,9.035,914500000.0,5894800000.0,7237900000.0,7237900000.0,1191600000.0,0.133,0.216,0.47,0.283,159700000.0,2837200000.0,1.0,307605860.0,307605860.0,,23.53,8236300000.0,86900000.0,456700000.0,0.0,26.775,5313900000.0
1,AGN1,MRT,2014-09-30,2014-09-30,2014-09-30,2021-08-25,-293400000.0,11645800000.0,10982775000.0,6103800000.0,5542000000.0,0.638,23.116,-290300000.0,3910800000.0,3910800000.0,837900000.0,1302000000.0,3.895,0.637,2144400000.0,55800000.0,2088600000.0,2144400000.0,0.0,244500000.0,0.0,0.0,0.0,1865700000.0,2110200000.0,0.301,2110200000.0,1865700000.0,1793700000.0,4.36,4.28,4.36,7110700000.0,6744450000.0,7110700000.0,53775088193.0,29.0,25.483,1458600000.0,4.742,1.0,6173900000.0,0.881,4240400000.0,72000000.0,4072000000.0,4489800000.0,297700000.0,511500000.0,274600000.0,236900000.0,4526800000.0,1567000000.0,2959800000.0,54812288193.0,1224500000.0,-23000000.0,-429000000.0,18600000.0,-59500000.0,-430000000.0,-75200000.0,238100000.0,1748900000.0,-19200000.0,1299900000.0,1299900000.0,1299900000.0,600000.0,2100000.0,0.185,4336500000.0,1837400000.0,283200000.0,0.0,7.708,42.167,40.869,1005300000.0,0.0,178.19,7.817,7.817,967400000.0,5411900000.0,7011800000.0,7011800000.0,1195600000.0,0.118,0.193,0.416,0.266,136900000.0,2807600000.0,1.0,307605860.0,307605860.0,,22.795,7405400000.0,59400000.0,493800000.0,0.0,24.074,4536800000.0
2,AGN1,MRT,2014-06-30,2014-06-30,2014-06-30,2021-08-25,-216100000.0,10990800000.0,10607475000.0,5702900000.0,5287900000.0,0.637,22.062,-243600000.0,3189900000.0,3189900000.0,823500000.0,1289400000.0,4.055,0.618,2152700000.0,60900000.0,2091800000.0,2152700000.0,0.0,241200000.0,0.0,0.0,0.0,1871600000.0,2112800000.0,0.313,2112800000.0,1871600000.0,1798600000.0,4.32,4.25,4.32,6786000000.0,6488250000.0,6786000000.0,51391696081.0,27.0,24.324,1489800000.0,4.843,1.0,5929900000.0,0.878,3949800000.0,73000000.0,4597400000.0,4565275000.0,299900000.0,764300000.0,525600000.0,238700000.0,4196500000.0,1406400000.0,2790100000.0,52050796081.0,705900000.0,44500000.0,-461100000.0,9300000.0,-59500000.0,-485800000.0,-551800000.0,-352700000.0,1733400000.0,10100000.0,1287200000.0,1287200000.0,1287200000.0,33000000.0,2200000.0,0.191,3995100000.0,1934800000.0,300000000.0,0.0,7.67,40.437,39.171,977900000.0,0.0,169.22,7.707,7.707,1055000000.0,5138800000.0,6753400000.0,6753400000.0,1164700000.0,0.121,0.198,0.41,0.277,123700000.0,2682200000.0,1.0,307592460.0,307592460.0,,21.956,7041000000.0,121500000.0,511400000.0,0.0,22.891,4296500000.0
3,AGN1,MRT,2014-03-31,2014-03-31,2014-03-31,2021-08-25,-224000000.0,10720200000.0,10278525000.0,5458700000.0,5261500000.0,0.631,21.515,-206800000.0,2815300000.0,2815300000.0,800400000.0,1232200000.0,4.374,0.619,2156200000.0,61100000.0,2095100000.0,2156200000.0,0.0,242100000.0,0.0,0.0,0.0,1791000000.0,2033100000.0,0.313,2033100000.0,1791000000.0,1717700000.0,4.14,4.07,4.14,6617900000.0,6222225000.0,6617900000.0,37280024286.0,21.0,18.337,1534800000.0,4.99,1.0,5686500000.0,0.877,3971600000.0,73300000.0,4841400000.0,4467375000.0,296600000.0,1028100000.0,802000000.0,226100000.0,4095200000.0,1248100000.0,2847100000.0,38172224286.0,616500000.0,23800000.0,-115600000.0,2700000.0,-59400000.0,-183100000.0,-944700000.0,-761700000.0,1741600000.0,2700000.0,1229900000.0,1229900000.0,1229900000.0,25800000.0,2300000.0,0.19,3866400000.0,1820100000.0,316500000.0,0.0,5.768,31.037,29.976,942300000.0,0.0,124.1,5.885,5.885,990400000.0,4790500000.0,6486900000.0,6486900000.0,1142500000.0,0.12,0.198,0.401,0.276,120100000.0,2573200000.0,1.0,307592460.0,307592460.0,,21.089,6748600000.0,121500000.0,487800000.0,0.0,21.94,4210600000.0
4,AGN1,MRT,2013-12-31,2013-12-31,2013-12-31,2021-08-25,-226600000.0,10574300000.0,9911100000.0,5319700000.0,5254600000.0,0.636,21.015,-183500000.0,3046100000.0,3046100000.0,795800000.0,988700000.0,4.275,0.635,2153900000.0,55600000.0,2098300000.0,2153900000.0,0.0,254600000.0,0.0,0.0,0.0,1518400000.0,1773000000.0,0.281,1773000000.0,1518400000.0,1443400000.0,3.32,3.26,3.32,6463200000.0,5902025000.0,6463200000.0,33615504985.0,22.0,18.96,1511900000.0,4.916,1.0,5504600000.0,0.874,3989400000.0,75000000.0,4448400000.0,4281050000.0,285300000.0,816200000.0,603000000.0,213200000.0,4104800000.0,1244300000.0,2860500000.0,34163104985.0,344300000.0,-849400000.0,-471400000.0,600500000.0,-59400000.0,28200000.0,-1375300000.0,-342400000.0,1695400000.0,-4000000.0,985100000.0,985100000.0,985100000.0,283800000.0,3600000.0,0.156,3695300000.0,1809300000.0,283200000.0,0.0,5.286,34.68,33.458,923200000.0,0.0,111.08,5.422,5.422,883300000.0,4646700000.0,6300400000.0,6300400000.0,1042300000.0,0.099,0.167,0.355,0.241,114400000.0,2519400000.0,1.0,307554060.0,307554060.0,,20.486,6584900000.0,128800000.0,458300000.0,38900000.0,21.411,4075400000.0
5,AGN1,MRT,2013-09-30,2013-09-30,2013-09-30,2021-08-25,-252100000.0,10144600000.0,9562350000.0,4932400000.0,5212200000.0,0.637,19.788,-157000000.0,2686300000.0,2686300000.0,774200000.0,1001600000.0,4.111,0.662,2138700000.0,37200000.0,2101500000.0,2138700000.0,0.0,260300000.0,0.0,0.0,0.0,1520600000.0,1780900000.0,0.293,1780900000.0,1520600000.0,1449000000.0,3.35,3.29,3.35,6085900000.0,5745500000.0,6085900000.0,27490464727.0,18.0,15.436,1523000000.0,4.952,1.0,5313900000.0,0.873,4023400000.0,71600000.0,4373900000.0,4156275000.0,280000000.0,716200000.0,524600000.0,191600000.0,4031500000.0,1199700000.0,2831800000.0,27818264727.0,31300000.0,-1238200000.0,-582400000.0,590100000.0,-59600000.0,-8200000.0,-1639900000.0,-244700000.0,1680000000.0,-600000.0,996400000.0,996400000.0,996400000.0,280600000.0,5200000.0,0.164,3497700000.0,1816200000.0,267800000.0,0.0,4.571,27.919,27.0,877000000.0,0.0,90.45,4.569,4.569,908200000.0,4363600000.0,6088100000.0,6088100000.0,1012700000.0,0.104,0.173,0.366,0.25,114000000.0,2346300000.0,1.0,307554060.0,307554060.0,,19.795,6121200000.0,120200000.0,452600000.0,16900000.0,19.903,3732700000.0
6,AGN1,MRT,2013-06-30,2013-06-30,2013-06-30,2021-08-25,-282100000.0,9675000000.0,9253925000.0,4482200000.0,5192800000.0,0.638,18.605,-163800000.0,2484000000.0,2484000000.0,764900000.0,951400000.0,4.083,0.686,2156200000.0,51600000.0,2104600000.0,2156200000.0,0.0,264100000.0,0.0,0.0,0.0,1424200000.0,1688300000.0,0.286,1688300000.0,1424200000.0,1356100000.0,3.17,3.11,3.17,5721900000.0,5616425000.0,5721900000.0,25874454014.0,18.0,15.326,1398900000.0,4.548,1.0,5141000000.0,0.87,4043500000.0,68100000.0,4205800000.0,3959025000.0,274400000.0,379200000.0,184800000.0,194400000.0,3927700000.0,1097900000.0,2829800000.0,25908354014.0,115300000.0,-1238200000.0,-749200000.0,602900000.0,-59700000.0,-160600000.0,-1281900000.0,120100000.0,1562700000.0,-4900000.0,946000000.0,946000000.0,946000000.0,250800000.0,5400000.0,0.16,3457500000.0,1683500000.0,237000000.0,0.0,4.528,27.387,26.574,866200000.0,0.0,84.24,4.387,4.387,917200000.0,4089400000.0,5905900000.0,5905900000.0,1044900000.0,0.102,0.168,0.36,0.241,113100000.0,2279900000.0,1.0,307554060.0,307554060.0,,19.203,5631500000.0,88700000.0,410100000.0,0.0,18.311,3384300000.0
7,AGN1,MRT,2013-03-31,2013-03-31,2013-03-31,2021-08-25,-265900000.0,9250500000.0,9003525000.0,4069500000.0,5181000000.0,0.64,17.354,-161600000.0,2198800000.0,2198800000.0,761100000.0,886600000.0,3.834,0.729,2164900000.0,57200000.0,2107700000.0,2164900000.0,0.0,267000000.0,0.0,0.0,0.0,1356800000.0,1623800000.0,0.282,1623800000.0,1356800000.0,1291600000.0,2.93,2.88,2.93,5337100000.0,5545650000.0,5337100000.0,33191185290.0,24.0,20.44,1349000000.0,4.386,1.0,4997200000.0,0.868,4059000000.0,65200000.0,4096100000.0,3831600000.0,269200000.0,243200000.0,50000000.0,193200000.0,3888100000.0,1061500000.0,2826600000.0,34331785290.0,-92900000.0,-1217500000.0,-1069000000.0,564300000.0,-60100000.0,-513300000.0,-1079200000.0,299900000.0,1510600000.0,-11000000.0,881500000.0,881500000.0,881500000.0,258700000.0,5100000.0,0.153,3366900000.0,1630300000.0,218500000.0,0.0,6.433,38.947,38.099,853900000.0,0.0,111.63,5.962,5.962,887900000.0,3761900000.0,5758300000.0,5758300000.0,1006100000.0,0.098,0.159,0.354,0.236,112100000.0,2233100000.0,1.0,307549810.0,307549810.0,,18.723,5191500000.0,74900000.0,410100000.0,0.0,16.88,3008000000.0
8,AGN1,MRT,2012-12-31,2012-12-31,2012-12-31,2021-08-25,-244600000.0,9179300000.0,8861950000.0,4934900000.0,4244400000.0,0.637,18.98,-159500000.0,2701800000.0,2701800000.0,751200000.0,1102500000.0,4.505,0.568,1561200000.0,48800000.0,1512400000.0,1561200000.0,0.0,256600000.0,0.0,0.0,0.0,1592700000.0,1849300000.0,0.328,1849300000.0,1592700000.0,1529100000.0,3.64,3.58,3.64,5837100000.0,5576025000.0,5837100000.0,27111372708.0,17.0,14.66,1440400000.0,4.684,1.0,4895400000.0,0.867,2993900000.0,63600000.0,3949300000.0,3753700000.0,272300000.0,452700000.0,260600000.0,192100000.0,3316700000.0,1095500000.0,2221200000.0,28210172708.0,295700000.0,-349200000.0,-662600000.0,-35100000.0,-60400000.0,-717500000.0,-589300000.0,-80600000.0,1599900000.0,2600000.0,1098800000.0,1098800000.0,1098800000.0,-1800000.0,3700000.0,0.195,3284400000.0,1611000000.0,232200000.0,0.0,4.833,25.674,25.201,851500000.0,0.0,91.73,4.996,4.996,739000000.0,3832100000.0,5646600000.0,5646600000.0,977300000.0,0.124,0.197,0.424,0.282,109100000.0,2193100000.0,1.0,307534860.0,307534860.0,,18.361,6185400000.0,206900000.0,430300000.0,0.0,20.113,3839400000.0
9,AGN1,MRT,2012-09-30,2012-09-30,2012-09-30,2021-08-25,-244800000.0,8910900000.0,8694275000.0,4535800000.0,4375100000.0,0.618,18.11,-154800000.0,2655000000.0,2655000000.0,719500000.0,1057000000.0,4.3,0.595,1556200000.0,40700000.0,1515500000.0,1556200000.0,0.0,255400000.0,0.0,0.0,0.0,1529500000.0,1784900000.0,0.332,1784900000.0,1529500000.0,1464000000.0,3.49,3.42,3.49,5569600000.0,5444150000.0,5569600000.0,27352642479.0,18.0,15.324,1325600000.0,4.31,1.0,4654200000.0,0.866,3172300000.0,65500000.0,3584900000.0,3639675000.0,265100000.0,471600000.0,279900000.0,191700000.0,3316600000.0,1054900000.0,2261700000.0,28164042479.0,443000000.0,-5600000.0,-598800000.0,-38100000.0,-60700000.0,-661300000.0,-373300000.0,-212900000.0,1480400000.0,-2800000.0,1054400000.0,1054400000.0,1054400000.0,12600000.0,2600000.0,0.196,3085400000.0,1568800000.0,210600000.0,0.0,5.057,26.711,26.241,822800000.0,0.0,91.58,5.241,5.241,872600000.0,3602900000.0,5373700000.0,5373700000.0,932600000.0,0.121,0.194,0.42,0.285,101700000.0,2114400000.0,1.0,307534860.0,307534860.0,,17.473,5738600000.0,188300000.0,409600000.0,2500000.0,18.66,3480900000.0
10,AGN1,MRT,2012-06-30,2012-06-30,2012-06-30,2021-08-25,-258600000.0,8673400000.0,8512550000.0,4259600000.0,4413800000.0,0.626,17.685,-141200000.0,2368700000.0,2368700000.0,724700000.0,1057400000.0,4.42,0.591,1557300000.0,42400000.0,1514900000.0,1557300000.0,0.0,254400000.0,0.0,0.0,0.0,1553600000.0,1808000000.0,0.339,1808000000.0,1553600000.0,1488800000.0,3.48,3.41,3.48,5438800000.0,5328175000.0,5438800000.0,27778785425.0,18.0,15.364,1197700000.0,3.895,1.0,4600900000.0,0.864,3202100000.0,64800000.0,3696100000.0,3581275000.0,259700000.0,545200000.0,304800000.0,240400000.0,3212000000.0,963800000.0,2248200000.0,28468085425.0,512200000.0,-97500000.0,-498800000.0,-33700000.0,-60900000.0,-557500000.0,-242700000.0,-4000000.0,1338900000.0,-26500000.0,1054800000.0,1054800000.0,1054800000.0,10300000.0,2600000.0,0.198,3045200000.0,1555700000.0,200600000.0,0.0,5.234,26.989,26.601,811600000.0,0.0,92.57,5.346,5.346,867900000.0,3387600000.0,5325600000.0,5325600000.0,864100000.0,0.124,0.198,0.434,0.292,97200000.0,2130000000.0,1.0,307530360.0,307530360.0,,17.317,5471300000.0,159700000.0,434000000.0,0.0,17.791,3295800000.0
11,AGN1,MRT,2012-03-31,2012-03-31,2012-03-31,2021-08-25,-218500000.0,8684200000.0,8314100000.0,4238600000.0,4445600000.0,0.637,17.75,-133200000.0,2291700000.0,2291700000.0,724700000.0,1009600000.0,4.375,0.587,1602400000.0,87700000.0,1514700000.0,1602400000.0,0.0,252700000.0,0.0,0.0,0.0,1465900000.0,1718600000.0,0.325,1718600000.0,1465900000.0,1403000000.0,3.31,3.24,3.31,5458600000.0,5209450000.0,5458600000.0,28540545508.0,19.0,16.607,1019400000.0,3.315,1.0,4568000000.0,0.863,3241600000.0,62900000.0,3784500000.0,3583975000.0,261900000.0,597400000.0,349800000.0,247600000.0,3203300000.0,968800000.0,2234500000.0,29347345508.0,-239100000.0,-104500000.0,-245000000.0,-782600000.0,-61000000.0,-1045800000.0,-335900000.0,-98200000.0,1152600000.0,-10000000.0,1006000000.0,1006000000.0,1006000000.0,9600000.0,3600000.0,0.19,3089100000.0,1478900000.0,203000000.0,0.0,5.376,29.172,28.831,807000000.0,0.0,95.43,5.545,5.545,855700000.0,3134900000.0,5292700000.0,5292700000.0,893800000.0,0.121,0.193,0.409,0.277,91500000.0,2133600000.0,1.0,307527460.0,307527460.0,,17.21,5442600000.0,149400000.0,397000000.0,0.0,17.698,3269800000.0
12,AGN1,MRT,2011-12-31,2011-12-31,2011-12-31,2021-08-25,-241400000.0,8508600000.0,8235725000.0,4048300000.0,4460300000.0,0.633,17.266,-128900000.0,2406100000.0,2406100000.0,718000000.0,938100000.0,4.239,0.598,1599300000.0,83900000.0,1515400000.0,1599300000.0,0.0,253400000.0,0.0,0.0,0.0,1365900000.0,1619300000.0,0.31,1619300000.0,1365900000.0,1294100000.0,3.07,3.01,3.07,5309600000.0,5061225000.0,5309600000.0,26364093053.0,19.0,16.281,953000000.0,3.099,1.0,4498000000.0,0.862,3253600000.0,71800000.0,3493200000.0,3533425000.0,249700000.0,427000000.0,179900000.0,247100000.0,3176200000.0,955000000.0,2221200000.0,26981093053.0,414900000.0,-101400000.0,-197700000.0,-778200000.0,-61100000.0,-1002300000.0,340800000.0,571100000.0,1081900000.0,-5500000.0,934500000.0,934500000.0,934500000.0,11500000.0,3600000.0,0.179,3123400000.0,1374600000.0,200400000.0,0.0,5.082,28.872,28.58,807000000.0,0.0,87.74,5.173,5.173,730600000.0,2969300000.0,5216000000.0,5216000000.0,871500000.0,0.113,0.185,0.387,0.262,86300000.0,2158300000.0,1.0,307511888.0,307511888.0,,16.962,5255000000.0,152600000.0,359600000.0,0.0,17.089,3093300000.0
13,AGN1,MRT,2011-09-30,2011-09-30,2011-09-30,2021-08-25,-179000000.0,8184000000.0,8185600000.0,3682600000.0,4501400000.0,0.651,16.603,-160100000.0,2212000000.0,2212000000.0,749500000.0,921500000.0,3.987,0.598,1595000000.0,78800000.0,1516200000.0,1595000000.0,0.0,252600000.0,0.0,0.0,0.0,1328200000.0,1580800000.0,0.297,1580800000.0,1328200000.0,1245300000.0,3.02,2.98,3.02,5105700000.0,4923250000.0,5105700000.0,25062729333.0,19.0,15.854,184400000.0,0.6,1.0,4576600000.0,0.859,3292000000.0,82900000.0,3351300000.0,3649800000.0,242100000.0,333400000.0,66500000.0,266900000.0,3055500000.0,923700000.0,2131800000.0,25332829333.0,-391300000.0,-98900000.0,-112000000.0,-773700000.0,-61000000.0,-906500000.0,175300000.0,434300000.0,344500000.0,-4600000.0,917800000.0,917800000.0,917800000.0,0.0,3700000.0,0.172,3254100000.0,1322500000.0,190100000.0,0.0,4.962,27.602,27.278,791100000.0,0.0,82.38,4.756,4.756,710900000.0,2752200000.0,5326100000.0,5326100000.0,876700000.0,0.112,0.186,0.364,0.249,84800000.0,2222200000.0,1.0,307511888.0,307511888.0,,17.32,4892000000.0,151400000.0,327500000.0,0.0,15.908,2758900000.0
14,AGN1,MRT,2011-06-30,2011-06-30,2011-06-30,2021-08-25,-100300000.0,7879600000.0,8274625000.0,3592600000.0,4287000000.0,0.629,16.142,-171500000.0,1856500000.0,1856500000.0,739100000.0,1800000.0,3.899,0.582,1586400000.0,76100000.0,1510300000.0,1586400000.0,0.0,250400000.0,0.0,0.0,0.0,248300000.0,498700000.0,0.096,498700000.0,248300000.0,160200000.0,-0.01,-0.04,-0.01,4963900000.0,4761700000.0,4963900000.0,25284264676.0,102.0,50.7,162400000.0,0.528,1.0,4466800000.0,0.858,2981100000.0,88100000.0,3706900000.0,3554800000.0,242400000.0,561400000.0,299800000.0,261600000.0,2890900000.0,921500000.0,1969400000.0,25600364676.0,-363100000.0,-13100000.0,-93900000.0,-129100000.0,-60900000.0,-243100000.0,-483500000.0,-298900000.0,333900000.0,29600000.0,-2500000.0,-2500000.0,-2500000.0,0.0,4300000.0,0.0,4179700000.0,287100000.0,200300000.0,0.0,5.157,-10240.146,-8325.0,795100000.0,0.0,83.25,4.918,4.918,744200000.0,2530300000.0,5205900000.0,5205900000.0,849400000.0,0.0,-0.001,0.07,0.048,80500000.0,2201000000.0,1.0,307511888.0,307511888.0,,16.929,4898500000.0,249200000.0,162700000.0,0.0,15.929,2671100000.0
15,AGN1,MRT,2011-03-31,2011-03-31,2011-03-31,2021-08-25,-131600000.0,8370700000.0,8251625000.0,4084400000.0,4286300000.0,0.61,15.823,-161400000.0,2530800000.0,2530800000.0,735100000.0,-5300000.0,2.768,0.716,2214700000.0,685200000.0,1529500000.0,2214700000.0,0.0,254200000.0,0.0,0.0,0.0,237100000.0,491300000.0,0.098,491300000.0,237100000.0,150300000.0,-0.03,-0.05,-0.03,4865700000.0,4792725000.0,4865700000.0,22053094286.0,93.0,44.887,267400000.0,0.87,1.0,4300800000.0,0.854,2996700000.0,86800000.0,3582300000.0,3208700000.0,239200000.0,508200000.0,249700000.0,258500000.0,3482600000.0,1475600000.0,2007000000.0,21839494286.0,541100000.0,-6100000.0,-110900000.0,660200000.0,-60800000.0,517300000.0,-417200000.0,-249700000.0,428800000.0,12200000.0,-9000000.0,-9000000.0,-9000000.0,0.0,3700000.0,-0.002,4045000000.0,255800000.0,200500000.0,0.0,4.488,-2426.61,-2367.333,788500000.0,0.0,71.02,4.337,4.337,671600000.0,2342300000.0,5035900000.0,5035900000.0,779600000.0,-0.001,-0.002,0.074,0.047,76500000.0,2133300000.0,1.0,307511888.0,307511888.0,,16.376,5374000000.0,242600000.0,159300000.0,0.0,17.476,2608800000.0
16,AGN1,MRT,2010-12-31,2010-12-31,2010-12-31,2021-08-25,-152900000.0,8308100000.0,8066050000.0,3993700000.0,4314400000.0,0.61,15.472,-156600000.0,1991200000.0,1991200000.0,722000000.0,4900000.0,2.613,0.741,2204800000.0,670600000.0,1534200000.0,2204800000.0,0.0,257100000.0,0.0,0.0,0.0,245200000.0,502300000.0,0.102,502300000.0,245200000.0,166500000.0,0.0,0.0,0.0,4757700000.0,4812500000.0,4757700000.0,20714041349.0,84.0,41.238,307300000.0,0.999,1.0,4197400000.0,0.853,3034600000.0,78700000.0,3958700000.0,3053350000.0,229400000.0,1010500000.0,749100000.0,261400000.0,3527000000.0,1528400000.0,1998600000.0,21116841349.0,44100000.0,-71500000.0,-52000000.0,648500000.0,-60600000.0,563000000.0,-977200000.0,-749100000.0,463900000.0,-5600000.0,600000.0,600000.0,600000.0,0.0,4300000.0,0.0,3938800000.0,258600000.0,222500000.0,,4.438,35194.736,,800600000.0,0.0,68.67,4.293,4.293,647300000.0,2225900000.0,4919400000.0,4919400000.0,804600000.0,0.0,0.0,0.08,0.05,73900000.0,2017600000.0,1.0,307511888.0,307511888.0,,15.997,5273500000.0,217800000.0,165900000.0,16100000.0,17.149,2465300000.0
17,AGN1,MRT,2010-09-30,2010-09-30,2010-09-30,2021-08-25,-105400000.0,8540100000.0,7873175000.0,4243400000.0,4296700000.0,0.614,14.502,-132500000.0,2603300000.0,2603300000.0,723800000.0,-35400000.0,2.027,0.909,2200500000.0,654500000.0,1546000000.0,2200500000.0,0.0,259700000.0,0.0,0.0,0.0,200100000.0,459800000.0,0.095,459800000.0,200100000.0,128000000.0,-0.14,-0.16,-0.14,4459500000.0,4828775000.0,4459500000.0,19770665909.0,99.0,42.998,1010200000.0,3.285,1.0,4110600000.0,0.85,3073000000.0,72100000.0,2971300000.0,2796625000.0,219600000.0,787900000.0,499300000.0,288600000.0,4055700000.0,2093000000.0,1962700000.0,20458765909.0,904700000.0,-71500000.0,-116300000.0,640800000.0,-60500000.0,473100000.0,-703000000.0,-499000000.0,1142700000.0,-8100000.0,-41000000.0,-41000000.0,-41000000.0,0.0,5600000.0,-0.008,3902500000.0,208100000.0,206300000.0,0.0,4.588,-498.994,-475.214,778000000.0,0.0,66.53,4.232,4.232,586900000.0,2030200000.0,4834400000.0,4834400000.0,789700000.0,-0.005,-0.008,0.072,0.041,72000000.0,1987700000.0,1.0,307511888.0,307511888.0,,15.721,5467100000.0,157100000.0,169000000.0,21000000.0,17.778,2150400000.0
18,AGN1,MRT,2010-06-30,2010-06-30,2010-06-30,2021-08-25,-166300000.0,7787600000.0,7553900000.0,3354200000.0,4433400000.0,0.631,16.546,-117600000.0,2219600000.0,2219600000.0,736300000.0,812500000.0,2.362,0.526,1531500000.0,642800000.0,888700000.0,1531500000.0,0.0,262500000.0,0.0,0.0,0.0,1159100000.0,1421600000.0,0.298,1421600000.0,1159100000.0,1089600000.0,2.66,2.63,2.66,5088000000.0,4850625000.0,5088000000.0,17445142595.0,15.0,12.271,1057800000.0,3.44,1.0,4031200000.0,0.846,3357000000.0,69500000.0,2322500000.0,2785125000.0,201900000.0,273400000.0,0.0,273400000.0,2677900000.0,1420000000.0,1257900000.0,17915642595.0,831500000.0,-78200000.0,-100400000.0,-4100000.0,-60600000.0,-156800000.0,-167600000.0,28200000.0,1175400000.0,-19500000.0,808500000.0,808500000.0,808500000.0,0.0,4000000.0,0.17,2895600000.0,1135600000.0,198900000.0,0.0,3.521,22.159,21.902,785900000.0,0.0,58.26,3.758,3.758,601300000.0,2723000000.0,4767500000.0,4767500000.0,772600000.0,0.107,0.167,0.416,0.243,70800000.0,1967900000.0,1.0,307511888.0,307511888.0,,15.503,4430600000.0,17100000.0,281100000.0,43200000.0,14.408,1934200000.0
19,AGN1,MRT,2010-03-31,2010-03-31,2010-03-31,2021-08-25,-122800000.0,7628400000.0,7341575000.0,3144200000.0,4484200000.0,0.634,16.08,-120700000.0,1989700000.0,1989700000.0,743300000.0,747800000.0,4.014,0.538,1519200000.0,17900000.0,1501300000.0,1519200000.0,0.0,259400000.0,0.0,0.0,0.0,1087900000.0,1347300000.0,0.29,1347300000.0,1087900000.0,1013800000.0,2.45,2.43,2.45,4944800000.0,4665225000.0,4944800000.0,19648976524.0,18.0,14.584,1049400000.0,3.413,1.0,3907800000.0,0.84,3413700000.0,74100000.0,2960900000.0,2948175000.0,219400000.0,268400000.0,0.0,268400000.0,2661700000.0,783300000.0,1878400000.0,20086676524.0,901400000.0,-66600000.0,-70600000.0,11900000.0,-60500000.0,-112000000.0,-159100000.0,28200000.0,1170100000.0,2400000.0,744500000.0,744500000.0,744500000.0,0.0,3300000.0,0.16,2811600000.0,1096200000.0,257900000.0,0.0,4.062,26.98,26.661,795400000.0,0.0,65.32,4.319,4.319,558700000.0,2498700000.0,4651100000.0,4651100000.0,746600000.0,0.101,0.16,0.369,0.234,71900000.0,1910800000.0,1.0,307511888.0,307511888.0,,15.125,4214700000.0,6700000.0,269300000.0,20700000.0,13.706,2360900000.0
20,AGN1,MRT,2009-12-31,2009-12-31,2009-12-31,2021-08-25,-102800000.0,7536600000.0,7104400000.0,3106300000.0,4430300000.0,0.634,15.683,-125700000.0,1947100000.0,1947100000.0,750900000.0,623800000.0,3.827,0.558,1509400000.0,18100000.0,1491300000.0,1509400000.0,0.0,262100000.0,0.0,0.0,0.0,922900000.0,1185000000.0,0.263,1185000000.0,922900000.0,846000000.0,2.05,2.03,2.05,4822800000.0,4467575000.0,4822800000.0,19186824063.0,21.0,16.191,987600000.0,3.212,1.0,3752700000.0,0.833,3355500000.0,76900000.0,2931800000.0,2970100000.0,213900000.0,266700000.0,0.0,266700000.0,2692700000.0,811600000.0,1881100000.0,19376324063.0,836700000.0,-1200000.0,-42000000.0,-86200000.0,-60600000.0,-181500000.0,-98700000.0,28200000.0,1113300000.0,3600000.0,621300000.0,621300000.0,621300000.0,0.0,2500000.0,0.138,2824700000.0,928000000.0,204000000.0,0.0,4.018,31.187,30.737,808100000.0,0.0,63.01,4.302,4.302,576600000.0,2356700000.0,4503600000.0,4503600000.0,706000000.0,0.087,0.139,0.311,0.205,151900000.0,1921500000.0,1.0,307511888.0,307511888.0,,14.645,4181100000.0,0.0,224700000.0,43900000.0,13.597,2294700000.0
21,AGN1,MRT,2009-09-30,2009-09-30,2009-09-30,2021-08-25,-154600000.0,7263000000.0,6918200000.0,2821200000.0,4441800000.0,0.627,14.786,-159400000.0,1698600000.0,1698600000.0,753100000.0,548000000.0,3.73,0.593,1509100000.0,16300000.0,1492800000.0,1509100000.0,0.0,265500000.0,0.0,0.0,0.0,818800000.0,1084300000.0,0.25,1084300000.0,818800000.0,740900000.0,1.8,1.79,1.8,4546900000.0,4274550000.0,4546900000.0,17558974763.0,21.0,16.194,833200000.0,2.709,1.0,3582800000.0,0.826,3391800000.0,77900000.0,2925300000.0,3008550000.0,229500000.0,264800000.0,0.0,264800000.0,2695800000.0,756400000.0,1939400000.0,17454374763.0,685300000.0,-1200000.0,-32900000.0,-87200000.0,-60700000.0,-176500000.0,-132700000.0,27900000.0,992600000.0,1900000.0,546400000.0,546400000.0,546400000.0,0.0,1600000.0,0.126,2788100000.0,794700000.0,229600000.0,0.0,3.839,31.944,31.533,785200000.0,0.0,56.76,4.026,4.026,574800000.0,2163600000.0,4335900000.0,4335900000.0,735600000.0,0.079,0.128,0.272,0.189,156800000.0,1850500000.0,1.0,307511888.0,307511888.0,,14.1,3871200000.0,0.0,194500000.0,18500000.0,12.589,2064800000.0
22,AGN1,MRT,2009-06-30,2009-06-30,2009-06-30,2021-08-25,-185000000.0,6938300000.0,6768875000.0,2526500000.0,4411800000.0,0.634,14.134,-204800000.0,1388100000.0,1388100000.0,757600000.0,534800000.0,3.714,0.596,1492700000.0,12200000.0,1480500000.0,1492700000.0,0.0,267900000.0,0.0,0.0,0.0,822100000.0,1090000000.0,0.254,1090000000.0,822100000.0,741200000.0,1.75,1.75,1.75,4346400000.0,4136375000.0,4346400000.0,15034115631.0,18.0,13.793,681400000.0,2.216,1.0,3535200000.0,0.824,3387900000.0,80900000.0,2974700000.0,3038825000.0,235900000.0,242900000.0,0.0,242900000.0,2589100000.0,680300000.0,1908800000.0,14631415631.0,297900000.0,-138300000.0,-81500000.0,-90500000.0,-60600000.0,-229100000.0,-343100000.0,0.0,886200000.0,-16100000.0,532800000.0,532800000.0,532800000.0,0.0,2000000.0,0.124,2739600000.0,795600000.0,187000000.0,0.0,3.366,27.461,27.189,781000000.0,0.0,47.58,3.408,3.408,579000000.0,2012400000.0,4292800000.0,4292800000.0,745300000.0,0.079,0.129,0.271,0.192,162300000.0,1793400000.0,1.0,307511888.0,307511888.0,,13.96,3550400000.0,0.0,208400000.0,40400000.0,11.546,1846200000.0
23,AGN1,MRT,2009-03-31,2009-03-31,2009-03-31,2021-08-25,-224200000.0,6679700000.0,6701825000.0,2226500000.0,4453200000.0,0.647,13.509,-298100000.0,1088300000.0,1088300000.0,756800000.0,501800000.0,3.643,0.607,1491000000.0,1100000.0,1489900000.0,1491000000.0,0.0,269800000.0,0.0,0.0,0.0,757800000.0,1027600000.0,0.237,1027600000.0,757800000.0,674400000.0,1.64,1.64,1.64,4154200000.0,4033225000.0,4154200000.0,15216067771.0,20.0,14.807,458700000.0,1.492,1.0,3577200000.0,0.825,3422700000.0,83400000.0,3048600000.0,3043625000.0,255400000.0,251800000.0,0.0,251800000.0,2523500000.0,611100000.0,1912400000.0,14686767771.0,-16300000.0,-149900000.0,-107800000.0,-134600000.0,-60800000.0,-298700000.0,-448000000.0,0.0,756800000.0,-26400000.0,500100000.0,500100000.0,500100000.0,0.0,1700000.0,0.115,2865100000.0,712100000.0,185100000.0,0.0,3.535,29.368,29.122,778700000.0,0.0,47.76,3.389,3.389,536600000.0,1855700000.0,4334000000.0,4334000000.0,797100000.0,0.075,0.124,0.249,0.175,166700000.0,1858400000.0,1.0,307511888.0,307511888.0,,14.094,3257000000.0,0.0,174300000.0,33400000.0,10.591,1615400000.0
24,AGN1,MRT,2008-12-31,2008-12-31,2008-12-31,2021-08-25,-198700000.0,6791800000.0,6695200000.0,2270600000.0,4521200000.0,0.658,13.172,-315700000.0,1110400000.0,1110400000.0,761200000.0,564700000.0,3.258,0.676,1574900000.0,4400000.0,1570500000.0,1574900000.0,0.0,264400000.0,0.0,0.0,0.0,846100000.0,1110500000.0,0.252,1110500000.0,846100000.0,760600000.0,1.85,1.84,1.85,4050700000.0,3951775000.0,4050700000.0,12984279324.0,15.0,11.692,366800000.0,1.193,1.0,3642200000.0,0.827,3473700000.0,85500000.0,3085600000.0,3031675000.0,262500000.0,272100000.0,0.0,272100000.0,2739300000.0,697000000.0,2042300000.0,12398879324.0,-47500000.0,-144000000.0,-178500000.0,-34700000.0,-60700000.0,-262800000.0,-459700000.0,0.0,682500000.0,-7500000.0,563100000.0,563100000.0,563100000.0,0.0,1600000.0,0.128,2846200000.0,796000000.0,173900000.0,0.0,3.061,22.019,21.795,775400000.0,0.0,40.32,2.816,2.816,538400000.0,1842100000.0,4403400000.0,4403400000.0,797900000.0,0.084,0.142,0.279,0.192,93100000.0,1856100000.0,1.0,307511888.0,307511888.0,,14.319,3318100000.0,0.0,197500000.0,118400000.0,10.79,1573600000.0
25,AGN1,MRT,2008-09-30,2008-09-30,2008-09-30,2021-08-25,-53500000.0,6665700000.0,6642075000.0,2133100000.0,4532600000.0,0.668,12.989,-314100000.0,1013300000.0,1013300000.0,754200000.0,564000000.0,3.148,0.669,1598700000.0,3600000.0,1595100000.0,1598700000.0,0.0,255400000.0,0.0,0.0,0.0,860100000.0,1115500000.0,0.251,1115500000.0,860100000.0,755700000.0,1.84,1.83,1.84,3994200000.0,3873750000.0,3994200000.0,16341662232.0,19.0,14.65,385800000.0,1.255,1.0,3683200000.0,0.83,3527100000.0,104400000.0,3046400000.0,2964475000.0,269500000.0,267500000.0,0.0,267500000.0,2671500000.0,677600000.0,1993900000.0,15836862232.0,-400000000.0,-507600000.0,-277300000.0,-36200000.0,-60700000.0,-353600000.0,-746900000.0,74800000.0,699900000.0,600000.0,562300000.0,562300000.0,562300000.0,900000.0,1700000.0,0.127,2852500000.0,830700000.0,163500000.0,0.0,3.965,28.164,27.989,738000000.0,0.0,51.5,3.569,3.569,584200000.0,1756400000.0,4437400000.0,4437400000.0,772600000.0,0.085,0.145,0.29,0.194,91100000.0,1894600000.0,1.0,307511888.0,307511888.0,,14.43,3138600000.0,0.0,193400000.0,79800000.0,10.206,1455500000.0
26,AGN1,MRT,2008-06-30,2008-06-30,2008-06-30,2021-08-25,2600000.0,6670100000.0,6550025000.0,2251000000.0,4419100000.0,0.662,12.792,-274300000.0,1090200000.0,1090200000.0,733000000.0,555400000.0,3.116,0.696,1595000000.0,5400000.0,1589600000.0,1595000000.0,0.0,241700000.0,0.0,0.0,0.0,837100000.0,1078800000.0,0.249,1078800000.0,837100000.0,736000000.0,1.81,1.8,1.81,3933800000.0,3776725000.0,3933800000.0,16545393770.0,20.0,15.337,433600000.0,1.41,1.0,3599900000.0,0.831,3458500000.0,101100000.0,2993900000.0,2900475000.0,270200000.0,250000000.0,0.0,250000000.0,2736300000.0,722500000.0,2013800000.0,16005993770.0,-138400000.0,-340900000.0,-188700000.0,-35800000.0,-60900000.0,-254200000.0,-615200000.0,0.0,707900000.0,23100000.0,554300000.0,554300000.0,554300000.0,-500000.0,1100000.0,0.128,2786100000.0,813800000.0,208800000.0,0.0,4.069,28.876,28.757,710600000.0,0.0,52.05,3.694,3.694,621600000.0,1613700000.0,4332900000.0,4332900000.0,750400000.0,0.085,0.147,0.289,0.193,87700000.0,1849800000.0,1.0,307511888.0,307511888.0,,14.09,3211600000.0,0.0,181700000.0,103000000.0,10.444,1528500000.0
27,AGN1,MRT,2008-03-31,2008-03-31,2008-03-31,2021-08-25,900000.0,6653200000.0,6387100000.0,2189800000.0,4463400000.0,0.648,12.45,-188700000.0,1104600000.0,1104600000.0,703600000.0,549400000.0,3.182,0.738,1644000000.0,38300000.0,1605700000.0,1644000000.0,0.0,229200000.0,0.0,0.0,0.0,818600000.0,1047800000.0,0.253,1047800000.0,818600000.0,721000000.0,1.79,1.78,1.79,3828400000.0,3639175000.0,3828400000.0,17812595364.0,22.0,17.0,541000000.0,1.759,1.0,3435200000.0,0.83,3503600000.0,97600000.0,3000800000.0,2828325000.0,247200000.0,264300000.0,0.0,264300000.0,2824800000.0,688200000.0,2136600000.0,17340595364.0,61500000.0,-341100000.0,-77600000.0,-64200000.0,-60800000.0,-163900000.0,-529800000.0,0.0,729700000.0,25500000.0,548700000.0,548700000.0,548700000.0,700000.0,700000.0,0.133,2646800000.0,788400000.0,202600000.0,0.0,4.529,31.603,31.503,695500000.0,0.0,56.39,4.19,4.19,566400000.0,1491100000.0,4138800000.0,4138800000.0,691000000.0,0.086,0.151,0.289,0.198,85000000.0,1776000000.0,1.0,307511888.0,307511888.0,,13.459,3149600000.0,0.0,172300000.0,209000000.0,10.242,1501600000.0
28,AGN1,MRT,2007-12-31,2007-12-31,2007-12-31,2021-08-25,-34800000.0,6579300000.0,6181175000.0,2124200000.0,4455100000.0,0.637,12.158,-174000000.0,1157900000.0,1157900000.0,673200000.0,485300000.0,2.968,0.76,1629900000.0,39700000.0,1590200000.0,1629900000.0,0.0,215500000.0,0.0,0.0,0.0,756800000.0,972300000.0,0.247,972300000.0,756800000.0,662200000.0,1.59,1.57,1.59,3738600000.0,3473850000.0,3738600000.0,19958663685.0,26.0,20.527,619200000.0,2.014,1.0,3265700000.0,0.829,3518800000.0,94600000.0,2816800000.0,2771925000.0,224700000.0,249900000.0,0.0,249900000.0,2840700000.0,715700000.0,2125000000.0,19754563685.0,-211500000.0,-659800000.0,-49100000.0,-108500000.0,-60800000.0,-182400000.0,-833800000.0,0.0,793200000.0,11500000.0,484800000.0,484800000.0,484800000.0,1700000.0,500000.0,0.123,2546400000.0,719300000.0,208700000.0,0.0,5.284,40.748,40.403,686400000.0,0.0,64.24,5.015,5.015,463100000.0,1423500000.0,3938900000.0,3938900000.0,718100000.0,0.078,0.14,0.273,0.192,81700000.0,1680200000.0,1.0,307511888.0,307511888.0,,12.809,3060500000.0,0.0,177400000.0,236900000.0,9.952,1408500000.0
29,AGN1,MRT,2007-09-30,2007-09-28,2007-09-28,2021-08-25,-88100000.0,6297500000.0,5978125000.0,2416700000.0,3880800000.0,0.615,11.727,-150700000.0,1413300000.0,1413300000.0,635900000.0,475800000.0,3.756,0.746,1617400000.0,39600000.0,1577800000.0,1617400000.0,0.0,199100000.0,0.0,0.0,0.0,721500000.0,920600000.0,0.25,920600000.0,721500000.0,648000000.0,1.58,1.58,1.58,3606100000.0,3324975000.0,3606100000.0,20204691419.0,28.0,21.947,660200000.0,2.147,1.0,3041500000.0,0.827,3067700000.0,73500000.0,2790400000.0,2710425000.0,202500000.0,175500000.0,0.0,175500000.0,2691400000.0,643500000.0,2047900000.0,19825291419.0,351700000.0,-296300000.0,113200000.0,-36300000.0,-60700000.0,48800000.0,-521800000.0,-74800000.0,810900000.0,13800000.0,475800000.0,475800000.0,475800000.0,800000.0,0.0,0.129,2367300000.0,674200000.0,187800000.0,0.0,5.498,41.667,40.804,637600000.0,0.0,64.47,5.391,5.391,478300000.0,1303100000.0,3677400000.0,3677400000.0,653800000.0,0.08,0.143,0.266,0.196,81800000.0,1573100000.0,1.0,307511888.0,307511888.0,,11.959,3229800000.0,0.0,172200000.0,134300000.0,10.503,1773200000.0
30,AGN1,MRT,2007-06-30,2007-06-29,2007-06-29,2021-08-25,-110800000.0,6018400000.0,5790825000.0,2131000000.0,3887400000.0,0.603,11.003,-145800000.0,1228600000.0,1228600000.0,630100000.0,424800000.0,3.496,0.779,1608000000.0,40600000.0,1567400000.0,1608000000.0,0.0,189200000.0,0.0,0.0,0.0,623900000.0,813100000.0,0.233,813100000.0,623900000.0,556000000.0,1.42,1.42,1.42,3383600000.0,3179650000.0,3383600000.0,18361885224.0,29.0,22.583,609600000.0,1.982,1.0,2860400000.0,0.819,3082900000.0,67900000.0,2705300000.0,2695425000.0,202200000.0,165400000.0,0.0,165400000.0,2634800000.0,609600000.0,2025200000.0,17724985224.0,333400000.0,-313400000.0,125800000.0,-65300000.0,-60400000.0,32900000.0,-458900000.0,300000.0,755400000.0,4000000.0,424800000.0,424800000.0,424800000.0,2200000.0,0.0,0.122,2285500000.0,574900000.0,194300000.0,0.0,5.238,41.725,40.592,639100000.0,0.0,57.64,5.078,5.078,468200000.0,1187700000.0,3490500000.0,3490500000.0,609800000.0,0.073,0.134,0.231,0.179,78800000.0,1541500000.0,1.0,307511888.0,307511888.0,,11.351,2935500000.0,0.0,131200000.0,129500000.0,9.546,1521400000.0
31,AGN1,MRT,2007-03-31,2007-03-30,2007-03-30,2021-08-25,-114400000.0,5829500000.0,5631175000.0,1922500000.0,3907000000.0,0.589,10.299,-144300000.0,1043100000.0,1043100000.0,630200000.0,361200000.0,3.284,0.841,1680000000.0,68300000.0,1611700000.0,1680000000.0,0.0,182400000.0,0.0,0.0,0.0,564400000.0,746800000.0,0.225,746800000.0,564400000.0,493500000.0,1.22,1.21,1.22,3167100000.0,3050475000.0,3167100000.0,17378233714.0,31.0,23.27,591600000.0,1.924,1.0,2684100000.0,0.81,3105700000.0,70900000.0,2775200000.0,2700500000.0,193800000.0,169600000.0,0.0,169600000.0,2662400000.0,585500000.0,2076900000.0,17039233714.0,166900000.0,-426300000.0,-189400000.0,203800000.0,-60200000.0,-3600000.0,-570300000.0,300000.0,735900000.0,4900000.0,361200000.0,361200000.0,361200000.0,1000000.0,0.0,0.109,2167600000.0,516500000.0,163700000.0,0.0,5.38,47.174,45.418,631700000.0,0.0,55.41,5.141,5.141,464400000.0,1081300000.0,3314300000.0,3314300000.0,596100000.0,0.064,0.118,0.209,0.17,75500000.0,1445900000.0,1.0,307511888.0,307511888.0,,10.778,2723800000.0,0.0,132300000.0,158800000.0,8.858,1337000000.0
32,AGN1,MRT,2006-12-31,2006-12-31,2006-12-31,2021-08-25,-127400000.0,5767100000.0,5488900000.0,2130300000.0,3636800000.0,0.558,10.221,-156500000.0,1369400000.0,1369400000.0,575700000.0,-127400000.0,3.237,0.835,1708400000.0,102000000.0,1606400000.0,1708400000.0,0.0,152400000.0,0.0,0.0,0.0,40300000.0,192700000.0,0.063,192700000.0,40300000.0,-19900000.0,-0.43,-0.43,-0.43,3143100000.0,3023450000.0,3143100000.0,18985236735.0,471.0,98.522,590400000.0,1.92,1.0,2487600000.0,0.812,2877200000.0,60200000.0,2570800000.0,2303150000.0,168500000.0,148200000.0,0.0,148200000.0,2624000000.0,658100000.0,1965900000.0,18410736735.0,73100000.0,-1328700000.0,-125100000.0,938100000.0,-58400000.0,803000000.0,-1484600000.0,600000.0,746900000.0,7800000.0,-127400000.0,-127400000.0,-127400000.0,0.0,0.0,-0.042,2490800000.0,-3200000.0,142400000.0,0.0,5.858,-144.511,-139.233,611400000.0,0.0,59.87,6.01,6.01,386900000.0,1065700000.0,3063300000.0,3063300000.0,1055500000.0,-0.023,-0.042,0.017,0.013,69600000.0,1333400000.0,1.0,307511888.0,307511888.0,,9.962,2889900000.0,0.0,107500000.0,138500000.0,9.398,1472200000.0
33,AGN1,MRT,2006-09-30,2006-09-29,2006-09-29,2021-08-25,-30500000.0,5548300000.0,4759750000.0,1827700000.0,3720600000.0,0.597,9.836,-137000000.0,1061600000.0,1061600000.0,524200000.0,-124100000.0,3.499,0.834,1636100000.0,30000000.0,1606100000.0,1636100000.0,0.0,129400000.0,0.0,0.0,0.0,24200000.0,153600000.0,0.054,153600000.0,24200000.0,-20900000.0,-0.515,-0.535,-0.515,3024800000.0,2629400000.0,3024800000.0,18084056854.0,747.0,117.735,493600000.0,1.605,1.0,2316400000.0,0.815,2870100000.0,45100000.0,2730400000.0,1937575000.0,164700000.0,274200000.0,0.0,274200000.0,2523500000.0,522300000.0,2001200000.0,17314456854.0,-49000000.0,-1328600000.0,-110300000.0,910300000.0,-56500000.0,784400000.0,-1465000000.0,600000.0,630600000.0,1000000.0,-124100000.0,-124100000.0,-124100000.0,0.0,0.0,-0.044,2331300000.0,-14900000.0,130400000.0,0.0,5.724,-139.52,-109.33,576300000.0,0.0,56.305,6.095,6.095,394000000.0,961000000.0,2840600000.0,2840600000.0,1036900000.0,-0.026,-0.047,0.012,0.009,53100000.0,1211100000.0,1.0,307511888.0,307511888.0,,9.237,2678200000.0,0.0,103200000.0,161300000.0,8.709,1305400000.0
34,AGN1,MRT,2006-06-30,2006-06-30,2006-06-30,2021-08-25,-29700000.0,5379800000.0,4031025000.0,1647500000.0,3732300000.0,0.656,9.39,-124400000.0,895200000.0,895200000.0,450700000.0,-80000000.0,3.085,0.877,1664800000.0,59000000.0,1605800000.0,1664800000.0,0.0,107100000.0,0.0,0.0,0.0,60400000.0,167500000.0,0.063,167500000.0,60400000.0,28800000.0,-0.29,-0.325,-0.29,2866900000.0,2208100000.0,2866900000.0,16935050462.0,280.0,101.105,407000000.0,1.333,1.0,2194600000.0,0.83,2889700000.0,31600000.0,2725600000.0,1622700000.0,183400000.0,276500000.0,0.0,276500000.0,2512900000.0,534100000.0,1978800000.0,16374250462.0,22100000.0,-1328300000.0,-94900000.0,1061600000.0,-54500000.0,940200000.0,-1451100000.0,1600000.0,531400000.0,1600000.0,-80000000.0,-80000000.0,-80000000.0,0.0,0.0,-0.03,2170900000.0,23700000.0,132600000.0,0.0,5.711,-204.678,-184.931,566100000.0,0.0,53.63,6.19,6.19,356400000.0,901300000.0,2645300000.0,2645300000.0,1026000000.0,-0.02,-0.036,0.037,0.023,40000000.0,1090100000.0,1.0,305318860.0,305318860.0,,8.664,2490100000.0,0.0,108800000.0,169500000.0,8.156,1113400000.0
35,AGN1,MRT,2006-03-31,2006-03-31,2006-03-31,2021-08-25,-37400000.0,5260400000.0,3276425000.0,1682000000.0,3578400000.0,0.744,11.358,-205200000.0,876200000.0,876200000.0,389700000.0,-120800000.0,0.887,0.72,1437000000.0,1379300000.0,57700000.0,1437000000.0,0.0,81800000.0,0.0,0.0,0.0,70000000.0,151800000.0,0.062,151800000.0,70000000.0,54300000.0,-0.41,-0.44,-0.41,3059000000.0,1774900000.0,3059000000.0,14061330470.0,201.0,92.631,245200000.0,0.91,1.0,2048500000.0,0.84,2738500000.0,15700000.0,1185800000.0,1284300000.0,207200000.0,275000000.0,0.0,275000000.0,2201400000.0,1896900000.0,304500000.0,14610530470.0,11700000.0,-1215200000.0,173100000.0,849900000.0,-52500000.0,980700000.0,-1418600000.0,1600000.0,450400000.0,-800000.0,-120800000.0,-120800000.0,-120800000.0,0.0,0.0,-0.05,2013800000.0,34700000.0,119800000.0,0.0,4.776,-120.948,-132.317,564900000.0,0.0,54.25,5.992,5.992,365200000.0,844400000.0,2438200000.0,2438200000.0,976400000.0,-0.037,-0.068,0.055,0.029,26800000.0,997700000.0,1.0,269318534.0,269318534.0,,9.053,2521900000.0,0.0,175100000.0,52300000.0,9.364,-214900000.0
36,AGN1,MRT,2005-12-31,2005-12-31,2005-12-31,2021-08-25,-50600000.0,2850500000.0,2523475000.0,1825600000.0,1024900000.0,0.928,5.836,-183600000.0,1296300000.0,1296300000.0,385300000.0,403900000.0,1.749,0.819,747100000.0,689600000.0,57500000.0,747100000.0,0.0,78900000.0,0.0,0.0,0.0,608700000.0,687600000.0,0.294,687600000.0,608700000.0,596300000.0,1.54,1.51,1.54,1566900000.0,1283925000.0,1566900000.0,14085145185.0,23.0,20.485,241000000.0,0.898,1.0,1957300000.0,0.836,148800000.0,12400000.0,1108500000.0,1346825000.0,90100000.0,258900000.0,0.0,258900000.0,1283600000.0,1044000000.0,239600000.0,14494145185.0,401500000.0,0.0,55600000.0,157000000.0,-52300000.0,160300000.0,-182100000.0,1300000.0,424600000.0,-1300000.0,403900000.0,403900000.0,403900000.0,0.0,0.0,0.172,1386400000.0,570900000.0,92300000.0,0.0,9.25,35.885,35.052,494000000.0,0.0,53.98,6.187,6.187,246100000.0,1305100000.0,2342600000.0,2342600000.0,388300000.0,0.16,0.315,0.452,0.26,15100000.0,936800000.0,1.0,268509544.0,268509544.0,,8.724,2701700000.0,123200000.0,192400000.0,0.0,10.062,781600000.0
37,AGN1,MRT,2005-09-30,2005-09-30,2005-09-30,2021-08-25,-46300000.0,2633400000.0,2375100000.0,1626700000.0,1006700000.0,0.971,4.989,-178800000.0,1110600000.0,1110600000.0,394300000.0,376300000.0,2.714,0.966,701600000.0,126000000.0,575600000.0,701600000.0,0.0,75900000.0,0.0,0.0,0.0,599100000.0,675000000.0,0.293,675000000.0,599100000.0,587700000.0,1.435,1.41,1.435,1339600000.0,1171250000.0,1339600000.0,12005222211.0,20.0,17.786,299300000.0,1.115,1.0,1911400000.0,0.829,154100000.0,11400000.0,1470900000.0,1424450000.0,90500000.0,264100000.0,0.0,264100000.0,1293800000.0,599400000.0,694400000.0,12300422211.0,331700000.0,0.0,-20200000.0,103400000.0,-50900000.0,32300000.0,-175700000.0,1300000.0,478100000.0,-3000000.0,376300000.0,376300000.0,376300000.0,0.0,0.0,0.163,1350700000.0,560700000.0,114400000.0,0.0,9.182,32.688,31.923,466900000.0,0.0,45.81,5.335,5.335,252300000.0,1192700000.0,2305700000.0,2305700000.0,367500000.0,0.158,0.321,0.421,0.26,13600000.0,920200000.0,1.0,268509544.0,268509544.0,,8.587,2479300000.0,121600000.0,211400000.0,96000000.0,9.234,1027300000.0
38,AGN1,MRT,2005-06-30,2005-06-24,2005-06-24,2021-08-25,-49600000.0,2361400000.0,2241550000.0,1397600000.0,963800000.0,0.984,4.224,-192900000.0,873100000.0,873100000.0,399200000.0,317800000.0,2.612,1.082,577900000.0,4100000.0,573800000.0,577900000.0,0.0,73700000.0,0.0,0.0,0.0,569400000.0,643100000.0,0.292,643100000.0,569400000.0,549600000.0,1.21,1.195,1.21,1134100000.0,1085725000.0,1134100000.0,11187670267.0,20.0,17.396,420000000.0,1.564,1.0,1805800000.0,0.819,159100000.0,19800000.0,1372000000.0,1410700000.0,88700000.0,226500000.0,0.0,226500000.0,1227300000.0,535100000.0,692200000.0,11472070267.0,222500000.0,0.0,-110100000.0,-33200000.0,-49700000.0,-193000000.0,-192300000.0,0.0,612900000.0,-5100000.0,317800000.0,317800000.0,317800000.0,0.0,0.0,0.144,1271700000.0,534100000.0,118200000.0,0.0,10.116,36.098,35.31,461900000.0,0.0,42.725,5.203,5.203,281000000.0,1062400000.0,2205000000.0,2205000000.0,341000000.0,0.142,0.293,0.404,0.258,12700000.0,872700000.0,1.0,268509544.0,268509544.0,,8.212,2202300000.0,116300000.0,231800000.0,146400000.0,8.202,862500000.0
39,AGN1,MRT,2005-03-31,2005-03-25,2005-03-25,2021-08-25,-49200000.0,2248600000.0,2151500000.0,1374700000.0,873900000.0,0.984,4.078,-102700000.0,864500000.0,864500000.0,388200000.0,376200000.0,2.965,1.053,580100000.0,8100000.0,572000000.0,580100000.0,0.0,68600000.0,0.0,0.0,0.0,553200000.0,621800000.0,0.294,621800000.0,553200000.0,534300000.0,1.43,1.41,1.43,1095100000.0,1038875000.0,1095100000.0,9193637858.0,17.0,14.786,488800000.0,1.82,1.0,1728400000.0,0.817,64600000.0,18900000.0,1435900000.0,1443325000.0,98200000.0,236700000.0,0.0,236700000.0,1153500000.0,463700000.0,689800000.0,9505237858.0,296200000.0,0.0,-120100000.0,-21200000.0,-48600000.0,-189900000.0,-102600000.0,0.0,591500000.0,-2800000.0,376200000.0,376200000.0,376200000.0,0.0,0.0,0.178,1205700000.0,522700000.0,111100000.0,0.0,8.68,25.266,24.755,458700000.0,0.0,35.4,4.491,4.491,267500000.0,1045100000.0,2116600000.0,2116600000.0,338800000.0,0.175,0.362,0.383,0.261,12000000.0,824300000.0,1.0,268509544.0,268509544.0,,7.883,2184000000.0,113900000.0,158100000.0,71800000.0,8.134,911000000.0
40,AGN1,MRT,2004-12-31,2004-12-31,2004-12-31,2021-08-25,-45700000.0,2257000000.0,2061400000.0,1376000000.0,881000000.0,0.999,4.157,-106900000.0,894800000.0,894800000.0,381700000.0,377100000.0,2.994,1.022,583200000.0,13100000.0,570100000.0,583200000.0,0.0,68300000.0,0.0,0.0,0.0,549200000.0,617500000.0,0.3,617500000.0,549200000.0,531100000.0,1.435,1.41,1.435,1116200000.0,978400000.0,1116200000.0,10695034366.0,19.0,17.32,441600000.0,1.645,1.0,1677200000.0,0.815,66800000.0,18100000.0,1419000000.0,1450575000.0,89900000.0,230000000.0,0.0,230000000.0,1140800000.0,459600000.0,681200000.0,10884034366.0,387200000.0,0.0,18400000.0,-23000000.0,-47300000.0,-51900000.0,-106800000.0,0.0,548500000.0,-2600000.0,377100000.0,377100000.0,377100000.0,0.0,0.0,0.183,1149800000.0,527400000.0,97900000.0,0.0,9.751,28.862,28.247,468500000.0,0.0,40.535,5.286,5.286,243500000.0,982500000.0,2058900000.0,2058900000.0,342900000.0,0.183,0.385,0.379,0.267,11500000.0,791700000.0,1.0,268509544.0,268509544.0,,7.668,2190200000.0,115700000.0,154000000.0,93000000.0,8.157,916400000.0
41,AGN1,MRT,2004-09-30,2004-09-24,2004-09-24,2021-08-25,-55600000.0,2099200000.0,1935875000.0,1237200000.0,862000000.0,1.017,3.715,-128800000.0,778900000.0,778900000.0,371900000.0,173800000.0,2.906,1.104,589900000.0,21600000.0,568300000.0,589900000.0,0.0,66700000.0,0.0,0.0,0.0,335600000.0,402300000.0,0.204,402300000.0,335600000.0,318000000.0,0.665,0.64,0.665,997500000.0,879000000.0,997500000.0,10409304191.0,31.0,25.874,389800000.0,1.452,1.0,1596900000.0,0.811,68600000.0,17600000.0,1415900000.0,1442550000.0,84800000.0,216700000.0,0.0,216700000.0,1101700000.0,425700000.0,676000000.0,10457104191.0,55700000.0,-217700000.0,-31300000.0,-46000000.0,-47200000.0,-124500000.0,-340600000.0,0.0,518600000.0,2200000.0,173800000.0,173800000.0,173800000.0,0.0,0.0,0.088,1271900000.0,325000000.0,97300000.0,0.0,10.483,60.167,58.564,448200000.0,0.0,38.945,5.311,5.311,262000000.0,883700000.0,1968800000.0,1968800000.0,528500000.0,0.09,0.198,0.233,0.17,11500000.0,743800000.0,1.0,268509544.0,268509544.0,,7.332,2030600000.0,128500000.0,144200000.0,55200000.0,7.562,811500000.0
42,AGN1,MRT,2004-06-30,2004-06-25,2004-06-25,2021-08-25,-59600000.0,2001200000.0,1886925000.0,1151100000.0,850100000.0,1.008,3.526,-122300000.0,650600000.0,650600000.0,355600000.0,157800000.0,3.024,1.114,602800000.0,36300000.0,566500000.0,602800000.0,0.0,63300000.0,0.0,0.0,0.0,306200000.0,369500000.0,0.194,369500000.0,306200000.0,291500000.0,0.605,0.58,0.605,946700000.0,842200000.0,946700000.0,12115884766.0,40.0,32.79,302500000.0,1.127,1.0,1545700000.0,0.813,70200000.0,14700000.0,1502500000.0,1430900000.0,83500000.0,218600000.0,0.0,218600000.0,1054500000.0,380700000.0,673800000.0,12090984766.0,6700000.0,-217700000.0,-5900000.0,-30600000.0,-47200000.0,-83700000.0,-338800000.0,0.0,424800000.0,4400000.0,157800000.0,157800000.0,157800000.0,0.0,0.0,0.083,1245500000.0,300200000.0,90700000.0,0.0,12.772,76.622,74.43,432800000.0,0.0,45.03,6.359,6.359,282300000.0,803200000.0,1901300000.0,1901300000.0,526500000.0,0.084,0.187,0.214,0.161,11400000.0,719400000.0,1.0,268509544.0,268509544.0,,7.081,1931000000.0,128500000.0,133700000.0,31200000.0,7.192,770400000.0
43,AGN1,MRT,2004-03-31,2004-03-26,2004-03-26,2021-08-25,-56300000.0,1888200000.0,1835075000.0,1054800000.0,833400000.0,1.004,3.178,-123000000.0,568300000.0,568300000.0,345100000.0,-41900000.0,2.808,1.213,593200000.0,28500000.0,564700000.0,593200000.0,0.0,61700000.0,0.0,0.0,0.0,3600000.0,65300000.0,0.035,65300000.0,3600000.0,-12000000.0,-0.16,-0.175,-0.16,853200000.0,802850000.0,853200000.0,11262782126.0,3129.0,172.478,242000000.0,0.901,1.0,1497700000.0,0.813,72600000.0,15600000.0,1464900000.0,1401000000.0,82900000.0,217600000.0,0.0,217600000.0,1035000000.0,375600000.0,659400000.0,11172682126.0,-310000000.0,-469500000.0,-7800000.0,-35500000.0,-47000000.0,-90300000.0,-593600000.0,0.0,365000000.0,8900000.0,-41900000.0,-41900000.0,-41900000.0,0.0,0.0,-0.023,1501100000.0,-3400000.0,79900000.0,0.0,13.095,-266.651,-260.062,424600000.0,0.0,41.61,6.063,6.063,280200000.0,738500000.0,1842800000.0,1842800000.0,793700000.0,-0.023,-0.052,0.003,0.002,11000000.0,707800000.0,1.0,268509544.0,268509544.0,,6.863,1815600000.0,118600000.0,29900000.0,42400000.0,6.762,679200000.0
44,AGN1,MRT,2003-12-31,2003-12-31,2003-12-31,2021-08-25,-54900000.0,1754900000.0,1841525000.0,928200000.0,826700000.0,0.962,2.676,-121900000.0,507600000.0,507600000.0,334800000.0,-52500000.0,2.421,1.442,597700000.0,24400000.0,573300000.0,597700000.0,0.0,57900000.0,0.0,0.0,0.0,-14700000.0,43200000.0,0.024,43200000.0,-14700000.0,-30300000.0,-0.2,-0.2,-0.2,718600000.0,811450000.0,718600000.0,10217609037.0,-695.0,236.519,313400000.0,1.167,1.0,1436600000.0,0.811,74700000.0,15600000.0,1386900000.0,1335275000.0,76300000.0,210900000.0,0.0,210900000.0,1036300000.0,383400000.0,652900000.0,10312109037.0,-266400000.0,-469500000.0,-43600000.0,-26300000.0,-46900000.0,-116800000.0,-594900000.0,0.0,435300000.0,10000000.0,-52500000.0,-52500000.0,-52500000.0,0.0,0.0,-0.03,1460300000.0,-23700000.0,87200000.0,0.0,14.35,-196.421,-192.025,422500000.0,0.0,38.405,5.821,5.821,220100000.0,695700000.0,1771400000.0,1771400000.0,763500000.0,-0.029,-0.065,-0.011,-0.008,10300000.0,697200000.0,1.0,268509544.0,268509544.0,,6.597,1680200000.0,118600000.0,22200000.0,46500000.0,6.258,544800000.0
45,AGN1,MRT,2003-09-30,2003-09-26,2003-09-26,2021-08-25,-62200000.0,1903400000.0,1854450000.0,1156900000.0,746500000.0,0.907,3.167,-102300000.0,723200000.0,723200000.0,327100000.0,102700000.0,2.777,1.239,628700000.0,67600000.0,561100000.0,628700000.0,0.0,49100000.0,0.0,0.0,0.0,128300000.0,177400000.0,0.105,177400000.0,128300000.0,111500000.0,0.395,0.38,0.395,850300000.0,833875000.0,850300000.0,10527612341.0,82.0,59.344,157100000.0,0.585,1.0,1355800000.0,0.806,23000000.0,16800000.0,1369300000.0,1292150000.0,73800000.0,338200000.0,0.0,338200000.0,1053100000.0,416600000.0,636500000.0,10545712341.0,-31000000.0,-251800000.0,3900000.0,114200000.0,-46900000.0,71200000.0,-371200000.0,0.0,259400000.0,12300000.0,102700000.0,102700000.0,102700000.0,0.0,0.0,0.061,1222600000.0,133200000.0,87300000.0,0.0,12.402,102.685,99.43,385300000.0,0.0,39.275,6.266,6.266,235100000.0,811200000.0,1682900000.0,1682900000.0,555400000.0,0.055,0.123,0.099,0.076,9400000.0,669200000.0,1.0,268509544.0,268509544.0,,6.268,1880400000.0,0.0,8800000.0,47200000.0,7.003,740300000.0
46,AGN1,MRT,2003-06-30,2003-06-27,2003-06-27,2021-08-25,-61800000.0,1793800000.0,1812375000.0,1064100000.0,729700000.0,0.883,2.94,-84600000.0,643900000.0,643900000.0,313600000.0,-10100000.0,2.853,1.273,625800000.0,66500000.0,559300000.0,625800000.0,0.0,44300000.0,0.0,0.0,0.0,-28300000.0,16000000.0,0.01,16000000.0,-28300000.0,-45200000.0,-0.035,-0.045,-0.035,789300000.0,805725000.0,789300000.0,10177923428.0,-360.0,636.12,92800000.0,0.346,1.0,1286000000.0,0.804,19800000.0,16900000.0,1382900000.0,1191350000.0,75800000.0,336600000.0,0.0,336600000.0,1004500000.0,373000000.0,631500000.0,10435623428.0,-127800000.0,-251800000.0,13900000.0,38200000.0,-46700000.0,5400000.0,-339300000.0,0.0,177400000.0,2100000.0,-10100000.0,-10100000.0,-10100000.0,0.0,0.0,-0.006,1297100000.0,-11100000.0,94700000.0,0.0,13.221,-1033.23,-1110.429,373300000.0,0.0,38.865,6.524,6.524,222400000.0,759400000.0,1599600000.0,1599600000.0,533400000.0,-0.006,-0.013,-0.024,-0.018,9600000.0,646500000.0,1.0,268509544.0,268509544.0,,5.957,1774000000.0,0.0,-35100000.0,29300000.0,6.607,691100000.0
47,AGN1,MRT,2003-03-31,2003-03-28,2003-03-28,2021-08-25,-71100000.0,1914000000.0,1917975000.0,1297500000.0,616500000.0,0.781,3.306,-83600000.0,878300000.0,878300000.0,282100000.0,101600000.0,3.026,1.156,620600000.0,92900000.0,527700000.0,620600000.0,0.0,41800000.0,0.0,0.0,0.0,155900000.0,197700000.0,0.132,197700000.0,155900000.0,139100000.0,0.395,0.385,0.395,887600000.0,819275000.0,887600000.0,9131187675.0,59.0,46.187,91200000.0,0.34,1.0,1216500000.0,0.812,25500000.0,16800000.0,1202000000.0,1249875000.0,78700000.0,231200000.0,0.0,231200000.0,1026400000.0,428800000.0,597600000.0,9289087675.0,203600000.0,0.0,15400000.0,6100000.0,-46700000.0,-25200000.0,-90800000.0,0.0,174800000.0,-8500000.0,101600000.0,101600000.0,101600000.0,-6500000.0,0.0,0.068,1048800000.0,167700000.0,79500000.0,0.0,10.465,91.428,87.582,359800000.0,0.0,34.595,6.199,6.199,216100000.0,907800000.0,1498600000.0,1498600000.0,235000000.0,0.053,0.124,0.125,0.104,9800000.0,645900000.0,1.0,268509544.0,268509544.0,,5.581,1888500000.0,0.0,37500000.0,76000000.0,7.033,868700000.0
48,AGN1,MRT,2002-12-31,2002-12-31,2002-12-31,2021-08-25,-73400000.0,1806600000.0,1936050000.0,1200200000.0,606400000.0,0.736,3.123,-71900000.0,774000000.0,774000000.0,258300000.0,75200000.0,2.974,1.235,616100000.0,89700000.0,526400000.0,616100000.0,0.0,40700000.0,0.0,0.0,0.0,117700000.0,158400000.0,0.111,158400000.0,117700000.0,100300000.0,0.29,0.285,0.29,808300000.0,809300000.0,808300000.0,7196294400.0,61.0,45.431,-24300000.0,-0.094,1.0,1167000000.0,0.819,30700000.0,17400000.0,1214400000.0,1298625000.0,70400000.0,223700000.0,0.0,223700000.0,998300000.0,403600000.0,594700000.0,7457594400.0,-900000.0,0.0,-156400000.0,74000000.0,-46700000.0,-129100000.0,-79600000.0,0.0,47600000.0,-11800000.0,75200000.0,75200000.0,75200000.0,-11200000.0,0.0,0.053,1038000000.0,129000000.0,82000000.0,0.0,9.226,99.17,99.345,352000000.0,0.0,28.81,5.232,5.232,220600000.0,871700000.0,1425300000.0,1425300000.0,233100000.0,0.039,0.093,0.091,0.083,10300000.0,623800000.0,1.0,258854370.0,258854370.0,,5.506,1775900000.0,0.0,25100000.0,58200000.0,6.861,796600000.0
49,AGN1,MRT,2002-09-30,2002-09-27,2002-09-27,2021-08-25,-86200000.0,1735100000.0,1995950000.0,1169400000.0,565700000.0,0.677,2.853,-64100000.0,754300000.0,754300000.0,239500000.0,94900000.0,2.42,1.352,493000000.0,47700000.0,445300000.0,493000000.0,0.0,46100000.0,0.0,0.0,0.0,138400000.0,184500000.0,0.136,184500000.0,138400000.0,121300000.0,0.365,0.355,0.365,737700000.0,851575000.0,737700000.0,6920016811.0,50.0,37.507,121800000.0,0.471,1.0,1112200000.0,0.823,24500000.0,17100000.0,966100000.0,1335350000.0,70200000.0,220400000.0,0.0,220400000.0,997400000.0,483200000.0,514200000.0,6909116811.0,9900000.0,0.0,-197100000.0,-38500000.0,-46900000.0,-282500000.0,-77000000.0,0.0,185900000.0,-10300000.0,94900000.0,94900000.0,94900000.0,-34400000.0,0.0,0.07,1002100000.0,110100000.0,79700000.0,0.0,9.366,72.804,73.219,320800000.0,0.0,26.725,5.111,5.111,223800000.0,824400000.0,1351700000.0,1351700000.0,220800000.0,0.048,0.111,0.104,0.102,6300000.0,599900000.0,1.0,258526354.0,258526354.0,,5.228,1710600000.0,0.0,26400000.0,49900000.0,6.617,686200000.0
50,AGN1,MRT,2002-06-30,2002-06-28,2002-06-28,2021-08-25,-75100000.0,2216200000.0,2062475000.0,1444000000.0,772200000.0,0.622,3.141,-75100000.0,854800000.0,854800000.0,228100000.0,198500000.0,3.001,1.627,865700000.0,53700000.0,812000000.0,865700000.0,0.0,38300000.0,0.0,0.0,0.0,277400000.0,315700000.0,0.246,315700000.0,277400000.0,259700000.0,0.76,0.745,0.76,843500000.0,899625000.0,843500000.0,8968906031.0,32.0,28.41,147400000.0,0.549,1.0,1053900000.0,0.822,128900000.0,17700000.0,1617000000.0,1409800000.0,124400000.0,287400000.0,0.0,287400000.0,1372700000.0,481200000.0,891500000.0,8961506031.0,84200000.0,0.0,-230400000.0,33600000.0,-47100000.0,-243900000.0,-92900000.0,0.0,222500000.0,-3200000.0,198500000.0,198500000.0,198500000.0,-52300000.0,0.0,0.155,840600000.0,213300000.0,121100000.0,0.0,10.624,45.146,43.914,355900000.0,0.0,33.375,6.99,6.99,333300000.0,930300000.0,1282000000.0,1282000000.0,212700000.0,0.096,0.221,0.197,0.216,6600000.0,565700000.0,1.0,268509544.0,268509544.0,,4.775,2087300000.0,0.0,61200000.0,91900000.0,7.774,962800000.0
51,AGN1,MRT,2002-03-31,2002-03-29,2002-03-29,2021-08-25,-68900000.0,1986300000.0,1995050000.0,1220200000.0,766100000.0,0.685,3.157,-72600000.0,679700000.0,679700000.0,287100000.0,216600000.0,2.6,1.343,687100000.0,93700000.0,593400000.0,687100000.0,0.0,46100000.0,0.0,0.0,0.0,322800000.0,368900000.0,0.27,368900000.0,322800000.0,304000000.0,0.83,0.81,0.83,847700000.0,917150000.0,847700000.0,8512371010.0,26.0,23.075,163400000.0,0.609,1.0,1080000000.0,0.79,127400000.0,18800000.0,1397000000.0,1329650000.0,127800000.0,259900000.0,0.0,259900000.0,1138600000.0,469300000.0,669300000.0,8679571010.0,-60100000.0,-70200000.0,-219800000.0,57100000.0,-47300000.0,-210000000.0,-159800000.0,0.0,236000000.0,-1300000.0,216600000.0,216600000.0,216600000.0,-45800000.0,0.0,0.158,821900000.0,258100000.0,91800000.0,0.0,10.239,40.072,38.946,378800000.0,0.0,32.325,6.349,6.349,286300000.0,956100000.0,1367100000.0,1367100000.0,250300000.0,0.109,0.236,0.243,0.236,7000000.0,560300000.0,1.0,268509544.0,268509544.0,,5.091,1858900000.0,0.0,87400000.0,96700000.0,6.923,750900000.0
52,AGN1,MRT,2001-12-31,2001-12-31,2001-12-31,2021-08-25,-61600000.0,2046200000.0,1988350000.0,1114800000.0,931400000.0,0.605,3.725,-79500000.0,774900000.0,774900000.0,254200000.0,224900000.0,2.757,1.094,519900000.0,75100000.0,444800000.0,519900000.0,0.0,53000000.0,0.0,0.0,0.0,331500000.0,384500000.0,0.32,384500000.0,331500000.0,313400000.0,0.855,0.84,0.855,977400000.0,924900000.0,977400000.0,9727489137.0,29.0,25.299,212500000.0,0.81,1.0,948200000.0,0.789,25500000.0,18100000.0,1361300000.0,1302975000.0,55000000.0,168000000.0,0.0,168000000.0,1068800000.0,404400000.0,664400000.0,9845189137.0,13600000.0,-70200000.0,-100000000.0,-15500000.0,-47500000.0,-163000000.0,-166800000.0,0.0,292000000.0,-4900000.0,224900000.0,224900000.0,224900000.0,-54900000.0,0.0,0.187,706200000.0,242000000.0,74700000.0,0.0,10.073,43.776,43.889,360400000.0,0.0,37.525,8.188,8.188,164700000.0,928400000.0,1202400000.0,1202400000.0,227500000.0,0.113,0.243,0.254,0.276,7100000.0,481100000.0,1.0,262363468.0,262363468.0,,4.583,2020700000.0,0.0,88500000.0,114400000.0,7.702,710400000.0
53,AGN1,MRT,2001-09-30,2001-09-28,2001-09-28,2021-08-25,-71200000.0,2001200000.0,1969550000.0,1321100000.0,680100000.0,0.505,3.519,-64200000.0,752900000.0,752900000.0,190900000.0,205900000.0,2.718,1.152,635200000.0,107900000.0,527300000.0,635200000.0,0.0,37500000.0,0.0,0.0,0.0,298500000.0,336000000.0,0.338,336000000.0,298500000.0,281700000.0,0.79,0.77,0.79,929900000.0,899000000.0,929900000.0,8689742791.0,29.0,25.862,171400000.0,0.649,1.0,802800000.0,0.808,133600000.0,16800000.0,1263900000.0,1281475000.0,123400000.0,183600000.0,0.0,183600000.0,1071300000.0,486000000.0,585300000.0,8758942791.0,367700000.0,-70200000.0,-41300000.0,276300000.0,-46100000.0,188900000.0,-150400000.0,400000.0,235600000.0,-16200000.0,205900000.0,205900000.0,205900000.0,-67100000.0,0.0,0.207,612500000.0,190300000.0,91400000.0,0.0,9.419,42.54,41.962,362900000.0,0.0,33.15,8.814,8.814,288100000.0,860400000.0,993700000.0,993700000.0,212000000.0,0.105,0.229,0.233,0.3,8700000.0,401600000.0,1.0,264221502.0,264221502.0,,3.761,1867600000.0,0.0,75800000.0,108400000.0,7.068,835100000.0
54,AGN1,MRT,2001-06-30,2001-06-29,2001-06-29,2021-08-25,-60600000.0,1946500000.0,1853950000.0,1265800000.0,680700000.0,0.593,3.471,-62900000.0,700100000.0,700100000.0,251800000.0,193700000.0,2.848,1.131,630900000.0,96600000.0,534300000.0,630900000.0,0.0,52000000.0,0.0,0.0,0.0,286000000.0,338000000.0,0.307,338000000.0,286000000.0,269300000.0,0.745,0.725,0.745,913600000.0,862250000.0,913600000.0,10943120990.0,38.0,32.376,203300000.0,0.772,1.0,848300000.0,0.771,136500000.0,16700000.0,1296400000.0,1204125000.0,129300000.0,186500000.0,0.0,186500000.0,1032900000.0,444400000.0,588500000.0,11057220990.0,387400000.0,-70200000.0,-27300000.0,286300000.0,-44800000.0,214200000.0,-156900000.0,400000.0,266200000.0,-8700000.0,193700000.0,193700000.0,193700000.0,-49200000.0,0.0,0.176,650800000.0,197500000.0,95600000.0,0.0,12.103,57.084,56.396,357700000.0,0.0,42.015,10.051,10.051,279200000.0,809900000.0,1100100000.0,1100100000.0,208900000.0,0.104,0.225,0.238,0.26,8600000.0,443800000.0,1.0,263173176.0,263173176.0,,4.18,1810000000.0,0.0,75600000.0,89200000.0,6.878,821400000.0
55,AGN1,MRT,2001-03-31,2001-03-30,2001-03-30,2021-08-25,-60200000.0,1959500000.0,1734875000.0,1321100000.0,638400000.0,0.626,3.273,-62800000.0,747400000.0,747400000.0,263800000.0,223700000.0,3.08,1.23,633300000.0,56500000.0,576800000.0,633300000.0,0.0,55100000.0,0.0,0.0,0.0,312800000.0,367900000.0,0.339,367900000.0,312800000.0,296200000.0,0.86,0.84,0.86,878700000.0,820775000.0,878700000.0,9824991344.0,31.0,26.706,192600000.0,0.717,1.0,822400000.0,0.757,126200000.0,16600000.0,1290300000.0,1126025000.0,128000000.0,161000000.0,0.0,161000000.0,1080800000.0,428900000.0,651900000.0,9954991344.0,445500000.0,0.0,7000000.0,244100000.0,-43400000.0,207700000.0,-81800000.0,3000000.0,255400000.0,-8400000.0,223700000.0,223700000.0,223700000.0,-49200000.0,0.0,0.206,596000000.0,226400000.0,89800000.0,0.0,11.329,44.502,43.11,351200000.0,0.0,37.075,9.165,9.165,297300000.0,811600000.0,1086200000.0,1086200000.0,165700000.0,0.129,0.273,0.278,0.288,7600000.0,432800000.0,1.0,268509544.0,268509544.0,,4.045,1833300000.0,0.0,72500000.0,102700000.0,6.828,892200000.0
56,AGN1,MRT,2000-12-31,2000-12-31,2000-12-31,2021-08-25,-50800000.0,1971000000.0,1601475000.0,1326300000.0,644700000.0,0.659,3.323,-59800000.0,773900000.0,773900000.0,257100000.0,215100000.0,3.067,1.256,643900000.0,59200000.0,584700000.0,643900000.0,0.0,55000000.0,0.0,0.0,0.0,300400000.0,355400000.0,0.337,355400000.0,300400000.0,284200000.0,0.825,0.805,0.825,873800000.0,763050000.0,873800000.0,12697769049.0,42.0,35.728,218400000.0,0.83,1.0,797900000.0,0.756,133200000.0,16200000.0,1275300000.0,1050650000.0,122700000.0,159900000.0,0.0,159900000.0,1097200000.0,432500000.0,664700000.0,12729969049.0,600700000.0,0.0,25300000.0,347700000.0,-41900000.0,331100000.0,-78100000.0,3000000.0,278200000.0,-3100000.0,215100000.0,215100000.0,215100000.0,-49200000.0,0.0,0.204,572000000.0,225900000.0,96300000.0,0.0,14.569,59.182,58.674,351600000.0,0.0,48.406,12.066,12.066,290100000.0,780000000.0,1055000000.0,1055000000.0,165700000.0,0.134,0.282,0.286,0.285,6400000.0,409200000.0,1.0,262981930.0,262981930.0,,4.012,1837800000.0,0.0,69100000.0,98500000.0,6.988,893800000.0
57,AGN1,MRT,2000-09-30,2000-09-29,2000-09-29,2021-08-25,-54700000.0,1538800000.0,1443500000.0,905200000.0,633600000.0,1.108,2.98,-60800000.0,378900000.0,378900000.0,476200000.0,209300000.0,2.189,0.966,346700000.0,86200000.0,260500000.0,346700000.0,0.0,79600000.0,0.0,0.0,0.0,316000000.0,395600000.0,0.247,395600000.0,316000000.0,296100000.0,0.8,0.785,0.8,782900000.0,703225000.0,782900000.0,11132853070.0,35.0,28.142,211000000.0,0.803,1.0,1123900000.0,0.702,138500000.0,19900000.0,954500000.0,956800000.0,121600000.0,156100000.0,0.0,156100000.0,755900000.0,413600000.0,342300000.0,11092053070.0,114000000.0,0.0,-89400000.0,19900000.0,-40600000.0,-110100000.0,-51700000.0,27800000.0,271800000.0,4000000.0,209300000.0,209300000.0,209300000.0,0.0,0.0,0.131,830500000.0,293400000.0,83100000.0,0.0,14.168,52.996,52.773,339000000.0,0.0,42.219,6.932,6.932,278100000.0,736600000.0,1600100000.0,1600100000.0,199200000.0,0.145,0.298,0.33,0.197,7900000.0,645800000.0,1.0,262728126.0,262728126.0,,6.09,1400300000.0,0.0,86800000.0,74500000.0,5.33,491600000.0
58,AGN1,MRT,2000-06-30,2000-06-30,2000-06-30,2021-08-25,-54700000.0,1470200000.0,1415725000.0,834000000.0,636200000.0,1.103,2.885,-58100000.0,302400000.0,302400000.0,470300000.0,201700000.0,2.174,0.966,343200000.0,84100000.0,259100000.0,343200000.0,0.0,78300000.0,0.0,0.0,0.0,307200000.0,385500000.0,0.247,385500000.0,307200000.0,288200000.0,0.77,0.755,0.77,747700000.0,677125000.0,747700000.0,9756556774.0,32.0,25.309,172300000.0,0.665,1.0,1091800000.0,0.699,143400000.0,19000000.0,984000000.0,945350000.0,120700000.0,157500000.0,0.0,157500000.0,722500000.0,383600000.0,338900000.0,9653456774.0,86800000.0,0.0,-129000000.0,76900000.0,-39300000.0,-91400000.0,-50600000.0,28900000.0,230400000.0,-1600000.0,201700000.0,201700000.0,201700000.0,0.0,0.0,0.129,805700000.0,286100000.0,76300000.0,0.0,12.911,47.86,48.377,335300000.0,0.0,37.25,6.18,6.18,283000000.0,701800000.0,1562100000.0,1562100000.0,195900000.0,0.142,0.298,0.325,0.197,7300000.0,625100000.0,1.0,259153202.0,259153202.0,,6.028,1326800000.0,0.0,86500000.0,63500000.0,5.12,450400000.0
59,AGN1,MRT,2000-03-31,2000-03-31,2000-03-31,2021-08-25,-51600000.0,1425900000.0,1388625000.0,789000000.0,636900000.0,1.097,2.413,-48400000.0,291600000.0,291600000.0,469100000.0,196700000.0,2.011,1.201,394700000.0,87000000.0,307700000.0,394700000.0,0.0,71900000.0,0.0,0.0,0.0,297000000.0,368900000.0,0.242,368900000.0,297000000.0,280300000.0,0.745,0.73,0.745,647800000.0,667575000.0,647800000.0,6843938600.0,23.0,18.552,193500000.0,0.721,1.0,1054000000.0,0.692,147900000.0,16700000.0,988800000.0,897900000.0,132200000.0,160400000.0,0.0,160400000.0,778100000.0,392300000.0,385800000.0,6712738600.0,82100000.0,0.0,-215100000.0,138200000.0,-38100000.0,-115000000.0,-44100000.0,28500000.0,241900000.0,-700000.0,196700000.0,196700000.0,196700000.0,0.0,0.0,0.129,775700000.0,278300000.0,68400000.0,0.0,10.362,34.127,33.557,328600000.0,0.0,25.0,4.407,4.407,238100000.0,669600000.0,1523100000.0,1523100000.0,182400000.0,0.142,0.295,0.331,0.195,8000000.0,609500000.0,1.0,268509544.0,268509544.0,,5.672,1278000000.0,0.0,83600000.0,76800000.0,4.76,396700000.0
60,AGN1,MRT,1999-12-31,1999-12-31,1999-12-31,2021-08-25,-49300000.0,1339100000.0,1361250000.0,697500000.0,641600000.0,1.067,2.341,-49600000.0,162900000.0,162900000.0,449700000.0,188200000.0,1.661,1.11,294100000.0,85300000.0,208800000.0,294100000.0,0.0,73800000.0,0.0,0.0,0.0,284000000.0,357800000.0,0.246,357800000.0,284000000.0,268900000.0,0.71,0.695,0.71,634500000.0,679625000.0,634500000.0,6809472150.0,24.0,19.032,204700000.0,0.755,1.0,1002700000.0,0.69,150500000.0,15100000.0,899900000.0,858200000.0,130700000.0,160800000.0,0.0,160800000.0,704600000.0,419900000.0,284700000.0,6741672150.0,-18700000.0,0.0,-196500000.0,20100000.0,-37000000.0,-213400000.0,-53000000.0,33800000.0,254300000.0,-6600000.0,188200000.0,188200000.0,188200000.0,0.0,0.0,0.13,739200000.0,263500000.0,80500000.0,0.0,10.625,35.822,35.035,330300000.0,0.0,24.875,4.642,4.642,253200000.0,651100000.0,1452400000.0,1452400000.0,168400000.0,0.138,0.277,0.331,0.196,10000000.0,587900000.0,1.0,271021996.0,271021996.0,,5.359,1188600000.0,0.0,80700000.0,83400000.0,4.386,277600000.0
61,AGN1,MRT,1999-09-30,1999-09-24,1999-09-24,2021-08-25,-43500000.0,1427700000.0,1360075000.0,767900000.0,659800000.0,1.041,2.57,-45200000.0,264900000.0,264900000.0,454300000.0,157500000.0,1.795,1.104,332700000.0,84700000.0,248000000.0,332700000.0,0.0,71700000.0,0.0,0.0,0.0,230100000.0,301800000.0,0.213,301800000.0,230100000.0,216500000.0,0.595,0.585,0.595,678500000.0,695000000.0,678500000.0,7081058383.0,31.0,23.463,217600000.0,0.824,1.0,960900000.0,0.679,159100000.0,13600000.0,908700000.0,849425000.0,126200000.0,180400000.0,0.0,180400000.0,749200000.0,427700000.0,321500000.0,7048958383.0,64900000.0,0.0,-89800000.0,6300000.0,-36300000.0,-119800000.0,-70100000.0,10100000.0,262800000.0,-8000000.0,157500000.0,157500000.0,157500000.0,0.0,0.0,0.111,751500000.0,209400000.0,81500000.0,0.0,10.389,44.755,44.879,320300000.0,0.0,26.703,4.981,4.981,242800000.0,610600000.0,1415200000.0,1415200000.0,147200000.0,0.116,0.227,0.271,0.163,10500000.0,582800000.0,1.0,263975036.0,263975036.0,,5.361,1268600000.0,0.0,59000000.0,58000000.0,4.806,340200000.0
62,AGN1,MRT,1999-06-30,1999-06-25,1999-06-25,2021-08-25,-29700000.0,1361800000.0,1334575000.0,705900000.0,655900000.0,1.038,2.664,-44500000.0,215600000.0,215600000.0,447100000.0,79100000.0,1.599,0.919,247700000.0,109400000.0,138300000.0,247700000.0,0.0,75200000.0,0.0,0.0,0.0,128700000.0,203900000.0,0.147,203900000.0,128700000.0,112800000.0,0.295,0.29,0.295,709500000.0,690425000.0,709500000.0,7129687232.0,55.0,34.967,242200000.0,0.909,1.0,938800000.0,0.677,158300000.0,15900000.0,794200000.0,835625000.0,130700000.0,179900000.0,0.0,179900000.0,652300000.0,441400000.0,210900000.0,7104287232.0,62000000.0,0.0,-19300000.0,-91200000.0,-35600000.0,-146100000.0,-72400000.0,9500000.0,286700000.0,-6200000.0,79100000.0,79100000.0,79100000.0,0.0,0.0,0.057,829000000.0,109800000.0,78700000.0,0.0,10.013,89.814,90.413,317700000.0,0.0,26.672,5.126,5.126,227700000.0,574300000.0,1385900000.0,1385900000.0,135500000.0,0.059,0.115,0.154,0.093,10500000.0,571600000.0,1.0,266358748.0,266358748.0,,5.203,1203500000.0,0.0,33700000.0,44800000.0,4.518,264500000.0
63,AGN1,MRT,1999-03-31,1999-03-26,1999-03-26,2021-08-25,-37600000.0,1316400000.0,1332500000.0,664700000.0,651700000.0,1.004,2.592,-44400000.0,209500000.0,209500000.0,435300000.0,67000000.0,1.887,0.891,234900000.0,39400000.0,195500000.0,234900000.0,0.0,78500000.0,0.0,0.0,0.0,112100000.0,190600000.0,0.142,190600000.0,112100000.0,95400000.0,0.253,0.25,0.253,696000000.0,684350000.0,696000000.0,6193587132.0,55.0,32.495,241000000.0,0.898,1.0,903000000.0,0.675,159500000.0,16700000.0,830000000.0,877275000.0,126500000.0,175600000.0,0.0,175600000.0,620400000.0,352300000.0,268100000.0,6125587132.0,95700000.0,0.0,-3500000.0,-84200000.0,-34700000.0,-122400000.0,-61200000.0,21500000.0,285400000.0,-6100000.0,67000000.0,67000000.0,67000000.0,0.0,0.0,0.05,815100000.0,87900000.0,80300000.0,0.0,8.801,91.427,90.168,316600000.0,0.0,22.812,4.577,4.577,202300000.0,536100000.0,1338300000.0,1338300000.0,133000000.0,0.05,0.098,0.128,0.084,9900000.0,551500000.0,1.0,268518888.0,268518888.0,,4.984,1156900000.0,0.0,28400000.0,43700000.0,4.308,312400000.0
64,AGN1,MRT,1998-12-31,1998-12-31,1998-12-31,2021-08-25,-4300000.0,1334400000.0,1332550000.0,661200000.0,673200000.0,0.973,2.637,-41800000.0,181600000.0,181600000.0,439100000.0,-90200000.0,1.794,0.917,249600000.0,48500000.0,201100000.0,249600000.0,0.0,76500000.0,0.0,0.0,0.0,-41000000.0,35500000.0,0.027,35500000.0,-41000000.0,-57400000.0,-0.345,-0.345,-0.345,696000000.0,679850000.0,696000000.0,4367077688.0,-107.0,123.016,10900000.0,0.041,1.0,857000000.0,0.661,169100000.0,16400000.0,864800000.0,906700000.0,123300000.0,179200000.0,0.0,179200000.0,638400000.0,368500000.0,269900000.0,4272877688.0,700000.0,0.0,3100000.0,23400000.0,-33800000.0,-35900000.0,-11800000.0,57000000.0,52700000.0,-4300000.0,-90200000.0,-90200000.0,-90200000.0,0.0,0.0,-0.07,955100000.0,-98100000.0,67000000.0,0.0,6.139,-47.371,-46.92,324900000.0,0.0,16.188,3.297,3.297,226100000.0,516300000.0,1296100000.0,1296100000.0,125400000.0,-0.068,-0.133,-0.045,-0.032,8100000.0,525200000.0,1.0,263961556.0,263961556.0,,4.91,1165300000.0,0.0,32800000.0,39400000.0,4.415,292700000.0
65,AGN1,MRT,1998-09-30,1998-09-25,1998-09-25,2021-08-25,-1300000.0,1325700000.0,1348675000.0,678000000.0,647700000.0,0.928,2.525,-52600000.0,200000000.0,200000000.0,428500000.0,-73300000.0,1.792,1.008,294200000.0,72600000.0,221600000.0,294200000.0,0.0,72400000.0,0.0,0.0,0.0,-34300000.0,38100000.0,0.03,38100000.0,-34300000.0,-48900000.0,-0.283,-0.285,-0.283,660200000.0,716200000.0,660200000.0,4113543374.0,-120.0,107.967,65300000.0,0.25,1.0,822800000.0,0.658,188000000.0,14600000.0,853500000.0,906575000.0,135000000.0,140800000.0,0.0,140800000.0,665500000.0,378400000.0,287100000.0,3938743374.0,58500000.0,0.0,-6100000.0,42800000.0,-33600000.0,-25500000.0,-29600000.0,55500000.0,117900000.0,-4300000.0,-73300000.0,-73300000.0,-73300000.0,0.0,0.0,-0.059,904900000.0,-82100000.0,74100000.0,0.0,5.966,-53.735,-53.224,318900000.0,0.0,15.062,3.148,3.148,208600000.0,497500000.0,1251300000.0,1251300000.0,133700000.0,-0.054,-0.102,-0.038,-0.027,7900000.0,493200000.0,1.0,261493336.0,261493336.0,,4.785,1137700000.0,0.0,24400000.0,20200000.0,4.351,299600000.0
66,AGN1,MRT,1998-06-30,1998-06-26,1998-06-26,2021-08-25,1600000.0,1353500000.0,,633200000.0,720300000.0,,2.606,-54800000.0,153600000.0,153600000.0,426200000.0,1700000.0,1.724,0.975,328400000.0,82000000.0,246400000.0,328400000.0,0.0,70500000.0,0.0,0.0,0.0,60200000.0,130700000.0,0.108,130700000.0,60200000.0,49000000.0,0.005,0.0,0.005,685200000.0,,685200000.0,3278474522.0,54.0,25.084,9600000.0,0.037,1.0,786300000.0,0.648,200200000.0,11200000.0,960800000.0,,143500000.0,168700000.0,0.0,168700000.0,668300000.0,367300000.0,301000000.0,3077074522.0,28100000.0,0.0,-10500000.0,70300000.0,-33400000.0,-2200000.0,-28900000.0,67400000.0,64400000.0,-5200000.0,1700000.0,1700000.0,1700000.0,0.0,0.0,0.001,786700000.0,-400000.0,68100000.0,0.0,4.491,1810.044,2340.625,351400000.0,0.0,11.703,2.538,2.538,214600000.0,540200000.0,1212500000.0,1212500000.0,132500000.0,,,,0.05,7600000.0,475000000.0,1.0,262927596.0,262927596.0,,4.612,1153300000.0,0.0,47300000.0,42400000.0,4.386,265900000.0
67,AGN1,MRT,1998-03-31,1998-03-27,1998-03-27,2021-08-25,100000.0,1316600000.0,,577100000.0,739500000.0,,2.589,-53900000.0,113800000.0,113800000.0,416800000.0,-11700000.0,1.595,0.942,315200000.0,90300000.0,224900000.0,315200000.0,0.0,69300000.0,0.0,0.0,0.0,39800000.0,109100000.0,0.093,109100000.0,39800000.0,30100000.0,-0.045,-0.048,-0.045,678000000.0,,678000000.0,2440276432.0,61.0,22.367,-10300000.0,-0.039,1.0,751800000.0,0.643,208400000.0,9700000.0,947700000.0,,152000000.0,176700000.0,0.0,176700000.0,638600000.0,361900000.0,276700000.0,2398176432.0,-3800000.0,0.0,-9000000.0,68300000.0,-33400000.0,-2700000.0,-40000000.0,53200000.0,43600000.0,-4700000.0,-11700000.0,-11700000.0,-11700000.0,0.0,0.0,-0.01,764700000.0,-12900000.0,64200000.0,0.0,3.537,-204.972,-203.472,354400000.0,0.0,9.156,2.052,2.052,187700000.0,513400000.0,1168600000.0,1168600000.0,127700000.0,,,,0.034,7500000.0,464800000.0,1.0,261916880.0,261916880.0,,4.462,1108200000.0,0.0,41800000.0,54500000.0,4.231,215200000.0
68,AGN1,MRT,1997-12-31,1997-12-31,1997-12-31,2021-08-25,11700000.0,1398900000.0,1374350000.0,636400000.0,762500000.0,0.836,3.212,-54000000.0,180900000.0,180900000.0,409700000.0,128300000.0,1.752,0.663,223000000.0,80500000.0,142500000.0,223000000.0,0.0,68800000.0,0.0,0.0,0.0,166200000.0,235000000.0,0.205,235000000.0,166200000.0,157300000.0,0.49,0.485,0.49,841400000.0,795600000.0,841400000.0,,,,155800000.0,0.595,1.0,739300000.0,0.643,213400000.0,8900000.0,864300000.0,862400000.0,147800000.0,191300000.0,0.0,191300000.0,557500000.0,363300000.0,194200000.0,2197646321.0,68900000.0,0.0,-15400000.0,-5700000.0,-33400000.0,-54500000.0,-83900000.0,12400000.0,209800000.0,-2500000.0,128300000.0,128300000.0,128300000.0,0.0,0.0,0.112,590300000.0,149000000.0,83300000.0,0.0,2.612,17.129,17.124,357800000.0,0.0,8.391,1.913,1.913,187000000.0,670800000.0,1149000000.0,1149000000.0,131200000.0,0.093,0.161,0.193,0.145,7200000.0,459100000.0,1.0,261916880.0,261916880.0,,4.387,1185500000.0,0.0,29000000.0,32500000.0,4.526,273100000.0
69,AGN1,MRT,1997-09-30,1997-09-26,1997-09-26,2021-08-25,,,,,,,,,,,,,,,,,,,,,,0.0,0.0,,,,,,,,,,,,,,,,,,1.0,,,,,,,,,,,,,,,,,,,,,,,,,,,,,,,,,,,,,,,,8.594,,,,,,,,,,,,,,1.0,,,,,,,,,,
70,AGN1,MRT,1997-06-30,1997-06-27,1997-06-27,2021-08-25,,,,,,,,,,,,,,,,,,,,,,0.0,0.0,,,,,,,,,,,,,,,,,,1.0,,,,,,,,,,,,,,,,,,,,,,,,,,,,,,,,,,,,,,,,8.0,,,,,,,,,,,,,,1.0,,,,,,,,,,
71,AGN1,MRT,1997-03-31,1997-03-28,1997-03-28,2021-08-25,,,,,,,,,,,,,,,,,,,,,,0.0,0.0,,,,,,,,,,,,,,,,,,1.0,,,,,,,,,,,,,,,,,,,,,,,,,,,,,,,,,,,,,,,,7.438,,,,,,,,,,,,,,1.0,,,,,,,,,,
72,AGN1,MRT,1996-12-31,1996-12-31,1996-12-31,2021-08-25,4000000.0,1349800000.0,,599700000.0,750100000.0,,,-52500000.0,112000000.0,112000000.0,393900000.0,77100000.0,1.598,0.8,236600000.0,66600000.0,170000000.0,236600000.0,0.0,72900000.0,0.0,0.0,0.0,120900000.0,193800000.0,0.168,193800000.0,120900000.0,108400000.0,0.295,0.292,0.295,749800000.0,,749800000.0,,,,122700000.0,,1.0,763000000.0,0.66,238600000.0,12500000.0,860500000.0,,130100000.0,163000000.0,0.0,163000000.0,600000000.0,375300000.0,224700000.0,,9700000.0,0.0,18200000.0,-80200000.0,-31500000.0,-93500000.0,-74400000.0,0.0,175200000.0,2400000.0,77100000.0,77100000.0,77100000.0,0.0,0.0,0.067,652400000.0,110600000.0,75400000.0,0.0,,,30.191,348500000.0,0.0,8.906,,,242500000.0,574800000.0,1156900000.0,1156900000.0,118300000.0,,,,0.105,5500000.0,456600000.0,1.0,,,,,1111200000.0,0.0,31300000.0,47200000.0,,224400000.0
73,AGN1,MRT,1995-12-31,1995-12-31,1995-12-31,2021-08-25,,,,,,,,-61600000.0,,,333900000.0,72500000.0,,,,,,,,60500000.0,,0.0,0.0,138100000.0,198600000.0,0.185,198600000.0,138100000.0,124200000.0,0.282,0.28,0.282,,,,,,,15100000.0,,1.0,739700000.0,0.689,,13900000.0,,,,,,,,,,,-28400000.0,-168000000.0,15400000.0,190200000.0,-29900000.0,175700000.0,-277800000.0,0.0,76700000.0,-3000000.0,72500000.0,72500000.0,72500000.0,0.0,0.0,0.068,610100000.0,129600000.0,,0.0,,,28.812,,0.0,8.125,,,,,1073600000.0,1073600000.0,116700000.0,,,,0.129,2500000.0,443400000.0,1.0,,,,,,,51700000.0,,,
