None,ticker,dimension,calendardate,datekey,reportperiod,lastupdated,accoci,assets,assetsavg,assetsc,assetsnc,assetturnover,bvps,capex,cashneq,cashnequsd,cor,consolinc,currentratio,de,debt,debtc,debtnc,debtusd,deferredrev,depamor,deposits,divyield,dps,ebit,ebitda,ebitdamargin,ebitdausd,ebitusd,ebt,eps,epsdil,epsusd,equity,equityavg,equityusd,ev,evebit,evebitda,fcf,fcfps,fxusd,gp,grossmargin,intangibles,intexp,invcap,invcapavg,inventory,investments,investmentsc,investmentsnc,liabilities,liabilitiesc,liabilitiesnc,marketcap,ncf,ncfbus,ncfcommon,ncfdebt,ncfdiv,ncff,ncfi,ncfinv,ncfo,ncfx,netinc,netinccmn,netinccmnusd,netincdis,netincnci,netmargin,opex,opinc,payables,payoutratio,pb,pe,pe1,ppnenet,prefdivis,price,ps,ps1,receivables,retearn,revenue,revenueusd,rnd,roa,roe,roic,ros,sbcomp,sgna,sharefactor,sharesbas,shareswa,shareswadil,sps,tangibles,taxassets,taxexp,taxliabilities,tbvps,workingcapital
0,MWW,MRY,2015-12-31,2015-12-31,2015-12-31,2021-08-25,1926000.0,1154932000.0,1165733000.0,481032000.0,673900000.0,0.572,5.352,-28900000.0,167915000.0,167915000.0,0.0,77673000.0,1.127,1.399,194272000.0,9773000.0,184499000.0,194272000.0,279815000.0,45422000.0,0.0,0.0,0.0,78855000.0,124277000.0,0.186,124277000.0,78855000.0,65143000.0,0.82,0.78,0.82,481406000.0,438692500.0,481406000.0,635473674.0,8.0,5.113,44863000.0,0.499,1.0,666903000.0,1.0,524373000.0,13712000.0,230259000.0,264656750.0,0.0,21566000.0,0.0,21566000.0,673526000.0,426657000.0,246869000.0,523090674.0,73618000.0,69056000.0,-8016000.0,-16318000.0,0.0,-44146000.0,47877000.0,10026000.0,73763000.0,-3876000.0,73612000.0,73612000.0,73612000.0,-64513000.0,4061000.0,0.11,657814000.0,9089000.0,137069000.0,0.0,1.087,7.106,6.988,110143000.0,0.0,5.73,0.784,0.773,260518000.0,-780548000.0,666903000.0,666903000.0,0.0,0.063,0.168,0.298,0.118,11782000.0,625035000.0,1.0,91289821.0,89942000,94867000.0,7.415,630559000.0,6953000.0,-8469000.0,36348000.0,7.011,54375000.0
1,MWW,MRY,2014-12-31,2014-12-31,2014-12-31,2021-08-25,9245000.0,1217151000.0,1498019500.0,460146000.0,757005000.0,0.484,4.776,-39843000.0,72030000.0,72030000.0,0.0,-283807000.0,0.98,1.766,211384000.0,9563000.0,201821000.0,211384000.0,297636000.0,48643000.0,0.0,0.0,0.0,-320123000.0,-271480000.0,-0.374,-271480000.0,-320123000.0,-329071000.0,-3.29,-3.29,-3.29,420498000.0,665430000.0,420498000.0,530065568.0,-2.0,-1.953,42912000.0,0.487,1.0,725571000.0,1.0,531195000.0,8948000.0,355996000.0,206298750.0,0.0,20700000.0,0.0,20700000.0,742406000.0,469314000.0,273092000.0,409841568.0,5716000.0,-33521000.0,-52070000.0,96225000.0,0.0,7657000.0,-80066000.0,-2163000.0,82755000.0,-4630000.0,-289289000.0,-289289000.0,-289289000.0,-9664000.0,5482000.0,-0.399,1061626000.0,-336055000.0,154103000.0,0.0,0.975,-1.417,-1.404,117191000.0,0.0,4.62,0.565,0.561,279569000.0,-854160000.0,725571000.0,725571000.0,0.0,-0.193,-0.435,-1.552,-0.441,35158000.0,735826000.0,1.0,88710296.0,88045000,88045000.0,8.241,685956000.0,0.0,-39782000.0,54636000.0,7.791,-9168000.0
2,MWW,MRY,2013-12-31,2013-12-31,2013-12-31,2021-08-25,63368000.0,1586257000.0,1572905500.0,504065000.0,1082192000.0,0.486,7.384,-32616000.0,88581000.0,88581000.0,0.0,-289000.0,0.972,0.94,135275000.0,9375000.0,125900000.0,135275000.0,342156000.0,59156000.0,0.0,0.0,0.0,24834000.0,83990000.0,0.11,83990000.0,24834000.0,18786000.0,0.0,0.0,0.0,789671000.0,824157500.0,789671000.0,849748093.0,34.0,10.117,1206000.0,0.011,1.0,763935000.0,1.0,919576000.0,6048000.0,194538000.0,206680750.0,0.0,220000.0,0.0,220000.0,742112000.0,518837000.0,223275000.0,747743093.0,-59604000.0,0.0,-107167000.0,-28974000.0,0.0,-49772000.0,-38882000.0,-6266000.0,33822000.0,-4772000.0,-482000.0,-482000.0,-482000.0,-8230000.0,193000.0,-0.001,746230000.0,17705000.0,167306000.0,,0.947,-1551.334,,124169000.0,0.0,7.13,0.979,0.998,332675000.0,-564871000.0,763935000.0,763935000.0,0.0,0.0,-0.001,0.12,0.033,19484000.0,726235000.0,1.0,104872804.0,106947000,107913000.0,7.143,666681000.0,0.0,19268000.0,53078000.0,6.234,-14772000.0
3,MWW,MRY,2012-12-31,2012-12-31,2012-12-31,2021-08-25,87162000.0,1684865000.0,1867606750.0,579653000.0,1105212000.0,0.477,7.797,-59572000.0,148185000.0,148185000.0,0.0,-258720000.0,0.991,0.915,164239000.0,18264000.0,145975000.0,164239000.0,351546000.0,70000000.0,0.0,0.0,0.0,-285815000.0,-215815000.0,-0.242,-215815000.0,-285815000.0,-291698000.0,-2.29,-2.27,-2.29,880039000.0,1016946500.0,880039000.0,678954651.0,-2.0,-3.146,-6245000.0,-0.055,1.0,890392000.0,1.0,919854000.0,5883000.0,196085000.0,236778000.0,0.0,0.0,0.0,0.0,804826000.0,584980000.0,219846000.0,658116651.0,-102132000.0,0.0,-65611000.0,-24741000.0,0.0,-98811000.0,-60921000.0,-1349000.0,53327000.0,4273000.0,-258720000.0,-258720000.0,-258720000.0,316886000.0,0.0,-0.291,858240000.0,32152000.0,181914000.0,0.0,0.748,-2.544,-2.454,147613000.0,0.0,5.62,0.739,0.712,335905000.0,-564389000.0,890392000.0,890392000.0,0.0,-0.139,-0.254,-1.207,-0.321,28964000.0,823232000.0,1.0,117102607.0,112866000,113995000.0,7.889,765011000.0,0.0,-32978000.0,63465000.0,6.778,-5327000.0
4,MWW,MRY,2011-12-31,2011-12-31,2011-12-31,2021-08-25,63743000.0,2057998000.0,2055327000.0,675932000.0,1382066000.0,0.483,9.542,-61818000.0,250317000.0,250317000.0,0.0,53797000.0,0.863,0.768,188836000.0,188836000.0,0.0,188836000.0,380310000.0,74600000.0,0.0,0.0,0.0,80272000.0,154872000.0,0.156,154872000.0,80272000.0,77301000.0,0.44,0.43,0.44,1164127000.0,1180071500.0,1164127000.0,922572876.0,11.0,5.957,87859000.0,0.72,1.0,993644000.0,1.0,1184122000.0,2971000.0,29432000.0,45572250.0,0.0,0.0,0.0,0.0,893871000.0,782963000.0,110908000.0,1021602876.0,87148000.0,0.0,-41950000.0,64221000.0,0.0,5132000.0,-62202000.0,-384000.0,149677000.0,-5459000.0,53797000.0,53797000.0,53797000.0,12253000.0,0.0,0.054,899877000.0,93767000.0,196987000.0,0.0,0.878,18.99,18.023,156282000.0,0.0,7.93,1.028,0.974,343546000.0,-305669000.0,993644000.0,993644000.0,0.0,0.026,0.046,1.761,0.081,42523000.0,895162000.0,1.0,128827601.0,122002000,123923000.0,8.144,873876000.0,0.0,23504000.0,111580000.0,7.163,-107031000.0
5,MWW,MRY,2010-12-31,2010-12-31,2010-12-31,2021-08-25,63165000.0,1978002000.0,1853280000.0,585371000.0,1392631000.0,0.472,9.358,-57126000.0,163169000.0,163169000.0,0.0,-32359000.0,0.852,0.753,124500000.0,84500000.0,40000000.0,124500000.0,376448000.0,67096000.0,0.0,0.0,0.0,-38952000.0,28144000.0,0.032,28144000.0,-38952000.0,-40652000.0,-0.27,-0.27,-0.27,1128650000.0,1104290500.0,1128650000.0,3041036097.0,-78.0,108.053,35946000.0,0.298,1.0,874923000.0,1.0,1189135000.0,1700000.0,63374000.0,66596500.0,0.0,1359000.0,0.0,1359000.0,849352000.0,686824000.0,162528000.0,3072749097.0,-112278000.0,-225795000.0,300000.0,74500000.0,0.0,60573000.0,-261260000.0,21661000.0,93072000.0,-4663000.0,-32359000.0,-32359000.0,-32359000.0,17572000.0,0.0,-0.037,893433000.0,-18510000.0,36569000.0,0.0,2.722,-94.958,-87.519,150147000.0,0.0,23.63,3.512,3.257,346751000.0,-359466000.0,874923000.0,874923000.0,0.0,-0.017,-0.029,-0.585,-0.045,47191000.0,893433000.0,1.0,130035933.0,120608000,120608000.0,7.254,788867000.0,0.0,-8293000.0,125483000.0,6.541,-101453000.0
6,MWW,MRY,2009-12-31,2009-12-31,2009-12-31,2021-08-25,64167000.0,1827190000.0,1848745750.0,645493000.0,1181697000.0,0.49,9.494,-48677000.0,275447000.0,275447000.0,0.0,18927000.0,1.273,0.612,50010000.0,5010000.0,45000000.0,50010000.0,305898000.0,68533000.0,0.0,0.0,0.0,-13128000.0,55405000.0,0.061,55405000.0,-13128000.0,-18956000.0,0.16,0.16,0.16,1133164000.0,1086895000.0,1133164000.0,2049759063.0,-156.0,36.996,-3952000.0,-0.033,1.0,905142000.0,1.0,969621000.0,5828000.0,124976000.0,130683000.0,0.0,25215000.0,9259000.0,15956000.0,694026000.0,507156000.0,186870000.0,2187219063.0,53187000.0,-300000.0,67000.0,-6993000.0,0.0,-11418000.0,7879000.0,56856000.0,44725000.0,12001000.0,18927000.0,18927000.0,18927000.0,0.0,0.0,0.021,913953000.0,-8811000.0,32066000.0,0.0,1.93,115.561,108.75,143727000.0,0.0,17.4,2.416,2.294,287698000.0,-327107000.0,905142000.0,905142000.0,0.0,0.01,0.017,-0.1,-0.015,39921000.0,904698000.0,1.0,125702245.0,119359000,121170000.0,7.583,857569000.0,0.0,-37883000.0,159621000.0,7.185,138337000.0
7,MWW,MRY,2008-12-31,2008-12-31,2008-12-31,2021-08-25,25801000.0,1916590000.0,2057912750.0,682821000.0,1233769000.0,0.653,8.687,-93627000.0,222260000.0,222260000.0,0.0,124793000.0,0.944,0.83,54971000.0,54971000.0,0.0,54971000.0,414312000.0,58020000.0,0.0,0.0,0.0,172420000.0,230440000.0,0.172,230440000.0,172420000.0,189703000.0,1.04,1.03,1.04,1047273000.0,1087721250.0,1047273000.0,1074038781.0,6.0,4.661,132207000.0,1.097,1.0,1343627000.0,1.0,946881000.0,-17283000.0,78712000.0,135163500.0,0.0,93615000.0,1425000.0,92190000.0,869317000.0,723708000.0,145609000.0,1432162781.0,92516000.0,-292836000.0,-125348000.0,53907000.0,0.0,-71794000.0,-36500000.0,349963000.0,225834000.0,-25024000.0,124793000.0,124793000.0,124793000.0,-10304000.0,0.0,0.093,1173672000.0,169955000.0,41524000.0,0.0,1.368,11.476,11.625,161282000.0,0.0,12.09,1.066,1.085,376720000.0,-346034000.0,1343627000.0,1343627000.0,0.0,0.061,0.115,1.276,0.128,29853000.0,1117165000.0,1.0,118458460.0,120557000,121167000.0,11.145,969709000.0,0.0,64910000.0,152505000.0,8.044,-40887000.0
8,MWW,MRY,2007-12-31,2007-12-31,2007-12-31,2021-08-25,118387000.0,2077810000.0,2066956000.0,1184965000.0,892845000.0,0.64,8.669,-63800000.0,129744000.0,129744000.0,0.0,146399000.0,1.43,0.861,0.0,0.0,0.0,0.0,524331000.0,43908000.0,0.0,0.0,0.0,207238000.0,251146000.0,0.19,251146000.0,207238000.0,232860000.0,1.14,1.12,1.14,1116501000.0,1183633750.0,1116501000.0,4029410576.0,19.0,16.044,205379000.0,1.595,1.0,1323804000.0,1.0,650685000.0,-25622000.0,468721000.0,555432500.0,0.0,499574000.0,448703000.0,50871000.0,961309000.0,828660000.0,132649000.0,4144680576.0,71064000.0,-2549000.0,-207605000.0,-23462000.0,0.0,-217268000.0,12586000.0,79190000.0,269179000.0,6567000.0,146399000.0,146399000.0,146399000.0,3696000.0,0.0,0.111,1104572000.0,219232000.0,57334000.0,0.0,3.712,28.311,28.421,123397000.0,0.0,32.4,3.131,3.152,499854000.0,-470827000.0,1323804000.0,1323804000.0,0.0,0.071,0.124,0.373,0.157,28181000.0,1087975000.0,1.0,127922240.0,128785000,130755000.0,10.279,1427125000.0,0.0,86461000.0,139370000.0,11.081,356305000.0
9,MWW,MRY,2006-12-31,2006-12-31,2006-12-31,2021-08-25,87632000.0,1969803000.0,1850493500.0,1123808000.0,845995000.0,0.584,8.664,-54334000.0,58680000.0,58680000.0,0.0,37137000.0,1.36,0.775,23664000.0,23249000.0,415000.0,23664000.0,444145000.0,36428000.0,0.0,0.0,0.0,104613000.0,141041000.0,0.131,141041000.0,104613000.0,123656000.0,0.29,0.28,0.29,1109685000.0,1076925750.0,1109685000.0,5950407902.0,57.0,42.189,213861000.0,1.67,1.0,1080187000.0,1.0,640736000.0,-19043000.0,467807000.0,360134500.0,0.0,597518000.0,537893000.0,59625000.0,860118000.0,826244000.0,33874000.0,5992536902.0,-137917000.0,29618000.0,54771000.0,-29416000.0,0.0,43327000.0,-453058000.0,-424146000.0,268195000.0,3619000.0,37137000.0,37137000.0,37137000.0,114699000.0,0.0,0.034,853779000.0,226408000.0,56098000.0,0.0,5.4,161.363,160.828,102402000.0,0.0,46.64,5.548,5.53,444747000.0,-614101000.0,1080187000.0,1080187000.0,0.0,0.02,0.034,0.29,0.097,10819000.0,853779000.0,1.0,128484925.0,128077000,131247000.0,8.434,1329067000.0,0.0,86519000.0,117027000.0,10.377,297564000.0
10,MWW,MRY,2005-12-31,2005-12-31,2005-12-31,2021-08-25,35515000.0,1678715000.0,1524342250.0,773059000.0,905656000.0,0.537,7.647,-35691000.0,196597000.0,196597000.0,0.0,98194000.0,1.095,0.799,47056000.0,31378000.0,15678000.0,47056000.0,327429000.0,33423000.0,0.0,0.0,0.0,145005000.0,178428000.0,0.218,178428000.0,145005000.0,149835000.0,0.8,0.79,0.8,933340000.0,816729750.0,933340000.0,4756025252.0,33.0,26.655,173323000.0,1.42,1.0,818271000.0,1.0,577319000.0,-4830000.0,245910000.0,48517500.0,0.0,170505000.0,123747000.0,46758000.0,745375000.0,705945000.0,39430000.0,5025026252.0,-1514000.0,-119661000.0,85722000.0,-30367000.0,0.0,67911000.0,-274104000.0,-113745000.0,209014000.0,-4335000.0,98194000.0,98194000.0,98194000.0,-7770000.0,0.0,0.12,677639000.0,140632000.0,37062000.0,0.0,5.384,51.174,51.025,80977000.0,0.0,40.82,6.141,6.089,258848000.0,-651238000.0,818271000.0,818271000.0,0.0,0.064,0.12,2.989,0.177,14620000.0,677639000.0,1.0,123102064.0,122055000,125038000.0,6.704,1101396000.0,0.0,51641000.0,71777000.0,9.024,67114000.0
11,MWW,MRY,2004-12-31,2004-12-31,2004-12-31,2021-08-25,98027000.0,1554953000.0,1366246000.0,703511000.0,851442000.0,0.435,6.622,-12549000.0,198111000.0,198111000.0,0.0,58736000.0,0.951,0.995,63237000.0,29262000.0,33975000.0,63237000.0,231382000.0,28679000.0,0.0,0.0,0.0,85930000.0,114609000.0,0.193,114609000.0,85930000.0,83871000.0,0.5,0.49,0.5,779615000.0,647948000.0,779615000.0,3977721837.0,46.0,34.707,79986000.0,0.679,1.0,593909000.0,1.0,664738000.0,2059000.0,15240000.0,6152750.0,0.0,0.0,0.0,0.0,775338000.0,740101000.0,35237000.0,4006008837.0,55856000.0,-110784000.0,101484000.0,-3658000.0,0.0,97826000.0,-137125000.0,0.0,92535000.0,2620000.0,58736000.0,58736000.0,58736000.0,-15598000.0,0.0,0.099,523577000.0,70332000.0,111430000.0,0.0,5.138,68.204,67.28,81415000.0,0.0,33.64,6.745,6.669,318530000.0,-749432000.0,593909000.0,593909000.0,0.0,0.043,0.091,13.966,0.145,11360000.0,523577000.0,1.0,119084686.0,117738000,120075000.0,5.044,890215000.0,0.0,25135000.0,41682000.0,7.561,-36590000.0
12,MWW,MRY,2003-12-31,2003-12-31,2003-12-31,2021-08-25,58928000.0,1122279000.0,1055694250.0,566983000.0,555296000.0,0.523,4.176,-19126000.0,142255000.0,142255000.0,0.0,-108824000.0,0.886,1.397,40379000.0,38292000.0,2087000.0,40379000.0,159065000.0,23350000.0,0.0,0.0,0.0,-105238000.0,-81888000.0,-0.148,-81888000.0,-105238000.0,-106483000.0,-0.97,-0.97,-0.97,468192000.0,414681250.0,468192000.0,2364524245.0,-22.0,-28.875,-1948000.0,-0.017,1.0,552098000.0,1.0,443230000.0,1245000.0,-62822000.0,-95140000.0,21472000.0,0.0,0.0,0.0,654087000.0,639995000.0,14092000.0,2476334245.0,-49301000.0,-16072000.0,16556000.0,-3998000.0,0.0,-28112000.0,-41568000.0,0.0,17178000.0,3201000.0,-108824000.0,-108824000.0,-108824000.0,85871000.0,0.0,-0.197,571465000.0,-19367000.0,256015000.0,0.0,5.289,-22.755,-22.639,85607000.0,0.0,21.96,4.485,4.46,338932000.0,-559844000.0,552098000.0,552098000.0,0.0,-0.103,-0.262,1.106,-0.191,23974000.0,526069000.0,1.0,112765676.0,112124000,112124000.0,4.924,679049000.0,0.0,2341000.0,0.0,6.056,-73012000.0
13,MWW,MRY,2002-12-31,2002-12-31,2002-12-31,2021-08-25,14402000.0,1630795000.0,1759675500.0,808546000.0,822249000.0,0.379,7.306,-38469000.0,165648000.0,165648000.0,0.0,-534896000.0,1.012,1.005,89182000.0,86441000.0,2741000.0,89182000.0,149366000.0,33790000.0,0.0,0.0,0.0,-524763000.0,-490973000.0,-0.736,-490973000.0,-524763000.0,-524115000.0,-4.8,-4.8,-4.8,813439000.0,920898750.0,813439000.0,1075536623.0,-2.0,-2.191,-53035000.0,-0.476,1.0,667226000.0,1.0,386704000.0,-648000.0,368405000.0,168601500.0,20921000.0,0.0,0.0,0.0,817356000.0,799220000.0,18136000.0,1257358623.0,-149025000.0,-15815000.0,-2509000.0,-14951000.0,0.0,-70771000.0,-70782000.0,0.0,-14566000.0,7094000.0,-534896000.0,-534896000.0,-534896000.0,89752000.0,0.0,-0.802,674732000.0,-7506000.0,247832000.0,0.0,1.546,-2.351,-2.356,123502000.0,0.0,11.31,1.884,1.887,306773000.0,-477980000.0,667226000.0,667226000.0,0.0,-0.304,-0.581,-3.112,-0.786,3526000.0,567961000.0,1.0,111172292.0,111339000,111339000.0,5.993,1244091000.0,0.0,10781000.0,0.0,11.174,9326000.0
14,MWW,MRY,2001-12-31,2001-12-31,2001-12-31,2021-08-25,-91105000.0,2206362000.0,2140156250.0,1005918000.0,1200444000.0,0.409,11.232,-57235000.0,340581000.0,340581000.0,0.0,69020000.0,1.082,0.795,75964000.0,66834000.0,9130000.0,75964000.0,0.0,42061000.0,0.0,0.0,0.0,120610000.0,162671000.0,0.186,162671000.0,120610000.0,133678000.0,0.63,0.61,0.63,1229262000.0,1170184250.0,1229262000.0,4498617906.0,37.0,27.655,133770000.0,1.222,1.0,874574000.0,1.0,939847000.0,-13068000.0,72290000.0,122461000.0,27480000.0,0.0,0.0,0.0,977100000.0,929608000.0,47492000.0,4742643906.0,-235684000.0,-231406000.0,40010000.0,-17493000.0,0.0,-7763000.0,-417092000.0,-8550000.0,191005000.0,-1834000.0,69020000.0,69020000.0,69020000.0,25302000.0,0.0,0.079,730417000.0,144157000.0,401031000.0,0.0,3.858,68.714,68.095,192695000.0,0.0,42.9,5.423,5.369,507373000.0,56916000.0,874574000.0,874574000.0,0.0,0.032,0.059,0.985,0.138,21970000.0,689004000.0,1.0,110551140.0,109445000,113426000.0,7.991,1266515000.0,0.0,64658000.0,0.0,11.572,76310000.0
15,MWW,MRY,2000-12-31,2000-12-31,2000-12-31,2021-08-25,-64235000.0,2082945000.0,1756175750.0,1317500000.0,765445000.0,0.801,10.289,-83108000.0,576265000.0,576265000.0,0.0,50863000.0,1.437,0.93,46235000.0,15739000.0,30496000.0,46235000.0,0.0,67397000.0,0.0,0.0,0.0,120522000.0,187919000.0,0.134,187919000.0,120522000.0,109113000.0,0.48,0.46,0.48,1079171000.0,971890250.0,1079171000.0,4910974700.0,41.0,26.133,117820000.0,1.123,1.0,1407526000.0,1.0,530798000.0,11409000.0,105052000.0,121599500.0,33806000.0,0.0,0.0,0.0,1003774000.0,917065000.0,86709000.0,5377797700.0,503574000.0,-113274000.0,632774000.0,-90159000.0,0.0,501926000.0,-197602000.0,0.0,200928000.0,-1678000.0,50863000.0,50863000.0,50863000.0,0.0,0.0,0.036,1315272000.0,92254000.0,380922000.0,0.0,4.983,105.731,114.583,153224000.0,0.0,55.0,3.821,4.098,604849000.0,-3661000.0,1407526000.0,1407526000.0,0.0,0.029,0.052,0.991,0.086,17436000.0,1230925000.0,1.0,97778140.0,104884000,111375000.0,13.42,1552147000.0,0.0,58250000.0,0.0,14.799,400435000.0
16,MWW,MRY,1999-12-31,1999-12-31,1999-12-31,2021-08-25,-4921000.0,1098765000.0,852547250.0,642645000.0,456120000.0,1.181,3.579,-40292000.0,67733000.0,67733000.0,0.0,8158000.0,1.025,2.28,127260000.0,21250000.0,106010000.0,127260000.0,0.0,54222000.0,0.0,0.0,0.0,42251000.0,96473000.0,0.096,96473000.0,42251000.0,17799000.0,0.09,0.08,0.09,335032000.0,235177000.0,335032000.0,5762153616.0,136.0,59.728,81433000.0,0.87,1.0,1007245000.0,1.0,324269000.0,24452000.0,207223000.0,194622250.0,25632000.0,0.0,0.0,0.0,763733000.0,626800000.0,136933000.0,5712013616.0,-12917000.0,-32823000.0,34690000.0,-61577000.0,0.0,-59346000.0,-74513000.0,-49000.0,121725000.0,-783000.0,8158000.0,8158000.0,8158000.0,0.0,0.0,0.008,971204000.0,36041000.0,367924000.0,0.0,17.049,700.173,788.889,84866000.0,0.0,71.0,5.671,6.599,487888000.0,-37554000.0,1007245000.0,1007245000.0,0.0,0.01,0.035,0.217,0.042,11869000.0,889641000.0,1.0,80450896.0,93623000,97925000.0,10.759,774496000.0,0.0,9641000.0,0.0,8.272,15845000.0
17,MWW,MRY,1998-12-31,1998-12-31,1998-12-31,2021-08-25,-3074000.0,802535000.0,616588750.0,475082000.0,327453000.0,1.252,2.616,-35569000.0,73500000.0,73500000.0,0.0,34852000.0,1.101,2.506,139341000.0,16235000.0,123106000.0,139341000.0,15650000.0,38803000.0,0.0,0.0,0.0,71854000.0,110657000.0,0.143,110657000.0,71854000.0,52278000.0,0.4,0.39,0.4,228750000.0,138202000.0,228750000.0,1356677750.0,19.0,12.26,37891000.0,0.433,1.0,771838000.0,1.0,222866000.0,19576000.0,214067000.0,192692250.0,18569000.0,0.0,0.0,0.0,573276000.0,431443000.0,141833000.0,1232043750.0,19616000.0,-47714000.0,50560000.0,5856000.0,0.0,32023000.0,-85709000.0,766000.0,73460000.0,-158000.0,34852000.0,34852000.0,34852000.0,0.0,0.0,0.045,703382000.0,68456000.0,271664000.0,0.0,5.386,35.351,52.5,73752000.0,0.0,21.0,1.596,2.379,350091000.0,-27882000.0,771838000.0,771838000.0,0.0,0.057,0.252,0.373,0.093,407000.0,664896000.0,1.0,58668750.0,87449000,89305000.0,8.826,579669000.0,11618000.0,17426000.0,4241000.0,6.629,43639000.0
18,MWW,MRY,1997-12-31,1997-12-31,1997-12-31,2021-08-25,-301000.0,542675000.0,440326000.0,325784000.0,216891000.0,1.231,1.448,-31496000.0,17404000.0,17404000.0,0.0,41954000.0,1.022,4.156,129591000.0,11750000.0,117841000.0,129591000.0,7992000.0,21458000.0,0.0,0.0,0.0,74968000.0,96426000.0,0.178,96426000.0,74968000.0,62519000.0,0.58,0.57,0.58,105244000.0,67634500.0,105244000.0,,,,19755000.0,0.272,1.0,541828000.0,1.0,161302000.0,12449000.0,174642000.0,172530000.0,15623000.0,0.0,0.0,0.0,437431000.0,318918000.0,118513000.0,600877461.0,26751000.0,-70920000.0,77369000.0,16345000.0,0.0,65524000.0,-89726000.0,14477000.0,51251000.0,-298000.0,41954000.0,41831000.0,41831000.0,0.0,0.0,0.077,471358000.0,70470000.0,218374000.0,0.0,5.709,14.364,19.828,42735000.0,123000.0,11.5,1.109,1.542,278496000.0,-58282000.0,541828000.0,541828000.0,0.0,0.095,0.618,0.435,0.138,0.0,462992000.0,1.0,52250214.0,72666000,73908000.0,7.456,381373000.0,5195000.0,20565000.0,10809000.0,5.248,6866000.0
19,MWW,MRY,1996-12-31,1996-12-31,1996-12-31,2021-08-25,380000.0,331753000.0,,212650000.0,119103000.0,,0.682,-2825000.0,898000.0,898000.0,126464000.0,-49624000.0,0.947,9.438,79966000.0,9167000.0,70799000.0,79966000.0,3398000.0,9981000.0,0.0,0.0,0.0,-30636000.0,-20655000.0,-0.091,-20655000.0,-30636000.0,-45441000.0,-1.085,-1.085,-1.085,31295000.0,,31295000.0,,,,8864000.0,0.193,1.0,101231000.0,0.445,73975000.0,14805000.0,112269000.0,,14542000.0,0.0,0.0,0.0,295376000.0,224577000.0,70799000.0,,-610000.0,-36240000.0,48623000.0,-27512000.0,0.0,18772000.0,-31071000.0,7994000.0,11689000.0,0.0,-49624000.0,-49834000.0,-49834000.0,0.0,0.0,-0.219,131537000.0,-30306000.0,182129000.0,0.0,,,-5.876,20562000.0,210000.0,6.375,,1.285,191728000.0,-75911000.0,227695000.0,227695000.0,0.0,,,,-0.135,0.0,75078000.0,1.0,,45880000,45880000.0,4.963,257778000.0,9325000.0,4183000.0,9818000.0,5.619,-11927000.0
20,MWW,MRY,1995-12-31,1995-12-31,1995-12-31,2021-08-25,,,,,,,,-4947000.0,,,58329000.0,3229000.0,,,,,,,,6633000.0,,,0.0,18700000.0,25333000.0,0.204,25333000.0,18700000.0,7451000.0,0.08,0.075,0.08,,,,,,,1759000.0,0.046,1.0,65578000.0,0.529,,11249000.0,,,,,,,,,,,360000.0,-11102000.0,0.0,8125000.0,0.0,7432000.0,-13778000.0,2271000.0,6706000.0,0.0,3229000.0,3019000.0,3019000.0,0.0,0.0,0.024,46669000.0,18909000.0,,0.0,,,,,210000.0,,,,,,123907000.0,123907000.0,0.0,,,,0.151,0.0,43432000.0,1.0,,38128000,38710000.0,3.25,,,4222000.0,,,
0,MWW,MRQ,2016-09-30,2016-09-30,2016-09-30,2021-08-25,1958000.0,739427000.0,,353059000.0,386368000.0,,1.98,-9985000.0,91890000.0,91890000.0,0.0,-180504000.0,1.016,3.198,182139000.0,11314000.0,170825000.0,182139000.0,224225000.0,10956000.0,0.0,0.0,0.0,-193433000.0,-182477000.0,-1.261,-182477000.0,-193433000.0,-196628000.0,-2.03,-2.03,-2.03,176117000.0,,176117000.0,401512426.0,-1.0,-1.761,-8600000.0,-0.097,1.0,144753000.0,1.0,239869000.0,3195000.0,242313000.0,,0.0,22195000.0,0.0,22195000.0,563310000.0,347494000.0,215816000.0,321524426.0,-11413000.0,0.0,0.0,-2569000.0,0.0,-3189000.0,-9985000.0,0.0,1385000.0,376000.0,-180504000.0,-180504000.0,-180504000.0,0.0,0.0,-1.247,337964000.0,-193211000.0,111955000.0,0.0,1.826,-1.303,-1.294,76814000.0,0.0,3.61,0.525,0.524,209743000.0,-1083366000.0,144753000.0,144753000.0,0.0,,,,,437000.0,155729000.0,1.0,89064938.0,88932000,88932000.0,1.628,499558000.0,38880000.0,-16124000.0,31904000.0,5.617,5565000.0
1,MWW,MRQ,2016-06-30,2016-06-30,2016-06-30,2021-08-25,1008000.0,936346000.0,,375083000.0,561263000.0,,4.012,-10424000.0,103303000.0,103303000.0,0.0,-124155000.0,1.048,1.632,183291000.0,10800000.0,172491000.0,183291000.0,239290000.0,10230000.0,0.0,0.0,0.0,-150661000.0,-140431000.0,-0.931,-140431000.0,-150661000.0,-153590000.0,-1.4,-1.4,-1.4,355784000.0,,355784000.0,265280804.0,-4.0,-11.866,-13669000.0,-0.154,1.0,150912000.0,1.0,390361000.0,2929000.0,268128000.0,,0.0,22788000.0,0.0,22788000.0,580562000.0,357845000.0,222717000.0,212553804.0,-28413000.0,-12511000.0,0.0,-2569000.0,0.0,-3228000.0,-21411000.0,1524000.0,-3245000.0,-529000.0,-124155000.0,-124155000.0,-124155000.0,0.0,0.0,-0.823,301532000.0,-150620000.0,107755000.0,0.0,0.597,-3.807,-3.734,111391000.0,0.0,2.39,0.335,0.334,218561000.0,-902862000.0,150912000.0,150912000.0,0.0,,,,,1972000.0,156130000.0,1.0,88934646.0,88683000,88683000.0,1.702,545985000.0,0.0,-29435000.0,36507000.0,6.157,17238000.0
2,MWW,MRQ,2016-03-31,2016-03-31,2016-03-31,2021-08-25,3280000.0,1107746000.0,,430767000.0,676979000.0,,5.415,-10054000.0,131716000.0,131716000.0,0.0,1841000.0,1.105,1.301,184443000.0,10287000.0,174156000.0,184443000.0,270925000.0,10025000.0,0.0,0.0,0.0,8625000.0,18650000.0,0.118,18650000.0,8625000.0,5148000.0,0.02,0.02,0.02,481473000.0,,481473000.0,324437884.0,4.0,2.427,-18696000.0,-0.21,1.0,157787000.0,1.0,524386000.0,3477000.0,246299000.0,,0.0,25039000.0,0.0,25039000.0,626273000.0,389788000.0,236485000.0,293103884.0,-36199000.0,-3000000.0,-3039000.0,-12044000.0,0.0,-15278000.0,-13054000.0,0.0,-8642000.0,775000.0,1841000.0,1841000.0,1841000.0,0.0,0.0,0.012,149412000.0,8375000.0,108576000.0,0.0,0.609,4.356,4.347,109464000.0,0.0,3.26,0.45,0.445,244110000.0,-778707000.0,157787000.0,157787000.0,0.0,,,,,1079000.0,149412000.0,1.0,89909167.0,88922000,89786000.0,1.774,583360000.0,0.0,3307000.0,37025000.0,6.56,40979000.0
3,MWW,MRQ,2015-12-31,2015-12-31,2015-12-31,2021-08-25,1926000.0,1154932000.0,,481032000.0,673900000.0,,5.337,-7296000.0,167915000.0,167915000.0,0.0,56414000.0,1.127,1.399,194272000.0,9773000.0,184499000.0,194272000.0,279815000.0,10797000.0,0.0,0.0,0.0,65506000.0,76303000.0,0.479,76303000.0,65506000.0,62083000.0,0.62,0.59,0.62,481406000.0,,481406000.0,635473674.0,8.0,5.113,11377000.0,0.126,1.0,159209000.0,1.0,524373000.0,3423000.0,230259000.0,,0.0,21566000.0,0.0,21566000.0,673526000.0,426657000.0,246869000.0,523090674.0,67992000.0,69056000.0,-8016000.0,-2568000.0,0.0,-11229000.0,61010000.0,-750000.0,18673000.0,-462000.0,56065000.0,56065000.0,56065000.0,-58508000.0,349000.0,0.352,152006000.0,7203000.0,137069000.0,0.0,1.087,7.106,6.988,110143000.0,0.0,5.73,0.784,0.773,260518000.0,-780548000.0,159209000.0,159209000.0,0.0,,,,,311000.0,148014000.0,1.0,91289821.0,90209000,95749000.0,1.765,630559000.0,6953000.0,6018000.0,36348000.0,6.99,54375000.0
4,MWW,MRQ,2015-09-30,2015-09-30,2015-09-30,2021-08-25,1440000.0,1132216000.0,,436211000.0,696005000.0,,4.792,-6869000.0,88389000.0,88389000.0,0.0,11932000.0,1.06,1.512,200772000.0,10278000.0,190494000.0,200772000.0,251065000.0,11388000.0,0.0,0.0,0.0,11733000.0,23121000.0,0.138,23121000.0,11733000.0,8059000.0,0.12,0.11,0.12,432891000.0,,432891000.0,686864161.0,-2.0,-2.52,5414000.0,0.06,1.0,167082000.0,1.0,525850000.0,3674000.0,307170000.0,,0.0,18955000.0,0.0,18955000.0,654675000.0,411579000.0,243096000.0,585568161.0,-7758000.0,0.0,0.0,-9250000.0,0.0,-10489000.0,-6869000.0,0.0,12283000.0,-2683000.0,10420000.0,10420000.0,10420000.0,-2163000.0,1512000.0,0.062,156249000.0,10833000.0,140136000.0,0.0,1.353,-2.151,-2.078,107288000.0,0.0,6.42,0.857,0.849,231192000.0,-836613000.0,167082000.0,167082000.0,0.0,,,,,3380000.0,153469000.0,1.0,91209994.0,90340000,96839000.0,1.849,606366000.0,0.0,-2361000.0,35561000.0,6.712,24632000.0
5,MWW,MRQ,2015-06-30,2015-06-30,2015-06-30,2021-08-25,3152000.0,1172319000.0,,430876000.0,741443000.0,,4.694,-6790000.0,107681000.0,107681000.0,0.0,138000.0,0.958,1.664,208977000.0,10688000.0,198289000.0,208977000.0,281793000.0,11430000.0,0.0,0.0,0.0,4185000.0,15615000.0,0.093,15615000.0,4185000.0,776000.0,-0.01,-0.01,-0.01,422736000.0,,422736000.0,695107782.0,-2.0,-2.462,9258000.0,0.103,1.0,167730000.0,1.0,566049000.0,3409000.0,257856000.0,,0.0,19082000.0,0.0,19082000.0,703232000.0,449710000.0,253522000.0,595157782.0,-2549000.0,0.0,0.0,-2250000.0,0.0,-13687000.0,-6160000.0,672000.0,16048000.0,1250000.0,-1043000.0,-1043000.0,-1043000.0,-2036000.0,1181000.0,-0.006,164692000.0,3038000.0,157229000.0,0.0,1.408,-2.094,-2.025,114398000.0,0.0,6.54,0.856,0.847,256190000.0,-847033000.0,167730000.0,167730000.0,0.0,,,,,3626000.0,158777000.0,1.0,91002719.0,90067000,90067000.0,1.862,606270000.0,0.0,1819000.0,37652000.0,6.731,-18834000.0
6,MWW,MRQ,2015-03-31,2015-03-31,2015-03-31,2021-08-25,-110000.0,1203465000.0,,452554000.0,750911000.0,,4.686,-7945000.0,110230000.0,110230000.0,0.0,9189000.0,0.954,1.748,210180000.0,10125000.0,200055000.0,210180000.0,303535000.0,11807000.0,0.0,0.0,0.0,-2569000.0,9238000.0,0.053,9238000.0,-2569000.0,-5775000.0,0.09,0.09,0.09,417737000.0,,417737000.0,692867363.0,-2.0,-2.45,18814000.0,0.211,1.0,172882000.0,1.0,565592000.0,3206000.0,263342000.0,,0.0,18832000.0,0.0,18832000.0,730211000.0,474481000.0,255730000.0,575780363.0,15933000.0,0.0,0.0,-2250000.0,0.0,-8741000.0,-104000.0,10104000.0,26759000.0,-1981000.0,8170000.0,8170000.0,8170000.0,-1806000.0,1019000.0,0.047,184867000.0,-11985000.0,160821000.0,0.0,1.378,-2.033,-1.969,117203000.0,0.0,6.34,0.797,0.782,275539000.0,-845990000.0,172882000.0,172882000.0,0.0,,,,,4465000.0,164775000.0,1.0,90817092.0,89137000,91474000.0,1.94,637873000.0,0.0,-13945000.0,37550000.0,7.156,-21927000.0
7,MWW,MRQ,2014-12-31,2014-12-31,2014-12-31,2021-08-25,9245000.0,1217151000.0,,460146000.0,757005000.0,,4.807,-9087000.0,72030000.0,72030000.0,0.0,-288191000.0,0.98,1.766,211384000.0,9563000.0,201821000.0,211384000.0,297636000.0,12095000.0,0.0,0.0,0.0,-332591000.0,-320496000.0,-1.828,-320496000.0,-332591000.0,-336416000.0,-3.29,-3.29,-3.29,420498000.0,,420498000.0,530065568.0,-2.0,-1.953,17924000.0,0.205,1.0,175314000.0,1.0,531195000.0,3825000.0,355996000.0,,0.0,20700000.0,0.0,20700000.0,742406000.0,469314000.0,273092000.0,409841568.0,13921000.0,0.0,0.0,30900000.0,0.0,2238000.0,-11605000.0,-941000.0,27011000.0,-3723000.0,-289719000.0,-289719000.0,-289719000.0,-2755000.0,1528000.0,-1.653,509054000.0,-333740000.0,154103000.0,0.0,0.975,-1.417,-1.404,117191000.0,0.0,4.62,0.565,0.561,279569000.0,-854160000.0,175314000.0,175314000.0,0.0,,,,,11439000.0,183254000.0,1.0,88710296.0,87472000,87472000.0,2.004,685956000.0,0.0,-46697000.0,54636000.0,7.842,-9168000.0
8,MWW,MRQ,2014-09-30,2014-09-30,2014-09-30,2021-08-25,35685000.0,1534866000.0,,430163000.0,1104703000.0,,8.409,-8287000.0,80376000.0,80376000.0,0.0,-351000.0,0.968,1.031,200600000.0,10000000.0,190600000.0,200600000.0,281039000.0,12194000.0,0.0,0.0,0.0,1102000.0,13296000.0,0.074,13296000.0,1102000.0,-828000.0,-0.02,-0.02,-0.02,728035000.0,,728035000.0,605731951.0,29.0,8.648,3650000.0,0.042,1.0,179591000.0,1.0,923197000.0,1930000.0,287511000.0,,0.0,22690000.0,0.0,22690000.0,750666000.0,444382000.0,306284000.0,488526951.0,-4019000.0,0.0,-553000.0,-1000000.0,0.0,-2860000.0,-10635000.0,-606000.0,11937000.0,-2461000.0,-1669000.0,-1669000.0,-1669000.0,-2313000.0,1318000.0,-0.009,179559000.0,32000.0,153343000.0,0.0,0.671,-24.817,-30.556,121461000.0,0.0,5.5,0.672,0.655,262434000.0,-564441000.0,179591000.0,179591000.0,0.0,,,,,6682000.0,179559000.0,1.0,88823082.0,86576000,86576000.0,2.074,611669000.0,0.0,841000.0,56465000.0,7.065,-14219000.0
9,MWW,MRQ,2014-06-30,2014-06-30,2014-06-30,2021-08-25,61916000.0,1597265000.0,,466254000.0,1131011000.0,,8.619,-11769000.0,84395000.0,84395000.0,0.0,1496000.0,0.688,1.053,201600000.0,201600000.0,0.0,201600000.0,315786000.0,11835000.0,0.0,0.0,0.0,3309000.0,15144000.0,0.078,15144000.0,3309000.0,1649000.0,0.0,0.0,0.0,750586000.0,,750586000.0,708820298.0,19.0,8.008,13131000.0,0.151,1.0,194441000.0,1.0,944210000.0,1660000.0,92261000.0,,0.0,23759000.0,0.0,23759000.0,790500000.0,677999000.0,112501000.0,595251298.0,-14236000.0,0.0,-11864000.0,-10600000.0,0.0,-27696000.0,-12876000.0,113000.0,24900000.0,1436000.0,34000.0,34000.0,34000.0,0.0,1462000.0,0.0,189728000.0,4713000.0,160613000.0,,0.793,-88.225,-130.8,126345000.0,0.0,6.54,0.8,0.765,293732000.0,-562772000.0,194441000.0,194441000.0,0.0,,,,,8994000.0,189728000.0,1.0,91017018.0,87080000,89955000.0,2.233,653055000.0,0.0,1615000.0,55355000.0,7.499,-211745000.0
10,MWW,MRQ,2014-03-31,2014-03-31,2014-03-31,2021-08-25,67691000.0,1642796000.0,,509963000.0,1132833000.0,,8.371,-10700000.0,98631000.0,98631000.0,0.0,3239000.0,0.708,1.086,212200000.0,212200000.0,0.0,212200000.0,341947000.0,12519000.0,0.0,0.0,0.0,10051000.0,22570000.0,0.114,22570000.0,10051000.0,8728000.0,0.02,0.02,0.02,762601000.0,,762601000.0,765660126.0,19.0,7.959,8207000.0,0.09,1.0,198149000.0,1.0,946521000.0,1323000.0,89427000.0,,0.0,24584000.0,0.0,24584000.0,828395000.0,720417000.0,107978000.0,718966126.0,10050000.0,-33521000.0,-39653000.0,76925000.0,0.0,35975000.0,-44950000.0,-729000.0,18907000.0,118000.0,2065000.0,2065000.0,2065000.0,0.0,1174000.0,0.01,198619000.0,-470000.0,166270000.0,0.0,0.943,-211.398,-374.0,126232000.0,0.0,7.48,0.958,0.908,318615000.0,-562806000.0,198149000.0,198149000.0,0.0,,,,,8043000.0,198619000.0,1.0,96118466.0,91102000,94416000.0,2.175,696275000.0,0.0,6663000.0,54451000.0,7.643,-210454000.0
11,MWW,MRQ,2013-12-31,2013-12-31,2013-12-31,2021-08-25,63368000.0,1586257000.0,,504065000.0,1082192000.0,,7.887,-7626000.0,88581000.0,88581000.0,0.0,-19922000.0,0.972,0.94,135275000.0,9375000.0,125900000.0,135275000.0,342156000.0,12782000.0,0.0,0.0,0.0,6247000.0,19029000.0,0.123,19029000.0,6247000.0,4306000.0,-0.18,-0.18,-0.18,789671000.0,,789671000.0,849748093.0,34.0,10.117,17179000.0,0.172,1.0,155074000.0,1.0,919576000.0,1941000.0,194538000.0,,0.0,220000.0,0.0,220000.0,742112000.0,518837000.0,223275000.0,747743093.0,1636000.0,0.0,-46385000.0,-53675000.0,0.0,-11791000.0,-11393000.0,-3767000.0,24805000.0,15000.0,-20115000.0,-20115000.0,-20115000.0,-12028000.0,193000.0,-0.13,160576000.0,-5502000.0,167306000.0,0.0,0.947,-1551.334,,124169000.0,0.0,7.13,0.979,0.998,332675000.0,-564871000.0,155074000.0,155074000.0,0.0,,,,,6333000.0,160576000.0,1.0,104872804.0,100125000,100911000.0,1.549,666681000.0,0.0,24421000.0,53078000.0,6.658,-14772000.0
12,MWW,MRQ,2013-09-30,2013-09-30,2013-09-30,2021-08-25,62046000.0,1543930000.0,,459569000.0,1084361000.0,,7.86,-6602000.0,86945000.0,86945000.0,0.0,11269000.0,0.961,0.864,188950000.0,8750000.0,180200000.0,188950000.0,315645000.0,14545000.0,0.0,0.0,0.0,17231000.0,31776000.0,0.161,31776000.0,17231000.0,15749000.0,0.11,0.11,0.11,828370000.0,,828370000.0,559104269.0,-11.0,42.482,-4351000.0,-0.041,1.0,196817000.0,1.0,915842000.0,1482000.0,251783000.0,,0.0,0.0,0.0,0.0,715560000.0,478310000.0,237250000.0,499612269.0,7612000.0,0.0,-37404000.0,50125000.0,0.0,13764000.0,-9240000.0,-2638000.0,2251000.0,837000.0,11269000.0,11269000.0,11269000.0,-3095000.0,0.0,0.057,182562000.0,14255000.0,151778000.0,0.0,0.603,-9.357,-9.404,128409000.0,0.0,4.42,0.609,0.568,298823000.0,-544756000.0,196817000.0,196817000.0,0.0,,,,,2931000.0,182562000.0,1.0,113034450.0,105394000,105967000.0,1.867,628088000.0,0.0,4480000.0,51298000.0,5.959,-18741000.0
13,MWW,MRQ,2013-06-30,2013-06-30,2013-06-30,2021-08-25,41024000.0,1535212000.0,,462250000.0,1072962000.0,,7.459,-9239000.0,79333000.0,79333000.0,0.0,3380000.0,0.897,0.855,138825000.0,8125000.0,130700000.0,138825000.0,329492000.0,15725000.0,0.0,0.0,0.0,7103000.0,22828000.0,0.114,22828000.0,7103000.0,5746000.0,0.03,0.03,0.03,827454000.0,,827454000.0,610390521.0,-2.0,-2.795,6164000.0,0.056,1.0,200058000.0,1.0,899262000.0,1357000.0,179968000.0,,0.0,0.0,0.0,0.0,707758000.0,515474000.0,192284000.0,572198521.0,-51575000.0,0.0,-23378000.0,-30275000.0,0.0,-54803000.0,-9723000.0,-484000.0,15403000.0,-2452000.0,3380000.0,3380000.0,3380000.0,759000.0,0.0,0.017,191951000.0,8107000.0,175335000.0,0.0,0.692,-2.21,-2.107,132393000.0,0.0,4.91,0.678,0.645,309064000.0,-556025000.0,200058000.0,200058000.0,0.0,,,,,3426000.0,185123000.0,1.0,116537377.0,110932000,111937000.0,1.803,635950000.0,0.0,2366000.0,52590000.0,5.733,-53224000.0
14,MWW,MRQ,2013-03-31,2013-03-31,2013-03-31,2021-08-25,50163000.0,1626223000.0,,539311000.0,1086912000.0,,7.64,-9149000.0,130908000.0,130908000.0,0.0,4984000.0,0.974,0.911,169100000.0,7500000.0,161600000.0,169100000.0,356468000.0,16104000.0,0.0,0.0,0.0,-5747000.0,10357000.0,0.049,10357000.0,-5747000.0,-7015000.0,0.04,0.04,0.04,851135000.0,,851135000.0,608419714.0,-2.0,-2.846,-17786000.0,-0.16,1.0,211986000.0,1.0,910100000.0,1268000.0,200434000.0,,0.0,0.0,0.0,0.0,775088000.0,553881000.0,221207000.0,592365714.0,-17277000.0,0.0,0.0,4851000.0,0.0,3058000.0,-8526000.0,623000.0,-8637000.0,-3172000.0,4984000.0,4984000.0,4984000.0,6134000.0,0.0,0.024,211141000.0,845000.0,186142000.0,0.0,0.696,-2.301,-2.185,137998000.0,0.0,5.07,0.682,0.65,333174000.0,-559405000.0,211986000.0,211986000.0,0.0,,,,,6794000.0,197974000.0,1.0,116837419.0,111402000,112637000.0,1.903,716123000.0,0.0,-11999000.0,51255000.0,6.428,-14570000.0
15,MWW,MRQ,2012-12-31,2012-12-31,2012-12-31,2021-08-25,87162000.0,1684865000.0,,579653000.0,1105212000.0,,7.922,-12670000.0,148185000.0,148185000.0,0.0,-73025000.0,0.991,0.915,164239000.0,18264000.0,145975000.0,164239000.0,351546000.0,17259000.0,0.0,0.0,0.0,-69059000.0,-51800000.0,-0.245,-51800000.0,-69059000.0,-70758000.0,-0.65,-0.65,-0.65,880039000.0,,880039000.0,678954651.0,-2.0,-3.146,4819000.0,0.043,1.0,211244000.0,1.0,919854000.0,1699000.0,196085000.0,,0.0,0.0,0.0,0.0,804826000.0,584980000.0,219846000.0,658116651.0,-26918000.0,0.0,-23000.0,-31794000.0,0.0,-32246000.0,-12670000.0,0.0,17489000.0,509000.0,-73025000.0,-73025000.0,-73025000.0,67716000.0,0.0,-0.346,212232000.0,-988000.0,181914000.0,0.0,0.748,-2.544,-2.454,147613000.0,0.0,5.62,0.739,0.712,335905000.0,-564389000.0,211244000.0,211244000.0,0.0,,,,,7382000.0,197401000.0,1.0,117102607.0,111084000,112114000.0,1.902,765011000.0,0.0,2267000.0,63465000.0,6.887,-5327000.0
16,MWW,MRQ,2012-09-30,2012-09-30,2012-09-30,2021-08-25,76284000.0,1738595000.0,,642690000.0,1095905000.0,,8.404,-13651000.0,175103000.0,175103000.0,0.0,-194239000.0,1.17,0.86,195941000.0,14191000.0,181750000.0,195941000.0,332723000.0,17778000.0,0.0,0.0,0.0,-217578000.0,-199800000.0,-0.905,-199800000.0,-217578000.0,-219110000.0,-1.75,-1.73,-1.75,934841000.0,,934841000.0,878891154.0,-4.0,-6.926,-5929000.0,-0.053,1.0,220821000.0,1.0,913793000.0,1532000.0,296145000.0,,0.0,1159000.0,0.0,1159000.0,803754000.0,549495000.0,254259000.0,866958154.0,17643000.0,0.0,-6699000.0,26464000.0,0.0,17774000.0,-14949000.0,-1298000.0,7722000.0,7096000.0,-194239000.0,-194239000.0,-194239000.0,235354000.0,0.0,-0.88,202774000.0,18047000.0,38377000.0,0.0,0.927,-4.96,-4.61,150541000.0,0.0,7.33,0.951,0.894,315058000.0,-491364000.0,220821000.0,220821000.0,0.0,,,,,5829000.0,202530000.0,1.0,118275328.0,111239000,112212000.0,1.985,824802000.0,0.0,-24871000.0,66239000.0,7.415,93195000.0
17,MWW,MRQ,2012-06-30,2012-06-30,2012-06-30,2021-08-25,46006000.0,1945518000.0,,576945000.0,1368573000.0,,9.751,-20551000.0,157460000.0,157460000.0,0.0,4802000.0,1.002,0.767,169393000.0,13768000.0,155625000.0,169393000.0,372239000.0,17518000.0,0.0,0.0,0.0,9921000.0,27439000.0,0.122,27439000.0,9921000.0,8732000.0,0.04,0.04,0.04,1101225000.0,,1101225000.0,968537932.0,16.0,7.238,-13682000.0,-0.121,1.0,224577000.0,1.0,1162671000.0,1189000.0,218846000.0,,0.0,335000.0,0.0,335000.0,844293000.0,575934000.0,268359000.0,1007593932.0,-95141000.0,0.0,-25577000.0,-44089000.0,0.0,-73230000.0,-19823000.0,728000.0,6869000.0,-8957000.0,4802000.0,4802000.0,4802000.0,4203000.0,0.0,0.021,210198000.0,14379000.0,40798000.0,0.0,0.915,19.65,19.786,161432000.0,0.0,8.31,1.073,0.999,333640000.0,-297125000.0,224577000.0,224577000.0,0.0,,,,,7429000.0,209183000.0,1.0,121250774.0,112937000,114038000.0,1.989,782847000.0,0.0,3930000.0,105902000.0,6.932,1011000.0
18,MWW,MRQ,2012-03-31,2012-03-31,2012-03-31,2021-08-25,79223000.0,2101449000.0,,706577000.0,1394872000.0,,9.911,-12700000.0,252601000.0,252601000.0,0.0,3742000.0,1.11,0.825,213545000.0,9545000.0,204000000.0,213545000.0,408334000.0,17445000.0,0.0,0.0,0.0,-9099000.0,8346000.0,0.036,8346000.0,-9099000.0,-10562000.0,0.03,0.03,0.03,1151681000.0,,1151681000.0,1138671830.0,17.0,7.998,8547000.0,0.074,1.0,233750000.0,1.0,1189797000.0,1463000.0,236036000.0,,0.0,1764000.0,0.0,1764000.0,949768000.0,636560000.0,313208000.0,1200152830.0,2284000.0,0.0,-33312000.0,24678000.0,0.0,-11109000.0,-13479000.0,-779000.0,21247000.0,5625000.0,3742000.0,3742000.0,3742000.0,9613000.0,0.0,0.016,233036000.0,714000.0,41512000.0,0.0,1.042,20.886,20.745,159632000.0,0.0,9.75,1.219,1.151,358004000.0,-301927000.0,233750000.0,233750000.0,0.0,,,,,8324000.0,214118000.0,1.0,123092598.0,116199000,117611000.0,2.012,911652000.0,0.0,-14304000.0,105407000.0,7.846,70017000.0
19,MWW,MRQ,2011-12-31,2011-12-31,2011-12-31,2021-08-25,63743000.0,2057998000.0,,675932000.0,1382066000.0,,9.591,-16385000.0,250317000.0,250317000.0,0.0,10906000.0,0.863,0.768,188836000.0,188836000.0,0.0,188836000.0,380310000.0,18302000.0,0.0,0.0,0.0,18822000.0,37124000.0,0.16,37124000.0,18822000.0,18278000.0,0.09,0.09,0.09,1164127000.0,,1164127000.0,922572876.0,11.0,5.957,8277000.0,0.068,1.0,232403000.0,1.0,1184122000.0,544000.0,29432000.0,,0.0,0.0,0.0,0.0,893871000.0,782963000.0,110908000.0,1021602876.0,-71484000.0,0.0,-41973000.0,-34004000.0,0.0,-76240000.0,-16385000.0,0.0,24662000.0,-3521000.0,10906000.0,10906000.0,10906000.0,20529000.0,0.0,0.047,192806000.0,39597000.0,196987000.0,0.0,0.878,18.99,18.023,156282000.0,0.0,7.93,1.028,0.974,343546000.0,-305669000.0,232403000.0,232403000.0,0.0,,,,,8092000.0,190095000.0,1.0,128827601.0,121372000,122678000.0,1.915,873876000.0,0.0,7372000.0,111580000.0,7.2,-107031000.0
20,MWW,MRQ,2011-09-30,2011-09-30,2011-09-30,2021-08-25,73971000.0,2095310000.0,,704085000.0,1391225000.0,,9.737,-12645000.0,321801000.0,321801000.0,0.0,31827000.0,0.946,0.75,222771000.0,187771000.0,35000000.0,222771000.0,354029000.0,18844000.0,0.0,0.0,0.0,42062000.0,60906000.0,0.245,60906000.0,42062000.0,40640000.0,0.26,0.26,0.26,1197561000.0,,1197561000.0,850609267.0,13.0,5.982,34881000.0,0.284,1.0,248580000.0,1.0,1191833000.0,1422000.0,60396000.0,,0.0,1643000.0,0.0,1643000.0,897749000.0,744051000.0,153698000.0,927514267.0,122767000.0,0.0,0.0,100599000.0,0.0,97595000.0,-13389000.0,-744000.0,47526000.0,-8965000.0,31827000.0,31827000.0,31827000.0,-13279000.0,0.0,0.128,219429000.0,29151000.0,33168000.0,0.0,0.775,21.375,20.514,155642000.0,0.0,7.18,0.932,0.887,298778000.0,-316575000.0,248580000.0,248580000.0,0.0,,,,,8994000.0,217425000.0,1.0,129180260.0,122991000,123972000.0,2.021,903477000.0,0.0,8813000.0,120404000.0,7.346,-39966000.0
21,MWW,MRQ,2011-06-30,2011-06-30,2011-06-30,2021-08-25,105653000.0,2031555000.0,,607504000.0,1424051000.0,,9.75,-16331000.0,199034000.0,199034000.0,0.0,10986000.0,0.886,0.705,122129000.0,82129000.0,40000000.0,122129000.0,382835000.0,19053000.0,0.0,0.0,0.0,16938000.0,35991000.0,0.133,35991000.0,16938000.0,16427000.0,0.09,0.09,0.09,1191484000.0,,1191484000.0,1824809365.0,95.0,19.942,11738000.0,0.096,1.0,269696000.0,1.0,1216512000.0,511000.0,52480000.0,,0.0,1545000.0,0.0,1545000.0,840071000.0,685658000.0,154413000.0,1895811365.0,8032000.0,0.0,0.0,2126000.0,0.0,-4650000.0,-16527000.0,-196000.0,28069000.0,1140000.0,10986000.0,10986000.0,10986000.0,0.0,0.0,0.041,252708000.0,16988000.0,34419000.0,0.0,1.591,324.57,366.5,158178000.0,0.0,14.66,1.943,1.836,323726000.0,-348402000.0,269696000.0,269696000.0,0.0,,,,,12257000.0,252708000.0,1.0,129318647.0,122200000,124386000.0,2.207,815043000.0,0.0,5441000.0,123656000.0,6.67,-78154000.0
22,MWW,MRQ,2011-03-31,2011-03-31,2011-03-31,2021-08-25,98561000.0,2036445000.0,,615909000.0,1420536000.0,,9.612,-16457000.0,191002000.0,191002000.0,0.0,78000.0,0.865,0.745,120000000.0,80000000.0,40000000.0,120000000.0,399105000.0,18401000.0,0.0,0.0,0.0,875000.0,19276000.0,0.074,19276000.0,875000.0,434000.0,0.0,0.0,0.0,1167114000.0,,1167114000.0,2031559352.0,-856.0,30.54,32963000.0,0.271,1.0,261382000.0,1.0,1213656000.0,441000.0,39981000.0,,0.0,919000.0,0.0,919000.0,869331000.0,711806000.0,157525000.0,2070228352.0,27833000.0,0.0,23000.0,-4500000.0,0.0,-11573000.0,-15901000.0,556000.0,49420000.0,5887000.0,78000.0,78000.0,78000.0,0.0,0.0,0.0,259929000.0,1453000.0,36092000.0,,1.774,-255.521,-227.143,154900000.0,0.0,15.9,2.248,2.096,340307000.0,-359388000.0,261382000.0,261382000.0,0.0,,,,,13180000.0,259929000.0,1.0,130203041.0,121425000,124636000.0,2.153,822789000.0,0.0,356000.0,121654000.0,6.776,-95897000.0
23,MWW,MRQ,2010-12-31,2010-12-31,2010-12-31,2021-08-25,63165000.0,1978002000.0,,585371000.0,1392631000.0,,9.335,-20470000.0,163169000.0,163169000.0,0.0,501000.0,0.852,0.753,124500000.0,84500000.0,40000000.0,124500000.0,376448000.0,18318000.0,0.0,0.0,0.0,7701000.0,26019000.0,0.121,26019000.0,7701000.0,7039000.0,0.0,0.0,0.0,1128650000.0,,1128650000.0,3041036097.0,-78.0,108.053,11078000.0,0.092,1.0,215859000.0,1.0,1189135000.0,662000.0,63374000.0,,0.0,1359000.0,0.0,1359000.0,849352000.0,686824000.0,162528000.0,3072749097.0,-3544000.0,-795000.0,234000.0,-10500000.0,0.0,-14689000.0,-18395000.0,2870000.0,31548000.0,-2008000.0,501000.0,501000.0,501000.0,17572000.0,0.0,0.002,190227000.0,25632000.0,36569000.0,,2.722,-94.958,-87.519,150147000.0,0.0,23.63,3.512,3.257,346751000.0,-359466000.0,215859000.0,215859000.0,0.0,,,,,12514000.0,190227000.0,1.0,130035933.0,120905000,120905000.0,1.785,788867000.0,0.0,6538000.0,125483000.0,6.525,-101453000.0
24,MWW,MRQ,2010-09-30,2010-09-30,2010-09-30,2021-08-25,69016000.0,1910109000.0,,515288000.0,1394821000.0,,9.319,-16181000.0,166713000.0,166713000.0,0.0,-5724000.0,0.829,0.697,135000000.0,95000000.0,40000000.0,135000000.0,312952000.0,16482000.0,0.0,0.0,0.0,-6261000.0,10221000.0,0.045,10221000.0,-6261000.0,-7547000.0,-0.05,-0.05,-0.05,1125733000.0,,1125733000.0,1443703662.0,-33.0,64.165,2429000.0,0.02,1.0,228842000.0,1.0,1193901000.0,1286000.0,62981000.0,,0.0,4839000.0,0.0,4839000.0,784376000.0,621514000.0,162862000.0,1682432662.0,-122016000.0,-225000000.0,0.0,85000000.0,0.0,84411000.0,-234244000.0,6937000.0,18610000.0,9207000.0,-5724000.0,-5724000.0,-5724000.0,0.0,0.0,-0.025,234230000.0,-5388000.0,41503000.0,0.0,1.495,-48.107,-44.69,143973000.0,0.0,12.96,1.929,1.795,282274000.0,-359966000.0,228842000.0,228842000.0,0.0,,,,,13533000.0,234230000.0,1.0,129817335.0,120796000,120796000.0,1.894,716208000.0,0.0,-1823000.0,131848000.0,5.929,-106226000.0
25,MWW,MRQ,2010-06-30,2010-06-30,2010-06-30,2021-08-25,20608000.0,1732718000.0,,607715000.0,1125003000.0,,8.869,-11939000.0,288729000.0,288729000.0,0.0,-2957000.0,1.245,0.619,50000000.0,5000000.0,45000000.0,50000000.0,279809000.0,15692000.0,0.0,0.0,0.0,-4687000.0,11005000.0,0.051,11005000.0,-4687000.0,-3786000.0,-0.02,-0.02,-0.02,1070544000.0,,1070544000.0,1228144002.0,-34.0,38.858,-5241000.0,-0.043,1.0,214917000.0,1.0,931037000.0,-901000.0,74916000.0,,0.0,13034000.0,8300000.0,4734000.0,662174000.0,488036000.0,174138000.0,1469293002.0,-2423000.0,0.0,39000.0,0.0,0.0,-2817000.0,-2374000.0,9565000.0,6698000.0,-3930000.0,-2957000.0,-2957000.0,-2957000.0,0.0,0.0,-0.014,218797000.0,-3880000.0,38407000.0,0.0,1.372,419.558,388.333,136821000.0,0.0,11.65,1.713,1.639,242199000.0,-354242000.0,214917000.0,214917000.0,0.0,,,,,10877000.0,218797000.0,1.0,126119571.0,120701000,120701000.0,1.781,801681000.0,0.0,-829000.0,139539000.0,6.642,119679000.0
26,MWW,MRQ,2010-03-31,2010-03-31,2010-03-31,2021-08-25,48470000.0,1792291000.0,,633120000.0,1159171000.0,,9.1,-8536000.0,291152000.0,291152000.0,0.0,-24179000.0,1.2,0.641,50003000.0,5003000.0,45000000.0,50003000.0,304993000.0,16604000.0,0.0,0.0,0.0,-35705000.0,-19101000.0,-0.089,-19101000.0,-35705000.0,-36358000.0,-0.2,-0.2,-0.2,1092235000.0,,1092235000.0,1860848579.0,-57.0,51.666,27680000.0,0.231,1.0,215305000.0,1.0,958360000.0,653000.0,65115000.0,,0.0,21590000.0,8150000.0,13440000.0,700056000.0,527667000.0,172389000.0,2086285579.0,15705000.0,0.0,27000.0,0.0,0.0,-6332000.0,-6247000.0,2289000.0,36216000.0,-7932000.0,-24179000.0,-24179000.0,-24179000.0,0.0,0.0,-0.112,250179000.0,-34874000.0,38821000.0,0.0,1.91,409.96,415.25,136487000.0,0.0,16.61,2.409,2.302,263589000.0,-351285000.0,215305000.0,215305000.0,0.0,,,,,10267000.0,250179000.0,1.0,125604189.0,120032000,120032000.0,1.794,833931000.0,0.0,-12179000.0,142492000.0,6.948,105453000.0
27,MWW,MRQ,2009-12-31,2009-12-31,2009-12-31,2021-08-25,64167000.0,1827190000.0,,645493000.0,1181697000.0,,9.457,-10013000.0,275447000.0,275447000.0,0.0,-2113000.0,1.273,0.612,50010000.0,5010000.0,45000000.0,50010000.0,305898000.0,17849000.0,0.0,0.0,0.0,2526000.0,20375000.0,0.096,20375000.0,2526000.0,-4533000.0,-0.02,-0.01,-0.02,1133164000.0,,1133164000.0,2049759063.0,-156.0,36.996,22744000.0,0.19,1.0,213149000.0,1.0,969621000.0,7059000.0,124976000.0,,0.0,25215000.0,9259000.0,15956000.0,694026000.0,507156000.0,186870000.0,2187219063.0,87970000.0,0.0,12000.0,0.0,0.0,-188000.0,55192000.0,65205000.0,32757000.0,209000.0,-2113000.0,-2113000.0,-2113000.0,0.0,0.0,-0.01,209779000.0,3370000.0,32066000.0,0.0,1.93,115.561,108.75,143727000.0,0.0,17.4,2.416,2.294,287698000.0,-327107000.0,213149000.0,213149000.0,0.0,,,,,9572000.0,209779000.0,1.0,125702245.0,119818000,122121000.0,1.779,857569000.0,0.0,-2420000.0,159621000.0,7.157,138337000.0
28,MWW,MRQ,2009-09-30,2009-09-30,2009-09-30,2021-08-25,71133000.0,1774232000.0,,538050000.0,1236182000.0,,9.499,-12285000.0,187477000.0,187477000.0,0.0,32751000.0,1.133,0.563,50017000.0,5017000.0,45000000.0,50017000.0,265573000.0,17419000.0,0.0,0.0,0.0,1908000.0,19327000.0,0.09,19327000.0,1908000.0,1860000.0,0.27,0.27,0.27,1134883000.0,,1134883000.0,2061496886.0,75.0,21.549,-442000.0,-0.004,1.0,214533000.0,1.0,976124000.0,48000.0,185656000.0,,0.0,96435000.0,20482000.0,75953000.0,639349000.0,474992000.0,164357000.0,2200748886.0,-48775000.0,-300000.0,46000.0,-49017000.0,0.0,-50832000.0,-14224000.0,-1639000.0,11843000.0,4438000.0,32751000.0,32751000.0,32751000.0,0.0,0.0,0.153,211581000.0,2952000.0,37452000.0,0.0,1.939,44.34,41.619,150963000.0,0.0,17.48,2.24,2.125,243033000.0,-324993000.0,214533000.0,214533000.0,0.0,,,,,10081000.0,218431000.0,1.0,125900966.0,119473000,121676000.0,1.796,798108000.0,0.0,-30891000.0,136481000.0,6.68,63058000.0
29,MWW,MRQ,2009-06-30,2009-06-30,2009-06-30,2021-08-25,28360000.0,1789467000.0,,573655000.0,1215812000.0,,8.832,-11457000.0,236252000.0,236252000.0,0.0,-1370000.0,0.991,0.699,97000000.0,97000000.0,0.0,97000000.0,289818000.0,16945000.0,0.0,0.0,0.0,-1529000.0,15416000.0,0.069,15416000.0,-1529000.0,-1453000.0,-0.01,-0.01,-0.01,1053398000.0,,1053398000.0,1331736507.0,16.0,8.803,-25068000.0,-0.21,1.0,223057000.0,1.0,944981000.0,-76000.0,126127000.0,,0.0,95805000.0,14533000.0,81272000.0,736069000.0,579107000.0,156962000.0,1488618507.0,-174804000.0,0.0,0.0,-157174000.0,0.0,-157702000.0,-17172000.0,-5715000.0,-13611000.0,13681000.0,-1370000.0,-1370000.0,-1370000.0,0.0,0.0,-0.006,223396000.0,-339000.0,34501000.0,0.0,1.413,24.951,23.157,153942000.0,0.0,11.81,1.353,1.28,249004000.0,-357745000.0,223057000.0,223057000.0,0.0,,,,,9920000.0,218299000.0,1.0,126047291.0,119274000,119274000.0,1.87,844486000.0,0.0,-83000.0,159352000.0,7.08,-5452000.0
30,MWW,MRQ,2009-03-31,2009-03-31,2009-03-31,2021-08-25,8327000.0,2004094000.0,,789207000.0,1214887000.0,,8.634,-14922000.0,411056000.0,411056000.0,0.0,-10341000.0,0.957,0.953,254174000.0,254174000.0,0.0,254174000.0,344905000.0,16320000.0,0.0,0.0,0.0,-14830000.0,1490000.0,0.006,1490000.0,-14830000.0,-14830000.0,-0.09,-0.09,-0.09,1026135000.0,,1026135000.0,836778001.0,7.0,4.418,-1186000.0,-0.01,1.0,254403000.0,1.0,936503000.0,0.0,85973000.0,,0.0,90188000.0,992000.0,89196000.0,977959000.0,824736000.0,153223000.0,1004067001.0,188796000.0,0.0,9000.0,199198000.0,0.0,197304000.0,-15917000.0,-995000.0,13736000.0,-6327000.0,-10341000.0,-10341000.0,-10341000.0,0.0,0.0,-0.041,269197000.0,-14794000.0,37132000.0,0.0,0.978,10.93,10.449,154559000.0,0.0,8.15,0.815,0.787,294449000.0,-356375000.0,254403000.0,254403000.0,0.0,,,,,10348000.0,258189000.0,1.0,123198405.0,118855000,118855000.0,2.14,1067591000.0,0.0,-4489000.0,160757000.0,8.982,-35529000.0
31,MWW,MRQ,2008-12-31,2008-12-31,2008-12-31,2021-08-25,25801000.0,1916590000.0,,682821000.0,1233769000.0,,8.831,-22403000.0,222260000.0,222260000.0,0.0,28594000.0,0.944,0.83,54971000.0,54971000.0,0.0,54971000.0,414312000.0,17517000.0,0.0,0.0,0.0,41914000.0,59431000.0,0.204,59431000.0,41914000.0,43474000.0,0.25,0.24,0.25,1047273000.0,,1047273000.0,1074038781.0,6.0,4.661,-37331000.0,-0.315,1.0,290672000.0,1.0,946881000.0,-1560000.0,78712000.0,,0.0,93615000.0,1425000.0,92190000.0,869317000.0,723708000.0,145609000.0,1432162781.0,-382864000.0,-166641000.0,1629000.0,-192937000.0,0.0,-192642000.0,-155250000.0,33794000.0,-14928000.0,-20044000.0,28594000.0,28594000.0,28594000.0,536000.0,0.0,0.098,247883000.0,42789000.0,41524000.0,0.0,1.368,11.476,11.625,161282000.0,0.0,12.09,1.066,1.085,376720000.0,-346034000.0,290672000.0,290672000.0,0.0,,,,,7223000.0,244727000.0,1.0,118458460.0,118589000,119016000.0,2.451,969709000.0,0.0,14880000.0,152505000.0,8.177,-40887000.0
32,MWW,MRQ,2008-09-30,2008-09-30,2008-09-30,2021-08-25,87460000.0,2202974000.0,,1108915000.0,1094059000.0,,8.968,-21011000.0,605124000.0,605124000.0,0.0,42778000.0,1.123,1.046,247000000.0,247000000.0,0.0,247000000.0,411764000.0,14710000.0,0.0,0.0,0.0,60229000.0,74939000.0,0.226,74939000.0,60229000.0,65512000.0,0.36,0.35,0.36,1076621000.0,,1076621000.0,1483330080.0,8.0,6.016,70710000.0,0.589,1.0,332189000.0,1.0,743858000.0,-5283000.0,113656000.0,,0.0,169911000.0,33823000.0,136088000.0,1126353000.0,987336000.0,139017000.0,1848516080.0,239670000.0,-64628000.0,-41696000.0,246991000.0,0.0,206156000.0,-44904000.0,40735000.0,91721000.0,-13303000.0,42778000.0,42778000.0,42778000.0,258000.0,0.0,0.129,269616000.0,62573000.0,44088000.0,0.0,1.717,13.092,12.853,152352000.0,0.0,14.91,1.32,1.278,358214000.0,-374628000.0,332189000.0,332189000.0,0.0,,,,,7602000.0,266024000.0,1.0,123978275.0,120057000,120722000.0,2.767,1459116000.0,0.0,22734000.0,151018000.0,12.154,121579000.0
33,MWW,MRQ,2008-06-30,2008-06-30,2008-06-30,2021-08-25,143264000.0,2051709000.0,,965553000.0,1086156000.0,,9.292,-29654000.0,365454000.0,365454000.0,0.0,30830000.0,1.22,0.827,268000.0,142000.0,126000.0,268000.0,470408000.0,13604000.0,0.0,0.0,0.0,39926000.0,53530000.0,0.151,53530000.0,39926000.0,42983000.0,0.26,0.25,0.26,1123273000.0,,1123273000.0,2245209944.0,12.0,9.73,41659000.0,0.345,1.0,354294000.0,1.0,722856000.0,-3057000.0,172040000.0,,0.0,212355000.0,68579000.0,143776000.0,928436000.0,791627000.0,136809000.0,2561610944.0,48718000.0,0.0,-6230000.0,-67000.0,0.0,-6238000.0,-14424000.0,15230000.0,71313000.0,-1933000.0,30830000.0,30830000.0,30830000.0,-12269000.0,0.0,0.087,323045000.0,31249000.0,45538000.0,0.0,2.28,19.447,19.443,149048000.0,0.0,20.61,1.831,1.781,410427000.0,-417406000.0,354294000.0,354294000.0,0.0,,,,,8533000.0,280213000.0,1.0,124289711.0,120885000,121541000.0,2.931,1328853000.0,0.0,12153000.0,137715000.0,10.993,173926000.0
34,MWW,MRQ,2008-03-31,2008-03-31,2008-03-31,2021-08-25,155830000.0,2060378000.0,,952348000.0,1108030000.0,,8.994,-20559000.0,316736000.0,316736000.0,0.0,22591000.0,1.161,0.867,335000.0,158000.0,177000.0,335000.0,521873000.0,12189000.0,0.0,0.0,0.0,30351000.0,42540000.0,0.116,42540000.0,30351000.0,37734000.0,0.18,0.18,0.18,1103718000.0,,1103718000.0,2794418281.0,15.0,12.335,57169000.0,0.466,1.0,366472000.0,1.0,747768000.0,-7383000.0,176246000.0,,0.0,231001000.0,79236000.0,151765000.0,956660000.0,819963000.0,136697000.0,2923747281.0,186992000.0,-61567000.0,-79051000.0,-80000.0,0.0,-79070000.0,178078000.0,260204000.0,77728000.0,10256000.0,22591000.0,22591000.0,22591000.0,1171000.0,0.0,0.062,333128000.0,33344000.0,66487000.0,0.0,2.649,22.576,23.735,141279000.0,0.0,24.21,2.137,2.171,458447000.0,-448236000.0,366472000.0,366472000.0,0.0,,,,,6495000.0,326201000.0,1.0,120766100.0,122711000,123332000.0,2.986,1312610000.0,0.0,15143000.0,150836000.0,10.697,132385000.0
35,MWW,MRQ,2007-12-31,2007-12-31,2007-12-31,2021-08-25,118387000.0,2077810000.0,,1184965000.0,892845000.0,,8.899,-16240000.0,129744000.0,129744000.0,0.0,45000000.0,1.43,0.861,0.0,0.0,0.0,0.0,524331000.0,12046000.0,0.0,0.0,0.0,63511000.0,75557000.0,0.217,75557000.0,63511000.0,70310000.0,0.36,0.35,0.36,1116501000.0,,1116501000.0,4029410576.0,19.0,16.044,47944000.0,0.382,1.0,347847000.0,1.0,650685000.0,-6799000.0,468721000.0,,0.0,499574000.0,448703000.0,50871000.0,961309000.0,828660000.0,132649000.0,4144680576.0,12529000.0,-610000.0,-96923000.0,-1542000.0,0.0,-98620000.0,46193000.0,63043000.0,64184000.0,772000.0,45000000.0,45000000.0,45000000.0,1090000.0,0.0,0.129,282408000.0,65439000.0,57334000.0,0.0,3.712,28.311,28.421,123397000.0,0.0,32.4,3.131,3.152,499854000.0,-470827000.0,347847000.0,347847000.0,0.0,,,,,3728000.0,276966000.0,1.0,127922240.0,125461000,126888000.0,2.773,1427125000.0,0.0,25310000.0,139370000.0,11.375,356305000.0
36,MWW,MRQ,2007-09-30,2007-09-30,2007-09-30,2021-08-25,115813000.0,2021630000.0,,1132905000.0,888725000.0,,8.979,-10596000.0,117215000.0,117215000.0,0.0,33301000.0,1.543,0.739,1945000.0,1684000.0,261000.0,1945000.0,434682000.0,11845000.0,0.0,0.0,0.0,47268000.0,59113000.0,0.179,59113000.0,47268000.0,53775000.0,0.26,0.25,0.26,1162763000.0,,1162763000.0,4419587352.0,22.0,18.821,62239000.0,0.481,1.0,330142000.0,1.0,662709000.0,-6507000.0,509262000.0,,0.0,563454000.0,511746000.0,51708000.0,858867000.0,734389000.0,124478000.0,4508154352.0,26676000.0,-133000.0,-154041000.0,-58000.0,0.0,-152488000.0,102534000.0,113268000.0,72835000.0,3795000.0,33301000.0,33301000.0,33301000.0,655000.0,0.0,0.101,279145000.0,50997000.0,53582000.0,0.0,3.877,32.092,31.248,121795000.0,0.0,34.06,3.62,3.542,401994000.0,-515827000.0,330142000.0,330142000.0,0.0,,,,,2975000.0,267990000.0,1.0,132359200.0,129499000,130757000.0,2.549,1358921000.0,0.0,20474000.0,128119000.0,10.494,398516000.0
37,MWW,MRQ,2007-06-30,2007-06-30,2007-06-30,2021-08-25,93096000.0,2110569000.0,,1240719000.0,869850000.0,,9.635,-15352000.0,90539000.0,90539000.0,0.0,28616000.0,1.694,0.678,1972000.0,1660000.0,312000.0,1972000.0,452196000.0,10036000.0,0.0,0.0,0.0,39300000.0,49336000.0,0.152,49336000.0,39300000.0,46203000.0,0.22,0.21,0.22,1257769000.0,,1257769000.0,5089273665.0,61.0,42.888,37809000.0,0.29,1.0,323985000.0,1.0,644631000.0,-6903000.0,644962000.0,,0.0,685696000.0,630914000.0,54782000.0,852800000.0,732409000.0,120391000.0,5171546665.0,797000.0,-142000.0,3290000.0,-5552000.0,0.0,3595000.0,-56996000.0,-41252000.0,53161000.0,1037000.0,28616000.0,28616000.0,28616000.0,577000.0,0.0,0.088,281142000.0,42843000.0,64896000.0,0.0,4.112,221.423,228.333,122077000.0,0.0,41.1,4.306,4.467,419033000.0,-549128000.0,323985000.0,323985000.0,0.0,,,,,17116000.0,281142000.0,1.0,125828386.0,130542000,133121000.0,2.482,1465938000.0,0.0,17587000.0,132106000.0,11.23,508310000.0
38,MWW,MRQ,2007-03-31,2007-03-31,2007-03-31,2021-08-25,87708000.0,2057815000.0,,1187983000.0,869832000.0,,9.236,-21612000.0,89742000.0,89742000.0,0.0,39482000.0,1.614,0.718,7469000.0,7074000.0,395000.0,7469000.0,449836000.0,9981000.0,0.0,0.0,0.0,56530000.0,66511000.0,0.202,66511000.0,56530000.0,61834000.0,0.3,0.3,0.3,1197502000.0,,1197502000.0,6119847634.0,60.0,44.271,57387000.0,0.443,1.0,329028000.0,1.0,640815000.0,-5304000.0,598785000.0,,0.0,649010000.0,591262000.0,57748000.0,860313000.0,735942000.0,124371000.0,6154863634.0,31062000.0,-1664000.0,40069000.0,-16310000.0,0.0,30245000.0,-79145000.0,-55869000.0,78999000.0,963000.0,39482000.0,39482000.0,39482000.0,245000.0,0.0,0.12,270833000.0,58195000.0,74992000.0,0.0,5.14,179.144,175.444,115729000.0,0.0,47.37,5.342,5.33,417329000.0,-577744000.0,329028000.0,329028000.0,0.0,,,,,4362000.0,270833000.0,1.0,129931679.0,129653000,132464000.0,2.538,1417000000.0,0.0,22352000.0,136656000.0,10.929,452041000.0
39,MWW,MRQ,2006-12-31,2006-12-31,2006-12-31,2021-08-25,87632000.0,1969803000.0,,1123808000.0,845995000.0,,8.636,-15966000.0,58680000.0,58680000.0,0.0,39075000.0,1.36,0.775,23664000.0,23249000.0,415000.0,23664000.0,444145000.0,6413000.0,0.0,0.0,0.0,53453000.0,59866000.0,0.228,59866000.0,53453000.0,60414000.0,0.31,0.29,0.31,1109685000.0,,1109685000.0,5950407902.0,57.0,42.189,28593000.0,0.223,1.0,262127000.0,1.0,640736000.0,-6961000.0,467807000.0,,0.0,597518000.0,537893000.0,59625000.0,860118000.0,826244000.0,33874000.0,5992536902.0,-4108000.0,-688000.0,720000.0,762000.0,0.0,2114000.0,-52334000.0,-34408000.0,44559000.0,1553000.0,39075000.0,39075000.0,39075000.0,-596000.0,0.0,0.149,207753000.0,54374000.0,56098000.0,0.0,5.4,161.363,160.828,102402000.0,0.0,46.64,5.548,5.53,444747000.0,-614101000.0,262127000.0,262127000.0,0.0,,,,,2424000.0,207753000.0,1.0,128484925.0,128494000,131316000.0,2.04,1329067000.0,0.0,21339000.0,117027000.0,10.343,297564000.0
40,MWW,MRQ,2006-09-30,2006-09-30,2006-09-30,2021-08-25,68034000.0,1799304000.0,,971517000.0,827787000.0,,8.151,-12825000.0,62788000.0,62788000.0,0.0,-83817000.0,1.358,0.718,20659000.0,18507000.0,2152000.0,20659000.0,346706000.0,9088000.0,0.0,0.0,0.0,-66137000.0,-57049000.0,-0.2,-57049000.0,-66137000.0,-61125000.0,-0.65,-0.64,-0.65,1047235000.0,,1047235000.0,4332185633.0,44.0,31.241,66025000.0,0.514,1.0,285855000.0,1.0,623339000.0,-5012000.0,418373000.0,,0.0,567427000.0,506285000.0,61142000.0,752069000.0,715463000.0,36606000.0,4473338633.0,15729000.0,35574000.0,60000.0,-130000.0,0.0,-54000.0,-63419000.0,-85713000.0,78850000.0,352000.0,-83817000.0,-83817000.0,-83817000.0,123910000.0,0.0,-0.293,226028000.0,59827000.0,48014000.0,0.0,4.272,130.757,129.25,94150000.0,0.0,36.19,4.294,4.463,324507000.0,-653176000.0,285855000.0,285855000.0,0.0,,,,,2943000.0,226028000.0,1.0,123607036.0,128484000,130827000.0,2.225,1175965000.0,0.0,22692000.0,112179000.0,9.153,256054000.0
41,MWW,MRQ,2006-06-30,2006-06-30,2006-06-30,2021-08-25,64424000.0,1863299000.0,,903330000.0,959969000.0,,8.748,-16127000.0,47059000.0,47059000.0,0.0,39617000.0,1.287,0.657,20820000.0,18635000.0,2185000.0,20820000.0,350671000.0,11155000.0,0.0,0.0,0.0,57754000.0,68909000.0,0.25,68909000.0,57754000.0,61694000.0,0.31,0.3,0.31,1124574000.0,,1124574000.0,5131923156.0,25.0,21.291,46601000.0,0.363,1.0,275169000.0,1.0,755260000.0,-3940000.0,380072000.0,,0.0,486168000.0,422972000.0,63196000.0,738725000.0,701728000.0,36997000.0,5273076156.0,-118976000.0,16118000.0,25692000.0,-7567000.0,0.0,24174000.0,-207045000.0,-207036000.0,62728000.0,1167000.0,39617000.0,39617000.0,39617000.0,-770000.0,0.0,0.144,215901000.0,59268000.0,85461000.0,0.0,4.689,36.595,37.421,95260000.0,0.0,42.66,5.477,5.696,367908000.0,-569359000.0,275169000.0,275169000.0,0.0,,,,,3423000.0,215901000.0,1.0,123607036.0,128551000,132009000.0,2.141,1108039000.0,0.0,22077000.0,93869000.0,8.619,201602000.0
42,MWW,MRQ,2006-03-31,2006-03-31,2006-03-31,2021-08-25,42979000.0,1769568000.0,,834226000.0,935342000.0,,8.096,-9416000.0,166035000.0,166035000.0,0.0,42262000.0,1.175,0.724,24882000.0,21789000.0,3093000.0,24882000.0,345040000.0,9772000.0,0.0,0.0,0.0,59543000.0,69315000.0,0.27,69315000.0,59543000.0,62673000.0,0.33,0.32,0.33,1026209000.0,,1026209000.0,6154777244.0,35.0,29.236,72642000.0,0.573,1.0,257036000.0,1.0,744344000.0,-3130000.0,174286000.0,,0.0,286499000.0,221019000.0,65480000.0,743359000.0,709785000.0,33574000.0,6304318244.0,-30562000.0,-21386000.0,28299000.0,-22481000.0,0.0,17093000.0,-130260000.0,-96989000.0,82058000.0,547000.0,42262000.0,42262000.0,42262000.0,-7845000.0,0.0,0.164,204097000.0,52939000.0,117532000.0,0.0,6.143,51.466,50.878,94974000.0,0.0,49.86,6.968,6.986,384985000.0,-608976000.0,257036000.0,257036000.0,0.0,,,,,2029000.0,204097000.0,1.0,126440398.0,126753000,130619000.0,2.028,1025224000.0,0.0,20411000.0,75688000.0,8.088,124441000.0
43,MWW,MRQ,2005-12-31,2005-12-31,2005-12-31,2021-08-25,35515000.0,1678715000.0,,773059000.0,905656000.0,,7.504,-14983000.0,196597000.0,196597000.0,0.0,36149000.0,1.095,0.799,47056000.0,31378000.0,15678000.0,47056000.0,327429000.0,9123000.0,0.0,0.0,0.0,48373000.0,57496000.0,0.257,57496000.0,48373000.0,52177000.0,0.29,0.29,0.29,933340000.0,,933340000.0,4756025252.0,33.0,26.655,33410000.0,0.269,1.0,223812000.0,1.0,577319000.0,-3804000.0,245910000.0,,0.0,170505000.0,123747000.0,46758000.0,745375000.0,705945000.0,39430000.0,5025026252.0,-117112000.0,-67045000.0,49411000.0,-28230000.0,0.0,33737000.0,-198503000.0,-115748000.0,48393000.0,-739000.0,36149000.0,36149000.0,36149000.0,-7840000.0,0.0,0.162,181099000.0,42713000.0,37062000.0,0.0,5.384,51.174,51.025,80977000.0,0.0,40.82,6.141,6.089,258848000.0,-651238000.0,223812000.0,223812000.0,0.0,,,,,264000.0,181099000.0,1.0,123102064.0,124371000,128758000.0,1.8,1101396000.0,0.0,16028000.0,71777000.0,8.856,67114000.0
44,MWW,MRQ,2005-09-30,2005-09-30,2005-09-30,2021-08-25,39740000.0,1489235000.0,,688656000.0,800579000.0,,6.703,-6071000.0,313709000.0,313709000.0,0.0,26066000.0,1.114,0.819,44708000.0,29903000.0,14805000.0,44708000.0,248063000.0,6920000.0,0.0,0.0,0.0,38397000.0,45317000.0,0.219,45317000.0,38397000.0,39081000.0,0.21,0.21,0.21,818582000.0,,818582000.0,3399033306.0,30.0,23.926,60265000.0,0.493,1.0,206834000.0,1.0,640655000.0,-684000.0,-38691000.0,,0.0,48935000.0,0.0,48935000.0,670653000.0,618270000.0,52383000.0,3593916306.0,77891000.0,-2922000.0,23323000.0,-302000.0,0.0,23021000.0,-11341000.0,125000.0,66336000.0,-125000.0,26066000.0,26066000.0,26066000.0,-4216000.0,0.0,0.126,172012000.0,34822000.0,120125000.0,0.0,4.39,49.813,51.183,84542000.0,0.0,30.71,5.097,5.319,321243000.0,-415773000.0,206834000.0,206834000.0,0.0,,,,,6658000.0,172012000.0,1.0,117027558.0,122128000,124757000.0,1.694,848580000.0,0.0,13015000.0,0.0,6.948,70386000.0
45,MWW,MRQ,2005-06-30,2005-06-30,2005-06-30,2021-08-25,40267000.0,1407617000.0,,607324000.0,800293000.0,,6.268,-6756000.0,235818000.0,235818000.0,0.0,18017000.0,1.015,0.855,40935000.0,26572000.0,14363000.0,40935000.0,245713000.0,8261000.0,0.0,0.0,0.0,30134000.0,38395000.0,0.177,38395000.0,30134000.0,31058000.0,0.15,0.15,0.15,758714000.0,,758714000.0,3405447572.0,33.0,25.623,46166000.0,0.381,1.0,217023000.0,1.0,640950000.0,-924000.0,-26600000.0,,0.0,49351000.0,0.0,49351000.0,648903000.0,598384000.0,50519000.0,3466989572.0,94893000.0,42920000.0,9335000.0,-1328000.0,0.0,8007000.0,35541000.0,432000.0,52922000.0,-1577000.0,18017000.0,18017000.0,18017000.0,5252000.0,0.0,0.083,181270000.0,35753000.0,125145000.0,0.0,4.57,52.474,51.214,83352000.0,0.0,28.68,4.975,4.981,317378000.0,-446594000.0,217023000.0,217023000.0,0.0,,,,,3505000.0,181270000.0,1.0,120885271.0,121049000,123181000.0,1.793,766667000.0,0.0,13041000.0,0.0,6.334,8940000.0
46,MWW,MRQ,2005-03-31,2005-03-31,2005-03-31,2021-08-25,71804000.0,1521802000.0,,630141000.0,891661000.0,,6.268,-7881000.0,140925000.0,140925000.0,0.0,17962000.0,0.875,1.012,79383000.0,64730000.0,14653000.0,79383000.0,245192000.0,9119000.0,0.0,0.0,0.0,30303000.0,39422000.0,0.173,39422000.0,30303000.0,30221000.0,0.15,0.15,0.15,756283000.0,,756283000.0,3259050032.0,33.0,25.483,33482000.0,0.278,1.0,228524000.0,1.0,726382000.0,82000.0,13451000.0,,28653000.0,49928000.0,0.0,49928000.0,765519000.0,720427000.0,45092000.0,3380985032.0,-57186000.0,-92614000.0,3653000.0,-507000.0,0.0,3146000.0,-99801000.0,1446000.0,41363000.0,-1894000.0,17962000.0,17962000.0,17962000.0,3501000.0,0.0,0.079,194511000.0,34013000.0,230492000.0,0.0,4.471,52.587,50.927,95571000.0,0.0,28.01,5.113,5.111,427767000.0,-466170000.0,228524000.0,228524000.0,0.0,,,,,4193000.0,194511000.0,1.0,120706356.0,120655000,123577000.0,1.894,795420000.0,0.0,12259000.0,0.0,6.593,-90286000.0
47,MWW,MRQ,2004-12-31,2004-12-31,2004-12-31,2021-08-25,98027000.0,1554953000.0,,703511000.0,851442000.0,,6.53,1277000.0,198111000.0,198111000.0,0.0,10103000.0,0.951,0.995,63237000.0,29262000.0,33975000.0,63237000.0,231382000.0,3873000.0,0.0,0.0,0.0,15060000.0,18933000.0,0.359,18933000.0,15060000.0,13943000.0,0.09,0.08,0.09,779615000.0,,779615000.0,3977721837.0,46.0,34.707,45369000.0,0.38,1.0,52752000.0,1.0,664738000.0,1117000.0,15240000.0,,0.0,0.0,0.0,0.0,775338000.0,740101000.0,35237000.0,4006008837.0,80899000.0,7142000.0,34068000.0,-2949000.0,0.0,31119000.0,3497000.0,0.0,44092000.0,2191000.0,10103000.0,10103000.0,10103000.0,-10205000.0,0.0,0.192,47897000.0,4855000.0,111430000.0,0.0,5.138,68.204,67.28,81415000.0,0.0,33.64,6.745,6.669,318530000.0,-749432000.0,52752000.0,52752000.0,0.0,,,,,7589000.0,47897000.0,1.0,119084686.0,119388000,122124000.0,0.442,890215000.0,0.0,3840000.0,41682000.0,7.456,-36590000.0
48,MWW,MRQ,2004-09-30,2004-09-30,2004-09-30,2021-08-25,64369000.0,1408991000.0,,625313000.0,783678000.0,,5.519,2649000.0,117212000.0,117212000.0,0.0,19988000.0,0.889,1.153,88925000.0,54729000.0,34196000.0,88925000.0,199512000.0,7411000.0,0.0,0.0,0.0,28747000.0,36158000.0,0.182,36158000.0,28747000.0,28520000.0,0.17,0.17,0.17,654432000.0,,654432000.0,2930157444.0,57.0,37.055,44755000.0,0.377,1.0,198619000.0,1.0,669336000.0,227000.0,8361000.0,,22945000.0,0.0,0.0,0.0,754559000.0,703007000.0,51552000.0,2922357444.0,35008000.0,-1755000.0,978000.0,-339000.0,0.0,639000.0,-7976000.0,0.0,42106000.0,239000.0,19988000.0,19988000.0,19988000.0,-2307000.0,0.0,0.101,172179000.0,26440000.0,256963000.0,0.0,4.465,86.447,84.966,95910000.0,0.0,24.64,4.75,4.75,423229000.0,-511212000.0,198619000.0,198619000.0,0.0,,,,,820000.0,172179000.0,1.0,118602169.0,118584000,120351000.0,1.675,739655000.0,0.0,8532000.0,0.0,6.237,-77694000.0
49,MWW,MRQ,2004-06-30,2004-06-30,2004-06-30,2021-08-25,55760000.0,1327621000.0,,538433000.0,789188000.0,,5.292,-8632000.0,82204000.0,82204000.0,0.0,16240000.0,0.82,1.136,90004000.0,55693000.0,34311000.0,90004000.0,194890000.0,9281000.0,0.0,0.0,0.0,24097000.0,33378000.0,0.184,33378000.0,24097000.0,23668000.0,0.14,0.14,0.14,621451000.0,,621451000.0,2927992455.0,70.0,42.137,8728000.0,0.074,1.0,181328000.0,1.0,670895000.0,429000.0,8294000.0,,25344000.0,0.0,0.0,0.0,706170000.0,656232000.0,49938000.0,3014323455.0,-73684000.0,-90240000.0,8051000.0,-186000.0,0.0,7865000.0,-98872000.0,0.0,17360000.0,-37000.0,16240000.0,16240000.0,16240000.0,-1410000.0,0.0,0.09,158641000.0,22687000.0,241006000.0,0.0,4.85,115.757,111.826,99603000.0,0.0,25.72,5.132,5.142,386001000.0,-531199000.0,181328000.0,181328000.0,0.0,,,,,2039000.0,157400000.0,1.0,117197646.0,117431000,120192000.0,1.544,656726000.0,0.0,7428000.0,0.0,5.592,-117799000.0
50,MWW,MRQ,2004-03-31,2004-03-31,2004-03-31,2021-08-25,53655000.0,1173419000.0,,582559000.0,590860000.0,,4.642,-6695000.0,155888000.0,155888000.0,0.0,12405000.0,0.949,1.188,69557000.0,60214000.0,9343000.0,69557000.0,180571000.0,8012000.0,0.0,0.0,0.0,19566000.0,27578000.0,0.151,27578000.0,19566000.0,19210000.0,0.11,0.11,0.11,536294000.0,,536294000.0,2929312276.0,87.0,50.986,-17718000.0,-0.153,1.0,182351000.0,1.0,480812000.0,356000.0,-7284000.0,,24043000.0,0.0,0.0,0.0,637125000.0,613560000.0,23565000.0,3031188276.0,13633000.0,-25932000.0,58387000.0,-184000.0,0.0,58203000.0,-33774000.0,0.0,-11023000.0,227000.0,12405000.0,12405000.0,12405000.0,585000.0,0.0,0.068,162200000.0,20151000.0,232348000.0,0.0,5.652,155.869,145.556,86753000.0,0.0,26.2,5.293,5.285,355993000.0,-547439000.0,182351000.0,182351000.0,0.0,,,,,912000.0,161440000.0,1.0,115694209.0,115533000,118030000.0,1.578,692607000.0,0.0,6805000.0,0.0,5.995,-31001000.0
51,MWW,MRQ,2003-12-31,2003-12-31,2003-12-31,2021-08-25,58928000.0,1122279000.0,,566983000.0,555296000.0,,4.149,-4928000.0,142255000.0,142255000.0,0.0,-14828000.0,0.886,1.397,40379000.0,38292000.0,2087000.0,40379000.0,159065000.0,3088000.0,0.0,0.0,0.0,-21126000.0,-18038000.0,-0.341,-18038000.0,-21126000.0,-21541000.0,-0.13,-0.13,-0.13,468192000.0,,468192000.0,2364524245.0,-22.0,-28.875,28451000.0,0.252,1.0,52874000.0,1.0,443230000.0,415000.0,-62822000.0,,21472000.0,0.0,0.0,0.0,654087000.0,639995000.0,14092000.0,2476334245.0,24140000.0,-6956000.0,4433000.0,-886000.0,0.0,3515000.0,-14241000.0,0.0,33379000.0,1487000.0,-14828000.0,-14828000.0,-14828000.0,-1668000.0,0.0,-0.28,75668000.0,-22794000.0,256015000.0,0.0,5.289,-22.755,-22.639,85607000.0,0.0,21.96,4.485,4.46,338932000.0,-559844000.0,52874000.0,52874000.0,0.0,,,,,20078000.0,80009000.0,1.0,112765676.0,112835000,112835000.0,0.469,679049000.0,0.0,-6713000.0,0.0,6.018,-73012000.0
52,MWW,MRQ,2003-09-30,2003-09-30,2003-09-30,2021-08-25,39237000.0,1058367000.0,,532750000.0,525617000.0,,3.818,-6342000.0,118115000.0,118115000.0,0.0,12223000.0,0.86,1.468,6305000.0,4088000.0,2217000.0,6305000.0,144024000.0,7236000.0,0.0,0.0,0.0,19334000.0,26570000.0,0.156,26570000.0,19334000.0,19370000.0,0.11,0.11,0.11,428884000.0,,428884000.0,2732114613.0,-20.0,-24.433,6942000.0,0.062,1.0,170803000.0,1.0,423279000.0,-36000.0,-96003000.0,,19714000.0,0.0,0.0,0.0,629483000.0,619281000.0,10202000.0,2832055613.0,-657000.0,-2801000.0,10062000.0,-14914000.0,0.0,-4852000.0,-9270000.0,0.0,13284000.0,181000.0,12223000.0,12223000.0,12223000.0,364000.0,0.0,0.072,151105000.0,19698000.0,314339000.0,0.0,6.603,-19.519,-19.55,87420000.0,0.0,25.22,4.445,4.447,343900000.0,-571976000.0,170803000.0,170803000.0,0.0,,,,,1673000.0,150502000.0,1.0,112294037.0,112342000,115249000.0,1.52,635088000.0,0.0,7147000.0,0.0,5.653,-86531000.0
53,MWW,MRQ,2003-06-30,2003-06-30,2003-06-30,2021-08-25,39595000.0,1035785000.0,,512562000.0,523223000.0,,3.574,-3497000.0,118772000.0,118772000.0,0.0,9647000.0,0.846,1.591,18831000.0,3028000.0,15803000.0,18831000.0,138893000.0,5634000.0,0.0,0.0,0.0,15709000.0,21343000.0,0.128,21343000.0,15709000.0,15697000.0,0.09,0.08,0.09,399836000.0,,399836000.0,2087602690.0,-15.0,-19.419,-19737000.0,-0.176,1.0,166674000.0,1.0,415773000.0,12000.0,-85779000.0,,21700000.0,0.0,0.0,0.0,635949000.0,605850000.0,30099000.0,2205966690.0,-6563000.0,-780000.0,1806000.0,11859000.0,0.0,13665000.0,-4303000.0,0.0,-16240000.0,315000.0,9647000.0,9647000.0,9647000.0,743000.0,0.0,0.058,150222000.0,16452000.0,308072000.0,0.0,5.517,-15.392,-15.535,86307000.0,0.0,19.73,3.419,3.421,316036000.0,-584201000.0,166674000.0,166674000.0,0.0,,,,,1196000.0,149623000.0,1.0,111807739.0,111860000,113636000.0,1.49,620012000.0,0.0,6050000.0,0.0,5.543,-93288000.0
54,MWW,MRQ,2003-03-31,2003-03-31,2003-03-31,2021-08-25,14584000.0,1006346000.0,,508030000.0,498316000.0,,3.246,-4359000.0,125335000.0,125335000.0,0.0,-115866000.0,0.806,1.781,6971000.0,3719000.0,3252000.0,6971000.0,0.0,7392000.0,0.0,0.0,0.0,-118569000.0,-111177000.0,-0.66,-111177000.0,-118569000.0,-119424000.0,-1.04,-1.04,-1.04,361813000.0,,361813000.0,1035679847.0,-4.0,-5.2,-17604000.0,-0.158,1.0,168538000.0,1.0,393798000.0,855000.0,-135956000.0,,22348000.0,0.0,0.0,0.0,644533000.0,630140000.0,14393000.0,1219442847.0,-66221000.0,-5535000.0,255000.0,-57000.0,0.0,-40440000.0,-13754000.0,0.0,-13245000.0,1218000.0,-115866000.0,-115866000.0,-115866000.0,87344000.0,0.0,-0.687,199763000.0,-31225000.0,298708000.0,0.0,3.37,-5.332,-5.26,84490000.0,0.0,10.73,1.86,1.824,299759000.0,-593848000.0,168538000.0,168538000.0,0.0,,,,,1027000.0,151276000.0,1.0,113647982.0,111455000,111455000.0,1.512,612548000.0,0.0,-3558000.0,0.0,5.496,-122110000.0
55,MWW,MRQ,2002-12-31,2002-12-31,2002-12-31,2021-08-25,14402000.0,1630795000.0,,808546000.0,822249000.0,,7.311,-8066000.0,165648000.0,165648000.0,0.0,-51099000.0,1.012,1.005,89182000.0,86441000.0,2741000.0,89182000.0,149366000.0,5897000.0,0.0,0.0,0.0,-54452000.0,-48555000.0,-0.37,-48555000.0,-54452000.0,-54290000.0,-0.45,-0.52,-0.45,813439000.0,,813439000.0,1075536623.0,-2.0,-2.191,2329000.0,0.021,1.0,131077000.0,1.0,386704000.0,-162000.0,368405000.0,,20921000.0,0.0,0.0,0.0,817356000.0,799220000.0,18136000.0,1257358623.0,-8345000.0,-815000.0,103000.0,-4516000.0,0.0,-10184000.0,-10971000.0,0.0,10395000.0,2415000.0,-51099000.0,-51099000.0,-51099000.0,28935000.0,0.0,-0.39,157463000.0,-26386000.0,247832000.0,0.0,1.546,-2.351,-2.356,123502000.0,0.0,11.31,1.884,1.887,306773000.0,-477980000.0,131077000.0,131077000.0,0.0,,,,,2018000.0,120373000.0,1.0,111172292.0,111255000,106047000.0,1.178,1244091000.0,0.0,-3191000.0,0.0,11.182,9326000.0
56,MWW,MRQ,2002-09-30,2002-09-30,2002-09-30,2021-08-25,-25300000.0,1639567000.0,,832783000.0,806784000.0,,7.37,-20306000.0,199901000.0,199901000.0,0.0,14003000.0,1.051,0.995,18079000.0,13654000.0,4425000.0,18079000.0,0.0,9195000.0,0.0,0.0,0.0,21689000.0,30884000.0,0.173,30884000.0,21689000.0,22036000.0,0.13,0.12,0.13,821896000.0,,821896000.0,822129425.0,-2.0,-1.965,9988000.0,0.09,1.0,178891000.0,1.0,564900000.0,-347000.0,100225000.0,,26266000.0,0.0,0.0,0.0,817671000.0,792620000.0,25051000.0,1005091425.0,-13438000.0,-4356000.0,-9730000.0,-18569000.0,0.0,-22119000.0,-21909000.0,0.0,30294000.0,296000.0,14003000.0,14003000.0,14003000.0,3962000.0,0.0,0.078,153240000.0,25651000.0,386492000.0,0.0,1.223,-2.157,-2.148,168302000.0,0.0,9.0,3.466,3.461,510425000.0,-426881000.0,178891000.0,178891000.0,0.0,,,,,-15000.0,150486000.0,1.0,111676825.0,111519000,112076000.0,1.604,1074667000.0,0.0,8033000.0,0.0,9.637,40163000.0
57,MWW,MRQ,2002-06-30,2002-06-30,2002-06-30,2021-08-25,-35582000.0,1658079000.0,,856231000.0,801848000.0,,7.174,-5499000.0,213340000.0,213340000.0,0.0,-75729000.0,1.027,1.075,30378000.0,25048000.0,5330000.0,30378000.0,0.0,9247000.0,0.0,0.0,0.0,-79583000.0,-70336000.0,-0.397,-70336000.0,-79583000.0,-79587000.0,-0.68,-0.68,-0.68,799176000.0,,799176000.0,2186510478.0,-5.0,-5.615,-18813000.0,-0.169,1.0,177012000.0,1.0,554031000.0,4000.0,87025000.0,,31084000.0,0.0,0.0,0.0,858903000.0,834061000.0,24842000.0,2394953478.0,-64433000.0,-4396000.0,2036000.0,10754000.0,0.0,-36915000.0,-17954000.0,0.0,-13314000.0,3750000.0,-75729000.0,-75729000.0,-75729000.0,44636000.0,0.0,-0.428,212944000.0,-35932000.0,353233000.0,0.0,2.997,-5.272,-5.257,166833000.0,0.0,21.5,5.071,5.071,496385000.0,-440883000.0,177012000.0,177012000.0,0.0,,,,,448000.0,152943000.0,1.0,111393185.0,111399000,111399000.0,1.589,1104048000.0,0.0,-3858000.0,0.0,9.911,22170000.0
58,MWW,MRQ,2002-03-31,2002-03-31,2002-03-31,2021-08-25,-87195000.0,2110261000.0,,929086000.0,1181175000.0,,11.234,-4598000.0,277772000.0,277772000.0,0.0,-422071000.0,1.105,0.689,69329000.0,63821000.0,5508000.0,69329000.0,0.0,9451000.0,0.0,0.0,0.0,-412347000.0,-402896000.0,-2.22,-402896000.0,-412347000.0,-412507000.0,-3.8,-3.69,-3.8,1249084000.0,,1249084000.0,3571453336.0,-12.0,-13.289,-46539000.0,-0.419,1.0,181492000.0,1.0,941952000.0,160000.0,118751000.0,,30333000.0,0.0,0.0,0.0,861177000.0,841115000.0,20062000.0,3836070336.0,-62809000.0,-6248000.0,5082000.0,-2620000.0,0.0,-1553000.0,-19948000.0,0.0,-41941000.0,633000.0,-422071000.0,-422071000.0,-422071000.0,11515000.0,0.0,-2.326,154017000.0,27475000.0,373781000.0,0.0,3.071,-10.693,-10.672,185166000.0,0.0,34.47,5.651,5.646,498180000.0,63219000.0,181492000.0,181492000.0,0.0,,,,,1075000.0,146333000.0,1.0,111287216.0,111186000,114407000.0,1.632,1168309000.0,0.0,9564000.0,0.0,10.508,87971000.0
59,MWW,MRQ,2001-12-31,2001-12-31,2001-12-31,2021-08-25,-91105000.0,2206362000.0,,1005918000.0,1200444000.0,,11.089,-575000.0,340581000.0,340581000.0,0.0,17868000.0,1.082,0.795,75964000.0,66834000.0,9130000.0,75964000.0,0.0,-13182000.0,0.0,0.0,0.0,37135000.0,23953000.0,-0.097,23953000.0,37135000.0,39171000.0,0.16,0.16,0.16,1229262000.0,,1229262000.0,4498617906.0,37.0,27.655,77827000.0,0.702,1.0,-247400000.0,1.0,939847000.0,-2036000.0,72290000.0,,27480000.0,0.0,0.0,0.0,977100000.0,929608000.0,47492000.0,4742643906.0,22944000.0,62349000.0,7995000.0,19443000.0,0.0,4983000.0,-60127000.0,-2000000.0,78402000.0,-314000.0,17868000.0,17868000.0,17868000.0,25302000.0,0.0,-0.072,-309176000.0,61776000.0,401031000.0,0.0,3.858,68.714,68.095,192695000.0,0.0,42.9,5.423,5.369,507373000.0,56916000.0,-247400000.0,-247400000.0,0.0,,,,,7473000.0,-269077000.0,1.0,110551140.0,110855000,114059000.0,-2.232,1266515000.0,0.0,21303000.0,0.0,11.425,76310000.0
60,MWW,MRQ,2001-09-30,2001-09-30,2001-09-30,2021-08-25,-73196000.0,2183146000.0,,1024933000.0,1158213000.0,,10.95,-20973000.0,317637000.0,317637000.0,0.0,25631000.0,1.17,0.815,73611000.0,5972000.0,67639000.0,73611000.0,0.0,19107000.0,0.0,0.0,0.0,40763000.0,59870000.0,0.166,59870000.0,40763000.0,43020000.0,0.23,0.23,0.23,1202953000.0,,1202953000.0,2545557165.0,19.0,12.172,12568000.0,0.114,1.0,361173000.0,1.0,903290000.0,-2257000.0,159655000.0,,33241000.0,0.0,0.0,0.0,980193000.0,876175000.0,104018000.0,3022123165.0,-223154000.0,-229884000.0,4380000.0,-12647000.0,0.0,-8267000.0,-250857000.0,0.0,33541000.0,2429000.0,25631000.0,25631000.0,25631000.0,0.0,0.0,0.071,320944000.0,40229000.0,399869000.0,0.0,2.512,50.229,52.574,185126000.0,0.0,28.39,2.015,2.079,557359000.0,39048000.0,361173000.0,361173000.0,0.0,,,,,3046000.0,293263000.0,1.0,106450270.0,109862000,113665000.0,3.288,1279856000.0,0.0,17389000.0,0.0,11.65,148758000.0
61,MWW,MRQ,2001-06-30,2001-06-30,2001-06-30,2021-08-25,-77870000.0,2156625000.0,,1264184000.0,892441000.0,,10.575,-17080000.0,540791000.0,540791000.0,0.0,19827000.0,1.422,0.871,64225000.0,5078000.0,59147000.0,64225000.0,0.0,19059000.0,0.0,0.0,0.0,31262000.0,50321000.0,0.131,50321000.0,31262000.0,37081000.0,0.18,0.17,0.18,1152934000.0,,1152934000.0,5858477200.0,47.0,29.878,7858000.0,0.072,1.0,383606000.0,1.0,618912000.0,-5819000.0,172022000.0,,34080000.0,0.0,0.0,0.0,1003691000.0,889125000.0,114566000.0,6387016200.0,-26171000.0,-42660000.0,20842000.0,-7530000.0,0.0,9637000.0,-60131000.0,0.0,24938000.0,-615000.0,19827000.0,19827000.0,19827000.0,0.0,0.0,0.052,352723000.0,30883000.0,388297000.0,0.0,5.54,114.986,117.647,170167000.0,0.0,60.0,4.202,4.303,569293000.0,13417000.0,383606000.0,383606000.0,0.0,,,,,7871000.0,324973000.0,1.0,106450270.0,109024000,113717000.0,3.519,1537713000.0,0.0,17254000.0,0.0,14.104,375059000.0
62,MWW,MRQ,2001-03-31,2001-03-31,2001-03-31,2021-08-25,-71333000.0,2014492000.0,,1257631000.0,756861000.0,,10.148,-18607000.0,563261000.0,563261000.0,0.0,5694000.0,1.474,0.839,34722000.0,10991000.0,23731000.0,34722000.0,0.0,17077000.0,0.0,0.0,0.0,9360000.0,26437000.0,0.07,26437000.0,9360000.0,14406000.0,0.05,0.05,0.05,1095588000.0,,1095588000.0,3428614422.0,30.0,18.612,35517000.0,0.329,1.0,377195000.0,1.0,546874000.0,-5046000.0,85877000.0,,33721000.0,0.0,0.0,0.0,918904000.0,853202000.0,65702000.0,3964456422.0,-9303000.0,-21211000.0,6793000.0,-16759000.0,0.0,-14116000.0,-45977000.0,-6550000.0,54124000.0,-3334000.0,5694000.0,5694000.0,5694000.0,0.0,0.0,0.015,365926000.0,11269000.0,367162000.0,0.0,3.619,82.852,83.467,158066000.0,0.0,37.56,2.673,2.734,544215000.0,-5359000.0,377195000.0,377195000.0,0.0,,,,,3580000.0,339845000.0,1.0,105549958.0,107965000,113003000.0,3.494,1467618000.0,0.0,8712000.0,0.0,13.593,404429000.0
63,MWW,MRQ,2000-12-31,2000-12-31,2000-12-31,2021-08-25,-64235000.0,2082945000.0,,1317500000.0,765445000.0,,10.09,-29537000.0,576265000.0,576265000.0,0.0,9015000.0,1.437,0.93,46235000.0,15739000.0,30496000.0,46235000.0,0.0,18784000.0,0.0,0.0,0.0,53718000.0,72502000.0,0.192,72502000.0,53718000.0,30726000.0,0.08,0.08,0.08,1079171000.0,,1079171000.0,4910974700.0,41.0,26.133,84871000.0,0.794,1.0,378168000.0,1.0,530798000.0,22992000.0,105052000.0,,33806000.0,0.0,0.0,0.0,1003774000.0,917065000.0,86709000.0,5377797700.0,50828000.0,-21126000.0,5562000.0,-2171000.0,0.0,-12163000.0,-51883000.0,0.0,114408000.0,466000.0,9015000.0,9015000.0,9015000.0,0.0,0.0,0.024,353220000.0,24948000.0,380922000.0,0.0,4.983,105.731,114.583,153224000.0,0.0,55.0,3.821,4.098,604849000.0,-3661000.0,378168000.0,378168000.0,0.0,,,,,7340000.0,320568000.0,1.0,97778140.0,106951000,112038000.0,3.536,1552147000.0,0.0,21711000.0,0.0,14.513,400435000.0
64,MWW,MRQ,2000-09-30,2000-09-30,2000-09-30,2021-08-25,-63870000.0,1776844000.0,,1160458000.0,616386000.0,,9.306,-17048000.0,505116000.0,505116000.0,0.0,21010000.0,1.57,0.806,38293000.0,9706000.0,28587000.0,38293000.0,0.0,15947000.0,0.0,0.0,0.0,30872000.0,46819000.0,0.123,46819000.0,30872000.0,36461000.0,0.2,0.19,0.2,983890000.0,,983890000.0,7251419111.0,77.0,44.413,64791000.0,0.613,1.0,381114000.0,1.0,452040000.0,-5589000.0,118973000.0,,36889000.0,0.0,0.0,0.0,792954000.0,739008000.0,53946000.0,7739584111.0,-3160000.0,-58776000.0,12019000.0,-7978000.0,0.0,-7537000.0,-75824000.0,0.0,81839000.0,-1638000.0,21010000.0,21010000.0,21010000.0,0.0,0.0,0.055,349668000.0,31446000.0,347136000.0,0.0,7.866,161.946,167.708,107839000.0,0.0,80.5,5.615,6.175,556322000.0,-14837000.0,381114000.0,381114000.0,0.0,,,,,2268000.0,329458000.0,1.0,96143902.0,105723000,112533000.0,3.605,1324804000.0,22037000.0,15451000.0,0.0,12.531,421450000.0
65,MWW,MRQ,2000-06-30,2000-06-30,2000-06-30,2021-08-25,-42836000.0,1643239000.0,,1137037000.0,506202000.0,,8.922,-16703000.0,511445000.0,511445000.0,0.0,12131000.0,1.699,0.754,23280000.0,8141000.0,15139000.0,23280000.0,0.0,17697000.0,0.0,0.0,0.0,20764000.0,38461000.0,0.111,38461000.0,20764000.0,25525000.0,0.12,0.11,0.12,936657000.0,,936657000.0,6496196005.0,100.0,49.634,34104000.0,0.325,1.0,346610000.0,1.0,374658000.0,-4761000.0,111291000.0,,26970000.0,0.0,0.0,0.0,706582000.0,669125000.0,37457000.0,6983232005.0,-6715000.0,-21281000.0,7044000.0,-22403000.0,0.0,-20077000.0,-38402000.0,0.0,50807000.0,957000.0,12131000.0,12131000.0,12131000.0,0.0,0.0,0.035,325750000.0,20860000.0,325640000.0,0.0,7.455,296.566,307.542,98352000.0,0.0,73.81,5.66,6.281,539897000.0,-38502000.0,346610000.0,346610000.0,0.0,,,,,2385000.0,307424000.0,1.0,94610920.0,104988000,111474000.0,3.301,1268581000.0,11103000.0,13394000.0,0.0,12.083,467912000.0
66,MWW,MRQ,2000-03-31,2000-03-31,2000-03-31,2021-08-25,-39084000.0,1521675000.0,,1103670000.0,418005000.0,,8.923,-19820000.0,515743000.0,515743000.0,0.0,6511000.0,1.882,0.714,28707000.0,8751000.0,19956000.0,28707000.0,0.0,14969000.0,0.0,0.0,0.0,12828000.0,27797000.0,0.098,27797000.0,12828000.0,14205000.0,0.07,0.06,0.07,887843000.0,,887843000.0,7188019478.0,137.0,64.449,-65946000.0,-0.663,1.0,284237000.0,1.0,297030000.0,-1377000.0,151082000.0,,23321000.0,0.0,0.0,0.0,633780000.0,586527000.0,47253000.0,7162671478.0,462621000.0,-12091000.0,608149000.0,-57607000.0,0.0,541703000.0,-31493000.0,0.0,-46126000.0,-1463000.0,6511000.0,6511000.0,6511000.0,0.0,0.0,0.023,271581000.0,12656000.0,270620000.0,0.0,8.067,489.789,485.938,83789000.0,0.0,77.75,6.525,7.047,485550000.0,-38602000.0,284237000.0,284237000.0,0.0,,,,,5443000.0,259085000.0,1.0,92124392.0,99495000,107406000.0,2.857,1224645000.0,0.0,7694000.0,0.0,12.309,517143000.0
67,MWW,MRQ,1999-12-31,1999-12-31,1999-12-31,2021-08-25,-4921000.0,1098765000.0,,642645000.0,456120000.0,,3.579,-17076000.0,67733000.0,67733000.0,0.0,8139000.0,1.025,2.28,127260000.0,21250000.0,106010000.0,127260000.0,0.0,20777000.0,0.0,0.0,0.0,29419000.0,50196000.0,0.137,50196000.0,29419000.0,14197000.0,0.09,0.08,0.09,335032000.0,,335032000.0,5762153616.0,136.0,59.728,32708000.0,0.349,1.0,366322000.0,1.0,324269000.0,15222000.0,207223000.0,,25632000.0,0.0,0.0,0.0,763733000.0,626800000.0,136933000.0,5712013616.0,-12766000.0,-10994000.0,24112000.0,-31152000.0,0.0,-23469000.0,-38888000.0,-49000.0,49784000.0,-193000.0,8139000.0,8139000.0,8139000.0,0.0,0.0,0.022,345941000.0,20381000.0,367924000.0,0.0,17.049,700.173,788.889,84866000.0,0.0,71.0,5.671,6.599,487888000.0,-37554000.0,366322000.0,366322000.0,0.0,,,,,5655000.0,322798000.0,1.0,80450896.0,93623000,97925000.0,3.913,774496000.0,0.0,6058000.0,0.0,8.272,15845000.0
68,MWW,MRQ,1999-09-30,1999-09-30,1999-09-30,2021-08-25,-4339000.0,870919000.0,,518280000.0,352639000.0,,3.047,-5226000.0,59565000.0,59565000.0,0.0,-3234000.0,1.046,2.372,109705000.0,8805000.0,100900000.0,109705000.0,47016000.0,12541000.0,0.0,0.0,0.0,1886000.0,14427000.0,0.061,14427000.0,1886000.0,-1145000.0,-0.04,-0.04,-0.04,258280000.0,,258280000.0,2398502927.0,63.0,27.959,54140000.0,0.639,1.0,236648000.0,1.0,257807000.0,3031000.0,167841000.0,,19593000.0,0.0,0.0,0.0,612639000.0,495411000.0,117228000.0,2293482927.0,14732000.0,-2994000.0,3415000.0,-37676000.0,0.0,-44950000.0,1200000.0,0.0,59366000.0,-884000.0,-3234000.0,-3234000.0,-3234000.0,0.0,0.0,-0.014,233752000.0,2896000.0,302005000.0,0.0,8.88,185.272,202.933,61876000.0,0.0,30.44,2.49,2.801,414182000.0,-37820000.0,236648000.0,236648000.0,0.0,,,,,6214000.0,195742000.0,1.0,75344380.0,84754000,84754000.0,2.792,613112000.0,15817000.0,2089000.0,0.0,7.234,22869000.0
69,MWW,MRQ,1999-06-30,1999-06-30,1999-06-30,2021-08-25,-2774000.0,748041000.0,,437314000.0,310727000.0,,2.184,-8120000.0,38390000.0,38390000.0,0.0,3208000.0,1.03,3.07,143410000.0,10384000.0,133026000.0,143410000.0,25020000.0,10896000.0,0.0,0.0,0.0,8214000.0,19110000.0,0.091,19110000.0,8214000.0,5491000.0,0.04,0.04,0.04,183812000.0,,183812000.0,2413148817.0,49.0,25.205,17637000.0,0.21,1.0,210568000.0,1.0,226418000.0,2723000.0,202051000.0,,19833000.0,0.0,0.0,0.0,564229000.0,424592000.0,139637000.0,2298251817.0,7400000.0,-6805000.0,1308000.0,-2087000.0,0.0,-3056000.0,-14925000.0,0.0,25757000.0,-376000.0,3208000.0,3208000.0,3208000.0,0.0,0.0,0.015,200905000.0,9663000.0,288077000.0,0.0,12.503,105.555,117.593,65871000.0,0.0,31.75,2.696,3.135,352285000.0,-24741000.0,210568000.0,210568000.0,0.0,,,,,0.0,191060000.0,1.0,72385884.0,84166000,88268000.0,2.502,521623000.0,8173000.0,2283000.0,6802000.0,6.198,12722000.0
70,MWW,MRQ,1999-03-31,1999-03-31,1999-03-31,2021-08-25,-790000.0,692464000.0,,399754000.0,292710000.0,,2.036,-9870000.0,26450000.0,26450000.0,0.0,-46000.0,1.028,3.229,141347000.0,10651000.0,130696000.0,141347000.0,15756000.0,10008000.0,0.0,0.0,0.0,1818000.0,11826000.0,0.065,11826000.0,1818000.0,-742000.0,0.045,0.045,0.045,163584000.0,,163584000.0,2263771290.0,41.0,23.022,-23052000.0,-0.287,1.0,182059000.0,1.0,217222000.0,2560000.0,201374000.0,,21264000.0,0.0,0.0,0.0,528279000.0,388765000.0,139514000.0,2164860290.0,-22283000.0,-12030000.0,5855000.0,9338000.0,0.0,12129000.0,-21900000.0,0.0,-13182000.0,670000.0,-46000.0,-46000.0,-46000.0,0.0,0.0,0.0,180332000.0,1727000.0,256210000.0,0.0,13.234,85.656,99.708,62054000.0,0.0,32.405,3.373,4.056,327793000.0,-37153000.0,182059000.0,182059000.0,0.0,,,,,0.0,170028000.0,1.0,66806366.0,80350000,80350000.0,2.266,475242000.0,6495000.0,-696000.0,4407000.0,5.915,10989000.0
71,MWW,MRQ,1998-12-31,1998-12-31,1998-12-31,2021-08-25,-3074000.0,802535000.0,,475082000.0,327453000.0,,2.616,-15537000.0,73500000.0,73500000.0,-281884000.0,12451000.0,1.101,2.506,139341000.0,16235000.0,123106000.0,139341000.0,15650000.0,14394000.0,0.0,0.0,0.0,26030000.0,40424000.0,0.138,40424000.0,26030000.0,13564000.0,0.105,0.105,0.105,228750000.0,,228750000.0,1356677750.0,19.0,12.26,32065000.0,0.367,1.0,573819000.0,1.966,222866000.0,12466000.0,214067000.0,,18569000.0,0.0,0.0,0.0,573276000.0,431443000.0,141833000.0,1232043750.0,36058000.0,-23054000.0,7763000.0,4782000.0,0.0,-5207000.0,-6238000.0,34129000.0,47602000.0,-99000.0,12451000.0,12451000.0,12451000.0,0.0,0.0,0.043,552398000.0,21421000.0,271664000.0,0.0,5.386,35.351,52.5,73752000.0,0.0,21.0,1.596,2.379,350091000.0,-27882000.0,291935000.0,291935000.0,0.0,,,,,-3633000.0,532008000.0,1.0,58668750.0,87449000,89305000.0,3.338,579669000.0,11618000.0,1113000.0,4241000.0,6.629,43639000.0
72,MWW,MRQ,1998-09-30,1998-09-30,1998-09-30,2021-08-25,-543000.0,609603000.0,,365655000.0,243948000.0,,1.552,-7607000.0,12855000.0,12855000.0,99527000.0,6160000.0,1.008,4.162,137489000.0,8908000.0,128581000.0,137489000.0,13923000.0,11110000.0,0.0,0.0,0.0,13270000.0,24380000.0,0.145,24380000.0,13270000.0,10854000.0,0.08,0.08,0.08,118098000.0,,118098000.0,1011613284.0,11.0,7.847,2302000.0,0.03,1.0,68349000.0,0.407,184463000.0,2416000.0,186850000.0,,16367000.0,0.0,0.0,0.0,491505000.0,362924000.0,128581000.0,886203284.0,-12493000.0,-14873000.0,42344000.0,-6209000.0,0.0,33848000.0,-57259000.0,-33363000.0,9909000.0,1009000.0,6160000.0,6160000.0,6160000.0,0.0,0.0,0.037,54393000.0,13956000.0,254864000.0,0.0,7.504,16.76,24.485,49928000.0,0.0,16.405,1.275,1.797,317048000.0,-53361000.0,167876000.0,167876000.0,0.0,,,,,2796000.0,44915000.0,1.0,54020316.0,76106000,78422000.0,2.206,425140000.0,4084000.0,4694000.0,13519000.0,5.586,2731000.0
73,MWW,MRQ,1998-06-30,1998-06-30,1998-06-30,2021-08-25,-789000.0,552025000.0,,324468000.0,227557000.0,,1.478,-7648000.0,5927000.0,5927000.0,76945000.0,6709000.0,1.024,4.21,131337000.0,6398000.0,124939000.0,131337000.0,12335000.0,7311000.0,0.0,0.0,0.0,14389000.0,21700000.0,,21700000.0,14389000.0,11964000.0,0.095,0.09,0.095,105955000.0,,105955000.0,1057306696.0,12.0,8.967,11883000.0,0.166,1.0,-76945000.0,,164064000.0,2425000.0,196494000.0,,17243000.0,0.0,0.0,0.0,446070000.0,316877000.0,129193000.0,941012696.0,-3788000.0,-8504000.0,238000.0,-1998000.0,0.0,-6051000.0,-16152000.0,0.0,19531000.0,-1116000.0,6709000.0,6709000.0,6709000.0,0.0,0.0,,42924000.0,-119869000.0,238038000.0,0.0,8.881,18.645,26.424,44837000.0,0.0,17.44,1.585,2.106,283261000.0,-62004000.0,0.0,0.0,0.0,,,,,1244000.0,37324000.0,1.0,53957150.0,71692000,73846000.0,0.0,387961000.0,6238000.0,5255000.0,11033000.0,5.411,7591000.0
74,MWW,MRQ,1998-03-31,1998-03-31,1998-03-31,2021-08-25,-787000.0,502192000.0,,290904000.0,211288000.0,,1.433,-4777000.0,8136000.0,8136000.0,102594000.0,4475000.0,1.021,4.022,124430000.0,7228000.0,117202000.0,124430000.0,11704000.0,5988000.0,0.0,0.0,0.0,10197000.0,16185000.0,0.106,16185000.0,10197000.0,7728000.0,0.065,0.06,0.065,100005000.0,,100005000.0,951232411.0,12.0,8.991,-8359000.0,-0.12,1.0,49892000.0,0.327,160143000.0,2469000.0,173358000.0,,18422000.0,0.0,0.0,0.0,402187000.0,284985000.0,117202000.0,832868411.0,-161000.0,-1283000.0,215000.0,9281000.0,0.0,9433000.0,-6060000.0,0.0,-3582000.0,48000.0,4475000.0,4475000.0,4475000.0,0.0,0.0,0.029,39484000.0,10408000.0,207968000.0,0.0,8.328,18.388,26.347,39361000.0,0.0,15.94,1.285,1.716,256040000.0,-65926000.0,152486000.0,152486000.0,0.0,,,,,0.0,36866000.0,1.0,52250214.0,69796000,72408000.0,2.185,342049000.0,5774000.0,3253000.0,12068000.0,4.901,5919000.0
75,MWW,MRQ,1997-12-31,1997-12-31,1997-12-31,2021-08-25,-301000.0,542675000.0,,325784000.0,216891000.0,,1.448,-18356000.0,17404000.0,17404000.0,-83580000.0,35533000.0,1.022,4.156,129591000.0,11750000.0,117841000.0,129591000.0,7992000.0,11539000.0,0.0,0.0,0.0,55117000.0,66656000.0,0.178,66656000.0,55117000.0,49102000.0,0.43,0.42,0.43,105244000.0,,105244000.0,,,,18090000.0,0.249,1.0,458065000.0,1.223,161302000.0,6015000.0,174642000.0,,15623000.0,0.0,0.0,0.0,437431000.0,318918000.0,118513000.0,600877461.0,25136000.0,-11016000.0,25863000.0,17619000.0,0.0,20573000.0,-31585000.0,-426000.0,36446000.0,-298000.0,35533000.0,35533000.0,35533000.0,0.0,0.0,0.095,407772000.0,50293000.0,218374000.0,0.0,5.709,14.364,19.828,42735000.0,0.0,11.5,1.109,1.542,278496000.0,-58282000.0,374485000.0,374485000.0,0.0,,,,,0.0,404909000.0,1.0,52250214.0,72666000,73908000.0,5.154,381373000.0,5195000.0,13569000.0,10809000.0,5.248,6866000.0
76,MWW,MRQ,1997-09-30,1997-09-30,1997-09-30,2021-08-25,716000.0,481892000.0,,289609000.0,192283000.0,,1.738,-755000.0,2513000.0,2513000.0,33096000.0,3753000.0,1.009,4.136,106892000.0,6350000.0,100542000.0,106892000.0,0.0,3536000.0,0.0,0.0,0.0,9829000.0,13365000.0,0.2,13365000.0,9829000.0,7443000.0,0.07,0.07,0.07,93701000.0,,93701000.0,,,,18963000.0,0.352,1.0,33628000.0,0.504,142587000.0,2386000.0,156643000.0,,16270000.0,0.0,0.0,0.0,387583000.0,287041000.0,100542000.0,,1249000.0,-47802000.0,51231000.0,-35351000.0,0.0,15880000.0,-34349000.0,14208000.0,19718000.0,0.0,3753000.0,3753000.0,3753000.0,0.0,0.0,0.056,23702000.0,9926000.0,220161000.0,0.0,,,-12.898,35378000.0,0.0,12.06,,2.355,262423000.0,-69613000.0,66724000.0,66724000.0,0.0,,,,,0.0,21798000.0,1.0,,53918000,55028000.0,1.238,339305000.0,9046000.0,3690000.0,15127000.0,6.293,2568000.0
77,MWW,MRQ,1997-06-30,1997-06-30,1997-06-30,2021-08-25,271000.0,374048000.0,,228549000.0,145499000.0,,0.78,-10885000.0,1264000.0,1264000.0,27145000.0,1533000.0,1.04,8.872,122134000.0,6046000.0,116088000.0,122134000.0,0.0,3496000.0,0.0,0.0,0.0,6092000.0,9588000.0,0.175,9588000.0,6092000.0,3331000.0,0.04,0.04,0.04,37845000.0,,37845000.0,,,,-210000.0,-0.004,1.0,27491000.0,0.503,90095000.0,2761000.0,185143000.0,,17665000.0,0.0,0.0,0.0,335768000.0,219680000.0,116088000.0,,68000.0,-3146000.0,275000.0,3149000.0,0.0,3424000.0,-14031000.0,0.0,10675000.0,0.0,1533000.0,1533000.0,1533000.0,0.0,0.0,0.028,21860000.0,5631000.0,174532000.0,0.0,,,-11.829,31568000.0,0.0,12.125,,2.284,203509000.0,-73366000.0,54636000.0,54636000.0,0.0,,,,,0.0,19966000.0,1.0,,48524000,49534000.0,1.126,283953000.0,9046000.0,1798000.0,10420000.0,5.852,8869000.0
78,MWW,MRQ,1997-03-31,1997-03-31,1997-03-31,2021-08-25,426000.0,362689000.0,,234797000.0,127892000.0,,0.719,-1500000.0,1196000.0,1196000.0,23339000.0,1135000.0,1.065,9.734,113005000.0,4873000.0,108132000.0,113005000.0,0.0,2887000.0,0.0,0.0,0.0,4440000.0,7327000.0,0.159,7327000.0,4440000.0,2643000.0,0.02,0.02,0.02,33748000.0,,33748000.0,,,,-17088000.0,-0.364,1.0,22644000.0,0.492,80431000.0,1797000.0,173692000.0,,17356000.0,0.0,0.0,0.0,328507000.0,220375000.0,108132000.0,,298000.0,-8956000.0,0.0,30928000.0,0.0,25647000.0,-9761000.0,695000.0,-15588000.0,0.0,1135000.0,1012000.0,1012000.0,0.0,0.0,0.022,18024000.0,4620000.0,177860000.0,0.0,,,-9.906,22583000.0,123000.0,10.5,,2.056,210659000.0,-74899000.0,45983000.0,45983000.0,0.0,,,,,0.0,16319000.0,1.0,,46934000,47578000.0,0.98,282258000.0,9325000.0,1508000.0,10714000.0,6.014,14422000.0
79,MWW,MRQ,1996-12-31,1996-12-31,1996-12-31,2021-08-25,380000.0,331753000.0,,212650000.0,119103000.0,,0.682,-1913000.0,898000.0,898000.0,65554000.0,-49085000.0,0.947,9.438,79966000.0,9167000.0,70799000.0,79966000.0,3398000.0,4061000.0,0.0,0.0,0.0,-40352000.0,-36291000.0,-0.333,-36291000.0,-40352000.0,-46557000.0,-1.065,-1.065,-1.065,31295000.0,,31295000.0,,,,-4308000.0,-0.094,1.0,43271000.0,0.398,73975000.0,6205000.0,112269000.0,,14542000.0,0.0,0.0,0.0,295376000.0,224577000.0,70799000.0,,-4188000.0,-14564000.0,48623000.0,-38409000.0,0.0,8267000.0,-10060000.0,6417000.0,-2395000.0,0.0,-49085000.0,-49137000.0,-49137000.0,0.0,0.0,-0.452,83615000.0,-40344000.0,182129000.0,0.0,,,-5.876,20562000.0,52000.0,6.375,,1.285,191728000.0,-75911000.0,108825000.0,108825000.0,0.0,,,,,0.0,31001000.0,1.0,,45880000,45880000.0,2.372,257778000.0,9325000.0,2528000.0,9818000.0,5.619,-11927000.0
80,MWW,MRQ,1996-09-30,1996-09-30,1996-09-30,2021-08-25,,,,,,,,-830000.0,,,25349000.0,-768000.0,,,,,,,,1882000.0,,,0.0,2724000.0,4606000.0,0.096,4606000.0,2724000.0,-43000.0,-0.02,-0.02,-0.02,,,,,,,-5270000.0,-0.136,1.0,22858000.0,0.474,,2767000.0,,,,,,,,,,,2175000.0,-13463000.0,0.0,20588000.0,0.0,20458000.0,-13843000.0,450000.0,-4440000.0,0.0,-768000.0,-821000.0,-821000.0,0.0,0.0,-0.017,19572000.0,3286000.0,,0.0,,,,,53000.0,,,,,,48207000.0,48207000.0,0.0,,,,,0.0,17740000.0,1.0,,38842000,38842000.0,1.241,,,725000.0,,,
81,MWW,MRQ,1996-06-30,1996-06-30,1996-06-30,2021-08-25,,,,,,,,669000.0,,,18384000.0,295000.0,,,,,,,,2129000.0,,,0.0,3509000.0,5638000.0,0.154,5638000.0,3509000.0,288000.0,0.005,0.005,0.005,,,,,,,20664000.0,0.527,1.0,18291000.0,0.499,,3221000.0,,,,,,,,,,,2509000.0,-4700000.0,0.0,-13245000.0,0.0,-13381000.0,-4105000.0,-74000.0,19995000.0,0.0,295000.0,242000.0,242000.0,0.0,0.0,0.007,15205000.0,3086000.0,,0.0,,,,,53000.0,,,,,,36675000.0,36675000.0,0.0,,,,,0.0,14146000.0,1.0,,39234000,39234000.0,0.935,,,-7000.0,,,
82,MWW,MRQ,1996-03-31,1996-03-31,1996-03-31,2021-08-25,,,,,,,,-751000.0,,,17177000.0,-66000.0,,,,,,,,1909000.0,,,0.0,3685000.0,5594000.0,0.165,5594000.0,3685000.0,871000.0,-0.005,-0.005,-0.005,,,,,,,-2222000.0,-0.057,1.0,16811000.0,0.495,,2814000.0,,,,,,,,,,,-1106000.0,-3513000.0,0.0,3554000.0,0.0,3428000.0,-3063000.0,1201000.0,-1471000.0,0.0,-66000.0,-118000.0,-118000.0,0.0,0.0,-0.003,13145000.0,3666000.0,,0.0,,,,,52000.0,,,,,,33988000.0,33988000.0,0.0,,,,,0.0,12191000.0,1.0,,39274332,39274332.0,0.865,,,937000.0,,,
0,MWW,MRT,2016-09-30,2016-09-30,2016-09-30,2021-08-25,1958000.0,739427000.0,984612750.0,353059000.0,386368000.0,0.622,1.98,-37759000.0,91890000.0,91890000.0,0.0,-246404000.0,1.016,3.198,182139000.0,11314000.0,170825000.0,182139000.0,224225000.0,42008000.0,0.0,0.0,0.0,-269963000.0,-227955000.0,-0.372,-227955000.0,-269963000.0,-282987000.0,-2.79,-2.82,-2.79,176117000.0,373695000.0,176117000.0,401512426.0,-1.0,-1.761,-29588000.0,-0.333,1.0,612661000.0,1.0,239869000.0,13024000.0,242313000.0,246749750.0,0.0,22195000.0,0.0,22195000.0,563310000.0,347494000.0,215816000.0,321524426.0,-8033000.0,53545000.0,-11055000.0,-19750000.0,0.0,-32924000.0,16560000.0,774000.0,8171000.0,160000.0,-246753000.0,-246753000.0,-246753000.0,-58508000.0,349000.0,-0.403,940914000.0,-328253000.0,111955000.0,0.0,1.826,-1.303,-1.294,76814000.0,0.0,3.61,0.525,0.524,209743000.0,-1083366000.0,612661000.0,612661000.0,0.0,-0.251,-0.66,-1.094,-0.441,3799000.0,609285000.0,1.0,89064938.0,88932000,88932000.0,6.889,499558000.0,38880000.0,-36234000.0,31904000.0,5.617,5565000.0
1,MWW,MRT,2016-06-30,2016-06-30,2016-06-30,2021-08-25,1008000.0,936346000.0,1082810000.0,375083000.0,561263000.0,0.586,4.012,-34643000.0,103303000.0,103303000.0,0.0,-53968000.0,1.048,1.632,183291000.0,10800000.0,172491000.0,183291000.0,239290000.0,42440000.0,0.0,0.0,0.0,-64797000.0,-22357000.0,-0.035,-22357000.0,-64797000.0,-78300000.0,-0.64,-0.68,-0.64,355784000.0,437888500.0,355784000.0,265280804.0,-4.0,-11.866,-15574000.0,-0.176,1.0,634990000.0,1.0,390361000.0,13503000.0,268128000.0,262964000.0,0.0,22788000.0,0.0,22788000.0,580562000.0,357845000.0,222717000.0,212553804.0,-4378000.0,53545000.0,-11055000.0,-26431000.0,0.0,-40224000.0,19676000.0,774000.0,19069000.0,-2899000.0,-55829000.0,-55829000.0,-55829000.0,-60671000.0,1861000.0,-0.088,759199000.0,-124209000.0,107755000.0,0.0,0.597,-3.807,-3.734,111391000.0,0.0,2.39,0.335,0.334,218561000.0,-902862000.0,634990000.0,634990000.0,0.0,-0.052,-0.127,-0.246,-0.102,6742000.0,607025000.0,1.0,88934646.0,88683000,88683000.0,7.16,545985000.0,0.0,-22471000.0,36507000.0,6.157,17238000.0
2,MWW,MRT,2016-03-31,2016-03-31,2016-03-31,2021-08-25,3280000.0,1107746000.0,1141803250.0,430767000.0,676979000.0,0.571,5.415,-31009000.0,131716000.0,131716000.0,0.0,70325000.0,1.105,1.301,184443000.0,10287000.0,174156000.0,184443000.0,270925000.0,43640000.0,0.0,0.0,0.0,90049000.0,133689000.0,0.205,133689000.0,90049000.0,76066000.0,0.75,0.71,0.75,481473000.0,454626500.0,481473000.0,324437884.0,4.0,2.427,7353000.0,0.083,1.0,651808000.0,1.0,524386000.0,13983000.0,246299000.0,260396000.0,0.0,25039000.0,0.0,25039000.0,626273000.0,389788000.0,236485000.0,293103884.0,21486000.0,66056000.0,-11055000.0,-26112000.0,0.0,-50683000.0,34927000.0,-78000.0,38362000.0,-1120000.0,67283000.0,67283000.0,67283000.0,-62707000.0,3042000.0,0.103,622359000.0,29449000.0,108576000.0,0.0,0.609,4.356,4.347,109464000.0,0.0,3.26,0.45,0.445,244110000.0,-778707000.0,651808000.0,651808000.0,0.0,0.059,0.148,0.346,0.138,8396000.0,609672000.0,1.0,89909167.0,88922000,89786000.0,7.33,583360000.0,0.0,8783000.0,37025000.0,6.56,40979000.0
3,MWW,MRT,2015-12-31,2015-12-31,2015-12-31,2021-08-25,1926000.0,1154932000.0,1165733000.0,481032000.0,673900000.0,0.572,5.352,-28900000.0,167915000.0,167915000.0,0.0,77673000.0,1.127,1.399,194272000.0,9773000.0,184499000.0,194272000.0,279815000.0,45422000.0,0.0,0.0,0.0,78855000.0,124277000.0,0.186,124277000.0,78855000.0,65143000.0,0.82,0.78,0.82,481406000.0,438692500.0,481406000.0,635473674.0,8.0,5.113,44863000.0,0.499,1.0,666903000.0,1.0,524373000.0,13712000.0,230259000.0,264656750.0,0.0,21566000.0,0.0,21566000.0,673526000.0,426657000.0,246869000.0,523090674.0,73618000.0,69056000.0,-8016000.0,-16318000.0,0.0,-44146000.0,47877000.0,10026000.0,73763000.0,-3876000.0,73612000.0,73612000.0,73612000.0,-64513000.0,4061000.0,0.11,657814000.0,9089000.0,137069000.0,0.0,1.087,7.106,6.988,110143000.0,0.0,5.73,0.784,0.773,260518000.0,-780548000.0,666903000.0,666903000.0,0.0,0.063,0.168,0.298,0.118,11782000.0,625035000.0,1.0,91289821.0,89942000,94867000.0,7.415,630559000.0,6953000.0,-8469000.0,36348000.0,7.011,54375000.0
4,MWW,MRT,2015-09-30,2015-09-30,2015-09-30,2021-08-25,1440000.0,1132216000.0,1181287750.0,436211000.0,696005000.0,0.578,4.792,-30691000.0,88389000.0,88389000.0,0.0,-266932000.0,1.06,1.512,200772000.0,10278000.0,190494000.0,200772000.0,251065000.0,46720000.0,0.0,0.0,0.0,-319242000.0,-272522000.0,-0.399,-272522000.0,-319242000.0,-333356000.0,-3.09,-3.1,-3.09,432891000.0,423465500.0,432891000.0,686864161.0,-2.0,-2.52,51410000.0,0.569,1.0,683008000.0,1.0,525850000.0,14114000.0,307170000.0,296091000.0,0.0,18955000.0,0.0,18955000.0,654675000.0,411579000.0,243096000.0,585568161.0,19547000.0,0.0,0.0,17150000.0,0.0,-30679000.0,-24738000.0,9835000.0,82101000.0,-7137000.0,-272172000.0,-272172000.0,-272172000.0,-8760000.0,5240000.0,-0.398,1014862000.0,-331854000.0,140136000.0,0.0,1.353,-2.151,-2.078,107288000.0,0.0,6.42,0.857,0.849,231192000.0,-836613000.0,683008000.0,683008000.0,0.0,-0.23,-0.643,-1.078,-0.467,22910000.0,660275000.0,1.0,91209994.0,90340000,96839000.0,7.56,606366000.0,0.0,-61184000.0,35561000.0,6.712,24632000.0
5,MWW,MRT,2015-06-30,2015-06-30,2015-06-30,2021-08-25,3152000.0,1172319000.0,1281950250.0,430876000.0,741443000.0,0.543,4.694,-32109000.0,107681000.0,107681000.0,0.0,-279215000.0,0.958,1.664,208977000.0,10688000.0,198289000.0,208977000.0,281793000.0,47526000.0,0.0,0.0,0.0,-329873000.0,-282347000.0,-0.406,-282347000.0,-329873000.0,-342243000.0,-3.23,-3.23,-3.23,422736000.0,497251500.0,422736000.0,695107782.0,-2.0,-2.462,49646000.0,0.551,1.0,695517000.0,1.0,566049000.0,12370000.0,257856000.0,291176250.0,0.0,19082000.0,0.0,19082000.0,703232000.0,449710000.0,253522000.0,595157782.0,23286000.0,0.0,-553000.0,25400000.0,0.0,-23050000.0,-28504000.0,9229000.0,81755000.0,-6915000.0,-284261000.0,-284261000.0,-284261000.0,-8910000.0,5046000.0,-0.409,1038172000.0,-342655000.0,157229000.0,0.0,1.408,-2.094,-2.025,114398000.0,0.0,6.54,0.856,0.847,256190000.0,-847033000.0,695517000.0,695517000.0,0.0,-0.222,-0.572,-1.133,-0.474,26212000.0,686365000.0,1.0,91002719.0,90067000,90067000.0,7.722,606270000.0,0.0,-57982000.0,37652000.0,6.731,-18834000.0
6,MWW,MRT,2015-03-31,2015-03-31,2015-03-31,2021-08-25,-110000.0,1203465000.0,1388186750.0,452554000.0,750911000.0,0.52,4.686,-37088000.0,110230000.0,110230000.0,0.0,-277857000.0,0.954,1.748,210180000.0,10125000.0,200055000.0,210180000.0,303535000.0,47931000.0,0.0,0.0,0.0,-330749000.0,-282818000.0,-0.392,-282818000.0,-330749000.0,-341370000.0,-3.22,-3.22,-3.22,417737000.0,579214000.0,417737000.0,692867363.0,-2.0,-2.45,53519000.0,0.6,1.0,722228000.0,1.0,565592000.0,10621000.0,263342000.0,249777500.0,0.0,18832000.0,0.0,18832000.0,730211000.0,474481000.0,255730000.0,575780363.0,11599000.0,0.0,-12417000.0,17050000.0,0.0,-37059000.0,-35220000.0,8670000.0,90607000.0,-6729000.0,-283184000.0,-283184000.0,-283184000.0,-6874000.0,5327000.0,-0.392,1063208000.0,-340980000.0,160821000.0,0.0,1.378,-2.033,-1.969,117203000.0,0.0,6.34,0.797,0.782,275539000.0,-845990000.0,722228000.0,722228000.0,0.0,-0.204,-0.489,-1.324,-0.458,31580000.0,717316000.0,1.0,90817092.0,89137000,91474000.0,8.102,637873000.0,0.0,-58186000.0,37550000.0,7.156,-21927000.0
7,MWW,MRT,2014-12-31,2014-12-31,2014-12-31,2021-08-25,9245000.0,1217151000.0,1498019500.0,460146000.0,757005000.0,0.484,4.776,-39843000.0,72030000.0,72030000.0,0.0,-283807000.0,0.98,1.766,211384000.0,9563000.0,201821000.0,211384000.0,297636000.0,48643000.0,0.0,0.0,0.0,-320123000.0,-271480000.0,-0.374,-271480000.0,-320123000.0,-329071000.0,-3.29,-3.29,-3.29,420498000.0,665430000.0,420498000.0,530065568.0,-2.0,-1.953,42912000.0,0.487,1.0,725571000.0,1.0,531195000.0,8948000.0,355996000.0,206298750.0,0.0,20700000.0,0.0,20700000.0,742406000.0,469314000.0,273092000.0,409841568.0,5716000.0,-33521000.0,-52070000.0,96225000.0,0.0,7657000.0,-80066000.0,-2163000.0,82755000.0,-4630000.0,-289289000.0,-289289000.0,-289289000.0,-9664000.0,5482000.0,-0.399,1061626000.0,-336055000.0,154103000.0,0.0,0.975,-1.417,-1.404,117191000.0,0.0,4.62,0.565,0.561,279569000.0,-854160000.0,725571000.0,725571000.0,0.0,-0.193,-0.435,-1.552,-0.441,35158000.0,735826000.0,1.0,88710296.0,88045000,88045000.0,8.241,685956000.0,0.0,-39782000.0,54636000.0,7.791,-9168000.0
8,MWW,MRT,2014-09-30,2014-09-30,2014-09-30,2021-08-25,35685000.0,1534866000.0,1590296000.0,430163000.0,1104703000.0,0.457,8.409,-38382000.0,80376000.0,80376000.0,0.0,-15538000.0,0.968,1.031,200600000.0,10000000.0,190600000.0,200600000.0,281039000.0,49330000.0,0.0,0.0,0.0,20709000.0,70039000.0,0.096,70039000.0,20709000.0,13855000.0,-0.18,-0.18,-0.18,728035000.0,757723250.0,728035000.0,605731951.0,29.0,8.648,42167000.0,0.487,1.0,727255000.0,1.0,923197000.0,6854000.0,287511000.0,165934250.0,0.0,22690000.0,0.0,22690000.0,750666000.0,444382000.0,306284000.0,488526951.0,-6569000.0,-33521000.0,-98455000.0,11650000.0,0.0,-6372000.0,-79854000.0,-4989000.0,80549000.0,-892000.0,-19685000.0,-19685000.0,-19685000.0,-14341000.0,4147000.0,-0.027,728482000.0,-1227000.0,153343000.0,0.0,0.671,-24.817,-30.556,121461000.0,0.0,5.5,0.672,0.655,262434000.0,-564441000.0,727255000.0,727255000.0,0.0,-0.012,-0.026,0.125,0.028,30052000.0,728482000.0,1.0,88823082.0,86576000,86576000.0,8.4,611669000.0,0.0,33540000.0,56465000.0,7.065,-14219000.0
9,MWW,MRT,2014-06-30,2014-06-30,2014-06-30,2021-08-25,61916000.0,1597265000.0,1592562000.0,466254000.0,1131011000.0,0.467,8.619,-36697000.0,84395000.0,84395000.0,0.0,-3918000.0,0.688,1.053,201600000.0,201600000.0,0.0,201600000.0,315786000.0,51681000.0,0.0,0.0,0.0,36838000.0,88519000.0,0.119,88519000.0,36838000.0,30432000.0,-0.05,-0.05,-0.05,750586000.0,782807000.0,750586000.0,708820298.0,19.0,8.008,34166000.0,0.392,1.0,744481000.0,1.0,944210000.0,6406000.0,92261000.0,157002250.0,0.0,23759000.0,0.0,23759000.0,790500000.0,677999000.0,112501000.0,595251298.0,5062000.0,-33521000.0,-135306000.0,62775000.0,0.0,10252000.0,-78459000.0,-7021000.0,70863000.0,2406000.0,-6747000.0,-6747000.0,-6747000.0,-15123000.0,2829000.0,-0.009,731485000.0,12996000.0,160613000.0,0.0,0.793,-88.225,-130.8,126345000.0,0.0,6.54,0.8,0.765,293732000.0,-562772000.0,744481000.0,744481000.0,0.0,-0.004,-0.009,0.235,0.049,26301000.0,731485000.0,1.0,91017018.0,87080000,89955000.0,8.549,653055000.0,0.0,37179000.0,55355000.0,7.499,-211745000.0
10,MWW,MRT,2014-03-31,2014-03-31,2014-03-31,2021-08-25,67691000.0,1642796000.0,1577048750.0,509963000.0,1132833000.0,0.476,8.371,-34167000.0,98631000.0,98631000.0,0.0,-2034000.0,0.708,1.086,212200000.0,212200000.0,0.0,212200000.0,341947000.0,55571000.0,0.0,0.0,0.0,40632000.0,96203000.0,0.128,96203000.0,40632000.0,34529000.0,-0.02,-0.02,-0.02,762601000.0,802024000.0,762601000.0,765660126.0,19.0,7.959,27199000.0,0.299,1.0,750098000.0,1.0,946521000.0,6103000.0,89427000.0,178929000.0,0.0,24584000.0,0.0,24584000.0,828395000.0,720417000.0,107978000.0,718966126.0,-32277000.0,-33521000.0,-146820000.0,43100000.0,0.0,-16855000.0,-75306000.0,-7618000.0,61366000.0,-1482000.0,-3401000.0,-3401000.0,-3401000.0,-14364000.0,1367000.0,-0.005,733708000.0,16390000.0,166270000.0,0.0,0.943,-211.398,-374.0,126232000.0,0.0,7.48,0.958,0.908,318615000.0,-562806000.0,750098000.0,750098000.0,0.0,-0.002,-0.004,0.227,0.054,20733000.0,726880000.0,1.0,96118466.0,91102000,94416000.0,8.234,696275000.0,0.0,37930000.0,54451000.0,7.643,-210454000.0
11,MWW,MRT,2013-12-31,2013-12-31,2013-12-31,2021-08-25,63368000.0,1586257000.0,1572905500.0,504065000.0,1082192000.0,0.486,7.384,-32616000.0,88581000.0,88581000.0,0.0,-289000.0,0.972,0.94,135275000.0,9375000.0,125900000.0,135275000.0,342156000.0,59156000.0,0.0,0.0,0.0,24834000.0,83990000.0,0.11,83990000.0,24834000.0,18786000.0,0.0,0.0,0.0,789671000.0,824157500.0,789671000.0,849748093.0,34.0,10.117,1206000.0,0.011,1.0,763935000.0,1.0,919576000.0,6048000.0,194538000.0,206680750.0,0.0,220000.0,0.0,220000.0,742112000.0,518837000.0,223275000.0,747743093.0,-59604000.0,0.0,-107167000.0,-28974000.0,0.0,-49772000.0,-38882000.0,-6266000.0,33822000.0,-4772000.0,-482000.0,-482000.0,-482000.0,-8230000.0,193000.0,-0.001,746230000.0,17705000.0,167306000.0,,0.947,-1551.334,,124169000.0,0.0,7.13,0.979,0.998,332675000.0,-564871000.0,763935000.0,763935000.0,0.0,0.0,-0.001,0.12,0.033,19484000.0,726235000.0,1.0,104872804.0,106947000,107913000.0,7.143,666681000.0,0.0,19268000.0,53078000.0,6.234,-14772000.0
12,MWW,MRT,2013-09-30,2013-09-30,2013-09-30,2021-08-25,62046000.0,1543930000.0,1597557500.0,459569000.0,1084361000.0,0.513,7.86,-37660000.0,86945000.0,86945000.0,0.0,-53392000.0,0.961,0.864,188950000.0,8750000.0,180200000.0,188950000.0,315645000.0,63633000.0,0.0,0.0,0.0,-50472000.0,13161000.0,0.016,13161000.0,-50472000.0,-56278000.0,-0.47,-0.47,-0.47,828370000.0,846749500.0,828370000.0,559104269.0,-11.0,42.482,-11154000.0,-0.106,1.0,820105000.0,1.0,915842000.0,5806000.0,251783000.0,207067500.0,0.0,0.0,0.0,0.0,715560000.0,478310000.0,237250000.0,499612269.0,-88158000.0,0.0,-60805000.0,-7093000.0,0.0,-70227000.0,-40159000.0,-2499000.0,26506000.0,-4278000.0,-53392000.0,-53392000.0,-53392000.0,71514000.0,0.0,-0.065,797886000.0,22219000.0,151778000.0,0.0,0.603,-9.357,-9.404,128409000.0,0.0,4.42,0.609,0.568,298823000.0,-544756000.0,820105000.0,820105000.0,0.0,-0.033,-0.063,-0.244,-0.062,20533000.0,763060000.0,1.0,113034450.0,105394000,105967000.0,7.781,628088000.0,0.0,-2886000.0,51298000.0,5.959,-18741000.0
13,MWW,MRT,2013-06-30,2013-06-30,2013-06-30,2021-08-25,41024000.0,1535212000.0,1646223750.0,462250000.0,1072962000.0,0.513,7.459,-44709000.0,79333000.0,79333000.0,0.0,-258900000.0,0.897,0.855,138825000.0,8125000.0,130700000.0,138825000.0,329492000.0,66866000.0,0.0,0.0,0.0,-285281000.0,-218415000.0,-0.259,-218415000.0,-285281000.0,-291137000.0,-2.33,-2.31,-2.33,827454000.0,873367250.0,827454000.0,610390521.0,-2.0,-2.795,-12732000.0,-0.115,1.0,844109000.0,1.0,899262000.0,5856000.0,179968000.0,218158000.0,0.0,0.0,0.0,0.0,707758000.0,515474000.0,192284000.0,572198521.0,-78127000.0,0.0,-30100000.0,-30754000.0,0.0,-66217000.0,-45868000.0,-1159000.0,31977000.0,1981000.0,-258900000.0,-258900000.0,-258900000.0,309963000.0,0.0,-0.307,818098000.0,26011000.0,175335000.0,0.0,0.692,-2.21,-2.107,132393000.0,0.0,4.91,0.678,0.645,309064000.0,-556025000.0,844109000.0,844109000.0,0.0,-0.157,-0.296,-1.308,-0.338,23431000.0,783028000.0,1.0,116537377.0,110932000,111937000.0,7.609,635950000.0,0.0,-32237000.0,52590000.0,5.733,-53224000.0
14,MWW,MRT,2013-03-31,2013-03-31,2013-03-31,2021-08-25,50163000.0,1626223000.0,1748800250.0,539311000.0,1086912000.0,0.497,7.64,-56021000.0,130908000.0,130908000.0,0.0,-257478000.0,0.974,0.911,169100000.0,7500000.0,161600000.0,169100000.0,356468000.0,68659000.0,0.0,0.0,0.0,-282463000.0,-213804000.0,-0.246,-213804000.0,-282463000.0,-288151000.0,-2.32,-2.3,-2.32,851135000.0,941810000.0,851135000.0,608419714.0,-2.0,-2.846,-32578000.0,-0.292,1.0,868628000.0,1.0,910100000.0,5688000.0,200434000.0,227877500.0,0.0,0.0,0.0,0.0,775088000.0,553881000.0,221207000.0,592365714.0,-121693000.0,0.0,-32299000.0,-44568000.0,0.0,-84644000.0,-55968000.0,53000.0,23443000.0,-4524000.0,-257478000.0,-257478000.0,-257478000.0,313407000.0,0.0,-0.296,836345000.0,32283000.0,186142000.0,0.0,0.696,-2.301,-2.185,137998000.0,0.0,5.07,0.682,0.65,333174000.0,-559405000.0,868628000.0,868628000.0,0.0,-0.147,-0.273,-1.24,-0.325,27434000.0,807088000.0,1.0,116837419.0,111402000,112637000.0,7.797,716123000.0,0.0,-30673000.0,51255000.0,6.428,-14570000.0
15,MWW,MRT,2012-12-31,2012-12-31,2012-12-31,2021-08-25,87162000.0,1684865000.0,1867606750.0,579653000.0,1105212000.0,0.477,7.797,-59572000.0,148185000.0,148185000.0,0.0,-258720000.0,0.991,0.915,164239000.0,18264000.0,145975000.0,164239000.0,351546000.0,70000000.0,0.0,0.0,0.0,-285815000.0,-215815000.0,-0.242,-215815000.0,-285815000.0,-291698000.0,-2.29,-2.27,-2.29,880039000.0,1016946500.0,880039000.0,678954651.0,-2.0,-3.146,-6245000.0,-0.055,1.0,890392000.0,1.0,919854000.0,5883000.0,196085000.0,236778000.0,0.0,0.0,0.0,0.0,804826000.0,584980000.0,219846000.0,658116651.0,-102132000.0,0.0,-65611000.0,-24741000.0,0.0,-98811000.0,-60921000.0,-1349000.0,53327000.0,4273000.0,-258720000.0,-258720000.0,-258720000.0,316886000.0,0.0,-0.291,858240000.0,32152000.0,181914000.0,0.0,0.748,-2.544,-2.454,147613000.0,0.0,5.62,0.739,0.712,335905000.0,-564389000.0,890392000.0,890392000.0,0.0,-0.139,-0.254,-1.207,-0.321,28964000.0,823232000.0,1.0,117102607.0,112866000,113995000.0,7.889,765011000.0,0.0,-32978000.0,63465000.0,6.778,-5327000.0
16,MWW,MRT,2012-09-30,2012-09-30,2012-09-30,2021-08-25,76284000.0,1738595000.0,1960890000.0,642690000.0,1095905000.0,0.465,8.404,-63287000.0,175103000.0,175103000.0,0.0,-174789000.0,1.17,0.86,195941000.0,14191000.0,181750000.0,195941000.0,332723000.0,71043000.0,0.0,0.0,0.0,-197934000.0,-126891000.0,-0.139,-126891000.0,-197934000.0,-202662000.0,-1.59,-1.57,-1.59,934841000.0,1087968500.0,934841000.0,878891154.0,-4.0,-6.926,-2787000.0,-0.025,1.0,911551000.0,1.0,913793000.0,4728000.0,296145000.0,195114750.0,0.0,1159000.0,0.0,1159000.0,803754000.0,549495000.0,254259000.0,866958154.0,-146698000.0,0.0,-107561000.0,-26951000.0,0.0,-142805000.0,-64636000.0,-1349000.0,60500000.0,243000.0,-174789000.0,-174789000.0,-174789000.0,269699000.0,0.0,-0.192,838814000.0,72737000.0,38377000.0,0.0,0.927,-4.96,-4.61,150541000.0,0.0,7.33,0.951,0.894,315058000.0,-491364000.0,911551000.0,911551000.0,0.0,-0.089,-0.161,-1.014,-0.217,29674000.0,815926000.0,1.0,118275328.0,111239000,112212000.0,8.195,824802000.0,0.0,-27873000.0,66239000.0,7.415,93195000.0
17,MWW,MRT,2012-06-30,2012-06-30,2012-06-30,2021-08-25,46006000.0,1945518000.0,2050068750.0,576945000.0,1368573000.0,0.458,9.751,-62281000.0,157460000.0,157460000.0,0.0,51277000.0,1.002,0.767,169393000.0,13768000.0,155625000.0,169393000.0,372239000.0,72109000.0,0.0,0.0,0.0,61706000.0,133815000.0,0.142,133815000.0,61706000.0,57088000.0,0.42,0.42,0.42,1101225000.0,1153648500.0,1101225000.0,968537932.0,16.0,7.238,38023000.0,0.337,1.0,939310000.0,1.0,1162671000.0,4618000.0,218846000.0,136177500.0,0.0,335000.0,0.0,335000.0,844293000.0,575934000.0,268359000.0,1007593932.0,-41574000.0,0.0,-100862000.0,47184000.0,0.0,-62984000.0,-63076000.0,-795000.0,100304000.0,-15818000.0,51277000.0,51277000.0,51277000.0,21066000.0,0.0,0.055,855469000.0,83841000.0,40798000.0,0.0,0.915,19.65,19.786,161432000.0,0.0,8.31,1.073,0.999,333640000.0,-297125000.0,939310000.0,939310000.0,0.0,0.025,0.044,0.453,0.066,32839000.0,830821000.0,1.0,121250774.0,112937000,114038000.0,8.317,782847000.0,0.0,5811000.0,105902000.0,6.932,1011000.0
18,MWW,MRT,2012-03-31,2012-03-31,2012-03-31,2021-08-25,79223000.0,2101449000.0,2071578000.0,706577000.0,1394872000.0,0.475,9.911,-58061000.0,252601000.0,252601000.0,0.0,57461000.0,1.11,0.825,213545000.0,9545000.0,204000000.0,213545000.0,408334000.0,73644000.0,0.0,0.0,0.0,68723000.0,142367000.0,0.145,142367000.0,68723000.0,64783000.0,0.47,0.47,0.47,1151681000.0,1176213250.0,1151681000.0,1138671830.0,17.0,7.998,63443000.0,0.546,1.0,984429000.0,1.0,1189797000.0,3940000.0,236036000.0,94586000.0,0.0,1764000.0,0.0,1764000.0,949768000.0,636560000.0,313208000.0,1200152830.0,61599000.0,0.0,-75285000.0,93399000.0,0.0,5596000.0,-59780000.0,-1719000.0,121504000.0,-5721000.0,57461000.0,57461000.0,57461000.0,16863000.0,0.0,0.058,897979000.0,86450000.0,41512000.0,0.0,1.042,20.886,20.745,159632000.0,0.0,9.75,1.219,1.151,358004000.0,-301927000.0,984429000.0,984429000.0,0.0,0.028,0.049,0.727,0.07,37667000.0,874346000.0,1.0,123092598.0,116199000,117611000.0,8.472,911652000.0,0.0,7322000.0,105407000.0,7.846,70017000.0
19,MWW,MRT,2011-12-31,2011-12-31,2011-12-31,2021-08-25,63743000.0,2057998000.0,2055327000.0,675932000.0,1382066000.0,0.483,9.542,-61818000.0,250317000.0,250317000.0,0.0,53797000.0,0.863,0.768,188836000.0,188836000.0,0.0,188836000.0,380310000.0,74600000.0,0.0,0.0,0.0,80272000.0,154872000.0,0.156,154872000.0,80272000.0,77301000.0,0.44,0.43,0.44,1164127000.0,1180071500.0,1164127000.0,922572876.0,11.0,5.957,87859000.0,0.72,1.0,993644000.0,1.0,1184122000.0,2971000.0,29432000.0,45572250.0,0.0,0.0,0.0,0.0,893871000.0,782963000.0,110908000.0,1021602876.0,87148000.0,0.0,-41950000.0,64221000.0,0.0,5132000.0,-62202000.0,-384000.0,149677000.0,-5459000.0,53797000.0,53797000.0,53797000.0,12253000.0,0.0,0.054,899877000.0,93767000.0,196987000.0,0.0,0.878,18.99,18.023,156282000.0,0.0,7.93,1.028,0.974,343546000.0,-305669000.0,993644000.0,993644000.0,0.0,0.026,0.046,1.761,0.081,42523000.0,895162000.0,1.0,128827601.0,122002000,123923000.0,8.144,873876000.0,0.0,23504000.0,111580000.0,7.163,-107031000.0
20,MWW,MRT,2011-09-30,2011-09-30,2011-09-30,2021-08-25,73971000.0,2095310000.0,2035328000.0,704085000.0,1391225000.0,0.489,9.737,-65903000.0,321801000.0,321801000.0,0.0,43392000.0,0.946,0.75,222771000.0,187771000.0,35000000.0,222771000.0,354029000.0,74616000.0,0.0,0.0,0.0,67576000.0,142192000.0,0.143,142192000.0,67576000.0,64540000.0,0.35,0.35,0.35,1197561000.0,1171202250.0,1197561000.0,850609267.0,13.0,5.982,90660000.0,0.737,1.0,995517000.0,1.0,1191833000.0,3036000.0,60396000.0,54057750.0,0.0,1643000.0,0.0,1643000.0,897749000.0,744051000.0,153698000.0,927514267.0,155088000.0,-795000.0,257000.0,87725000.0,0.0,66683000.0,-64212000.0,2486000.0,156563000.0,-3946000.0,43392000.0,43392000.0,43392000.0,4293000.0,0.0,0.044,922293000.0,73224000.0,33168000.0,0.0,0.775,21.375,20.514,155642000.0,0.0,7.18,0.932,0.887,298778000.0,-316575000.0,995517000.0,995517000.0,0.0,0.021,0.037,1.25,0.068,46945000.0,920289000.0,1.0,129180260.0,122991000,123972000.0,8.094,903477000.0,0.0,21148000.0,120404000.0,7.346,-39966000.0
21,MWW,MRT,2011-06-30,2011-06-30,2011-06-30,2021-08-25,105653000.0,2031555000.0,1989027750.0,607504000.0,1424051000.0,0.491,9.75,-69439000.0,199034000.0,199034000.0,0.0,5841000.0,0.886,0.705,122129000.0,82129000.0,40000000.0,122129000.0,382835000.0,72254000.0,0.0,0.0,0.0,19253000.0,91507000.0,0.094,91507000.0,19253000.0,16353000.0,0.04,0.04,0.04,1191484000.0,1153245250.0,1191484000.0,1824809365.0,95.0,19.942,58208000.0,0.476,1.0,975779000.0,1.0,1216512000.0,2900000.0,52480000.0,54704000.0,0.0,1545000.0,0.0,1545000.0,840071000.0,685658000.0,154413000.0,1895811365.0,-89695000.0,-225795000.0,257000.0,72126000.0,0.0,53499000.0,-285067000.0,10167000.0,127647000.0,14226000.0,5841000.0,5841000.0,5841000.0,17572000.0,0.0,0.006,937094000.0,38685000.0,34419000.0,0.0,1.591,324.57,366.5,158178000.0,0.0,14.66,1.943,1.836,323726000.0,-348402000.0,975779000.0,975779000.0,0.0,0.003,0.005,0.352,0.02,51484000.0,937094000.0,1.0,129318647.0,122200000,124386000.0,7.985,815043000.0,0.0,10512000.0,123656000.0,6.67,-78154000.0
22,MWW,MRT,2011-03-31,2011-03-31,2011-03-31,2021-08-25,98561000.0,2036445000.0,1914318500.0,615909000.0,1420536000.0,0.481,9.612,-65047000.0,191002000.0,191002000.0,0.0,-8102000.0,0.865,0.745,120000000.0,80000000.0,40000000.0,120000000.0,399105000.0,68893000.0,0.0,0.0,0.0,-2372000.0,66521000.0,0.072,66521000.0,-2372000.0,-3860000.0,-0.07,-0.07,-0.07,1167114000.0,1123010250.0,1167114000.0,2031559352.0,-856.0,30.54,41229000.0,0.34,1.0,921000000.0,1.0,1213656000.0,1488000.0,39981000.0,60313000.0,0.0,919000.0,0.0,919000.0,869331000.0,711806000.0,157525000.0,2070228352.0,-100150000.0,-225795000.0,296000.0,70000000.0,0.0,55332000.0,-270914000.0,19928000.0,106276000.0,9156000.0,-8102000.0,-8102000.0,-8102000.0,17572000.0,0.0,-0.009,903183000.0,17817000.0,36092000.0,0.0,1.774,-255.521,-227.143,154900000.0,0.0,15.9,2.248,2.096,340307000.0,-359388000.0,921000000.0,921000000.0,0.0,-0.004,-0.007,-0.039,-0.003,50104000.0,903183000.0,1.0,130203041.0,121425000,124636000.0,7.585,822789000.0,0.0,4242000.0,121654000.0,6.776,-95897000.0
23,MWW,MRT,2010-12-31,2010-12-31,2010-12-31,2021-08-25,63165000.0,1978002000.0,1853280000.0,585371000.0,1392631000.0,0.472,9.358,-57126000.0,163169000.0,163169000.0,0.0,-32359000.0,0.852,0.753,124500000.0,84500000.0,40000000.0,124500000.0,376448000.0,67096000.0,0.0,0.0,0.0,-38952000.0,28144000.0,0.032,28144000.0,-38952000.0,-40652000.0,-0.27,-0.27,-0.27,1128650000.0,1104290500.0,1128650000.0,3041036097.0,-78.0,108.053,35946000.0,0.298,1.0,874923000.0,1.0,1189135000.0,1700000.0,63374000.0,66596500.0,0.0,1359000.0,0.0,1359000.0,849352000.0,686824000.0,162528000.0,3072749097.0,-112278000.0,-225795000.0,300000.0,74500000.0,0.0,60573000.0,-261260000.0,21661000.0,93072000.0,-4663000.0,-32359000.0,-32359000.0,-32359000.0,17572000.0,0.0,-0.037,893433000.0,-18510000.0,36569000.0,0.0,2.722,-94.958,-87.519,150147000.0,0.0,23.63,3.512,3.257,346751000.0,-359466000.0,874923000.0,874923000.0,0.0,-0.017,-0.029,-0.585,-0.045,47191000.0,893433000.0,1.0,130035933.0,120608000,120608000.0,7.254,788867000.0,0.0,-8293000.0,125483000.0,6.541,-101453000.0
24,MWW,MRT,2010-09-30,2010-09-30,2010-09-30,2021-08-25,69016000.0,1910109000.0,1815577000.0,515288000.0,1394821000.0,0.48,9.319,-46669000.0,166713000.0,166713000.0,0.0,-34973000.0,0.829,0.697,135000000.0,95000000.0,40000000.0,135000000.0,312952000.0,66627000.0,0.0,0.0,0.0,-44127000.0,22500000.0,0.026,22500000.0,-44127000.0,-52224000.0,-0.29,-0.28,-0.29,1125733000.0,1105419000.0,1125733000.0,1443703662.0,-33.0,64.165,47612000.0,0.394,1.0,872213000.0,1.0,1193901000.0,8097000.0,62981000.0,81997000.0,0.0,4839000.0,0.0,4839000.0,784376000.0,621514000.0,162862000.0,1682432662.0,-20764000.0,-225000000.0,78000.0,85000000.0,0.0,75074000.0,-187673000.0,83996000.0,94281000.0,-2446000.0,-34973000.0,-34973000.0,-34973000.0,0.0,0.0,-0.04,912985000.0,-40772000.0,41503000.0,0.0,1.495,-48.107,-44.69,143973000.0,0.0,12.96,1.929,1.795,282274000.0,-359966000.0,872213000.0,872213000.0,0.0,-0.019,-0.032,-0.538,-0.051,44249000.0,912985000.0,1.0,129817335.0,120796000,120796000.0,7.221,716208000.0,0.0,-17251000.0,131848000.0,5.929,-106226000.0
25,MWW,MRT,2010-06-30,2010-06-30,2010-06-30,2021-08-25,20608000.0,1732718000.0,1781607750.0,607715000.0,1125003000.0,0.482,8.869,-42773000.0,288729000.0,288729000.0,0.0,3502000.0,1.245,0.619,50000000.0,5000000.0,45000000.0,50000000.0,279809000.0,67564000.0,0.0,0.0,0.0,-35958000.0,31606000.0,0.037,31606000.0,-35958000.0,-42817000.0,0.03,0.04,0.03,1070544000.0,1107706500.0,1070544000.0,1228144002.0,-34.0,38.858,44741000.0,0.371,1.0,857904000.0,1.0,931037000.0,6859000.0,74916000.0,112665750.0,0.0,13034000.0,8300000.0,4734000.0,662174000.0,488036000.0,174138000.0,1469293002.0,52477000.0,-300000.0,124000.0,-49017000.0,0.0,-60169000.0,32347000.0,75420000.0,87514000.0,-7215000.0,3502000.0,3502000.0,3502000.0,0.0,0.0,0.004,890336000.0,-32432000.0,38407000.0,0.0,1.372,419.558,388.333,136821000.0,0.0,11.65,1.713,1.639,242199000.0,-354242000.0,857904000.0,857904000.0,0.0,0.002,0.003,-0.319,-0.042,40797000.0,897186000.0,1.0,126119571.0,120701000,120701000.0,7.108,801681000.0,0.0,-46319000.0,139539000.0,6.642,119679000.0
26,MWW,MRT,2010-03-31,2010-03-31,2010-03-31,2021-08-25,48470000.0,1792291000.0,1795795000.0,633120000.0,1159171000.0,0.482,9.1,-42291000.0,291152000.0,291152000.0,0.0,5089000.0,1.2,0.641,50003000.0,5003000.0,45000000.0,50003000.0,304993000.0,68817000.0,0.0,0.0,0.0,-32800000.0,36017000.0,0.042,36017000.0,-32800000.0,-40484000.0,0.04,0.05,0.04,1092235000.0,1103420000.0,1092235000.0,1860848579.0,-57.0,51.666,24914000.0,0.208,1.0,866044000.0,1.0,958360000.0,7684000.0,65115000.0,125468500.0,0.0,21590000.0,8150000.0,13440000.0,700056000.0,527667000.0,172389000.0,2086285579.0,-119904000.0,-300000.0,85000.0,-206191000.0,0.0,-215054000.0,17549000.0,60140000.0,67205000.0,10396000.0,5089000.0,5089000.0,5089000.0,0.0,0.0,0.006,894935000.0,-28891000.0,38821000.0,0.0,1.91,409.96,415.25,136487000.0,0.0,16.61,2.409,2.302,263589000.0,-351285000.0,866044000.0,866044000.0,0.0,0.003,0.005,-0.261,-0.038,39840000.0,896688000.0,1.0,125604189.0,120032000,120032000.0,7.215,833931000.0,0.0,-45573000.0,142492000.0,6.948,105453000.0
27,MWW,MRT,2009-12-31,2009-12-31,2009-12-31,2021-08-25,64167000.0,1827190000.0,1848745750.0,645493000.0,1181697000.0,0.49,9.494,-48677000.0,275447000.0,275447000.0,0.0,18927000.0,1.273,0.612,50010000.0,5010000.0,45000000.0,50010000.0,305898000.0,68533000.0,0.0,0.0,0.0,-13128000.0,55405000.0,0.061,55405000.0,-13128000.0,-18956000.0,0.16,0.16,0.16,1133164000.0,1086895000.0,1133164000.0,2049759063.0,-156.0,36.996,-3952000.0,-0.033,1.0,905142000.0,1.0,969621000.0,5828000.0,124976000.0,130683000.0,0.0,25215000.0,9259000.0,15956000.0,694026000.0,507156000.0,186870000.0,2187219063.0,53187000.0,-300000.0,67000.0,-6993000.0,0.0,-11418000.0,7879000.0,56856000.0,44725000.0,12001000.0,18927000.0,18927000.0,18927000.0,0.0,0.0,0.021,913953000.0,-8811000.0,32066000.0,0.0,1.93,115.561,108.75,143727000.0,0.0,17.4,2.416,2.294,287698000.0,-327107000.0,905142000.0,905142000.0,0.0,0.01,0.017,-0.1,-0.015,39921000.0,904698000.0,1.0,125702245.0,119359000,121170000.0,7.583,857569000.0,0.0,-37883000.0,159621000.0,7.185,138337000.0
28,MWW,MRT,2009-09-30,2009-09-30,2009-09-30,2021-08-25,71133000.0,1774232000.0,1871095750.0,538050000.0,1236182000.0,0.525,9.499,-61067000.0,187477000.0,187477000.0,0.0,49634000.0,1.133,0.563,50017000.0,5017000.0,45000000.0,50017000.0,265573000.0,68201000.0,0.0,0.0,0.0,27463000.0,95664000.0,0.097,95664000.0,27463000.0,29051000.0,0.42,0.41,0.42,1134883000.0,1065422250.0,1134883000.0,2061496886.0,75.0,21.549,-64027000.0,-0.536,1.0,982665000.0,1.0,976124000.0,-1588000.0,185656000.0,119117000.0,0.0,96435000.0,20482000.0,75953000.0,639349000.0,474992000.0,164357000.0,2200748886.0,-417647000.0,-166941000.0,1684000.0,-199930000.0,0.0,-203872000.0,-202563000.0,25445000.0,-2960000.0,-8252000.0,49634000.0,49634000.0,49634000.0,536000.0,0.0,0.051,952057000.0,30608000.0,37452000.0,0.0,1.939,44.34,41.619,150963000.0,0.0,17.48,2.24,2.125,243033000.0,-324993000.0,982665000.0,982665000.0,0.0,0.027,0.047,0.231,0.028,37572000.0,939646000.0,1.0,125900966.0,119473000,121676000.0,8.225,798108000.0,0.0,-20583000.0,136481000.0,6.68,63058000.0
29,MWW,MRT,2009-06-30,2009-06-30,2009-06-30,2021-08-25,28360000.0,1789467000.0,1978281250.0,573655000.0,1215812000.0,0.556,8.832,-69793000.0,236252000.0,236252000.0,0.0,59661000.0,0.991,0.699,97000000.0,97000000.0,0.0,97000000.0,289818000.0,65492000.0,0.0,0.0,0.0,85784000.0,151276000.0,0.137,151276000.0,85784000.0,92703000.0,0.51,0.49,0.51,1053398000.0,1050856750.0,1053398000.0,1331736507.0,16.0,8.803,7125000.0,0.06,1.0,1100321000.0,1.0,944981000.0,-6919000.0,126127000.0,101117000.0,0.0,95805000.0,14533000.0,81272000.0,736069000.0,579107000.0,156962000.0,1488618507.0,-129202000.0,-231269000.0,-40058000.0,96078000.0,0.0,53116000.0,-233243000.0,67819000.0,76918000.0,-25993000.0,59661000.0,59661000.0,59661000.0,794000.0,0.0,0.054,1010092000.0,90229000.0,34501000.0,0.0,1.413,24.951,23.157,153942000.0,0.0,11.81,1.353,1.28,249004000.0,-357745000.0,1100321000.0,1100321000.0,0.0,0.03,0.057,0.848,0.078,35093000.0,987239000.0,1.0,126047291.0,119274000,119274000.0,9.225,844486000.0,0.0,33042000.0,159352000.0,7.08,-5452000.0
30,MWW,MRT,2009-03-31,2009-03-31,2009-03-31,2021-08-25,8327000.0,2004094000.0,2043841750.0,789207000.0,1214887000.0,0.603,8.634,-87990000.0,411056000.0,411056000.0,0.0,91861000.0,0.957,0.953,254174000.0,254174000.0,0.0,254174000.0,344905000.0,62151000.0,0.0,0.0,0.0,127239000.0,189390000.0,0.154,189390000.0,127239000.0,137139000.0,0.78,0.75,0.78,1026135000.0,1068325500.0,1026135000.0,836778001.0,7.0,4.418,73852000.0,0.621,1.0,1231558000.0,1.0,936503000.0,-9900000.0,85973000.0,112595250.0,0.0,90188000.0,992000.0,89196000.0,977959000.0,824736000.0,153223000.0,1004067001.0,94320000.0,-231269000.0,-46288000.0,253185000.0,0.0,204580000.0,-230495000.0,88764000.0,161842000.0,-41607000.0,91861000.0,91861000.0,91861000.0,-11475000.0,0.0,0.075,1109741000.0,121817000.0,37132000.0,0.0,0.978,10.93,10.449,154559000.0,0.0,8.15,0.815,0.787,294449000.0,-356375000.0,1231558000.0,1231558000.0,0.0,0.045,0.086,1.13,0.103,33706000.0,1049153000.0,1.0,123198405.0,118855000,118855000.0,10.362,1067591000.0,0.0,45278000.0,160757000.0,8.982,-35529000.0
31,MWW,MRT,2008-12-31,2008-12-31,2008-12-31,2021-08-25,25801000.0,1916590000.0,2057912750.0,682821000.0,1233769000.0,0.653,8.687,-93627000.0,222260000.0,222260000.0,0.0,124793000.0,0.944,0.83,54971000.0,54971000.0,0.0,54971000.0,414312000.0,58020000.0,0.0,0.0,0.0,172420000.0,230440000.0,0.172,230440000.0,172420000.0,189703000.0,1.04,1.03,1.04,1047273000.0,1087721250.0,1047273000.0,1074038781.0,6.0,4.661,132207000.0,1.097,1.0,1343627000.0,1.0,946881000.0,-17283000.0,78712000.0,135163500.0,0.0,93615000.0,1425000.0,92190000.0,869317000.0,723708000.0,145609000.0,1432162781.0,92516000.0,-292836000.0,-125348000.0,53907000.0,0.0,-71794000.0,-36500000.0,349963000.0,225834000.0,-25024000.0,124793000.0,124793000.0,124793000.0,-10304000.0,0.0,0.093,1173672000.0,169955000.0,41524000.0,0.0,1.368,11.476,11.625,161282000.0,0.0,12.09,1.066,1.085,376720000.0,-346034000.0,1343627000.0,1343627000.0,0.0,0.061,0.115,1.276,0.128,29853000.0,1117165000.0,1.0,118458460.0,120557000,121167000.0,11.145,969709000.0,0.0,64910000.0,152505000.0,8.044,-40887000.0
32,MWW,MRT,2008-09-30,2008-09-30,2008-09-30,2021-08-25,87460000.0,2202974000.0,2098217750.0,1108915000.0,1094059000.0,0.668,8.968,-87464000.0,605124000.0,605124000.0,0.0,141199000.0,1.123,1.046,247000000.0,247000000.0,0.0,247000000.0,411764000.0,52549000.0,0.0,0.0,0.0,194017000.0,246566000.0,0.176,246566000.0,194017000.0,216539000.0,1.16,1.13,1.16,1076621000.0,1105028250.0,1076621000.0,1483330080.0,8.0,6.016,217482000.0,1.811,1.0,1400802000.0,1.0,743858000.0,-22522000.0,113656000.0,232665750.0,0.0,169911000.0,33823000.0,136088000.0,1126353000.0,987336000.0,139017000.0,1848516080.0,487909000.0,-126805000.0,-223900000.0,245302000.0,0.0,22228000.0,164943000.0,379212000.0,304946000.0,-4208000.0,141199000.0,141199000.0,141199000.0,-9750000.0,0.0,0.101,1208197000.0,192605000.0,44088000.0,0.0,1.717,13.092,12.853,152352000.0,0.0,14.91,1.32,1.278,358214000.0,-374628000.0,1400802000.0,1400802000.0,0.0,0.067,0.128,0.834,0.139,26358000.0,1149404000.0,1.0,123978275.0,120057000,120722000.0,11.668,1459116000.0,0.0,75340000.0,151018000.0,12.154,121579000.0
33,MWW,MRT,2008-06-30,2008-06-30,2008-06-30,2021-08-25,143264000.0,2051709000.0,2052881750.0,965553000.0,1086156000.0,0.681,9.292,-77049000.0,365454000.0,365454000.0,0.0,131722000.0,1.22,0.827,268000.0,142000.0,126000.0,268000.0,470408000.0,49684000.0,0.0,0.0,0.0,181056000.0,230740000.0,0.165,230740000.0,181056000.0,204802000.0,1.06,1.03,1.06,1123273000.0,1126563750.0,1123273000.0,2245209944.0,12.0,9.73,209011000.0,1.729,1.0,1398755000.0,1.0,722856000.0,-23746000.0,172040000.0,331567250.0,0.0,212355000.0,68579000.0,143776000.0,928436000.0,791627000.0,136809000.0,2561610944.0,274915000.0,-62310000.0,-336245000.0,-1747000.0,0.0,-336416000.0,312381000.0,451745000.0,286060000.0,12890000.0,131722000.0,131722000.0,131722000.0,-9353000.0,0.0,0.094,1217726000.0,181029000.0,45538000.0,0.0,2.28,19.447,19.443,149048000.0,0.0,20.61,1.831,1.781,410427000.0,-417406000.0,1398755000.0,1398755000.0,0.0,0.064,0.117,0.546,0.129,21731000.0,1151370000.0,1.0,124289711.0,120885000,121541000.0,11.571,1328853000.0,0.0,73080000.0,137715000.0,10.993,173926000.0
34,MWW,MRT,2008-03-31,2008-03-31,2008-03-31,2021-08-25,155830000.0,2060378000.0,2067596750.0,952348000.0,1108030000.0,0.662,8.994,-62747000.0,316736000.0,316736000.0,0.0,129508000.0,1.161,0.867,335000.0,158000.0,177000.0,335000.0,521873000.0,46116000.0,0.0,0.0,0.0,180430000.0,226546000.0,0.166,226546000.0,180430000.0,208022000.0,1.02,0.99,1.02,1103718000.0,1160187750.0,1103718000.0,2794418281.0,15.0,12.335,205161000.0,1.672,1.0,1368446000.0,1.0,747768000.0,-27592000.0,176246000.0,449797750.0,0.0,231001000.0,79236000.0,151765000.0,956660000.0,819963000.0,136697000.0,2923747281.0,226994000.0,-62452000.0,-326725000.0,-7232000.0,0.0,-326583000.0,269809000.0,395263000.0,267908000.0,15860000.0,129508000.0,129508000.0,129508000.0,3493000.0,0.0,0.095,1175823000.0,192623000.0,66487000.0,0.0,2.649,22.576,23.735,141279000.0,0.0,24.21,2.137,2.171,458447000.0,-448236000.0,1368446000.0,1368446000.0,0.0,0.063,0.112,0.401,0.132,30314000.0,1152299000.0,1.0,120766100.0,122711000,123332000.0,11.152,1312610000.0,0.0,78514000.0,150836000.0,10.697,132385000.0
35,MWW,MRT,2007-12-31,2007-12-31,2007-12-31,2021-08-25,118387000.0,2077810000.0,2066956000.0,1184965000.0,892845000.0,0.64,8.669,-63800000.0,129744000.0,129744000.0,0.0,146399000.0,1.43,0.861,0.0,0.0,0.0,0.0,524331000.0,43908000.0,0.0,0.0,0.0,207238000.0,251146000.0,0.19,251146000.0,207238000.0,232860000.0,1.14,1.12,1.14,1116501000.0,1183633750.0,1116501000.0,4029410576.0,19.0,16.044,205379000.0,1.595,1.0,1323804000.0,1.0,650685000.0,-25622000.0,468721000.0,555432500.0,0.0,499574000.0,448703000.0,50871000.0,961309000.0,828660000.0,132649000.0,4144680576.0,71064000.0,-2549000.0,-207605000.0,-23462000.0,0.0,-217268000.0,12586000.0,79190000.0,269179000.0,6567000.0,146399000.0,146399000.0,146399000.0,3696000.0,0.0,0.111,1104572000.0,219232000.0,57334000.0,0.0,3.712,28.311,28.421,123397000.0,0.0,32.4,3.131,3.152,499854000.0,-470827000.0,1323804000.0,1323804000.0,0.0,0.071,0.124,0.373,0.157,28181000.0,1087975000.0,1.0,127922240.0,128785000,130755000.0,10.279,1427125000.0,0.0,86461000.0,139370000.0,11.081,356305000.0
36,MWW,MRT,2007-09-30,2007-09-30,2007-09-30,2021-08-25,115813000.0,2021630000.0,2039954250.0,1132905000.0,888725000.0,0.61,8.979,-63526000.0,117215000.0,117215000.0,0.0,140474000.0,1.543,0.739,1945000.0,1684000.0,261000.0,1945000.0,434682000.0,38275000.0,0.0,0.0,0.0,196551000.0,234826000.0,0.189,234826000.0,196551000.0,222226000.0,1.09,1.05,1.09,1162763000.0,1181929750.0,1162763000.0,4419587352.0,22.0,18.821,186028000.0,1.437,1.0,1245282000.0,1.0,662709000.0,-25675000.0,509262000.0,555204000.0,0.0,563454000.0,511746000.0,51708000.0,858867000.0,734389000.0,124478000.0,4508154352.0,54427000.0,-2627000.0,-109962000.0,-21158000.0,0.0,-116534000.0,-85941000.0,-18261000.0,249554000.0,7348000.0,140474000.0,140474000.0,140474000.0,881000.0,0.0,0.113,1038873000.0,206409000.0,53582000.0,0.0,3.877,32.092,31.248,121795000.0,0.0,34.06,3.62,3.542,401994000.0,-515827000.0,1245282000.0,1245282000.0,0.0,0.069,0.119,0.354,0.158,26877000.0,1027718000.0,1.0,132359200.0,129499000,130757000.0,9.616,1358921000.0,0.0,81752000.0,128119000.0,10.494,398516000.0
37,MWW,MRT,2007-06-30,2007-06-30,2007-06-30,2021-08-25,93096000.0,2110569000.0,1984372750.0,1240719000.0,869850000.0,0.605,9.635,-65755000.0,90539000.0,90539000.0,0.0,23356000.0,1.694,0.678,1972000.0,1660000.0,312000.0,1972000.0,452196000.0,35518000.0,0.0,0.0,0.0,83146000.0,118664000.0,0.099,118664000.0,83146000.0,107326000.0,0.18,0.16,0.18,1257769000.0,1153047750.0,1257769000.0,5089273665.0,61.0,42.888,189814000.0,1.454,1.0,1200995000.0,1.0,644631000.0,-24180000.0,644962000.0,532481750.0,0.0,685696000.0,630914000.0,54782000.0,852800000.0,732409000.0,120391000.0,5171546665.0,43480000.0,33080000.0,44139000.0,-21230000.0,0.0,35900000.0,-251894000.0,-217242000.0,255569000.0,3905000.0,23356000.0,23356000.0,23356000.0,124136000.0,0.0,0.019,985756000.0,215239000.0,64896000.0,0.0,4.112,221.423,228.333,122077000.0,0.0,41.1,4.306,4.467,419033000.0,-549128000.0,1200995000.0,1200995000.0,0.0,0.012,0.02,0.156,0.069,26845000.0,985756000.0,1.0,125828386.0,130542000,133121000.0,9.2,1465938000.0,0.0,83970000.0,132106000.0,11.23,508310000.0
38,MWW,MRT,2007-03-31,2007-03-31,2007-03-31,2021-08-25,87708000.0,2057815000.0,1922555250.0,1187983000.0,869832000.0,0.599,9.236,-66530000.0,89742000.0,89742000.0,0.0,34357000.0,1.614,0.718,7469000.0,7074000.0,395000.0,7469000.0,449836000.0,36637000.0,0.0,0.0,0.0,101600000.0,138237000.0,0.12,138237000.0,101600000.0,122817000.0,0.27,0.25,0.27,1197502000.0,1119749000.0,1197502000.0,6119847634.0,60.0,44.271,198606000.0,1.532,1.0,1152179000.0,1.0,640815000.0,-21217000.0,598785000.0,466259250.0,0.0,649010000.0,591262000.0,57748000.0,860313000.0,735942000.0,124371000.0,6154863634.0,-76293000.0,49340000.0,66541000.0,-23245000.0,0.0,56479000.0,-401943000.0,-383026000.0,265136000.0,4035000.0,34357000.0,34357000.0,34357000.0,122789000.0,0.0,0.03,920515000.0,231664000.0,74992000.0,0.0,5.14,179.144,175.444,115729000.0,0.0,47.37,5.342,5.33,417329000.0,-577744000.0,1152179000.0,1152179000.0,0.0,0.018,0.031,0.218,0.088,13152000.0,920515000.0,1.0,129931679.0,129653000,132464000.0,8.887,1417000000.0,0.0,88460000.0,136656000.0,10.929,452041000.0
39,MWW,MRT,2006-12-31,2006-12-31,2006-12-31,2021-08-25,87632000.0,1969803000.0,1850493500.0,1123808000.0,845995000.0,0.584,8.664,-54334000.0,58680000.0,58680000.0,0.0,37137000.0,1.36,0.775,23664000.0,23249000.0,415000.0,23664000.0,444145000.0,36428000.0,0.0,0.0,0.0,104613000.0,141041000.0,0.131,141041000.0,104613000.0,123656000.0,0.29,0.28,0.29,1109685000.0,1076925750.0,1109685000.0,5950407902.0,57.0,42.189,213861000.0,1.67,1.0,1080187000.0,1.0,640736000.0,-19043000.0,467807000.0,360134500.0,0.0,597518000.0,537893000.0,59625000.0,860118000.0,826244000.0,33874000.0,5992536902.0,-137917000.0,29618000.0,54771000.0,-29416000.0,0.0,43327000.0,-453058000.0,-424146000.0,268195000.0,3619000.0,37137000.0,37137000.0,37137000.0,114699000.0,0.0,0.034,853779000.0,226408000.0,56098000.0,0.0,5.4,161.363,160.828,102402000.0,0.0,46.64,5.548,5.53,444747000.0,-614101000.0,1080187000.0,1080187000.0,0.0,0.02,0.034,0.29,0.097,10819000.0,853779000.0,1.0,128484925.0,128077000,131247000.0,8.434,1329067000.0,0.0,86519000.0,117027000.0,10.377,297564000.0
40,MWW,MRT,2006-09-30,2006-09-30,2006-09-30,2021-08-25,68034000.0,1799304000.0,1777721500.0,971517000.0,827787000.0,0.586,8.151,-53351000.0,62788000.0,62788000.0,0.0,34211000.0,1.358,0.718,20659000.0,18507000.0,2152000.0,20659000.0,346706000.0,39138000.0,0.0,0.0,0.0,99533000.0,138671000.0,0.133,138671000.0,99533000.0,115419000.0,0.28,0.27,0.28,1047235000.0,1032839500.0,1047235000.0,4332185633.0,44.0,31.241,218678000.0,1.702,1.0,1041872000.0,1.0,623339000.0,-15886000.0,418373000.0,304660250.0,0.0,567427000.0,506285000.0,61142000.0,752069000.0,715463000.0,36606000.0,4473338633.0,-250921000.0,-36739000.0,103462000.0,-58408000.0,0.0,74950000.0,-599227000.0,-505486000.0,272029000.0,1327000.0,34211000.0,34211000.0,34211000.0,107455000.0,0.0,0.033,827125000.0,214747000.0,48014000.0,0.0,4.272,130.757,129.25,94150000.0,0.0,36.19,4.294,4.463,324507000.0,-653176000.0,1041872000.0,1041872000.0,0.0,0.019,0.033,0.327,0.096,8659000.0,827125000.0,1.0,123607036.0,128484000,130827000.0,8.109,1175965000.0,0.0,81208000.0,112179000.0,9.153,256054000.0
41,MWW,MRT,2006-06-30,2006-06-30,2006-06-30,2021-08-25,64424000.0,1863299000.0,1700204250.0,903330000.0,959969000.0,0.566,8.748,-46597000.0,47059000.0,47059000.0,0.0,144094000.0,1.287,0.657,20820000.0,18635000.0,2185000.0,20820000.0,350671000.0,36970000.0,0.0,0.0,0.0,204067000.0,241037000.0,0.25,241037000.0,204067000.0,215625000.0,1.14,1.12,1.14,1124574000.0,975676250.0,1124574000.0,5131923156.0,25.0,21.291,212918000.0,1.656,1.0,962851000.0,1.0,755260000.0,-11558000.0,380072000.0,190394250.0,0.0,486168000.0,422972000.0,63196000.0,738725000.0,701728000.0,36997000.0,5273076156.0,-188759000.0,-75235000.0,126725000.0,-58580000.0,0.0,98025000.0,-547149000.0,-419648000.0,259515000.0,850000.0,144094000.0,144094000.0,144094000.0,-20671000.0,0.0,0.15,773109000.0,189742000.0,85461000.0,0.0,4.689,36.595,37.421,95260000.0,0.0,42.66,5.477,5.696,367908000.0,-569359000.0,962851000.0,962851000.0,0.0,0.085,0.148,1.072,0.212,12374000.0,773109000.0,1.0,123607036.0,128551000,132009000.0,7.49,1108039000.0,0.0,71531000.0,93869000.0,8.619,201602000.0
42,MWW,MRT,2006-03-31,2006-03-31,2006-03-31,2021-08-25,42979000.0,1769568000.0,1586283750.0,834226000.0,935342000.0,0.57,8.096,-37226000.0,166035000.0,166035000.0,0.0,122494000.0,1.175,0.724,24882000.0,21789000.0,3093000.0,24882000.0,345040000.0,34076000.0,0.0,0.0,0.0,176447000.0,210523000.0,0.233,210523000.0,176447000.0,184989000.0,0.98,0.97,0.98,1026209000.0,884211250.0,1026209000.0,6154777244.0,35.0,29.236,212483000.0,1.676,1.0,904705000.0,1.0,744344000.0,-8542000.0,174286000.0,88726250.0,0.0,286499000.0,221019000.0,65480000.0,743359000.0,709785000.0,33574000.0,6304318244.0,25110000.0,-48433000.0,110368000.0,-52341000.0,0.0,81858000.0,-304563000.0,-212180000.0,249709000.0,-1894000.0,122494000.0,122494000.0,122494000.0,-14649000.0,0.0,0.135,738478000.0,166227000.0,117532000.0,0.0,6.143,51.466,50.878,94974000.0,0.0,49.86,6.968,6.986,384985000.0,-608976000.0,904705000.0,904705000.0,0.0,0.077,0.139,1.989,0.195,12456000.0,738478000.0,1.0,126440398.0,126753000,130619000.0,7.138,1025224000.0,0.0,62495000.0,75688000.0,8.088,124441000.0
43,MWW,MRT,2005-12-31,2005-12-31,2005-12-31,2021-08-25,35515000.0,1678715000.0,1524342250.0,773059000.0,905656000.0,0.537,7.647,-35691000.0,196597000.0,196597000.0,0.0,98194000.0,1.095,0.799,47056000.0,31378000.0,15678000.0,47056000.0,327429000.0,33423000.0,0.0,0.0,0.0,145005000.0,178428000.0,0.218,178428000.0,145005000.0,149835000.0,0.8,0.79,0.8,933340000.0,816729750.0,933340000.0,4756025252.0,33.0,26.655,173323000.0,1.42,1.0,818271000.0,1.0,577319000.0,-4830000.0,245910000.0,48517500.0,0.0,170505000.0,123747000.0,46758000.0,745375000.0,705945000.0,39430000.0,5025026252.0,-1514000.0,-119661000.0,85722000.0,-30367000.0,0.0,67911000.0,-274104000.0,-113745000.0,209014000.0,-4335000.0,98194000.0,98194000.0,98194000.0,-7770000.0,0.0,0.12,677639000.0,140632000.0,37062000.0,0.0,5.384,51.174,51.025,80977000.0,0.0,40.82,6.141,6.089,258848000.0,-651238000.0,818271000.0,818271000.0,0.0,0.064,0.12,2.989,0.177,14620000.0,677639000.0,1.0,123102064.0,122055000,125038000.0,6.704,1101396000.0,0.0,51641000.0,71777000.0,9.024,67114000.0
44,MWW,MRT,2005-09-30,2005-09-30,2005-09-30,2021-08-25,39740000.0,1489235000.0,1493401750.0,688656000.0,800579000.0,0.472,6.703,-19431000.0,313709000.0,313709000.0,0.0,72148000.0,1.114,0.819,44708000.0,29903000.0,14805000.0,44708000.0,248063000.0,28173000.0,0.0,0.0,0.0,113894000.0,142067000.0,0.201,142067000.0,113894000.0,114303000.0,0.6,0.59,0.6,818582000.0,778298500.0,818582000.0,3399033306.0,30.0,23.926,185282000.0,1.517,1.0,705133000.0,1.0,640655000.0,-409000.0,-38691000.0,-9150000.0,0.0,48935000.0,0.0,48935000.0,670653000.0,618270000.0,52383000.0,3593916306.0,196497000.0,-45474000.0,70379000.0,-5086000.0,0.0,65293000.0,-72104000.0,2003000.0,204713000.0,-1405000.0,72148000.0,72148000.0,72148000.0,-5668000.0,0.0,0.102,595690000.0,109443000.0,120125000.0,0.0,4.39,49.813,51.183,84542000.0,0.0,30.71,5.097,5.319,321243000.0,-415773000.0,705133000.0,705133000.0,0.0,0.048,0.093,-12.447,0.162,21945000.0,595690000.0,1.0,117027558.0,122128000,124757000.0,5.774,848580000.0,0.0,42155000.0,0.0,6.948,70386000.0
45,MWW,MRT,2005-06-30,2005-06-30,2005-06-30,2021-08-25,40267000.0,1407617000.0,1473340750.0,607324000.0,800293000.0,0.473,6.268,-10711000.0,235818000.0,235818000.0,0.0,66070000.0,1.015,0.855,40935000.0,26572000.0,14363000.0,40935000.0,245713000.0,28664000.0,0.0,0.0,0.0,104244000.0,132908000.0,0.191,132908000.0,104244000.0,103742000.0,0.56,0.55,0.56,758714000.0,737261000.0,758714000.0,3405447572.0,33.0,25.623,169772000.0,1.403,1.0,696918000.0,1.0,640950000.0,502000.0,-26600000.0,2613000.0,0.0,49351000.0,0.0,49351000.0,648903000.0,598384000.0,50519000.0,3466989572.0,153614000.0,-44307000.0,48034000.0,-5123000.0,0.0,42911000.0,-68739000.0,1878000.0,180483000.0,-1041000.0,66070000.0,66070000.0,66070000.0,-3759000.0,0.0,0.095,595857000.0,101061000.0,125145000.0,0.0,4.57,52.474,51.214,83352000.0,0.0,28.68,4.975,4.981,317378000.0,-446594000.0,696918000.0,696918000.0,0.0,0.045,0.09,39.894,0.15,16107000.0,595857000.0,1.0,120885271.0,121049000,123181000.0,5.757,766667000.0,0.0,37672000.0,0.0,6.334,8940000.0
46,MWW,MRT,2005-03-31,2005-03-31,2005-03-31,2021-08-25,71804000.0,1521802000.0,1453341750.0,630141000.0,891661000.0,0.455,6.268,-12587000.0,140925000.0,140925000.0,0.0,64293000.0,0.875,1.012,79383000.0,64730000.0,14653000.0,79383000.0,245192000.0,29684000.0,0.0,0.0,0.0,98207000.0,127891000.0,0.193,127891000.0,98207000.0,96352000.0,0.55,0.54,0.55,756283000.0,702945250.0,756283000.0,3259050032.0,33.0,25.483,132334000.0,1.097,1.0,661223000.0,1.0,726382000.0,1855000.0,13451000.0,11336500.0,28653000.0,49928000.0,0.0,49928000.0,765519000.0,720427000.0,45092000.0,3380985032.0,-14963000.0,-177467000.0,46750000.0,-3981000.0,0.0,42769000.0,-203152000.0,1446000.0,144921000.0,499000.0,64293000.0,64293000.0,64293000.0,-10421000.0,0.0,0.097,573228000.0,87995000.0,230492000.0,0.0,4.471,52.587,50.927,95571000.0,0.0,28.01,5.113,5.111,427767000.0,-466170000.0,661223000.0,661223000.0,0.0,0.044,0.091,8.663,0.149,14641000.0,571987000.0,1.0,120706356.0,120655000,123577000.0,5.48,795420000.0,0.0,32059000.0,0.0,6.593,-90286000.0
47,MWW,MRT,2004-12-31,2004-12-31,2004-12-31,2021-08-25,98027000.0,1554953000.0,1366246000.0,703511000.0,851442000.0,0.435,6.622,-12549000.0,198111000.0,198111000.0,0.0,58736000.0,0.951,0.995,63237000.0,29262000.0,33975000.0,63237000.0,231382000.0,28679000.0,0.0,0.0,0.0,85930000.0,114609000.0,0.193,114609000.0,85930000.0,83871000.0,0.5,0.49,0.5,779615000.0,647948000.0,779615000.0,3977721837.0,46.0,34.707,79986000.0,0.679,1.0,593909000.0,1.0,664738000.0,2059000.0,15240000.0,6152750.0,0.0,0.0,0.0,0.0,775338000.0,740101000.0,35237000.0,4006008837.0,55856000.0,-110784000.0,101484000.0,-3658000.0,0.0,97826000.0,-137125000.0,0.0,92535000.0,2620000.0,58736000.0,58736000.0,58736000.0,-15598000.0,0.0,0.099,523577000.0,70332000.0,111430000.0,0.0,5.138,68.204,67.28,81415000.0,0.0,33.64,6.745,6.669,318530000.0,-749432000.0,593909000.0,593909000.0,0.0,0.043,0.091,13.966,0.145,11360000.0,523577000.0,1.0,119084686.0,117738000,120075000.0,5.044,890215000.0,0.0,25135000.0,41682000.0,7.561,-36590000.0
48,MWW,MRT,2004-09-30,2004-09-30,2004-09-30,2021-08-25,64369000.0,1408991000.0,1258077500.0,625313000.0,783678000.0,0.489,5.519,-17606000.0,117212000.0,117212000.0,0.0,33805000.0,0.889,1.153,88925000.0,54729000.0,34196000.0,88925000.0,199512000.0,27792000.0,0.0,0.0,0.0,51284000.0,79076000.0,0.129,79076000.0,51284000.0,49857000.0,0.29,0.29,0.29,654432000.0,570092250.0,654432000.0,2930157444.0,57.0,37.055,64216000.0,0.542,1.0,615172000.0,1.0,669336000.0,1427000.0,8361000.0,-13362750.0,22945000.0,0.0,0.0,0.0,754559000.0,703007000.0,51552000.0,2922357444.0,-903000.0,-124883000.0,71849000.0,-1595000.0,0.0,70222000.0,-154863000.0,0.0,81822000.0,1916000.0,33805000.0,33805000.0,33805000.0,-4800000.0,0.0,0.055,568688000.0,46484000.0,256963000.0,0.0,4.465,86.447,84.966,95910000.0,0.0,24.64,4.75,4.75,423229000.0,-511212000.0,615172000.0,615172000.0,0.0,0.027,0.059,-3.838,0.083,23849000.0,571028000.0,1.0,118602169.0,118584000,120351000.0,5.188,739655000.0,0.0,16052000.0,0.0,6.237,-77694000.0
49,MWW,MRT,2004-06-30,2004-06-30,2004-06-30,2021-08-25,55760000.0,1327621000.0,1170421500.0,538433000.0,789188000.0,0.502,5.292,-26597000.0,82204000.0,82204000.0,0.0,26040000.0,0.82,1.136,90004000.0,55693000.0,34311000.0,90004000.0,194890000.0,27617000.0,0.0,0.0,0.0,41871000.0,69488000.0,0.118,69488000.0,41871000.0,40707000.0,0.23,0.23,0.23,621451000.0,513705250.0,621451000.0,2927992455.0,70.0,42.137,26403000.0,0.225,1.0,587356000.0,1.0,670895000.0,1164000.0,8294000.0,-39453750.0,25344000.0,0.0,0.0,0.0,706170000.0,656232000.0,49938000.0,3014323455.0,-36568000.0,-125929000.0,80933000.0,-16170000.0,0.0,64731000.0,-156157000.0,0.0,53000000.0,1858000.0,26040000.0,26040000.0,26040000.0,-2129000.0,0.0,0.044,547614000.0,39742000.0,241006000.0,0.0,4.85,115.757,111.826,99603000.0,0.0,25.72,5.132,5.142,386001000.0,-531199000.0,587356000.0,587356000.0,0.0,0.022,0.051,-1.061,0.071,24702000.0,549351000.0,1.0,117197646.0,117431000,120192000.0,5.002,656726000.0,0.0,14667000.0,0.0,5.592,-117799000.0
50,MWW,MRT,2004-03-31,2004-03-31,2004-03-31,2021-08-25,53655000.0,1173419000.0,1097462500.0,582559000.0,590860000.0,0.522,4.642,-21462000.0,155888000.0,155888000.0,0.0,19447000.0,0.949,1.188,69557000.0,60214000.0,9343000.0,69557000.0,180571000.0,23970000.0,0.0,0.0,0.0,33483000.0,57453000.0,0.1,57453000.0,33483000.0,32736000.0,0.18,0.17,0.18,536294000.0,458301500.0,536294000.0,2929312276.0,87.0,50.986,-2062000.0,-0.018,1.0,572702000.0,1.0,480812000.0,747000.0,-7284000.0,-62972000.0,24043000.0,0.0,0.0,0.0,637125000.0,613560000.0,23565000.0,3031188276.0,30553000.0,-36469000.0,74688000.0,-4125000.0,0.0,70531000.0,-61588000.0,0.0,19400000.0,2210000.0,19447000.0,19447000.0,19447000.0,24000.0,0.0,0.034,539195000.0,33507000.0,232348000.0,0.0,5.652,155.869,145.556,86753000.0,0.0,26.2,5.293,5.285,355993000.0,-547439000.0,572702000.0,572702000.0,0.0,0.018,0.042,-0.532,0.058,23859000.0,541574000.0,1.0,115694209.0,115533000,118030000.0,4.957,692607000.0,0.0,13289000.0,0.0,5.995,-31001000.0
51,MWW,MRT,2003-12-31,2003-12-31,2003-12-31,2021-08-25,58928000.0,1122279000.0,1055694250.0,566983000.0,555296000.0,0.523,4.176,-19126000.0,142255000.0,142255000.0,0.0,-108824000.0,0.886,1.397,40379000.0,38292000.0,2087000.0,40379000.0,159065000.0,23350000.0,0.0,0.0,0.0,-105238000.0,-81888000.0,-0.148,-81888000.0,-105238000.0,-106483000.0,-0.97,-0.97,-0.97,468192000.0,414681250.0,468192000.0,2364524245.0,-22.0,-28.875,-1948000.0,-0.017,1.0,552098000.0,1.0,443230000.0,1245000.0,-62822000.0,-95140000.0,21472000.0,0.0,0.0,0.0,654087000.0,639995000.0,14092000.0,2476334245.0,-49301000.0,-16072000.0,16556000.0,-3998000.0,0.0,-28112000.0,-41568000.0,0.0,17178000.0,3201000.0,-108824000.0,-108824000.0,-108824000.0,85871000.0,0.0,-0.197,571465000.0,-19367000.0,256015000.0,0.0,5.289,-22.755,-22.639,85607000.0,0.0,21.96,4.485,4.46,338932000.0,-559844000.0,552098000.0,552098000.0,0.0,-0.103,-0.262,1.106,-0.191,23974000.0,526069000.0,1.0,112765676.0,112124000,112124000.0,4.924,679049000.0,0.0,2341000.0,0.0,6.056,-73012000.0
52,MWW,MRT,2003-09-30,2003-09-30,2003-09-30,2021-08-25,39237000.0,1058367000.0,1182823250.0,532750000.0,525617000.0,0.539,3.818,-22264000.0,118115000.0,118115000.0,0.0,-145095000.0,0.86,1.468,6305000.0,4088000.0,2217000.0,6305000.0,144024000.0,26159000.0,0.0,0.0,0.0,-137978000.0,-111819000.0,-0.176,-111819000.0,-137978000.0,-138647000.0,-1.29,-1.37,-1.29,428884000.0,500993000.0,428884000.0,2732114613.0,-20.0,-24.433,-28070000.0,-0.25,1.0,637092000.0,1.0,423279000.0,669000.0,-96003000.0,12666750.0,19714000.0,0.0,0.0,0.0,629483000.0,619281000.0,10202000.0,2832055613.0,-81786000.0,-9931000.0,12226000.0,-7628000.0,0.0,-41811000.0,-38298000.0,0.0,-5806000.0,4129000.0,-145095000.0,-145095000.0,-145095000.0,117386000.0,0.0,-0.228,658553000.0,-21461000.0,314339000.0,0.0,6.603,-19.519,-19.55,87420000.0,0.0,25.22,4.445,4.447,343900000.0,-571976000.0,637092000.0,637092000.0,0.0,-0.123,-0.29,-10.893,-0.217,5914000.0,571774000.0,1.0,112294037.0,112342000,115249000.0,5.671,635088000.0,0.0,6448000.0,0.0,5.653,-86531000.0
53,MWW,MRT,2003-06-30,2003-06-30,2003-06-30,2021-08-25,39595000.0,1035785000.0,1328123250.0,512562000.0,523223000.0,0.486,3.574,-36228000.0,118772000.0,118772000.0,0.0,-143315000.0,0.846,1.591,18831000.0,3028000.0,15803000.0,18831000.0,138893000.0,28118000.0,0.0,0.0,0.0,-135623000.0,-107505000.0,-0.167,-107505000.0,-135623000.0,-135981000.0,-1.27,-1.36,-1.27,399836000.0,599246000.0,399836000.0,2087602690.0,-15.0,-19.419,-25024000.0,-0.224,1.0,645180000.0,1.0,415773000.0,358000.0,-85779000.0,61723750.0,21700000.0,0.0,0.0,0.0,635949000.0,605850000.0,30099000.0,2205966690.0,-94567000.0,-11486000.0,-7566000.0,-11283000.0,0.0,-59078000.0,-50937000.0,0.0,11204000.0,4244000.0,-143315000.0,-143315000.0,-143315000.0,120984000.0,0.0,-0.222,660688000.0,-15508000.0,308072000.0,0.0,5.517,-15.392,-15.535,86307000.0,0.0,19.73,3.419,3.421,316036000.0,-584201000.0,645180000.0,645180000.0,0.0,-0.108,-0.239,-2.197,-0.21,4226000.0,571758000.0,1.0,111807739.0,111860000,113636000.0,5.768,620012000.0,0.0,7334000.0,0.0,5.543,-93288000.0
54,MWW,MRT,2003-03-31,2003-03-31,2003-03-31,2021-08-25,14584000.0,1006346000.0,1483696750.0,508030000.0,498316000.0,0.442,3.246,-38230000.0,125335000.0,125335000.0,0.0,-228691000.0,0.806,1.781,6971000.0,3719000.0,3252000.0,6971000.0,0.0,31731000.0,0.0,0.0,0.0,-230915000.0,-199184000.0,-0.304,-199184000.0,-230915000.0,-231265000.0,-2.04,-2.12,-2.04,361813000.0,699081000.0,361813000.0,1035679847.0,-4.0,-5.2,-24100000.0,-0.216,1.0,655518000.0,1.0,393798000.0,350000.0,-135956000.0,104924750.0,22348000.0,0.0,0.0,0.0,644533000.0,630140000.0,14393000.0,1219442847.0,-152437000.0,-15102000.0,-7336000.0,-12388000.0,0.0,-109658000.0,-64588000.0,0.0,14130000.0,7679000.0,-228691000.0,-228691000.0,-228691000.0,164877000.0,0.0,-0.349,723410000.0,-67892000.0,298708000.0,0.0,3.37,-5.332,-5.26,84490000.0,0.0,10.73,1.86,1.824,299759000.0,-593848000.0,655518000.0,655518000.0,0.0,-0.154,-0.327,-2.201,-0.352,3478000.0,575078000.0,1.0,113647982.0,111455000,111455000.0,5.881,612548000.0,0.0,-2574000.0,0.0,5.496,-122110000.0
55,MWW,MRT,2002-12-31,2002-12-31,2002-12-31,2021-08-25,14402000.0,1630795000.0,1759675500.0,808546000.0,822249000.0,0.379,7.306,-38469000.0,165648000.0,165648000.0,0.0,-534896000.0,1.012,1.005,89182000.0,86441000.0,2741000.0,89182000.0,149366000.0,33790000.0,0.0,0.0,0.0,-524763000.0,-490973000.0,-0.736,-490973000.0,-524763000.0,-524115000.0,-4.8,-4.8,-4.8,813439000.0,920898750.0,813439000.0,1075536623.0,-2.0,-2.191,-53035000.0,-0.476,1.0,667226000.0,1.0,386704000.0,-648000.0,368405000.0,168601500.0,20921000.0,0.0,0.0,0.0,817356000.0,799220000.0,18136000.0,1257358623.0,-149025000.0,-15815000.0,-2509000.0,-14951000.0,0.0,-70771000.0,-70782000.0,0.0,-14566000.0,7094000.0,-534896000.0,-534896000.0,-534896000.0,89752000.0,0.0,-0.802,674732000.0,-7506000.0,247832000.0,0.0,1.546,-2.351,-2.356,123502000.0,0.0,11.31,1.884,1.887,306773000.0,-477980000.0,667226000.0,667226000.0,0.0,-0.304,-0.581,-3.112,-0.786,3526000.0,567961000.0,1.0,111172292.0,111339000,111339000.0,5.993,1244091000.0,0.0,10781000.0,0.0,11.174,9326000.0
56,MWW,MRT,2002-09-30,2002-09-30,2002-09-30,2021-08-25,-25300000.0,1639567000.0,1903567250.0,832783000.0,806784000.0,0.152,7.37,-30978000.0,199901000.0,199901000.0,0.0,-465929000.0,1.051,0.995,18079000.0,13654000.0,4425000.0,18079000.0,0.0,14711000.0,0.0,0.0,0.0,-433106000.0,-418395000.0,-1.443,-418395000.0,-433106000.0,-430887000.0,-4.19,-4.09,-4.19,821896000.0,1024854500.0,821896000.0,822129425.0,-2.0,-1.965,22463000.0,0.201,1.0,289995000.0,1.0,564900000.0,-2219000.0,100225000.0,94572750.0,26266000.0,0.0,0.0,0.0,817671000.0,792620000.0,25051000.0,1005091425.0,-117736000.0,47349000.0,5383000.0,9008000.0,0.0,-55604000.0,-119938000.0,-2000000.0,53441000.0,4365000.0,-465929000.0,-465929000.0,-465929000.0,85415000.0,0.0,-1.607,211025000.0,78970000.0,386492000.0,0.0,1.223,-2.157,-2.148,168302000.0,0.0,9.0,3.466,3.461,510425000.0,-426881000.0,289995000.0,289995000.0,0.0,-0.245,-0.455,-4.58,-1.493,8981000.0,180685000.0,1.0,111676825.0,111519000,112076000.0,2.6,1074667000.0,0.0,35042000.0,0.0,9.637,40163000.0
57,MWW,MRT,2002-06-30,2002-06-30,2002-06-30,2021-08-25,-35582000.0,1658079000.0,2039462000.0,856231000.0,801848000.0,0.232,7.174,-31645000.0,213340000.0,213340000.0,0.0,-454301000.0,1.027,1.075,30378000.0,25048000.0,5330000.0,30378000.0,0.0,24623000.0,0.0,0.0,0.0,-414032000.0,-389409000.0,-0.825,-389409000.0,-414032000.0,-409903000.0,-4.09,-3.98,-4.09,799176000.0,1120118750.0,799176000.0,2186510478.0,-5.0,-5.615,25043000.0,0.225,1.0,472277000.0,1.0,554031000.0,-4129000.0,87025000.0,109430250.0,31084000.0,0.0,0.0,0.0,858903000.0,834061000.0,24842000.0,2394953478.0,-327452000.0,-178179000.0,19493000.0,14930000.0,0.0,-41752000.0,-348886000.0,-2000000.0,56688000.0,6498000.0,-454301000.0,-454301000.0,-454301000.0,81453000.0,0.0,-0.962,378729000.0,93548000.0,353233000.0,0.0,2.997,-5.272,-5.257,166833000.0,0.0,21.5,5.071,5.071,496385000.0,-440883000.0,472277000.0,472277000.0,0.0,-0.223,-0.406,-3.784,-0.877,12042000.0,323462000.0,1.0,111393185.0,111399000,111399000.0,4.24,1104048000.0,0.0,44398000.0,0.0,9.911,22170000.0
58,MWW,MRT,2002-03-31,2002-03-31,2002-03-31,2021-08-25,-87195000.0,2110261000.0,2164098500.0,929086000.0,1181175000.0,0.314,11.234,-43226000.0,277772000.0,277772000.0,0.0,-358745000.0,1.105,0.689,69329000.0,63821000.0,5508000.0,69329000.0,0.0,34435000.0,0.0,0.0,0.0,-303187000.0,-268752000.0,-0.396,-268752000.0,-303187000.0,-293235000.0,-3.23,-3.13,-3.23,1249084000.0,1208558250.0,1249084000.0,3571453336.0,-12.0,-13.289,51714000.0,0.465,1.0,678871000.0,1.0,941952000.0,-9952000.0,118751000.0,130679500.0,30333000.0,0.0,0.0,0.0,861177000.0,841115000.0,20062000.0,3836070336.0,-289190000.0,-216443000.0,38299000.0,-3354000.0,0.0,4800000.0,-391063000.0,-2000000.0,94940000.0,2133000.0,-358745000.0,-358745000.0,-358745000.0,36817000.0,0.0,-0.528,518508000.0,160363000.0,373781000.0,0.0,3.071,-10.693,-10.672,185166000.0,0.0,34.47,5.651,5.646,498180000.0,63219000.0,678871000.0,678871000.0,0.0,-0.166,-0.297,-2.32,-0.447,19465000.0,495492000.0,1.0,111287216.0,111186000,114407000.0,6.106,1168309000.0,0.0,65510000.0,0.0,10.508,87971000.0
59,MWW,MRT,2001-12-31,2001-12-31,2001-12-31,2021-08-25,-91105000.0,2206362000.0,2140156250.0,1005918000.0,1200444000.0,0.409,11.232,-57235000.0,340581000.0,340581000.0,0.0,69020000.0,1.082,0.795,75964000.0,66834000.0,9130000.0,75964000.0,0.0,42061000.0,0.0,0.0,0.0,120610000.0,162671000.0,0.186,162671000.0,120610000.0,133678000.0,0.63,0.61,0.63,1229262000.0,1170184250.0,1229262000.0,4498617906.0,37.0,27.655,133770000.0,1.222,1.0,874574000.0,1.0,939847000.0,-13068000.0,72290000.0,122461000.0,27480000.0,0.0,0.0,0.0,977100000.0,929608000.0,47492000.0,4742643906.0,-235684000.0,-231406000.0,40010000.0,-17493000.0,0.0,-7763000.0,-417092000.0,-8550000.0,191005000.0,-1834000.0,69020000.0,69020000.0,69020000.0,25302000.0,0.0,0.079,730417000.0,144157000.0,401031000.0,0.0,3.858,68.714,68.095,192695000.0,0.0,42.9,5.423,5.369,507373000.0,56916000.0,874574000.0,874574000.0,0.0,0.032,0.059,0.985,0.138,21970000.0,689004000.0,1.0,110551140.0,109445000,113426000.0,7.991,1266515000.0,0.0,64658000.0,0.0,11.572,76310000.0
60,MWW,MRT,2001-09-30,2001-09-30,2001-09-30,2021-08-25,-73196000.0,2183146000.0,2109302000.0,1024933000.0,1158213000.0,0.711,10.95,-86197000.0,317637000.0,317637000.0,0.0,60167000.0,1.17,0.815,73611000.0,5972000.0,67639000.0,73611000.0,0.0,74027000.0,0.0,0.0,0.0,135103000.0,209130000.0,0.139,209130000.0,135103000.0,125233000.0,0.54,0.53,0.54,1202953000.0,1132661500.0,1202953000.0,2545557165.0,19.0,12.172,140814000.0,1.282,1.0,1500142000.0,1.0,903290000.0,9870000.0,159655000.0,130651500.0,33241000.0,0.0,0.0,0.0,980193000.0,876175000.0,104018000.0,3022123165.0,-207800000.0,-314881000.0,37577000.0,-39107000.0,0.0,-24909000.0,-408848000.0,-6550000.0,227011000.0,-1054000.0,60167000.0,60167000.0,60167000.0,0.0,0.0,0.04,1392813000.0,107329000.0,399869000.0,0.0,2.512,50.229,52.574,185126000.0,0.0,28.39,2.015,2.079,557359000.0,39048000.0,1500142000.0,1500142000.0,0.0,0.029,0.053,1.034,0.09,21837000.0,1278649000.0,1.0,106450270.0,109862000,113665000.0,13.655,1279856000.0,0.0,65066000.0,0.0,11.65,148758000.0
61,MWW,MRT,2001-06-30,2001-06-30,2001-06-30,2021-08-25,-77870000.0,2156625000.0,2007726500.0,1264184000.0,892441000.0,0.757,10.575,-82272000.0,540791000.0,540791000.0,0.0,55546000.0,1.422,0.871,64225000.0,5078000.0,59147000.0,64225000.0,0.0,70867000.0,0.0,0.0,0.0,125212000.0,196079000.0,0.129,196079000.0,125212000.0,118674000.0,0.51,0.49,0.51,1152934000.0,1077895750.0,1152934000.0,5858477200.0,47.0,29.878,193037000.0,1.771,1.0,1520083000.0,1.0,618912000.0,6538000.0,172022000.0,120481000.0,34080000.0,0.0,0.0,0.0,1003691000.0,889125000.0,114566000.0,6387016200.0,12194000.0,-143773000.0,45216000.0,-34438000.0,0.0,-24179000.0,-233815000.0,-6550000.0,275309000.0,-5121000.0,55546000.0,55546000.0,55546000.0,0.0,0.0,0.037,1421537000.0,98546000.0,388297000.0,0.0,5.54,114.986,117.647,170167000.0,0.0,60.0,4.202,4.303,569293000.0,13417000.0,1520083000.0,1520083000.0,0.0,0.028,0.052,1.039,0.082,21059000.0,1314844000.0,1.0,106450270.0,109024000,113717000.0,13.943,1537713000.0,0.0,63128000.0,0.0,14.104,375059000.0
62,MWW,MRT,2001-03-31,2001-03-31,2001-03-31,2021-08-25,-71333000.0,2014492000.0,1879380000.0,1257631000.0,756861000.0,0.789,10.148,-81895000.0,563261000.0,563261000.0,0.0,47850000.0,1.474,0.839,34722000.0,10991000.0,23731000.0,34722000.0,0.0,69505000.0,0.0,0.0,0.0,114714000.0,184219000.0,0.124,184219000.0,114714000.0,107118000.0,0.45,0.43,0.45,1095588000.0,1023826500.0,1095588000.0,3428614422.0,30.0,18.612,219283000.0,2.031,1.0,1483087000.0,1.0,546874000.0,7596000.0,85877000.0,105298250.0,33721000.0,0.0,0.0,0.0,918904000.0,853202000.0,65702000.0,3964456422.0,31650000.0,-122394000.0,31418000.0,-49311000.0,0.0,-53893000.0,-212086000.0,-6550000.0,301178000.0,-3549000.0,47850000.0,47850000.0,47850000.0,0.0,0.0,0.032,1394564000.0,88523000.0,367162000.0,0.0,3.619,82.852,83.467,158066000.0,0.0,37.56,2.673,2.734,544215000.0,-5359000.0,1483087000.0,1483087000.0,0.0,0.025,0.047,1.089,0.077,15573000.0,1297295000.0,1.0,105549958.0,107965000,113003000.0,13.737,1467618000.0,0.0,59268000.0,0.0,13.593,404429000.0
63,MWW,MRT,2000-12-31,2000-12-31,2000-12-31,2021-08-25,-64235000.0,2082945000.0,1756175750.0,1317500000.0,765445000.0,0.801,10.289,-83108000.0,576265000.0,576265000.0,0.0,50863000.0,1.437,0.93,46235000.0,15739000.0,30496000.0,46235000.0,0.0,67397000.0,0.0,0.0,0.0,120522000.0,187919000.0,0.134,187919000.0,120522000.0,109113000.0,0.48,0.46,0.48,1079171000.0,971890250.0,1079171000.0,4910974700.0,41.0,26.133,117820000.0,1.123,1.0,1407526000.0,1.0,530798000.0,11409000.0,105052000.0,121599500.0,33806000.0,0.0,0.0,0.0,1003774000.0,917065000.0,86709000.0,5377797700.0,503574000.0,-113274000.0,632774000.0,-90159000.0,0.0,501926000.0,-197602000.0,0.0,200928000.0,-1678000.0,50863000.0,50863000.0,50863000.0,0.0,0.0,0.036,1315272000.0,92254000.0,380922000.0,0.0,4.983,105.731,114.583,153224000.0,0.0,55.0,3.821,4.098,604849000.0,-3661000.0,1407526000.0,1407526000.0,0.0,0.029,0.052,0.991,0.086,17436000.0,1230925000.0,1.0,97778140.0,104884000,111375000.0,13.42,1552147000.0,0.0,58250000.0,0.0,14.799,400435000.0
64,MWW,MRT,2000-09-30,2000-09-30,2000-09-30,2021-08-25,-63870000.0,1776844000.0,1510130750.0,1160458000.0,616386000.0,0.913,9.306,-70647000.0,505116000.0,505116000.0,0.0,47791000.0,1.57,0.806,38293000.0,9706000.0,28587000.0,38293000.0,0.0,69390000.0,0.0,0.0,0.0,93883000.0,163273000.0,0.118,163273000.0,93883000.0,90388000.0,0.48,0.44,0.48,983890000.0,785855500.0,983890000.0,7251419111.0,77.0,44.413,65657000.0,0.621,1.0,1378283000.0,1.0,452040000.0,3495000.0,118973000.0,147142250.0,36889000.0,0.0,0.0,0.0,792954000.0,739008000.0,53946000.0,7739584111.0,439980000.0,-103142000.0,651324000.0,-119140000.0,0.0,490620000.0,-184607000.0,-49000.0,136304000.0,-2337000.0,47791000.0,47791000.0,47791000.0,0.0,0.0,0.035,1292940000.0,85343000.0,347136000.0,0.0,7.866,161.946,167.708,107839000.0,0.0,80.5,5.615,6.175,556322000.0,-14837000.0,1378283000.0,1378283000.0,0.0,0.032,0.061,0.638,0.068,15751000.0,1218765000.0,1.0,96143902.0,105723000,112533000.0,13.037,1324804000.0,22037000.0,42597000.0,0.0,12.531,421450000.0
65,MWW,MRT,2000-06-30,2000-06-30,2000-06-30,2021-08-25,-42836000.0,1643239000.0,1283649500.0,1137037000.0,506202000.0,0.961,8.922,-58825000.0,511445000.0,511445000.0,0.0,23547000.0,1.699,0.754,23280000.0,8141000.0,15139000.0,23280000.0,0.0,65984000.0,0.0,0.0,0.0,64897000.0,130881000.0,0.106,130881000.0,64897000.0,52782000.0,0.24,0.21,0.24,936657000.0,604453000.0,936657000.0,6496196005.0,100.0,49.634,55006000.0,0.524,1.0,1233817000.0,1.0,374658000.0,12115000.0,111291000.0,159359250.0,26970000.0,0.0,0.0,0.0,706582000.0,669125000.0,37457000.0,6983232005.0,457872000.0,-47360000.0,642720000.0,-148838000.0,0.0,453207000.0,-107583000.0,-49000.0,113831000.0,-1583000.0,23547000.0,23547000.0,23547000.0,0.0,0.0,0.019,1177024000.0,56793000.0,325640000.0,0.0,7.455,296.566,307.542,98352000.0,0.0,73.81,5.66,6.281,539897000.0,-38502000.0,1233817000.0,1233817000.0,0.0,0.018,0.039,0.407,0.053,19697000.0,1085049000.0,1.0,94610920.0,104988000,111474000.0,11.752,1268581000.0,11103000.0,29235000.0,0.0,12.083,467912000.0
66,MWW,MRT,2000-03-31,2000-03-31,2000-03-31,2021-08-25,-39084000.0,1521675000.0,1059850000.0,1103670000.0,418005000.0,1.036,8.923,-50242000.0,515743000.0,515743000.0,0.0,14624000.0,1.882,0.714,28707000.0,8751000.0,19956000.0,28707000.0,0.0,59183000.0,0.0,0.0,0.0,52347000.0,111530000.0,0.102,111530000.0,52347000.0,32748000.0,0.16,0.14,0.16,887843000.0,416241750.0,887843000.0,7188019478.0,137.0,64.449,38539000.0,0.387,1.0,1097775000.0,1.0,297030000.0,19599000.0,151082000.0,182049250.0,23321000.0,0.0,0.0,0.0,633780000.0,586527000.0,47253000.0,7162671478.0,471987000.0,-32884000.0,636984000.0,-128522000.0,0.0,470228000.0,-84106000.0,-49000.0,88781000.0,-2916000.0,14624000.0,14624000.0,14624000.0,0.0,0.0,0.013,1052179000.0,45596000.0,270620000.0,0.0,8.067,489.789,485.938,83789000.0,0.0,77.75,6.525,7.047,485550000.0,-38602000.0,1097775000.0,1097775000.0,0.0,0.014,0.035,0.288,0.048,17312000.0,968685000.0,1.0,92124392.0,99495000,107406000.0,11.033,1224645000.0,0.0,18124000.0,0.0,12.309,517143000.0
67,MWW,MRT,1999-12-31,1999-12-31,1999-12-31,2021-08-25,-4921000.0,1098765000.0,852547250.0,642645000.0,456120000.0,1.181,3.579,-40292000.0,67733000.0,67733000.0,0.0,8158000.0,1.025,2.28,127260000.0,21250000.0,106010000.0,127260000.0,0.0,54222000.0,0.0,0.0,0.0,42251000.0,96473000.0,0.096,96473000.0,42251000.0,17799000.0,0.09,0.08,0.09,335032000.0,235177000.0,335032000.0,5762153616.0,136.0,59.728,81433000.0,0.87,1.0,1007245000.0,1.0,324269000.0,24452000.0,207223000.0,194622250.0,25632000.0,0.0,0.0,0.0,763733000.0,626800000.0,136933000.0,5712013616.0,-12917000.0,-32823000.0,34690000.0,-61577000.0,0.0,-59346000.0,-74513000.0,-49000.0,121725000.0,-783000.0,8158000.0,8158000.0,8158000.0,0.0,0.0,0.008,971204000.0,36041000.0,367924000.0,0.0,17.049,700.173,788.889,84866000.0,0.0,71.0,5.671,6.599,487888000.0,-37554000.0,1007245000.0,1007245000.0,0.0,0.01,0.035,0.217,0.042,11869000.0,889641000.0,1.0,80450896.0,93623000,97925000.0,10.759,774496000.0,0.0,9641000.0,0.0,8.272,15845000.0
68,MWW,MRT,1999-09-30,1999-09-30,1999-09-30,2021-08-25,-4339000.0,870919000.0,778489750.0,518280000.0,352639000.0,1.183,3.047,-38753000.0,59565000.0,59565000.0,-281884000.0,12379000.0,1.046,2.372,109705000.0,8805000.0,100900000.0,109705000.0,47016000.0,47839000.0,0.0,0.0,0.0,37948000.0,85787000.0,0.093,85787000.0,37948000.0,17168000.0,0.15,0.15,0.15,258280000.0,208606500.0,258280000.0,2398502927.0,63.0,27.959,80790000.0,0.953,1.0,1203094000.0,1.306,257807000.0,20780000.0,167841000.0,196333250.0,19593000.0,0.0,0.0,0.0,612639000.0,495411000.0,117228000.0,2293482927.0,35907000.0,-44883000.0,18341000.0,-25643000.0,0.0,-41084000.0,-41863000.0,34129000.0,119543000.0,-689000.0,12379000.0,12379000.0,12379000.0,0.0,0.0,0.013,1167387000.0,35707000.0,302005000.0,0.0,8.88,185.272,202.933,61876000.0,0.0,30.44,2.49,2.801,414182000.0,-37820000.0,921210000.0,921210000.0,0.0,0.016,0.059,0.193,0.041,2581000.0,1088838000.0,1.0,75344380.0,84754000,84754000.0,10.869,613112000.0,15817000.0,4789000.0,0.0,7.234,22869000.0
69,MWW,MRT,1999-06-30,1999-06-30,1999-06-30,2021-08-25,-2774000.0,748041000.0,713160750.0,437314000.0,310727000.0,1.195,2.184,-41134000.0,38390000.0,38390000.0,-182357000.0,21773000.0,1.03,3.07,143410000.0,10384000.0,133026000.0,143410000.0,25020000.0,46408000.0,0.0,0.0,0.0,49332000.0,95740000.0,0.112,95740000.0,49332000.0,29167000.0,0.27,0.27,0.27,183812000.0,173561000.0,183812000.0,2413148817.0,49.0,25.205,28952000.0,0.344,1.0,1034795000.0,1.214,226418000.0,20165000.0,202051000.0,201085500.0,19833000.0,0.0,0.0,0.0,564229000.0,424592000.0,139637000.0,2298251817.0,8682000.0,-56762000.0,57270000.0,5824000.0,0.0,37714000.0,-100322000.0,766000.0,70086000.0,1204000.0,21773000.0,21773000.0,21773000.0,0.0,0.0,0.026,988028000.0,46767000.0,288077000.0,0.0,12.503,105.555,117.593,65871000.0,0.0,31.75,2.696,3.135,352285000.0,-24741000.0,852438000.0,852438000.0,0.0,0.031,0.125,0.245,0.058,-837000.0,938011000.0,1.0,72385884.0,84166000,88268000.0,10.128,521623000.0,8173000.0,7394000.0,6802000.0,6.198,12722000.0
70,MWW,MRT,1999-03-31,1999-03-31,1999-03-31,2021-08-25,-790000.0,692464000.0,664156750.0,399754000.0,292710000.0,0.966,2.036,-40662000.0,26450000.0,26450000.0,-105412000.0,25274000.0,1.028,3.229,141347000.0,10651000.0,130696000.0,141347000.0,15756000.0,42823000.0,0.0,0.0,0.0,55507000.0,98330000.0,0.153,98330000.0,55507000.0,35640000.0,0.325,0.32,0.325,163584000.0,154096750.0,163584000.0,2263771290.0,41.0,23.022,23198000.0,0.289,1.0,747282000.0,1.164,217222000.0,19867000.0,201374000.0,199696250.0,21264000.0,0.0,0.0,0.0,528279000.0,388765000.0,139514000.0,2164860290.0,-2506000.0,-58461000.0,56200000.0,5913000.0,0.0,34719000.0,-101549000.0,766000.0,63860000.0,464000.0,25274000.0,25274000.0,25274000.0,0.0,0.0,0.039,830047000.0,-82765000.0,256210000.0,0.0,13.234,85.656,99.708,62054000.0,0.0,32.405,3.373,4.056,327793000.0,-37153000.0,641870000.0,641870000.0,0.0,0.038,0.164,0.278,0.086,407000.0,784275000.0,1.0,66806366.0,80350000,80350000.0,7.988,475242000.0,6495000.0,10366000.0,4407000.0,5.915,10989000.0
71,MWW,MRT,1998-12-31,1998-12-31,1998-12-31,2021-08-25,-3074000.0,802535000.0,616588750.0,475082000.0,327453000.0,1.252,2.616,-35569000.0,73500000.0,73500000.0,0.0,34852000.0,1.101,2.506,139341000.0,16235000.0,123106000.0,139341000.0,15650000.0,38803000.0,0.0,0.0,0.0,71854000.0,110657000.0,0.143,110657000.0,71854000.0,52278000.0,0.4,0.39,0.4,228750000.0,138202000.0,228750000.0,1356677750.0,19.0,12.26,37891000.0,0.433,1.0,771838000.0,1.0,222866000.0,19576000.0,214067000.0,192692250.0,18569000.0,0.0,0.0,0.0,573276000.0,431443000.0,141833000.0,1232043750.0,19616000.0,-47714000.0,50560000.0,5856000.0,0.0,32023000.0,-85709000.0,766000.0,73460000.0,-158000.0,34852000.0,34852000.0,34852000.0,0.0,0.0,0.045,703382000.0,68456000.0,271664000.0,0.0,5.386,35.351,52.5,73752000.0,0.0,21.0,1.596,2.379,350091000.0,-27882000.0,771838000.0,771838000.0,0.0,0.057,0.252,0.373,0.093,407000.0,664896000.0,1.0,58668750.0,87449000,89305000.0,8.826,579669000.0,11618000.0,17426000.0,4241000.0,6.629,43639000.0
72,MWW,MRT,1998-09-30,1998-09-30,1998-09-30,2021-08-25,-543000.0,609603000.0,551623750.0,365655000.0,243948000.0,1.26,1.552,-38388000.0,12855000.0,12855000.0,195486000.0,52877000.0,1.008,4.162,137489000.0,8908000.0,128581000.0,137489000.0,13923000.0,35948000.0,0.0,0.0,0.0,92973000.0,128921000.0,0.186,128921000.0,92973000.0,79648000.0,0.67,0.65,0.67,118098000.0,107325500.0,118098000.0,1011613284.0,11.0,7.847,23916000.0,0.314,1.0,499361000.0,0.719,184463000.0,13325000.0,186850000.0,182836000.0,16367000.0,0.0,0.0,0.0,491505000.0,362924000.0,128581000.0,886203284.0,8694000.0,-35676000.0,68660000.0,18693000.0,0.0,57803000.0,-111056000.0,-33789000.0,62304000.0,-357000.0,52877000.0,52877000.0,52877000.0,0.0,0.0,0.076,544573000.0,-45212000.0,254864000.0,0.0,7.504,16.76,24.485,49928000.0,0.0,16.405,1.275,1.797,317048000.0,-53361000.0,694847000.0,694847000.0,0.0,0.096,0.493,0.509,0.134,4040000.0,524014000.0,1.0,54020316.0,76106000,78422000.0,9.13,425140000.0,4084000.0,26771000.0,13519000.0,5.586,2731000.0
73,MWW,MRT,1998-06-30,1998-06-30,1998-06-30,2021-08-25,-789000.0,552025000.0,519696000.0,324468000.0,227557000.0,1.142,1.478,-31536000.0,5927000.0,5927000.0,129055000.0,50470000.0,1.024,4.21,131337000.0,6398000.0,124939000.0,131337000.0,12335000.0,28374000.0,0.0,0.0,0.0,89532000.0,117906000.0,0.199,117906000.0,89532000.0,76237000.0,0.66,0.64,0.66,105955000.0,101226250.0,105955000.0,1057306696.0,12.0,8.967,40577000.0,0.566,1.0,464640000.0,0.783,164064000.0,13295000.0,196494000.0,175284250.0,17243000.0,0.0,0.0,0.0,446070000.0,316877000.0,129193000.0,941012696.0,22436000.0,-68605000.0,77547000.0,-10449000.0,0.0,39835000.0,-88146000.0,13782000.0,72113000.0,-1366000.0,50470000.0,50470000.0,50470000.0,0.0,0.0,0.085,513882000.0,-49242000.0,238038000.0,0.0,8.881,18.645,26.424,44837000.0,0.0,17.44,1.585,2.106,283261000.0,-62004000.0,593695000.0,593695000.0,0.0,0.097,0.499,0.511,0.151,1244000.0,500897000.0,1.0,53957150.0,71692000,73846000.0,8.281,387961000.0,6238000.0,25767000.0,11033000.0,5.411,7591000.0
74,MWW,MRT,1998-03-31,1998-03-31,1998-03-31,2021-08-25,-787000.0,502192000.0,475201750.0,290904000.0,211288000.0,1.364,1.433,-34773000.0,8136000.0,8136000.0,79255000.0,45294000.0,1.021,4.022,124430000.0,7228000.0,117202000.0,124430000.0,11704000.0,24559000.0,0.0,0.0,0.0,81235000.0,105794000.0,0.163,105794000.0,81235000.0,67604000.0,0.605,0.59,0.605,100005000.0,84198750.0,100005000.0,951232411.0,12.0,8.991,28484000.0,0.408,1.0,569076000.0,0.878,160143000.0,13631000.0,173358000.0,172446500.0,18422000.0,0.0,0.0,0.0,402187000.0,284985000.0,117202000.0,832868411.0,26292000.0,-63247000.0,77584000.0,-5302000.0,0.0,49310000.0,-86025000.0,13782000.0,63257000.0,-250000.0,45294000.0,45294000.0,45294000.0,0.0,0.0,0.07,492818000.0,76258000.0,207968000.0,0.0,8.328,18.388,26.347,39361000.0,0.0,15.94,1.285,1.716,256040000.0,-65926000.0,648331000.0,648331000.0,0.0,0.095,0.538,0.471,0.125,0.0,483539000.0,1.0,52250214.0,69796000,72408000.0,9.289,342049000.0,5774000.0,22310000.0,12068000.0,4.901,5919000.0
75,MWW,MRT,1997-12-31,1997-12-31,1997-12-31,2021-08-25,-301000.0,542675000.0,440326000.0,325784000.0,216891000.0,1.231,1.448,-31496000.0,17404000.0,17404000.0,0.0,41954000.0,1.022,4.156,129591000.0,11750000.0,117841000.0,129591000.0,7992000.0,21458000.0,0.0,0.0,0.0,74968000.0,96426000.0,0.178,96426000.0,74968000.0,62519000.0,0.58,0.57,0.58,105244000.0,67634500.0,105244000.0,,,,19755000.0,0.272,1.0,541828000.0,1.0,161302000.0,12449000.0,174642000.0,172530000.0,15623000.0,0.0,0.0,0.0,437431000.0,318918000.0,118513000.0,600877461.0,26751000.0,-70920000.0,77369000.0,16345000.0,0.0,65524000.0,-89726000.0,14477000.0,51251000.0,-298000.0,41954000.0,41831000.0,41831000.0,0.0,0.0,0.077,471358000.0,70470000.0,218374000.0,0.0,5.709,14.364,19.828,42735000.0,123000.0,11.5,1.109,1.542,278496000.0,-58282000.0,541828000.0,541828000.0,0.0,0.095,0.618,0.435,0.138,0.0,462992000.0,1.0,52250214.0,72666000,73908000.0,7.456,381373000.0,5195000.0,20565000.0,10809000.0,5.248,6866000.0
76,MWW,MRT,1997-09-30,1997-09-30,1997-09-30,2021-08-25,716000.0,481892000.0,387595500.0,289609000.0,192283000.0,0.713,1.738,-15053000.0,2513000.0,2513000.0,149134000.0,-42664000.0,1.009,4.136,106892000.0,6350000.0,100542000.0,106892000.0,0.0,13980000.0,0.0,0.0,0.0,-19991000.0,-6011000.0,-0.022,-6011000.0,-19991000.0,-33140000.0,-0.935,-0.935,-0.935,93701000.0,49147250.0,93701000.0,,,,-2643000.0,-0.049,1.0,127034000.0,0.46,142587000.0,13149000.0,156643000.0,156936750.0,16270000.0,0.0,0.0,0.0,387583000.0,287041000.0,100542000.0,,-2573000.0,-74468000.0,100129000.0,-39683000.0,0.0,53218000.0,-68201000.0,21320000.0,12410000.0,0.0,-42664000.0,-42839000.0,-42839000.0,0.0,0.0,-0.155,147201000.0,-20167000.0,220161000.0,0.0,,,-12.898,35378000.0,175000.0,12.06,,2.355,262423000.0,-69613000.0,276168000.0,276168000.0,0.0,-0.111,-0.872,-0.127,-0.072,0.0,89084000.0,1.0,,53918000,55028000.0,5.122,339305000.0,9046000.0,9524000.0,15127000.0,6.293,2568000.0
77,MWW,MRT,1997-06-30,1997-06-30,1997-06-30,2021-08-25,271000.0,374048000.0,,228549000.0,145499000.0,,0.78,-15128000.0,1264000.0,1264000.0,141387000.0,-47185000.0,1.04,8.872,122134000.0,6046000.0,116088000.0,122134000.0,0.0,12326000.0,0.0,0.0,0.0,-27096000.0,-14770000.0,-0.057,-14770000.0,-27096000.0,-40626000.0,-1.025,-1.025,-1.025,37845000.0,,37845000.0,,,,-26876000.0,-0.554,1.0,116264000.0,0.451,90095000.0,13530000.0,185143000.0,,17665000.0,0.0,0.0,0.0,335768000.0,219680000.0,116088000.0,,-1647000.0,-40129000.0,48898000.0,16256000.0,0.0,57796000.0,-47695000.0,7562000.0,-11748000.0,0.0,-47185000.0,-47413000.0,-47413000.0,0.0,0.0,-0.184,143071000.0,-26807000.0,174532000.0,0.0,,,-11.829,31568000.0,228000.0,12.125,,2.284,203509000.0,-73366000.0,257651000.0,257651000.0,0.0,,,,-0.105,0.0,85026000.0,1.0,,48524000,49534000.0,5.31,283953000.0,9046000.0,6559000.0,10420000.0,5.852,8869000.0
78,MWW,MRT,1997-03-31,1997-03-31,1997-03-31,2021-08-25,426000.0,362689000.0,,234797000.0,127892000.0,,0.719,-3574000.0,1196000.0,1196000.0,132626000.0,-48423000.0,1.065,9.734,113005000.0,4873000.0,108132000.0,113005000.0,0.0,10959000.0,0.0,0.0,0.0,-29679000.0,-18720000.0,-0.078,-18720000.0,-29679000.0,-43669000.0,-1.06,-1.06,-1.06,33748000.0,,33748000.0,,,,-6002000.0,-0.128,1.0,107064000.0,0.447,80431000.0,13990000.0,173692000.0,,17356000.0,0.0,0.0,0.0,328507000.0,220375000.0,108132000.0,,794000.0,-41683000.0,48623000.0,-138000.0,0.0,40991000.0,-37769000.0,7488000.0,-2428000.0,0.0,-48423000.0,-48704000.0,-48704000.0,0.0,0.0,-0.203,136416000.0,-29352000.0,177860000.0,0.0,,,-9.906,22583000.0,281000.0,10.5,,2.056,210659000.0,-74899000.0,239690000.0,239690000.0,0.0,,,,-0.124,0.0,79206000.0,1.0,,46934000,47578000.0,5.107,282258000.0,9325000.0,4754000.0,10714000.0,6.014,14422000.0
79,MWW,MRT,1996-12-31,1996-12-31,1996-12-31,2021-08-25,380000.0,331753000.0,,212650000.0,119103000.0,,0.682,-2825000.0,898000.0,898000.0,126464000.0,-49624000.0,0.947,9.438,79966000.0,9167000.0,70799000.0,79966000.0,3398000.0,9981000.0,0.0,0.0,0.0,-30636000.0,-20655000.0,-0.091,-20655000.0,-30636000.0,-45441000.0,-1.085,-1.085,-1.085,31295000.0,,31295000.0,,,,8864000.0,0.193,1.0,101231000.0,0.445,73975000.0,14805000.0,112269000.0,,14542000.0,0.0,0.0,0.0,295376000.0,224577000.0,70799000.0,,-610000.0,-36240000.0,48623000.0,-27512000.0,0.0,18772000.0,-31071000.0,7994000.0,11689000.0,0.0,-49624000.0,-49834000.0,-49834000.0,0.0,0.0,-0.219,131537000.0,-30306000.0,182129000.0,0.0,,,-5.876,20562000.0,210000.0,6.375,,1.285,191728000.0,-75911000.0,227695000.0,227695000.0,0.0,,,,-0.135,0.0,75078000.0,1.0,,45880000,45880000.0,4.963,257778000.0,9325000.0,4183000.0,9818000.0,5.619,-11927000.0
80,MWW,MRT,1996-09-30,1996-09-30,1996-09-30,2021-08-25,,,,,,,,,,,,,,,,,,,,,,,0.0,,,,,,,,,,,,,,,,,,1.0,,,,,,,,,,,,,,,,,,,,,,,,,,,,,,,,,,,,,,,,,,,,,,,,,,,,,,1.0,,38842000,,,,,,,,
81,MWW,MRT,1996-06-30,1996-06-30,1996-06-30,2021-08-25,,,,,,,,,,,,,,,,,,,,,,,0.0,,,,,,,,,,,,,,,,,,1.0,,,,,,,,,,,,,,,,,,,,,,,,,,,,,,,,,,,,,,,,,,,,,,,,,,,,,,1.0,,39234000,,,,,,,,
82,MWW,MRT,1996-03-31,1996-03-31,1996-03-31,2021-08-25,,,,,,,,,,,,,,,,,,,,,,,0.0,,,,,,,,,,,,,,,,,,1.0,,,,,,,,,,,,,,,,,,,,,,,,,,,,,,,,,,,,,,,,,,,,,,,,,,,,,,1.0,,39274332,,,,,,,,
83,MWW,MRT,1995-12-31,1995-12-31,1995-12-31,2021-08-25,,,,,,,,-4947000.0,,,58329000.0,3229000.0,,,,,,,,6633000.0,,,0.0,18700000.0,25333000.0,0.204,25333000.0,18700000.0,7451000.0,0.08,0.075,0.08,,,,,,,1759000.0,0.046,1.0,65578000.0,0.529,,11249000.0,,,,,,,,,,,360000.0,-11102000.0,0.0,8125000.0,0.0,7432000.0,-13778000.0,2271000.0,6706000.0,0.0,3229000.0,3019000.0,3019000.0,0.0,0.0,0.024,46669000.0,18909000.0,,0.0,,,,,210000.0,,,,,,123907000.0,123907000.0,0.0,,,,0.151,0.0,43432000.0,1.0,,38128000,38710000.0,3.25,,,4222000.0,,,
