None,ticker,dimension,calendardate,datekey,reportperiod,lastupdated,accoci,assets,assetsavg,assetsc,assetsnc,assetturnover,bvps,capex,cashneq,cashnequsd,cor,consolinc,currentratio,de,debt,debtc,debtnc,debtusd,deferredrev,depamor,deposits,divyield,dps,ebit,ebitda,ebitdamargin,ebitdausd,ebitusd,ebt,eps,epsdil,epsusd,equity,equityavg,equityusd,ev,evebit,evebitda,fcf,fcfps,fxusd,gp,grossmargin,intangibles,intexp,invcap,invcapavg,inventory,investments,investmentsc,investmentsnc,liabilities,liabilitiesc,liabilitiesnc,marketcap,ncf,ncfbus,ncfcommon,ncfdebt,ncfdiv,ncff,ncfi,ncfinv,ncfo,ncfx,netinc,netinccmn,netinccmnusd,netincdis,netincnci,netmargin,opex,opinc,payables,payoutratio,pb,pe,pe1,ppnenet,prefdivis,price,ps,ps1,receivables,retearn,revenue,revenueusd,rnd,roa,roe,roic,ros,sbcomp,sgna,sharefactor,sharesbas,shareswa,shareswadil,sps,tangibles,taxassets,taxexp,taxliabilities,tbvps,workingcapital
0,CTB,MRY,2020-12-31,2020-12-31,2020-12-31,2021-09-14,-446909000.0,2971573000.0,2891397500.0,1582215000.0,1389358000.0,0.872,27.572,-151052000.0,626725000.0,626725000.0,2033260000.0,143904000.0,2.441,1.124,425647000.0,39991000.0,385656000.0,425647000.0,0.0,158847000.0,0.0,0.01,0.42,212495000.0,371342000.0,0.147,371342000.0,212495000.0,189788000.0,2.84,2.83,2.84,1388899000.0,1268375000.0,1388899000.0,1966279882.0,9.0,5.295,308087000.0,6.116,1.0,487814000.0,0.193,114227000.0,22707000.0,2008158000.0,2088974750.0,387656000.0,62570000.0,9076000.0,53494000.0,1560982000.0,648110000.0,912872000.0,2040143882.0,236380000.0,0.0,0.0,8313000.0,-21132000.0,-73443000.0,-151052000.0,0.0,459139000.0,1736000.0,142789000.0,142789000.0,142789000.0,0.0,1115000.0,0.057,256933000.0,230881000.0,297578000.0,0.148,1.469,14.288,14.261,1169508000.0,0.0,40.5,0.809,0.809,506305000.0,2646567000.0,2521074000.0,2521074000.0,0.0,0.049,0.113,0.102,0.084,6053000.0,244529000.0,1.0,50373923.0,50373923.0,,50.047,2857346000.0,30572000.0,46999000.0,3723000.0,56.723,934105000.0
1,CTB,MRY,2019-12-31,2019-12-31,2019-12-31,2021-09-14,-447580000.0,2802338000.0,2720048750.0,1452980000.0,1349358000.0,1.012,25.2,-202603000.0,391332000.0,391332000.0,2319349000.0,98317000.0,2.405,1.166,387080000.0,22561000.0,364519000.0,387080000.0,0.0,148054000.0,0.0,0.015,0.42,138948000.0,287002000.0,0.104,287002000.0,138948000.0,107759000.0,1.92,1.91,1.92,1264625000.0,1213181000.0,1264625000.0,1676454368.0,12.0,5.841,87990000.0,1.753,1.0,433290000.0,0.157,130207000.0,31189000.0,2063805000.0,2046359250.0,464221000.0,49447000.0,535000.0,48912000.0,1474605000.0,604074000.0,870531000.0,1442789368.0,34879000.0,-49001000.0,0.0,19757000.0,-21068000.0,-4662000.0,-251604000.0,0.0,290593000.0,552000.0,96404000.0,96404000.0,96404000.0,0.0,1913000.0,0.035,258835000.0,174455000.0,276732000.0,0.219,1.141,14.966,14.974,1127994000.0,0.0,28.75,0.524,0.524,544257000.0,2524963000.0,2752639000.0,2752639000.0,0.0,0.035,0.079,0.068,0.05,4362000.0,250017000.0,1.0,50183978.0,50183978.0,,54.851,2672131000.0,29336000.0,11355000.0,5328000.0,53.247,848906000.0
2,CTB,MRY,2018-12-31,2018-12-31,2018-12-31,2021-09-14,-461589000.0,2634205000.0,2639713250.0,1456732000.0,1177473000.0,1.064,23.407,-193139000.0,356254000.0,356254000.0,2364769000.0,80563000.0,1.916,1.196,311332000.0,190048000.0,121284000.0,311332000.0,0.0,147161000.0,0.0,0.013,0.42,142262000.0,289423000.0,0.103,289423000.0,142262000.0,110081000.0,1.52,1.51,1.52,1172043000.0,1149664250.0,1172043000.0,1721239424.0,12.0,5.947,61164000.0,1.222,1.0,443293000.0,0.158,139172000.0,32181000.0,1689767000.0,1949169250.0,479980000.0,5737000.0,5737000.0,0.0,1401762000.0,760344000.0,641418000.0,1618807424.0,-14060000.0,0.0,-30183000.0,-21422000.0,-21138000.0,-75778000.0,-193139000.0,0.0,254303000.0,554000.0,76586000.0,76586000.0,76586000.0,0.0,3977000.0,0.027,278048000.0,165245000.0,286671000.0,0.276,1.381,21.137,21.27,1001921000.0,0.0,32.33,0.576,0.576,546905000.0,2449714000.0,2808062000.0,2808062000.0,0.0,0.029,0.067,0.073,0.051,3868000.0,244221000.0,1.0,50071371.0,50071371.0,,56.081,2495033000.0,28146000.0,33495000.0,975000.0,49.83,696388000.0
3,CTB,MRY,2017-12-31,2017-12-31,2017-12-31,2021-09-14,-478478000.0,2707925000.0,2664549000.0,1488507000.0,1219418000.0,1.071,21.982,-196908000.0,373106000.0,373106000.0,2303261000.0,96745000.0,2.458,1.351,336850000.0,40863000.0,295987000.0,336850000.0,0.0,140228000.0,0.0,0.012,0.42,274628000.0,414856000.0,0.145,414856000.0,274628000.0,242580000.0,1.83,1.81,1.83,1127096000.0,1133934500.0,1127096000.0,1886394123.0,7.0,4.547,-19284000.0,-0.376,1.0,551395000.0,0.193,187869000.0,32048000.0,1878257000.0,1940464500.0,511757000.0,13753000.0,13753000.0,0.0,1522169000.0,605543000.0,916626000.0,1812528123.0,-131943000.0,0.0,-90868000.0,-3928000.0,-21914000.0,-119770000.0,-196908000.0,0.0,177624000.0,7111000.0,95400000.0,95400000.0,95400000.0,0.0,1345000.0,0.033,242148000.0,309247000.0,277060000.0,0.23,1.608,18.999,19.317,966747000.0,0.0,35.35,0.635,0.635,528250000.0,2394372000.0,2854656000.0,2854656000.0,0.0,0.036,0.084,0.142,0.096,4009000.0,242148000.0,1.0,51273780.0,51273780.0,,55.675,2520056000.0,58665000.0,147180000.0,6954000.0,49.149,882964000.0
4,CTB,MRY,2016-12-31,2016-12-31,2016-12-31,2021-09-14,-545151000.0,2619395000.0,2534552500.0,1420518000.0,1198877000.0,1.154,20.124,-175100000.0,505750000.0,505750000.0,2234786000.0,251294000.0,2.836,1.384,325801000.0,28707000.0,297094000.0,325801000.0,0.0,130257000.0,0.0,0.011,0.42,390784000.0,521041000.0,0.178,521041000.0,390784000.0,364180000.0,4.56,4.51,4.56,1076014000.0,1050397750.0,1076014000.0,1934603756.0,5.0,3.713,139567000.0,2.61,1.0,690083000.0,0.236,193456000.0,26604000.0,1745176000.0,1768552750.0,470151000.0,7485000.0,7485000.0,0.0,1489159000.0,500814000.0,988345000.0,2077269756.0,1190000.0,-5928000.0,-107999000.0,9084000.0,-22828000.0,-121271000.0,-181028000.0,0.0,314667000.0,-11178000.0,248381000.0,248381000.0,248381000.0,0.0,2913000.0,0.085,252625000.0,437458000.0,282416000.0,0.092,1.931,8.363,8.52,864227000.0,0.0,38.85,0.71,0.71,409913000.0,2321424000.0,2924869000.0,2924869000.0,0.0,0.098,0.236,0.221,0.134,13570000.0,252625000.0,1.0,53468977.0,53468977.0,,54.702,2425939000.0,133879000.0,115799000.0,7135000.0,45.371,919704000.0
5,CTB,MRY,2015-12-31,2015-12-31,2015-12-31,2021-09-14,-509767000.0,2436176000.0,2467169250.0,1334630000.0,1101546000.0,1.205,17.472,-180893000.0,505959000.0,505959000.0,2355451000.0,215804000.0,3.082,1.449,309449000.0,13037000.0,296412000.0,309449000.0,0.0,121408000.0,0.0,0.011,0.42,354810000.0,476218000.0,0.16,476218000.0,354810000.0,330990000.0,3.73,3.69,3.73,979248000.0,924383750.0,979248000.0,2011897461.0,6.0,4.225,123414000.0,2.202,1.0,617450000.0,0.208,152341000.0,23820000.0,1654322000.0,1718936500.0,412561000.0,8750000.0,8750000.0,0.0,1418565000.0,433003000.0,985562000.0,2121354461.0,-46495000.0,0.0,-108821000.0,-44428000.0,-23880000.0,-160660000.0,-180893000.0,0.0,304307000.0,-9249000.0,212766000.0,212766000.0,212766000.0,0.0,3038000.0,0.072,262970000.0,354480000.0,215850000.0,0.113,2.166,9.97,10.147,795198000.0,0.0,37.85,0.714,0.714,371757000.0,2095923000.0,2972901000.0,2972901000.0,0.0,0.086,0.23,0.206,0.119,14919000.0,262970000.0,1.0,56046353.0,56046353.0,,53.044,2283835000.0,136310000.0,118224000.0,7033000.0,40.749,901627000.0
6,CTB,MRY,2014-12-31,2014-12-31,2014-12-31,2021-09-14,-530602000.0,2488937000.0,2796540000.0,1386556000.0,1102381000.0,1.225,14.521,-143793000.0,552305000.0,552305000.0,2852051000.0,236822000.0,2.711,1.902,364603000.0,66666000.0,297937000.0,364603000.0,0.0,139166000.0,0.0,0.012,0.43,353413000.0,492579000.0,0.144,492579000.0,353413000.0,325275000.0,3.48,3.42,3.48,843792000.0,947328250.0,843792000.0,2202684075.0,6.0,4.472,175291000.0,3.017,1.0,572758000.0,0.167,156635000.0,28138000.0,1633235000.0,1981104500.0,421851000.0,4546000.0,4546000.0,0.0,1604676000.0,511365000.0,1093311000.0,2013452075.0,153921000.0,170711000.0,-196770000.0,35366000.0,-25538000.0,-194755000.0,26918000.0,0.0,319084000.0,2674000.0,213578000.0,213578000.0,213578000.0,0.0,23244000.0,0.062,272300000.0,300458000.0,258373000.0,0.124,2.386,9.427,9.957,740203000.0,0.0,34.65,0.588,0.588,368393000.0,1867126000.0,3424809000.0,3424809000.0,0.0,0.076,0.225,0.178,0.103,9047000.0,272300000.0,1.0,58108285.0,58108285.0,,58.938,2332302000.0,189179000.0,111697000.0,6928000.0,40.137,875191000.0
7,CTB,MRY,2013-12-31,2013-12-31,2013-12-31,2021-09-14,-410020000.0,2738147000.0,2841620250.0,1454790000.0,1283357000.0,1.21,15.182,-179725000.0,400490000.0,400490000.0,2923042000.0,133565000.0,2.577,1.595,360932000.0,39973000.0,320959000.0,360932000.0,0.0,134751000.0,0.0,0.018,0.425,218325000.0,353076000.0,0.103,353076000.0,218325000.0,190419000.0,1.75,1.73,1.75,990866000.0,883652750.0,990866000.0,1716564503.0,8.0,4.862,92650000.0,1.42,1.0,516191000.0,0.15,179159000.0,27906000.0,1954847000.0,2097359250.0,517175000.0,86965000.0,86965000.0,0.0,1580522000.0,564583000.0,1015939000.0,1569027503.0,45914000.0,0.0,1438000.0,-11550000.0,-26604000.0,-46506000.0,-179725000.0,0.0,272375000.0,-230000.0,111013000.0,111013000.0,111013000.0,0.0,22552000.0,0.032,275477000.0,240714000.0,302422000.0,0.243,1.583,14.134,13.737,974269000.0,0.0,24.04,0.456,0.456,360405000.0,1741611000.0,3439233000.0,3439233000.0,0.0,0.039,0.126,0.104,0.063,6973000.0,275477000.0,1.0,65267367.0,65267367.0,,52.695,2558988000.0,111644000.0,79406000.0,17699000.0,39.208,890207000.0
8,CTB,MRY,2012-12-31,2012-12-31,2012-12-31,2021-09-14,-551526000.0,2801160000.0,2725851750.0,1449695000.0,1351465000.0,1.541,12.041,-186538000.0,359558000.0,359558000.0,3546568000.0,252426000.0,2.213,2.498,371297000.0,35155000.0,336142000.0,371297000.0,0.0,128916000.0,0.0,0.017,0.42,365941000.0,494857000.0,0.118,494857000.0,365941000.0,336395000.0,3.52,3.49,3.52,757624000.0,688856500.0,757624000.0,1701426057.0,5.0,3.438,267682000.0,4.254,1.0,654268000.0,0.156,168868000.0,29546000.0,1988890000.0,2069400250.0,561868000.0,47646000.0,47646000.0,0.0,1892744000.0,655141000.0,1237603000.0,1595671057.0,118107000.0,-18534000.0,8963000.0,-111729000.0,-26273000.0,-132605000.0,-205072000.0,0.0,454220000.0,1564000.0,220371000.0,220371000.0,220371000.0,0.0,32055000.0,0.052,258832000.0,395436000.0,379867000.0,0.119,2.106,7.241,7.205,929255000.0,0.0,25.36,0.38,0.38,415460000.0,1657936000.0,4200836000.0,4200836000.0,0.0,0.081,0.32,0.177,0.087,8036000.0,257306000.0,1.0,62920783.0,62920783.0,,66.764,2632292000.0,228849000.0,116024000.0,26323000.0,41.835,794554000.0
9,CTB,MRY,2011-12-31,2011-12-31,2011-12-31,2021-09-14,-520878000.0,2509918000.0,2391482250.0,1263980000.0,1245938000.0,1.634,9.277,-151956000.0,236185000.0,236185000.0,3562813000.0,269603000.0,1.942,3.136,482346000.0,152850000.0,329496000.0,482346000.0,0.0,122899000.0,0.0,0.031,0.435,154237000.0,277136000.0,0.071,277136000.0,154237000.0,118046000.0,4.08,4.02,4.08,577801000.0,485614500.0,577801000.0,1274996426.0,8.0,4.601,-26439000.0,-0.425,1.0,345007000.0,0.088,117338000.0,36191000.0,1987724000.0,1902960500.0,465393000.0,71661000.0,71661000.0,0.0,1812028000.0,651017000.0,1161011000.0,872557426.0,-179649000.0,-17380000.0,4470000.0,5827000.0,-26127000.0,-138061000.0,-169336000.0,0.0,125517000.0,2231000.0,253503000.0,253503000.0,253503000.0,0.0,16100000.0,0.065,181706000.0,163301000.0,339215000.0,0.107,1.51,3.442,3.434,899044000.0,0.0,14.01,0.223,0.223,427782000.0,1464392000.0,3907820000.0,3907820000.0,0.0,0.106,0.522,0.081,0.039,4133000.0,181706000.0,1.0,62281044.0,62281044.0,,62.745,2392580000.0,206493000.0,-135457000.0,15559000.0,38.416,612963000.0
10,CTB,MRY,2010-12-31,2010-12-31,2010-12-31,2021-09-14,-468063000.0,2305537000.0,2228463750.0,1340239000.0,965298000.0,1.5,7.494,-117240000.0,415633000.0,415633000.0,2940283000.0,163887000.0,1.93,3.868,473556000.0,152832000.0,320724000.0,473556000.0,0.0,123721000.0,0.0,0.018,0.425,197153000.0,320874000.0,0.096,320874000.0,197153000.0,160506000.0,2.29,2.24,2.29,460789000.0,424033750.0,460789000.0,1569072773.0,8.0,4.89,57451000.0,0.934,1.0,402425000.0,0.12,17256000.0,36647000.0,1651943000.0,1635422500.0,386827000.0,69547000.0,69547000.0,0.0,1782487000.0,694261000.0,1088226000.0,1449970773.0,-13622000.0,0.0,10308000.0,-32726000.0,-25770000.0,-70995000.0,-117240000.0,0.0,174691000.0,-78000.0,140449000.0,140449000.0,140449000.0,-24118000.0,23438000.0,0.042,214051000.0,188374000.0,384464000.0,0.186,3.147,10.324,10.297,852442000.0,0.0,23.58,0.434,0.434,414149000.0,1247265000.0,3342708000.0,3342708000.0,0.0,0.063,0.331,0.121,0.059,6845000.0,193402000.0,1.0,61491551.0,61491551.0,,54.36,2288281000.0,27369000.0,20057000.0,4601000.0,37.213,645978000.0
11,CTB,MRY,2009-12-31,2009-12-31,2009-12-31,2021-09-14,-470272000.0,2100340000.0,2093402500.0,1131831000.0,968509000.0,1.327,5.468,-77798000.0,429200000.0,429200000.0,2359963000.0,83639000.0,1.779,5.199,503205000.0,172234000.0,330971000.0,503205000.0,0.0,123511000.0,0.0,0.021,0.425,99209000.0,222720000.0,0.08,222720000.0,99209000.0,51998000.0,1.04,1.02,1.04,330808000.0,297099500.0,330808000.0,1382202306.0,14.0,6.206,366771000.0,6.063,1.0,419027000.0,0.151,18546000.0,47211000.0,1519458000.0,1587986750.0,298435000.0,42599000.0,42599000.0,0.0,1719816000.0,636341000.0,1083475000.0,1212979306.0,179309000.0,-659000.0,2301000.0,-160024000.0,-24926000.0,-182649000.0,-78457000.0,0.0,444569000.0,-4154000.0,51767000.0,51767000.0,51767000.0,31653000.0,31872000.0,0.019,262758000.0,156269000.0,300448000.0,0.409,3.667,23.432,19.279,850971000.0,0.0,20.05,0.436,0.436,324424000.0,1133133000.0,2778990000.0,2778990000.0,0.0,0.025,0.174,0.062,0.036,5419000.0,206990000.0,1.0,60497721.0,60497721.0,,45.935,2081794000.0,0.0,231000.0,3955000.0,34.411,495490000.0
12,CTB,MRY,2008-12-31,2008-12-31,2008-12-31,2021-09-14,-464427000.0,2042896000.0,2276105500.0,1044183000.0,998713000.0,1.266,4.58,-122365000.0,250104000.0,250104000.0,2805638000.0,-227437000.0,1.476,6.392,658284000.0,332535000.0,325749000.0,658284000.0,0.0,142759000.0,0.0,0.088,0.54,-199129000.0,-56370000.0,-0.02,-56370000.0,-199129000.0,-249654000.0,-3.88,-3.88,-3.88,269829000.0,584677500.0,269829000.0,728067257.0,-4.0,-12.916,-289582000.0,-4.916,1.0,76173000.0,0.026,19902000.0,50525000.0,1723640000.0,1913701500.0,420112000.0,0.0,0.0,0.0,1724650000.0,707534000.0,1017116000.0,362887257.0,-98275000.0,71800000.0,-13544000.0,93966000.0,-24773000.0,59899000.0,-800000.0,49765000.0,-167217000.0,9843000.0,-219380000.0,-219380000.0,-219380000.0,-64000.0,-8057000.0,-0.076,292806000.0,-216633000.0,248637000.0,-0.139,1.345,-1.654,-1.588,901274000.0,0.0,6.16,0.126,0.126,318109000.0,1096405000.0,2881811000.0,2881811000.0,0.0,-0.096,-0.375,-0.104,-0.069,3924000.0,185064000.0,1.0,58910269.0,58910269.0,,48.919,2022994000.0,0.0,-30274000.0,1409000.0,34.34,336649000.0
13,CTB,MRY,2007-12-31,2007-12-31,2007-12-31,2021-09-14,-205677000.0,2298490000.0,2346320000.0,1189924000.0,1108566000.0,1.25,11.199,-121318000.0,348738000.0,348738000.0,2617161000.0,128330000.0,2.234,2.147,550992000.0,86384000.0,464608000.0,550992000.0,0.0,136932000.0,0.0,0.033,0.54,183897000.0,320829000.0,0.109,320829000.0,183897000.0,135405000.0,1.93,1.91,1.93,701634000.0,703569750.0,701634000.0,1337282973.0,7.0,4.168,251476000.0,4.014,1.0,315414000.0,0.108,54236000.0,48492000.0,1913973000.0,2052574250.0,304560000.0,49765000.0,49765000.0,0.0,1506199000.0,532535000.0,973664000.0,1038738973.0,124292000.0,54292000.0,-21775000.0,-93758000.0,-26001000.0,-125946000.0,-118650000.0,-49765000.0,372794000.0,-3906000.0,119570000.0,119570000.0,119570000.0,-1660000.0,8760000.0,0.041,181022000.0,134392000.0,301621000.0,0.28,1.48,8.687,8.591,992215000.0,0.0,16.58,0.354,0.354,354939000.0,1350527000.0,2932575000.0,2932575000.0,0.0,0.051,0.17,0.09,0.063,3731000.0,177507000.0,1.0,62650119.0,62650119.0,,46.809,2244254000.0,0.0,15835000.0,1450000.0,35.822,657389000.0
14,CTB,MRY,2006-12-31,2006-12-31,2006-12-31,2021-09-14,-282552000.0,2235515000.0,2415372500.0,1032344000.0,1203171000.0,1.066,9.296,-185815000.0,229161000.0,229161000.0,2382150000.0,-78511000.0,1.957,2.798,639342000.0,126129000.0,513213000.0,639342000.0,0.0,132601000.0,0.0,0.03,0.425,-36684000.0,95917000.0,0.037,95917000.0,-36684000.0,-83849000.0,-1.28,-1.28,-1.28,570203000.0,820202250.0,570203000.0,1382639666.0,-38.0,14.415,-70098000.0,-1.143,1.0,193068000.0,0.075,56689000.0,47165000.0,2061519000.0,2197760250.0,337867000.0,0.0,0.0,0.0,1595624000.0,527488000.0,1068136000.0,877156666.0,-59057000.0,-43046000.0,149000.0,70097000.0,-25781000.0,62889000.0,-230599000.0,0.0,115717000.0,-7064000.0,-78511000.0,-78511000.0,-78511000.0,4191000.0,0.0,-0.03,238320000.0,-45252000.0,270522000.0,-0.332,1.538,-11.172,-11.172,970633000.0,0.0,14.3,0.341,0.341,395523000.0,1256971000.0,2575218000.0,2575218000.0,0.0,-0.033,-0.096,-0.017,-0.014,1572000.0,187111000.0,1.0,61339627.0,61339627.0,,41.983,2178826000.0,0.0,-5338000.0,4695000.0,35.521,504856000.0
15,CTB,MRY,2005-12-31,2005-12-31,2005-12-31,2021-09-14,-86323000.0,2152186000.0,2383547750.0,968801000.0,1183385000.0,0.854,15.31,-157158000.0,293094000.0,293094000.0,1856466000.0,-9356000.0,3.49,1.293,491697000.0,79000.0,491618000.0,491697000.0,0.0,109780000.0,0.0,0.028,0.43,45237000.0,155017000.0,0.076,155017000.0,45237000.0,-9271000.0,-0.15,-0.15,-0.15,938776000.0,980291000.0,938776000.0,1195669541.0,26.0,7.713,-103541000.0,-1.689,1.0,179157000.0,0.088,79280000.0,54508000.0,1993912000.0,2214852000.0,306046000.0,0.0,0.0,0.0,1213410000.0,277597000.0,935813000.0,939363541.0,-601016000.0,-53691000.0,-185091000.0,-278716000.0,-26643000.0,-486240000.0,-172900000.0,46064000.0,53617000.0,4507000.0,-9356000.0,-9356000.0,-9356000.0,-983000.0,0.0,-0.005,154007000.0,25150000.0,157785000.0,-2.867,1.001,-100.402,-102.133,786225000.0,0.0,15.32,0.461,0.461,338793000.0,1361269000.0,2035623000.0,2035623000.0,0.0,-0.004,-0.01,0.02,0.022,248000.0,154007000.0,1.0,61316158.0,61316158.0,,33.199,2072906000.0,23130000.0,85000.0,37331000.0,33.807,691204000.0
16,CTB,MRY,2004-12-31,2004-12-31,2004-12-31,2021-09-14,-74085000.0,2668084000.0,2886180000.0,1642479000.0,1025605000.0,0.721,15.635,-159271000.0,894212000.0,894212000.0,1848616000.0,201372000.0,5.265,1.279,774163000.0,459000.0,773704000.0,774163000.0,0.0,114597000.0,0.0,0.02,0.435,236501000.0,351098000.0,0.169,351098000.0,236501000.0,208932000.0,2.71,2.68,2.71,1170533000.0,1097996000.0,1170533000.0,2364203708.0,10.0,6.734,-57299000.0,-0.765,1.0,232993000.0,0.112,82270000.0,27569000.0,2153800000.0,2612901500.0,248782000.0,46064000.0,46064000.0,0.0,1497551000.0,311965000.0,1185586000.0,1613382708.0,815302000.0,1172267000.0,-65719000.0,-122754000.0,-31103000.0,-205081000.0,921614000.0,-46064000.0,101972000.0,-3203000.0,201372000.0,201372000.0,201372000.0,-173926000.0,0.0,0.097,169769000.0,63224000.0,182061000.0,0.161,1.378,8.012,7.952,729420000.0,0.0,21.55,0.775,0.775,389667000.0,1397268000.0,2081609000.0,2081609000.0,0.0,0.07,0.183,0.091,0.114,0.0,171689000.0,1.0,74866947.0,74866947.0,,27.804,2585814000.0,0.0,7560000.0,42320000.0,34.539,1330514000.0
17,CTB,MRY,2003-12-31,2003-12-31,2003-12-31,2021-09-14,-109679000.0,2876319000.0,2846539750.0,1981250000.0,895069000.0,0.65,13.954,-95607000.0,30593000.0,30593000.0,1641468000.0,73835000.0,3.346,1.791,864053000.0,161000.0,863892000.0,864053000.0,0.0,115667000.0,0.0,0.02,0.42,112842000.0,228509000.0,0.123,228509000.0,112842000.0,83696000.0,1.0,1.0,1.0,1030389000.0,988198500.0,1030389000.0,2452021738.0,22.0,10.731,138975000.0,1.882,1.0,209385000.0,0.113,85404000.0,29146000.0,3032227000.0,2691042750.0,189718000.0,0.0,0.0,0.0,1845930000.0,592148000.0,1253782000.0,1578757738.0,21678000.0,-13110000.0,6238000.0,179000.0,-30952000.0,-60841000.0,-162027000.0,0.0,234582000.0,9964000.0,73835000.0,73835000.0,73835000.0,-46491000.0,0.0,0.04,144366000.0,65019000.0,136244000.0,0.42,1.532,21.382,21.38,691374000.0,0.0,21.38,0.853,0.853,324373000.0,1226999000.0,1850853000.0,1850853000.0,0.0,0.026,0.075,0.042,0.061,0.0,146076000.0,1.0,73842738.0,73842738.0,,25.065,2790915000.0,0.0,9861000.0,35095000.0,37.795,1389102000.0
18,CTB,MRY,2002-12-31,2002-12-31,2002-12-31,2021-09-14,-149230000.0,2712209000.0,2799869000.0,860528000.0,1851681000.0,0.622,12.803,-70567000.0,44748000.0,44748000.0,1486555000.0,111845000.0,1.98,1.88,912328000.0,36950000.0,875378000.0,912328000.0,0.0,111817000.0,0.0,0.028,0.43,172071000.0,283888000.0,0.163,283888000.0,172071000.0,140448000.0,1.53,1.51,1.53,941716000.0,959209500.0,941716000.0,1993585502.0,12.0,7.022,254486000.0,3.46,1.0,255663000.0,0.147,473460000.0,31623000.0,2671753000.0,2550768000.0,280641000.0,0.0,0.0,0.0,1770493000.0,434576000.0,1335917000.0,1128285502.0,-27087000.0,-721000.0,12940000.0,-179359000.0,-30810000.0,-234422000.0,-128715000.0,0.0,325053000.0,10997000.0,111845000.0,111845000.0,111845000.0,-56813000.0,0.0,0.064,141947000.0,113716000.0,206638000.0,0.281,1.198,10.088,10.026,1197975000.0,0.0,15.34,0.648,0.648,460879000.0,1184115000.0,1742218000.0,1742218000.0,0.0,0.04,0.117,0.067,0.099,0.0,141776000.0,1.0,73551858.0,73551858.0,,23.687,2238749000.0,0.0,28603000.0,15098000.0,30.438,425952000.0
19,CTB,MRY,2001-12-31,2001-12-31,2001-12-31,2021-09-14,-84390000.0,2764250000.0,2874619750.0,952097000.0,1812153000.0,1.097,12.542,-121024000.0,71835000.0,71835000.0,2724692000.0,18166000.0,1.47,2.037,1115170000.0,233036000.0,882134000.0,1115170000.0,0.0,190182000.0,0.0,0.027,0.43,119853000.0,310035000.0,0.098,310035000.0,119853000.0,29158000.0,0.25,0.25,0.25,910240000.0,924593250.0,910240000.0,2295984683.0,19.0,7.406,165216000.0,2.277,1.0,430010000.0,0.136,606079000.0,90695000.0,2553601000.0,2793984750.0,306478000.0,0.0,0.0,0.0,1854010000.0,647905000.0,1206105000.0,1158276683.0,26040000.0,-7239000.0,735000.0,-85366000.0,-30475000.0,-115106000.0,-128263000.0,0.0,286240000.0,-16831000.0,18166000.0,18166000.0,18166000.0,0.0,0.0,0.006,323776000.0,106234000.0,191802000.0,1.72,1.272,63.761,63.84,1206074000.0,0.0,15.96,0.367,0.367,497180000.0,1103080000.0,3154702000.0,3154702000.0,0.0,0.006,0.02,0.043,0.038,0.0,227229000.0,1.0,72573727.0,72573727.0,,43.469,2158171000.0,0.0,10992000.0,20576000.0,29.738,304192000.0
20,CTB,MRY,2000-12-31,2000-12-31,2000-12-31,2021-09-14,-53642000.0,2896673000.0,3055000500.0,998190000.0,1898483000.0,1.137,13.132,-199230000.0,45795000.0,45795000.0,2939815000.0,96734000.0,1.725,2.041,1207150000.0,170190000.0,1036960000.0,1207150000.0,0.0,188781000.0,0.0,0.041,0.435,257617000.0,446398000.0,0.129,446398000.0,257617000.0,160156000.0,1.31,1.31,1.31,952556000.0,966556000.0,952556000.0,1982276169.0,8.0,4.441,32019000.0,0.441,1.0,532557000.0,0.153,613086000.0,97461000.0,2866198000.0,2940661750.0,296460000.0,0.0,0.0,0.0,1944117000.0,578744000.0,1365373000.0,770352169.0,-25332000.0,-112765000.0,-41279000.0,128462000.0,-30944000.0,56239000.0,-311995000.0,0.0,231249000.0,-825000.0,96734000.0,96734000.0,96734000.0,0.0,0.0,0.028,280076000.0,252481000.0,186284000.0,0.332,0.809,7.964,8.107,1285397000.0,0.0,10.62,0.222,0.222,581142000.0,1115389000.0,3472372000.0,3472372000.0,0.0,0.032,0.1,0.088,0.074,0.0,225824000.0,1.0,72537869.0,72537869.0,,47.87,2283587000.0,0.0,63422000.0,66696000.0,31.481,419446000.0
21,CTB,MRY,1999-12-31,1999-12-31,1999-12-31,2021-09-14,-6053000.0,2757645000.0,1899579250.0,945428000.0,1812217000.0,1.156,12.863,-149630000.0,71127000.0,71127000.0,1810524000.0,135474000.0,2.388,1.827,1073504000.0,27041000.0,1046463000.0,1073504000.0,0.0,125577000.0,0.0,0.028,0.44,239942000.0,365519000.0,0.166,365519000.0,239942000.0,215497000.0,1.79,1.79,1.79,975634000.0,932565000.0,975634000.0,1370923402.0,6.0,3.751,61445000.0,0.81,1.0,385819000.0,0.176,585148000.0,24445000.0,2779009000.0,1813389000.0,273963000.0,0.0,0.0,0.0,1782011000.0,395865000.0,1386146000.0,1194605402.0,29161000.0,-594139000.0,260000.0,591510000.0,-31850000.0,559920000.0,-743769000.0,0.0,211075000.0,1935000.0,135474000.0,135474000.0,135474000.0,0.0,0.0,0.062,146739000.0,239080000.0,175686000.0,0.246,1.224,8.818,8.799,1227069000.0,0.0,15.75,0.544,0.544,545155000.0,1049599000.0,2196343000.0,2196343000.0,0.0,0.071,0.145,0.132,0.109,0.0,144189000.0,1.0,75847962.0,75847962.0,,28.957,2172497000.0,0.0,80023000.0,102107000.0,28.643,549563000.0
22,CTB,MRY,1998-12-31,1998-12-31,1998-12-31,2021-09-14,-9867000.0,1541275000.0,1530770250.0,569473000.0,971802000.0,1.226,11.452,-131533000.0,41966000.0,41966000.0,1545760000.0,126967000.0,2.951,0.776,213663000.0,8378000.0,205285000.0,213663000.0,0.0,103197000.0,0.0,0.02,0.41,213441000.0,316638000.0,0.169,316638000.0,213441000.0,198217000.0,1.64,1.64,1.64,867936000.0,861117250.0,867936000.0,1744044402.0,8.0,5.508,73579000.0,0.971,1.0,330365000.0,0.176,86520000.0,15224000.0,1433464000.0,1430954500.0,186386000.0,0.0,0.0,0.0,673339000.0,192988000.0,480351000.0,1549177402.0,-10944000.0,0.0,-54782000.0,-2768000.0,-30262000.0,-87812000.0,-127964000.0,0.0,205112000.0,-280000.0,126967000.0,126967000.0,126967000.0,0.0,0.0,0.068,120830000.0,209535000.0,94502000.0,0.25,1.785,12.201,12.463,885282000.0,0.0,20.44,0.826,0.826,319685000.0,945975000.0,1876125000.0,1876125000.0,0.0,0.083,0.147,0.149,0.114,0.0,120830000.0,1.0,75791458.0,75791458.0,,24.754,1454755000.0,0.0,71250000.0,77639000.0,19.194,376485000.0
23,CTB,MRY,1997-12-31,1997-12-31,1997-12-31,2021-09-14,-2305000.0,1495956000.0,1491825750.0,554612000.0,941344000.0,1.215,10.584,-107523000.0,52910000.0,52910000.0,1498795000.0,122411000.0,2.768,0.795,216798000.0,11273000.0,205525000.0,216798000.0,0.0,95495000.0,0.0,0.019,0.455,210447000.0,305942000.0,0.169,305942000.0,210447000.0,194792000.0,1.55,1.55,1.55,833575000.0,790903500.0,833575000.0,2154238177.0,10.0,7.041,102894000.0,1.306,1.0,314210000.0,0.173,80896000.0,15655000.0,1378617000.0,1471893500.0,191684000.0,0.0,0.0,0.0,662381000.0,200331000.0,462050000.0,1920142177.0,33451000.0,-96531000.0,-52955000.0,105708000.0,-27622000.0,25131000.0,-203343000.0,0.0,210417000.0,1246000.0,122411000.0,122411000.0,122411000.0,0.0,0.0,0.068,105532000.0,208678000.0,100135000.0,0.294,2.304,15.686,15.729,860448000.0,0.0,24.38,1.059,1.059,292416000.0,849270000.0,1813005000.0,1813005000.0,0.0,0.082,0.155,0.143,0.116,0.0,105532000.0,1.0,78758908.0,78758908.0,,23.02,1415060000.0,0.0,72381000.0,80085000.0,17.967,354281000.0
24,CTB,MRY,1996-12-31,1996-12-31,1996-12-31,2021-09-14,-7434000.0,1273009000.0,636520000.0,443625000.0,829384000.0,2.545,9.925,-193696000.0,19459000.0,19459000.0,1366549000.0,107884000.0,2.366,0.618,106570000.0,37081000.0,69489000.0,106570000.0,0.0,76820000.0,0.0,0.021,0.405,173746000.0,250566000.0,0.155,250566000.0,173746000.0,172092000.0,1.3,1.3,1.3,786612000.0,767705500.0,786612000.0,,,,-5489000.0,-0.069,1.0,253620000.0,0.157,36965000.0,1654000.0,1135660000.0,493872500.0,141618000.0,0.0,0.0,0.0,486397000.0,187495000.0,298902000.0,1565281747.0,-3728000.0,0.0,-46028000.0,72961000.0,-25776000.0,1157000.0,-193092000.0,0.0,188207000.0,0.0,107884000.0,107884000.0,107884000.0,0.0,0.0,0.067,79874000.0,173746000.0,81571000.0,0.312,1.99,14.509,15.192,792419000.0,0.0,19.75,0.966,0.966,267149000.0,754481000.0,1620169000.0,1620169000.0,0.0,0.169,0.141,0.352,0.107,0.0,79874000.0,1.0,79254772.0,79254772.0,,20.443,1236044000.0,0.0,64208000.0,55884000.0,15.596,256130000.0
25,CTB,MRY,1995-12-31,1995-12-31,1995-12-31,2021-09-14,-9167000.0,31000.0,,430584000.0,-430553000.0,,,-194894000.0,23187000.0,23187000.0,1242895000.0,112820000.0,2.719,0.527,33609000.0,5035000.0,28574000.0,33609000.0,0.0,63313000.0,0.0,0.011,0.275,180767000.0,244080000.0,0.163,244080000.0,180767000.0,180070000.0,1.35,1.35,1.35,748799000.0,,748799000.0,,,,-53958000.0,,1.0,254563000.0,0.17,0.0,697000.0,-147915000.0,,137964000.0,0.0,0.0,0.0,394902000.0,158368000.0,236534000.0,,-80098000.0,0.0,303000.0,-5117000.0,-22584000.0,-27398000.0,-193636000.0,0.0,140936000.0,0.0,112820000.0,112820000.0,112820000.0,0.0,0.0,0.075,73796000.0,180767000.0,78823000.0,0.204,,,18.237,678876000.0,0.0,24.62,,,257049000.0,672373000.0,1497458000.0,1497458000.0,0.0,,,,0.121,0.0,73796000.0,1.0,,,,,31000.0,0.0,67250000.0,47490000.0,,272216000.0
26,CTB,MRY,1994-12-31,1994-12-31,1994-12-31,2021-09-14,,,,,,,,-78449000.0,,,1125978000.0,128519000.0,,,,,,,,55603000.0,,0.01,0.24,210799000.0,266402000.0,0.19,266402000.0,210799000.0,208119000.0,1.54,,1.54,,,,,,,101488000.0,,1.0,279547000.0,0.199,,2680000.0,,,,,,,,,,,77486000.0,0.0,493000.0,-5349000.0,-19234000.0,-24090000.0,-78361000.0,0.0,179937000.0,0.0,128519000.0,128519000.0,128519000.0,0.0,0.0,0.091,68748000.0,210799000.0,,0.156,,,15.338,,0.0,23.62,,,,,1405525000.0,1405525000.0,0.0,,,,0.15,0.0,68748000.0,1.0,,,,,,,79600000.0,,,
0,CTB,MRQ,2021-03-31,2021-03-31,2021-03-31,2021-09-14,-451462000.0,2957082000.0,,1505423000.0,1451659000.0,,27.785,-57484000.0,520733000.0,520733000.0,546860000.0,22090000.0,2.44,1.095,416149000.0,25543000.0,390606000.0,416149000.0,0.0,41518000.0,0.0,0.008,0.105,35733000.0,77251000.0,0.118,77251000.0,35733000.0,30603000.0,0.44,0.43,0.44,1401381000.0,,1401381000.0,2623378571.0,10.0,6.276,-97664000.0,-1.936,1.0,108967000.0,0.166,112965000.0,5130000.0,2122647000.0,,446920000.0,66737000.0,13174000.0,53563000.0,1534304000.0,616886000.0,917418000.0,2823489571.0,-117834000.0,0.0,0.0,-9920000.0,-5301000.0,-16552000.0,-57484000.0,0.0,-40180000.0,-3618000.0,22059000.0,22059000.0,22059000.0,0.0,31000.0,0.034,71189000.0,37778000.0,337147000.0,0.239,2.015,16.003,15.903,1185012000.0,0.0,55.98,1.067,1.067,541596000.0,2663214000.0,655827000.0,655827000.0,0.0,,,,,1735000.0,71189000.0,1.0,50437470.0,50437470.0,,13.003,2844117000.0,28030000.0,8544000.0,9371000.0,56.389,888537000.0
1,CTB,MRQ,2020-12-31,2020-12-31,2020-12-31,2021-09-14,-446909000.0,2971573000.0,,1582215000.0,1389358000.0,,27.572,-54594000.0,626725000.0,626725000.0,599284000.0,37741000.0,2.441,1.124,425647000.0,39991000.0,385656000.0,425647000.0,0.0,40716000.0,0.0,0.01,0.105,52100000.0,92816000.0,0.127,92816000.0,52100000.0,46307000.0,0.76,0.75,0.76,1388899000.0,,1388899000.0,1966279882.0,9.0,5.295,158655000.0,3.15,1.0,128987000.0,0.177,114227000.0,5793000.0,2008158000.0,,387656000.0,62570000.0,9076000.0,53494000.0,1560982000.0,648110000.0,912872000.0,2040143882.0,150047000.0,0.0,0.0,-6261000.0,-5292000.0,-11037000.0,-54594000.0,0.0,213249000.0,2429000.0,37991000.0,37991000.0,37991000.0,0.0,-250000.0,0.052,68696000.0,60291000.0,297578000.0,0.138,1.469,14.288,14.261,1169508000.0,0.0,40.5,0.809,0.809,506305000.0,2646567000.0,728271000.0,728271000.0,0.0,,,,,1982000.0,68696000.0,1.0,50373923.0,50373923.0,,14.457,2857346000.0,30572000.0,8316000.0,3723000.0,56.723,934105000.0
2,CTB,MRQ,2020-09-30,2020-09-30,2020-09-30,2021-09-14,-472986000.0,2880397000.0,,1543976000.0,1336421000.0,,26.401,-24409000.0,495599000.0,495599000.0,527575000.0,123123000.0,2.411,1.153,421735000.0,38345000.0,383390000.0,421735000.0,0.0,39752000.0,0.0,0.013,0.105,168229000.0,207981000.0,0.272,207981000.0,168229000.0,162829000.0,2.44,2.42,2.44,1328107000.0,,1328107000.0,1700483053.0,8.0,4.654,205453000.0,4.084,1.0,237275000.0,0.31,119160000.0,5400000.0,2047109000.0,,421142000.0,66416000.0,15622000.0,50794000.0,1531767000.0,640264000.0,891503000.0,1594703053.0,-44896000.0,0.0,0.0,-246845000.0,-5286000.0,-250266000.0,-24409000.0,0.0,229862000.0,-83000.0,122604000.0,122604000.0,122604000.0,0.0,519000.0,0.16,65768000.0,171507000.0,263567000.0,0.043,1.201,10.219,10.193,1113232000.0,0.0,31.7,0.627,0.627,568937000.0,2613868000.0,764850000.0,764850000.0,0.0,,,,,1974000.0,65768000.0,1.0,50306090.0,50306090.0,,15.204,2761237000.0,32791000.0,40225000.0,40853000.0,54.889,903712000.0
3,CTB,MRQ,2020-06-30,2020-06-30,2020-06-30,2021-09-14,-501155000.0,2880903000.0,,1578884000.0,1302019000.0,,23.443,-17287000.0,541423000.0,541423000.0,430619000.0,-5643000.0,2.088,1.428,647203000.0,266441000.0,380762000.0,647203000.0,0.0,40572000.0,0.0,0.015,0.105,-590000.0,39982000.0,0.081,39982000.0,-590000.0,-7097000.0,-0.12,-0.12,-0.12,1178782000.0,,1178782000.0,1611424788.0,19.0,6.74,113110000.0,2.249,1.0,65640000.0,0.132,123502000.0,6507000.0,2107067000.0,,465161000.0,58764000.0,10159000.0,48605000.0,1683432000.0,756114000.0,927318000.0,1388296788.0,102832000.0,0.0,0.0,-5266000.0,-5277000.0,-10543000.0,-17287000.0,0.0,130397000.0,265000.0,-6215000.0,-6215000.0,-6215000.0,0.0,572000.0,-0.013,60329000.0,5311000.0,244470000.0,-0.875,1.178,22.108,22.088,1088009000.0,0.0,27.61,0.559,0.559,514218000.0,2496560000.0,496259000.0,496259000.0,0.0,,,,,1707000.0,58855000.0,1.0,50282390.0,50282390.0,,9.869,2757401000.0,31574000.0,-882000.0,2690000.0,54.838,822770000.0
4,CTB,MRQ,2020-03-31,2020-03-31,2020-03-31,2021-09-14,-512010000.0,2832717000.0,,1504146000.0,1328571000.0,,23.437,-54762000.0,433362000.0,433362000.0,475781000.0,-11317000.0,2.046,1.39,656490000.0,293321000.0,363169000.0,656490000.0,0.0,37807000.0,0.0,0.026,0.105,-7243000.0,30564000.0,0.057,30564000.0,-7243000.0,-12250000.0,-0.23,-0.23,-0.23,1177712000.0,,1177712000.0,814819088.0,7.0,3.15,-169131000.0,-3.366,1.0,55913000.0,0.105,127032000.0,5007000.0,2193565000.0,,501604000.0,62148000.0,13676000.0,48472000.0,1636977000.0,735248000.0,901729000.0,819071088.0,28397000.0,0.0,0.0,266685000.0,-5277000.0,198403000.0,-54762000.0,0.0,-114369000.0,-875000.0,-11591000.0,-11591000.0,-11591000.0,0.0,274000.0,-0.022,62141000.0,-6228000.0,230675000.0,-0.457,0.695,10.524,10.516,1109030000.0,0.0,16.3,0.307,0.307,509280000.0,2508052000.0,531694000.0,531694000.0,0.0,,,,,390000.0,51211000.0,1.0,50249760.0,50249760.0,,10.581,2705685000.0,33162000.0,-659000.0,2599000.0,53.845,768898000.0
5,CTB,MRQ,2019-12-31,2019-12-31,2019-12-31,2021-09-14,-447580000.0,2802338000.0,,1452980000.0,1349358000.0,,25.2,-46801000.0,391332000.0,391332000.0,618687000.0,52870000.0,2.405,1.166,387080000.0,22561000.0,364519000.0,387080000.0,0.0,36536000.0,0.0,0.015,0.105,50295000.0,86831000.0,0.116,86831000.0,50295000.0,42705000.0,1.02,1.01,1.02,1264625000.0,,1264625000.0,1676454368.0,12.0,5.841,258205000.0,5.145,1.0,131524000.0,0.175,130207000.0,7590000.0,2063805000.0,,464221000.0,49447000.0,535000.0,48912000.0,1474605000.0,604074000.0,870531000.0,1442789368.0,271701000.0,0.0,0.0,20053000.0,-5269000.0,14902000.0,-46801000.0,0.0,305006000.0,-1406000.0,51258000.0,51258000.0,51258000.0,0.0,1612000.0,0.068,67941000.0,63583000.0,276732000.0,0.103,1.141,14.966,14.974,1127994000.0,0.0,28.75,0.524,0.524,544257000.0,2524963000.0,750211000.0,750211000.0,0.0,,,,,889000.0,66565000.0,1.0,50183978.0,50183978.0,,14.949,2672131000.0,29336000.0,-8553000.0,5328000.0,53.247,848906000.0
6,CTB,MRQ,2019-09-30,2019-09-30,2019-09-30,2021-09-14,-455773000.0,2696616000.0,,1378874000.0,1317742000.0,,24.097,-50497000.0,137093000.0,137093000.0,589768000.0,29008000.0,1.803,1.181,370758000.0,189766000.0,180992000.0,370758000.0,0.0,37171000.0,0.0,0.016,0.105,44541000.0,81712000.0,0.116,81712000.0,44541000.0,37065000.0,0.58,0.58,0.58,1209110000.0,,1209110000.0,1580177322.0,15.0,6.163,34254000.0,0.683,1.0,114366000.0,0.162,132361000.0,7476000.0,2033069000.0,,566880000.0,57583000.0,8647000.0,48936000.0,1428153000.0,764851000.0,663302000.0,1310598322.0,26032000.0,0.0,0.0,-4028000.0,-5270000.0,-9579000.0,-50497000.0,0.0,84751000.0,1357000.0,29344000.0,29344000.0,29344000.0,0.0,-336000.0,0.042,61597000.0,52769000.0,253821000.0,0.181,1.084,29.303,29.348,1098077000.0,0.0,26.12,0.473,0.473,617753000.0,2478677000.0,704134000.0,704134000.0,0.0,,,,,1154000.0,60786000.0,1.0,50176046.0,50176046.0,,14.033,2564255000.0,24256000.0,7721000.0,15787000.0,51.105,614023000.0
7,CTB,MRQ,2019-06-30,2019-06-30,2019-06-30,2021-09-14,-447782000.0,2704073000.0,,1371103000.0,1332970000.0,,23.775,-45476000.0,111681000.0,111681000.0,579989000.0,9258000.0,1.825,1.216,381260000.0,193422000.0,187838000.0,381260000.0,0.0,37049000.0,0.0,0.013,0.105,22482000.0,59531000.0,0.088,59531000.0,22482000.0,14672000.0,0.18,0.18,0.18,1192349000.0,,1192349000.0,1757995542.0,12.0,6.079,-48228000.0,-0.962,1.0,99141000.0,0.146,134788000.0,7810000.0,2087777000.0,,589410000.0,53176000.0,4175000.0,49001000.0,1450047000.0,751087000.0,698960000.0,1582243542.0,-104946000.0,-49001000.0,0.0,-2079000.0,-5267000.0,-9376000.0,-94477000.0,0.0,-2752000.0,1659000.0,8821000.0,8821000.0,8821000.0,0.0,437000.0,0.013,67470000.0,31671000.0,267851000.0,0.583,1.327,22.9,22.862,1110539000.0,0.0,31.55,0.564,0.564,616974000.0,2454811000.0,679130000.0,679130000.0,0.0,,,,,1450000.0,65811000.0,1.0,50150350.0,50150350.0,,13.542,2569285000.0,27246000.0,5851000.0,8881000.0,51.232,620016000.0
8,CTB,MRQ,2019-03-31,2019-03-31,2019-03-31,2021-09-14,-448419000.0,2677168000.0,,1384223000.0,1292945000.0,,23.698,-59829000.0,212331000.0,212331000.0,530904000.0,7178000.0,1.934,1.204,388083000.0,194048000.0,194035000.0,388083000.0,0.0,37298000.0,0.0,0.014,0.105,21630000.0,58928000.0,0.095,58928000.0,21630000.0,13316000.0,0.14,0.14,0.14,1186640000.0,,1186640000.0,1449753890.0,10.0,4.956,-156241000.0,-3.12,1.0,88259000.0,0.143,136284000.0,8314000.0,2000786000.0,,563736000.0,12514000.0,12514000.0,0.0,1428950000.0,715850000.0,713100000.0,1496700890.0,-157908000.0,0.0,0.0,5811000.0,-5262000.0,-609000.0,-59829000.0,0.0,-96412000.0,-1058000.0,6979000.0,6979000.0,6979000.0,0.0,199000.0,0.011,61828000.0,26431000.0,268780000.0,0.75,1.261,19.882,19.927,1108361000.0,0.0,29.89,0.53,0.53,540813000.0,2451367000.0,619163000.0,619163000.0,0.0,,,,,869000.0,56855000.0,1.0,50073633.0,50073633.0,,12.365,2540884000.0,26923000.0,6337000.0,4993000.0,50.743,668373000.0
9,CTB,MRQ,2018-12-31,2018-12-31,2018-12-31,2021-09-14,-461589000.0,2634205000.0,,1456732000.0,1177473000.0,,23.407,-49325000.0,356254000.0,356254000.0,645849000.0,438000.0,1.916,1.196,311332000.0,190048000.0,121284000.0,311332000.0,0.0,36951000.0,0.0,0.013,0.105,19275000.0,56226000.0,0.073,56226000.0,19275000.0,11132000.0,-0.01,-0.01,-0.01,1172043000.0,,1172043000.0,1721239424.0,12.0,5.947,171456000.0,3.424,1.0,124638000.0,0.162,139172000.0,8143000.0,1689767000.0,,479980000.0,5737000.0,5737000.0,0.0,1401762000.0,760344000.0,641418000.0,1618807424.0,165900000.0,0.0,0.0,1933000.0,-5258000.0,-3298000.0,-49325000.0,0.0,220781000.0,-2258000.0,-419000.0,-419000.0,-419000.0,0.0,857000.0,-0.001,99812000.0,24826000.0,286671000.0,-10.5,1.381,21.137,21.27,1001921000.0,0.0,32.33,0.576,0.576,546905000.0,2449714000.0,770487000.0,770487000.0,0.0,,,,,1000.0,65985000.0,1.0,50071371.0,50071371.0,,15.388,2495033000.0,28146000.0,11551000.0,975000.0,49.83,696388000.0
10,CTB,MRQ,2018-09-30,2018-09-30,2018-09-30,2021-09-14,-470761000.0,2612887000.0,,1417894000.0,1194993000.0,,23.323,-46215000.0,208616000.0,208616000.0,597724000.0,55433000.0,2.55,1.186,311048000.0,16207000.0,294841000.0,311048000.0,0.0,36623000.0,0.0,0.015,0.105,77870000.0,114493000.0,0.155,114493000.0,77870000.0,69940000.0,1.07,1.07,1.07,1167544000.0,,1167544000.0,1579992057.0,9.0,5.048,65946000.0,1.317,1.0,139947000.0,0.19,175600000.0,7930000.0,1983692000.0,,531362000.0,7819000.0,7819000.0,0.0,1384378000.0,556027000.0,828351000.0,1416692057.0,28061000.0,0.0,-828000.0,-33060000.0,-5257000.0,-39353000.0,-46215000.0,0.0,112161000.0,1468000.0,53713000.0,53713000.0,53713000.0,0.0,1720000.0,0.073,58746000.0,81201000.0,252551000.0,0.098,1.213,40.653,38.243,964404000.0,0.0,28.3,0.507,0.507,616200000.0,2455391000.0,737671000.0,737671000.0,0.0,,,,,1240000.0,58746000.0,1.0,50059790.0,50059790.0,,14.736,2437287000.0,47043000.0,16227000.0,17407000.0,48.688,861867000.0
11,CTB,MRQ,2018-06-30,2018-06-30,2018-06-30,2021-09-14,-471298000.0,2632779000.0,,1426734000.0,1206045000.0,,22.122,-38010000.0,180493000.0,180493000.0,604185000.0,15709000.0,2.576,1.301,343793000.0,48776000.0,295017000.0,343793000.0,0.0,37163000.0,0.0,0.016,0.105,25692000.0,62855000.0,0.09,62855000.0,25692000.0,17275000.0,0.3,0.3,0.3,1118347000.0,,1118347000.0,1454176182.0,8.0,4.332,-39346000.0,-0.778,1.0,94223000.0,0.135,179939000.0,8417000.0,2062330000.0,,580095000.0,24022000.0,24022000.0,0.0,1455511000.0,553810000.0,901701000.0,1329557182.0,-42613000.0,0.0,-13790000.0,15870000.0,-5289000.0,-3212000.0,-38010000.0,0.0,-1336000.0,-55000.0,15008000.0,15008000.0,15008000.0,0.0,701000.0,0.021,61460000.0,32763000.0,240506000.0,0.35,1.189,31.048,30.581,964158000.0,0.0,26.3,0.476,0.476,582524000.0,2406943000.0,698408000.0,698408000.0,0.0,,,,,1347000.0,61460000.0,1.0,50553505.0,50553505.0,,13.815,2452840000.0,54006000.0,2267000.0,2295000.0,48.52,872924000.0
12,CTB,MRQ,2018-03-31,2018-03-31,2018-03-31,2021-09-14,-451902000.0,2678982000.0,,1453739000.0,1225243000.0,,22.456,-59589000.0,213091000.0,213091000.0,517011000.0,8983000.0,2.594,1.293,337710000.0,42489000.0,295221000.0,337710000.0,0.0,36424000.0,0.0,0.014,0.105,19427000.0,55851000.0,0.093,55851000.0,19427000.0,11736000.0,0.16,0.16,0.16,1140723000.0,,1140723000.0,1452123759.0,6.0,3.776,-136892000.0,-2.695,1.0,84485000.0,0.14,182199000.0,7691000.0,2060888000.0,,611524000.0,66073000.0,66073000.0,0.0,1474956000.0,560514000.0,914442000.0,1488379759.0,-165408000.0,0.0,-15565000.0,-6165000.0,-5334000.0,-29915000.0,-59589000.0,0.0,-77303000.0,1399000.0,8285000.0,8285000.0,8285000.0,0.0,698000.0,0.014,58031000.0,26454000.0,268556000.0,0.656,1.305,20.354,20.634,978494000.0,0.0,29.3,0.529,0.529,499130000.0,2397224000.0,601496000.0,601496000.0,0.0,,,,,1280000.0,58031000.0,1.0,50797944.0,50797944.0,,11.841,2496783000.0,57057000.0,3451000.0,5098000.0,49.151,893225000.0
13,CTB,MRQ,2017-12-31,2017-12-31,2017-12-31,2021-09-14,-478478000.0,2707925000.0,,1488507000.0,1219418000.0,,21.982,-53883000.0,373106000.0,373106000.0,637248000.0,-41120000.0,2.458,1.351,336850000.0,40863000.0,295987000.0,336850000.0,0.0,33576000.0,0.0,0.012,0.105,46191000.0,79767000.0,0.105,79767000.0,46191000.0,37772000.0,-0.79,-0.78,-0.79,1127096000.0,,1127096000.0,1886394123.0,7.0,4.547,156318000.0,3.049,1.0,119787000.0,0.158,187869000.0,8419000.0,1878257000.0,,511757000.0,13753000.0,13753000.0,0.0,1522169000.0,605543000.0,916626000.0,1812528123.0,132470000.0,0.0,-20670000.0,3065000.0,-5366000.0,-23171000.0,-53883000.0,0.0,210201000.0,-677000.0,-42158000.0,-42158000.0,-42158000.0,0.0,1038000.0,-0.056,63516000.0,56271000.0,277060000.0,-0.133,1.608,18.999,19.317,966747000.0,0.0,35.35,0.635,0.635,528250000.0,2394372000.0,757035000.0,757035000.0,0.0,,,,,298000.0,63516000.0,1.0,51273780.0,51273780.0,,14.765,2520056000.0,58665000.0,79930000.0,6954000.0,49.149,882964000.0
14,CTB,MRQ,2017-09-30,2017-09-30,2017-09-30,2021-09-14,-500454000.0,2673548000.0,,1413960000.0,1259588000.0,,22.482,-53265000.0,259738000.0,259738000.0,560371000.0,62660000.0,2.674,1.228,333604000.0,37520000.0,296084000.0,333604000.0,0.0,35976000.0,0.0,0.011,0.105,101202000.0,137178000.0,0.187,137178000.0,101202000.0,93611000.0,1.19,1.18,1.19,1173305000.0,,1173305000.0,1984222174.0,6.0,4.187,-2596000.0,-0.05,1.0,173472000.0,0.236,192137000.0,7591000.0,2026566000.0,,573731000.0,15213000.0,15213000.0,0.0,1441323000.0,528711000.0,912612000.0,1951878174.0,-44501000.0,0.0,-31631000.0,-6034000.0,-5467000.0,-43685000.0,-53265000.0,0.0,50669000.0,1780000.0,61687000.0,61687000.0,61687000.0,0.0,973000.0,0.084,62692000.0,110780000.0,266033000.0,0.088,1.664,9.435,9.517,926986000.0,0.0,37.4,0.677,0.677,512626000.0,2441911000.0,733843000.0,733843000.0,0.0,,,,,1136000.0,62692000.0,1.0,52189256.0,52189256.0,,14.061,2481411000.0,133455000.0,31924000.0,39567000.0,47.546,885249000.0
15,CTB,MRQ,2017-06-30,2017-06-30,2017-06-30,2021-09-14,-512796000.0,2663947000.0,,1428125000.0,1235822000.0,,21.446,-45169000.0,303723000.0,303723000.0,581202000.0,45824000.0,2.743,1.296,336067000.0,39888000.0,296179000.0,336067000.0,0.0,35927000.0,0.0,0.012,0.105,75818000.0,111745000.0,0.155,111745000.0,75818000.0,67608000.0,0.86,0.85,0.86,1135187000.0,,1135187000.0,1857239318.0,6.0,4.132,-60441000.0,-1.142,1.0,139551000.0,0.194,191883000.0,8210000.0,1983708000.0,,578763000.0,12542000.0,12542000.0,0.0,1471025000.0,520700000.0,950325000.0,1910886318.0,-66492000.0,0.0,-20768000.0,16441000.0,-5538000.0,-9339000.0,-45169000.0,0.0,-15272000.0,3288000.0,45310000.0,45310000.0,45310000.0,0.0,514000.0,0.063,55350000.0,84201000.0,261814000.0,0.122,1.683,9.825,9.89,899589000.0,0.0,36.1,0.659,0.659,490195000.0,2385701000.0,720753000.0,720753000.0,0.0,,,,,1292000.0,55350000.0,1.0,52933139.0,52933139.0,,13.616,2472064000.0,137247000.0,22298000.0,26237000.0,46.702,907425000.0
16,CTB,MRQ,2017-03-31,2017-03-31,2017-03-31,2021-09-14,-527014000.0,2612776000.0,,1404396000.0,1208380000.0,,20.888,-44591000.0,366114000.0,366114000.0,524439000.0,29381000.0,2.849,1.324,312467000.0,15951000.0,296516000.0,312467000.0,0.0,34749000.0,0.0,0.009,0.105,51417000.0,86166000.0,0.134,86166000.0,51417000.0,43590000.0,0.58,0.57,0.58,1100150000.0,,1100150000.0,2155943458.0,6.0,4.476,-112565000.0,-2.137,1.0,118586000.0,0.184,192893000.0,7827000.0,1873327000.0,,565820000.0,14593000.0,14593000.0,0.0,1456713000.0,492909000.0,963804000.0,2335892458.0,-153420000.0,0.0,-17799000.0,-17400000.0,-5543000.0,-43575000.0,-44591000.0,0.0,-67974000.0,2720000.0,30561000.0,30561000.0,30561000.0,0.0,-1180000.0,0.048,60591000.0,57995000.0,272475000.0,0.181,2.123,10.621,10.87,876799000.0,0.0,44.35,0.8,0.8,428069000.0,2345928000.0,643025000.0,643025000.0,0.0,,,,,1283000.0,60591000.0,1.0,52669503.0,52669503.0,,12.209,2419883000.0,130842000.0,13029000.0,18309000.0,45.945,911487000.0
17,CTB,MRQ,2016-12-31,2016-12-31,2016-12-31,2021-09-14,-545151000.0,2619395000.0,,1420518000.0,1198877000.0,,20.124,-48510000.0,505750000.0,505750000.0,576854000.0,70692000.0,2.836,1.384,325801000.0,28707000.0,297094000.0,325801000.0,0.0,33329000.0,0.0,0.011,0.105,105501000.0,138830000.0,0.177,138830000.0,105501000.0,98614000.0,1.3,1.28,1.3,1076014000.0,,1076014000.0,1934603756.0,5.0,3.713,86529000.0,1.618,1.0,207033000.0,0.264,193456000.0,6887000.0,1745176000.0,,470151000.0,7485000.0,7485000.0,0.0,1489159000.0,500814000.0,988345000.0,2077269756.0,55999000.0,-5928000.0,-25513000.0,10329000.0,-5586000.0,-20256000.0,-54438000.0,0.0,135039000.0,-4346000.0,69324000.0,69324000.0,69324000.0,0.0,1368000.0,0.088,48824000.0,158209000.0,282416000.0,0.081,1.931,8.363,8.52,864227000.0,0.0,38.85,0.71,0.71,409913000.0,2321424000.0,783887000.0,783887000.0,0.0,,,,,1770000.0,60286000.0,1.0,53468977.0,53468977.0,,14.661,2425939000.0,133879000.0,29290000.0,7135000.0,45.371,919704000.0
18,CTB,MRQ,2016-09-30,2016-09-30,2016-09-30,2021-09-14,-520007000.0,2545868000.0,,1431767000.0,1114101000.0,,19.591,-41442000.0,451362000.0,451362000.0,597961000.0,50479000.0,3.042,1.366,308696000.0,12822000.0,295874000.0,308696000.0,0.0,32836000.0,0.0,0.011,0.105,79855000.0,112691000.0,0.15,112691000.0,79855000.0,73060000.0,0.91,0.9,0.91,1060752000.0,,1060752000.0,1945657426.0,5.0,3.785,67022000.0,1.238,1.0,152952000.0,0.204,151231000.0,6795000.0,1781256000.0,,496095000.0,5947000.0,5947000.0,0.0,1449128000.0,470715000.0,978413000.0,2058577426.0,38250000.0,0.0,-28356000.0,8555000.0,-5658000.0,-26940000.0,-41442000.0,0.0,108464000.0,-1832000.0,49303000.0,49303000.0,49303000.0,0.0,1176000.0,0.066,74724000.0,78228000.0,225662000.0,0.115,1.941,8.638,8.821,812291000.0,0.0,38.02,0.706,0.706,434580000.0,2257686000.0,750913000.0,750913000.0,0.0,,,,,2101000.0,63262000.0,1.0,54144593.0,54144593.0,,13.869,2394637000.0,133990000.0,23757000.0,13022000.0,44.227,961052000.0
19,CTB,MRQ,2016-06-30,2016-06-30,2016-06-30,2021-09-14,-515608000.0,2504474000.0,,1404094000.0,1100380000.0,,19.004,-49002000.0,413089000.0,413089000.0,560625000.0,71351000.0,3.144,1.354,300169000.0,4316000.0,295853000.0,300169000.0,0.0,32300000.0,0.0,0.014,0.105,111689000.0,143989000.0,0.195,143989000.0,111689000.0,105403000.0,1.29,1.27,1.29,1048437000.0,,1048437000.0,1514508912.0,4.0,2.935,18451000.0,0.334,1.0,179669000.0,0.243,151151000.0,6286000.0,1793738000.0,,506982000.0,5886000.0,5886000.0,0.0,1419101000.0,446665000.0,972436000.0,1645150912.0,-21898000.0,0.0,-29304000.0,-1614000.0,-5767000.0,-36645000.0,-49002000.0,0.0,67453000.0,-3704000.0,70749000.0,70749000.0,70749000.0,0.0,602000.0,0.096,69753000.0,109916000.0,214961000.0,0.081,1.569,6.793,6.871,802934000.0,0.0,29.82,0.558,0.558,430043000.0,2214067000.0,740294000.0,740294000.0,0.0,,,,,4947000.0,69753000.0,1.0,55169380.0,55169380.0,,13.419,2353323000.0,127998000.0,34654000.0,21057000.0,42.656,957429000.0
20,CTB,MRQ,2016-03-31,2016-03-31,2016-03-31,2021-09-14,-506937000.0,2468473000.0,,1366567000.0,1101906000.0,,18.354,-36146000.0,434816000.0,434816000.0,499346000.0,58772000.0,3.162,1.391,304174000.0,8337000.0,295837000.0,304174000.0,0.0,31792000.0,0.0,0.011,0.105,93739000.0,125531000.0,0.193,125531000.0,93739000.0,87103000.0,1.06,1.05,1.06,1016388000.0,,1016388000.0,1853521663.0,5.0,3.687,-32435000.0,-0.586,1.0,150429000.0,0.232,151633000.0,6636000.0,1754041000.0,,474681000.0,5620000.0,5620000.0,0.0,1414153000.0,432157000.0,981996000.0,2050031663.0,-71161000.0,0.0,-24826000.0,-8186000.0,-5817000.0,-37430000.0,-36146000.0,0.0,3711000.0,-1296000.0,59005000.0,59005000.0,59005000.0,0.0,-233000.0,0.091,59325000.0,91104000.0,202217000.0,0.099,2.017,8.874,9.051,799089000.0,0.0,37.02,0.693,0.693,418923000.0,2149087000.0,649775000.0,649775000.0,0.0,,,,,4752000.0,59325000.0,1.0,55376328.0,55376328.0,,11.734,2316840000.0,133877000.0,28098000.0,31586000.0,41.838,934410000.0
21,CTB,MRQ,2015-12-31,2015-12-31,2015-12-31,2021-09-14,-509767000.0,2436176000.0,,1334630000.0,1101546000.0,,17.472,-53847000.0,505959000.0,505959000.0,603697000.0,59515000.0,3.082,1.449,309449000.0,13037000.0,296412000.0,309449000.0,0.0,30820000.0,0.0,0.011,0.105,100987000.0,131807000.0,0.17,131807000.0,100987000.0,95652000.0,1.05,1.04,1.05,979248000.0,,979248000.0,2011897461.0,6.0,4.225,117218000.0,2.091,1.0,171849000.0,0.222,152341000.0,5335000.0,1654322000.0,,412561000.0,8750000.0,8750000.0,0.0,1418565000.0,433003000.0,985562000.0,2121354461.0,80925000.0,0.0,-45686000.0,-2172000.0,-5882000.0,-33768000.0,-53847000.0,0.0,171065000.0,-2525000.0,59246000.0,59246000.0,59246000.0,0.0,269000.0,0.076,69318000.0,102531000.0,215850000.0,0.1,2.166,9.97,10.147,795198000.0,0.0,37.85,0.714,0.714,371757000.0,2095923000.0,775546000.0,775546000.0,0.0,,,,,3209000.0,69318000.0,1.0,56046353.0,56046353.0,,13.838,2283835000.0,136310000.0,36406000.0,7033000.0,40.749,901627000.0
22,CTB,MRQ,2015-09-30,2015-09-30,2015-09-30,2021-09-14,-527730000.0,2487344000.0,,1415855000.0,1071489000.0,,16.31,-40003000.0,425023000.0,425023000.0,628414000.0,53649000.0,2.94,1.644,315566000.0,18246000.0,297320000.0,315566000.0,0.0,31131000.0,0.0,0.011,0.105,83589000.0,114720000.0,0.147,114720000.0,83589000.0,77700000.0,0.94,0.93,0.94,926433000.0,,926433000.0,2149921682.0,6.0,4.263,46365000.0,0.816,1.0,153954000.0,0.197,152898000.0,5889000.0,1743383000.0,,464848000.0,10917000.0,10917000.0,0.0,1522620000.0,481606000.0,1041014000.0,2244251682.0,16175000.0,0.0,-20530000.0,3006000.0,-5948000.0,-24389000.0,-40003000.0,0.0,86368000.0,-5801000.0,53176000.0,53176000.0,53176000.0,0.0,473000.0,0.068,71787000.0,82167000.0,228939000.0,0.112,2.422,9.518,9.756,769305000.0,0.0,39.51,0.744,0.744,423731000.0,2042443000.0,782368000.0,782368000.0,0.0,,,,,3036000.0,71787000.0,1.0,56802118.0,56802118.0,,13.774,2334446000.0,131228000.0,24524000.0,15892000.0,41.098,934249000.0
23,CTB,MRQ,2015-06-30,2015-06-30,2015-06-30,2021-09-14,-519849000.0,2478614000.0,,1397991000.0,1080623000.0,,15.73,-40698000.0,408717000.0,408717000.0,592089000.0,60476000.0,3.01,1.692,314387000.0,16840000.0,297547000.0,314387000.0,0.0,29987000.0,0.0,0.013,0.105,100640000.0,130627000.0,0.174,130627000.0,100640000.0,94400000.0,1.04,1.03,1.04,905503000.0,,905503000.0,1813492331.0,5.0,3.58,14178000.0,0.246,1.0,159692000.0,0.212,155651000.0,6240000.0,1764244000.0,,489076000.0,10658000.0,10658000.0,0.0,1531999000.0,464389000.0,1067610000.0,1947495331.0,-41088000.0,0.0,-46935000.0,-3365000.0,-5990000.0,-58876000.0,-40698000.0,0.0,54876000.0,3610000.0,59582000.0,59582000.0,59582000.0,0.0,894000.0,0.079,60264000.0,99428000.0,236939000.0,0.101,2.151,8.456,8.674,767618000.0,0.0,33.83,0.617,0.617,400278000.0,1995251000.0,751781000.0,751781000.0,0.0,,,,,6035000.0,60264000.0,1.0,57567110.0,57567110.0,,13.059,2322963000.0,139620000.0,34818000.0,17643000.0,40.352,933602000.0
24,CTB,MRQ,2015-03-31,2015-03-31,2015-03-31,2021-09-14,-526978000.0,2466543000.0,,1399151000.0,1067392000.0,,15.444,-46345000.0,449805000.0,449805000.0,531251000.0,42163000.0,3.038,1.737,315802000.0,17879000.0,297923000.0,315802000.0,0.0,29470000.0,0.0,0.01,0.105,69593000.0,99063000.0,0.149,99063000.0,69593000.0,63237000.0,0.7,0.69,0.7,886351000.0,,886351000.0,2271866834.0,7.0,4.717,-54347000.0,-0.947,1.0,131955000.0,0.199,158222000.0,6356000.0,1713797000.0,,474600000.0,6712000.0,6712000.0,0.0,1539423000.0,460521000.0,1078902000.0,2458574834.0,-102507000.0,0.0,4330000.0,-41897000.0,-6060000.0,-43627000.0,-46345000.0,0.0,-8002000.0,-4533000.0,40761000.0,40761000.0,40761000.0,0.0,1402000.0,0.061,61602000.0,70353000.0,238163000.0,0.15,2.774,11.769,12.382,751675000.0,0.0,42.84,0.747,0.747,385051000.0,1941707000.0,663206000.0,663206000.0,0.0,,,,,2639000.0,61602000.0,1.0,57389702.0,57389702.0,,11.556,2308321000.0,140635000.0,22476000.0,19477000.0,40.222,938630000.0
25,CTB,MRQ,2014-12-31,2014-12-31,2014-12-31,2021-09-14,-530602000.0,2488937000.0,,1386556000.0,1102381000.0,,14.521,-32756000.0,552305000.0,552305000.0,699241000.0,85699000.0,2.711,1.902,364603000.0,66666000.0,297937000.0,364603000.0,0.0,33847000.0,0.0,0.012,0.105,126045000.0,159892000.0,0.195,159892000.0,126045000.0,118867000.0,1.37,1.35,1.37,843792000.0,,843792000.0,2202684075.0,6.0,4.472,188338000.0,3.241,1.0,120343000.0,0.147,156635000.0,7178000.0,1633235000.0,,421851000.0,4546000.0,4546000.0,0.0,1604676000.0,511365000.0,1093311000.0,2013452075.0,215874000.0,170711000.0,-660000.0,-130378000.0,-6106000.0,-142387000.0,137955000.0,0.0,221094000.0,-788000.0,82263000.0,82263000.0,82263000.0,0.0,3436000.0,0.1,66760000.0,53583000.0,258373000.0,0.077,2.386,9.427,9.957,740203000.0,0.0,34.65,0.588,0.588,368393000.0,1867126000.0,819584000.0,819584000.0,0.0,,,,,3202000.0,66760000.0,1.0,58108285.0,58108285.0,,14.104,2332302000.0,189179000.0,36604000.0,6928000.0,40.137,875191000.0
26,CTB,MRQ,2014-09-30,2014-09-30,2014-09-30,2021-09-14,-399678000.0,2923379000.0,,1661029000.0,1262350000.0,,14.048,-35285000.0,336418000.0,336418000.0,762878000.0,54637000.0,1.979,2.225,525650000.0,200112000.0,325538000.0,525650000.0,0.0,35552000.0,0.0,0.015,0.11,81489000.0,117041000.0,0.127,117041000.0,81489000.0,74439000.0,0.79,0.77,0.79,893530000.0,,893530000.0,1864141067.0,7.0,4.558,52784000.0,0.83,1.0,157204000.0,0.171,172507000.0,7050000.0,2100655000.0,,602009000.0,90098000.0,90098000.0,0.0,1988056000.0,839449000.0,1148607000.0,1825456067.0,9142000.0,0.0,-198497000.0,159710000.0,-6100000.0,-44887000.0,-35285000.0,0.0,88069000.0,1245000.0,47699000.0,47699000.0,47699000.0,0.0,6938000.0,0.052,67829000.0,89375000.0,358320000.0,0.139,2.043,12.095,11.909,971683000.0,0.0,28.7,0.527,0.527,538790000.0,1790969000.0,920082000.0,920082000.0,0.0,,,,,2233000.0,67829000.0,1.0,63604741.0,63604741.0,,14.466,2750872000.0,100934000.0,26740000.0,23092000.0,43.249,821580000.0
27,CTB,MRQ,2014-06-30,2014-06-30,2014-06-30,2021-09-14,-401569000.0,2909906000.0,,1635397000.0,1274509000.0,,16.483,-36080000.0,327652000.0,327652000.0,740816000.0,44758000.0,2.483,1.741,366337000.0,40149000.0,326188000.0,366337000.0,0.0,34882000.0,0.0,0.014,0.11,70760000.0,105642000.0,0.119,105642000.0,70760000.0,63968000.0,0.6,0.59,0.6,1046300000.0,,1046300000.0,1939336600.0,9.0,5.54,1393000.0,0.022,1.0,147869000.0,0.166,173476000.0,6792000.0,2116430000.0,,641593000.0,83241000.0,83241000.0,0.0,1821430000.0,658685000.0,1162745000.0,1904274600.0,-9308000.0,0.0,2256000.0,-5935000.0,-6676000.0,-12925000.0,-36080000.0,0.0,37473000.0,2224000.0,38182000.0,38182000.0,38182000.0,0.0,6576000.0,0.043,71280000.0,76589000.0,367826000.0,0.183,1.82,18.477,18.519,977459000.0,0.0,30.0,0.564,0.564,496933000.0,1787360000.0,888685000.0,888685000.0,0.0,,,,,2176000.0,71280000.0,1.0,63475820.0,63475820.0,,14.0,2736430000.0,106388000.0,25786000.0,16909000.0,43.11,976712000.0
28,CTB,MRQ,2014-03-31,2014-03-31,2014-03-31,2021-09-14,-406488000.0,2863938000.0,,1589397000.0,1274541000.0,,15.403,-39672000.0,337113000.0,337113000.0,649116000.0,51728000.0,2.448,1.803,372175000.0,44420000.0,327755000.0,372175000.0,0.0,34885000.0,0.0,0.017,0.105,75119000.0,110004000.0,0.138,110004000.0,75119000.0,68001000.0,0.72,0.71,0.72,1005691000.0,,1005691000.0,1547044355.0,8.0,4.548,-67224000.0,-1.03,1.0,147342000.0,0.185,175563000.0,7118000.0,2074098000.0,,621988000.0,78628000.0,78628000.0,0.0,1813643000.0,649339000.0,1164304000.0,1586602355.0,-61787000.0,0.0,131000.0,11969000.0,-6656000.0,5444000.0,-39672000.0,0.0,-27552000.0,-7000.0,45434000.0,45434000.0,45434000.0,0.0,6294000.0,0.057,66431000.0,80911000.0,359230000.0,0.146,1.578,15.808,15.38,974883000.0,0.0,24.3,0.47,0.47,461648000.0,1755903000.0,796458000.0,796458000.0,0.0,,,,,1436000.0,66431000.0,1.0,65292278.0,65292278.0,,12.198,2688375000.0,107367000.0,22567000.0,21811000.0,41.174,940058000.0
29,CTB,MRQ,2013-12-31,2013-12-31,2013-12-31,2021-09-14,-410020000.0,2738147000.0,,1454790000.0,1283357000.0,,15.182,-44845000.0,400490000.0,400490000.0,750298000.0,25827000.0,2.577,1.595,360932000.0,39973000.0,320959000.0,360932000.0,0.0,35529000.0,0.0,0.018,0.11,40807000.0,76336000.0,0.089,76336000.0,40807000.0,33917000.0,0.3,0.31,0.3,990866000.0,,990866000.0,1716564503.0,8.0,4.862,104418000.0,1.6,1.0,110709000.0,0.129,179159000.0,6890000.0,1954847000.0,,517175000.0,86965000.0,86965000.0,0.0,1580522000.0,564583000.0,1015939000.0,1569027503.0,87926000.0,0.0,-431000.0,-10556000.0,-6654000.0,-17641000.0,-44845000.0,0.0,149263000.0,1149000.0,19615000.0,19615000.0,19615000.0,0.0,6212000.0,0.023,63385000.0,47324000.0,302422000.0,0.367,1.583,14.134,13.737,974269000.0,0.0,24.04,0.456,0.456,360405000.0,1741611000.0,861007000.0,861007000.0,0.0,,,,,503000.0,63733000.0,1.0,65267367.0,65267367.0,,13.192,2558988000.0,111644000.0,14302000.0,17699000.0,39.208,890207000.0
30,CTB,MRQ,2013-09-30,2013-09-30,2013-09-30,2021-09-14,-519293000.0,2852968000.0,,1494049000.0,1358919000.0,,13.3,-42260000.0,312458000.0,312458000.0,735015000.0,3301000.0,2.351,2.103,370857000.0,44443000.0,326414000.0,370857000.0,0.0,33712000.0,0.0,0.014,0.105,24361000.0,58073000.0,0.07,58073000.0,24361000.0,17677000.0,0.0,0.0,0.0,868052000.0,,868052000.0,2157771904.0,7.0,5.109,94823000.0,1.453,1.0,97404000.0,0.117,179921000.0,6684000.0,2095876000.0,,587390000.0,68996000.0,68996000.0,0.0,1825496000.0,635570000.0,1189926000.0,2010234904.0,65652000.0,0.0,275000.0,-24841000.0,-6654000.0,-31301000.0,-42260000.0,0.0,137083000.0,2130000.0,-168000.0,-168000.0,-168000.0,0.0,3469000.0,0.0,69844000.0,27560000.0,304430000.0,,2.316,12.232,11.801,958967000.0,0.0,30.8,0.552,0.552,440997000.0,1728693000.0,832419000.0,832419000.0,0.0,,,,,2009000.0,69496000.0,1.0,65267367.0,65267367.0,,12.754,2673047000.0,200284000.0,17845000.0,20965000.0,40.955,858479000.0
31,CTB,MRQ,2013-06-30,2013-06-30,2013-06-30,2021-09-14,-532080000.0,2891098000.0,,1524662000.0,1366436000.0,,13.574,-43273000.0,248269000.0,248269000.0,733966000.0,41600000.0,2.328,2.182,395806000.0,68929000.0,326877000.0,395806000.0,0.0,33389000.0,0.0,0.013,0.105,62359000.0,95748000.0,0.108,95748000.0,62359000.0,55128000.0,0.56,0.55,0.56,859804000.0,,859804000.0,2209653757.0,6.0,4.269,-23213000.0,-0.366,1.0,150160000.0,0.17,179464000.0,7231000.0,2204290000.0,,654096000.0,64883000.0,64883000.0,0.0,1875670000.0,654881000.0,1220789000.0,2101050757.0,-28019000.0,0.0,524000.0,8965000.0,-6651000.0,-6871000.0,-43273000.0,0.0,20060000.0,2065000.0,35486000.0,35486000.0,35486000.0,0.0,6114000.0,0.04,80994000.0,69166000.0,341401000.0,0.188,2.444,8.805,8.752,949491000.0,0.0,33.17,0.538,0.538,468006000.0,1735516000.0,884126000.0,884126000.0,0.0,,,,,2643000.0,80994000.0,1.0,63341898.0,63341898.0,,13.958,2711634000.0,216373000.0,19642000.0,20572000.0,42.809,869781000.0
32,CTB,MRQ,2013-03-31,2013-03-31,2013-03-31,2021-09-14,-544197000.0,2884268000.0,,1525352000.0,1358916000.0,,12.913,-49347000.0,277243000.0,277243000.0,703763000.0,62837000.0,2.232,2.349,385846000.0,51048000.0,334798000.0,385846000.0,0.0,32121000.0,0.0,0.016,0.105,90798000.0,122919000.0,0.143,122919000.0,90798000.0,83697000.0,0.89,0.87,0.89,815889000.0,,815889000.0,1633087064.0,4.0,3.006,-83378000.0,-1.32,1.0,157918000.0,0.183,175138000.0,7101000.0,2134424000.0,,658903000.0,41641000.0,41641000.0,0.0,1916670000.0,683309000.0,1233361000.0,1621348064.0,-79645000.0,0.0,1070000.0,14882000.0,-6645000.0,9307000.0,-49347000.0,0.0,-34031000.0,-5574000.0,56080000.0,56080000.0,56080000.0,0.0,6757000.0,0.065,61254000.0,96664000.0,353473000.0,0.118,1.987,6.361,6.32,941262000.0,0.0,25.66,0.398,0.398,477536000.0,1706702000.0,861681000.0,861681000.0,0.0,,,,,1818000.0,61254000.0,1.0,63185817.0,63185817.0,,13.637,2709130000.0,221991000.0,27617000.0,47210000.0,42.876,842043000.0
33,CTB,MRQ,2012-12-31,2012-12-31,2012-12-31,2021-09-14,-551526000.0,2801160000.0,,1449695000.0,1351465000.0,,12.041,-63815000.0,359558000.0,359558000.0,870693000.0,83075000.0,2.213,2.498,371297000.0,35155000.0,336142000.0,371297000.0,0.0,32722000.0,0.0,0.017,0.105,112891000.0,145613000.0,0.137,145613000.0,112891000.0,107318000.0,1.16,1.16,1.16,757624000.0,,757624000.0,1701426057.0,5.0,3.438,98331000.0,1.563,1.0,191777000.0,0.181,168868000.0,5573000.0,1988890000.0,,561868000.0,47646000.0,47646000.0,0.0,1892744000.0,655141000.0,1237603000.0,1595671057.0,80305000.0,0.0,3786000.0,-16499000.0,-6623000.0,-19336000.0,-63815000.0,0.0,162146000.0,1310000.0,72944000.0,72944000.0,72944000.0,0.0,10131000.0,0.069,69068000.0,122709000.0,379867000.0,0.091,2.106,7.241,7.205,929255000.0,0.0,25.36,0.38,0.38,415460000.0,1657936000.0,1062470000.0,1062470000.0,0.0,,,,,2124000.0,67542000.0,1.0,62920783.0,62920783.0,,16.886,2632292000.0,228849000.0,34374000.0,26323000.0,41.835,794554000.0
34,CTB,MRQ,2012-09-30,2012-09-30,2012-09-30,2021-09-14,-499673000.0,2755062000.0,,1474369000.0,1280693000.0,,11.826,-45473000.0,280900000.0,280900000.0,897468000.0,82711000.0,2.053,2.546,386655000.0,50024000.0,336631000.0,386655000.0,0.0,32083000.0,0.0,0.022,0.105,121232000.0,153315000.0,0.14,153315000.0,121232000.0,114117000.0,1.18,1.17,1.18,737522000.0,,737522000.0,1408438863.0,5.0,3.256,107014000.0,1.716,1.0,198158000.0,0.181,35088000.0,7115000.0,2107444000.0,,585958000.0,51130000.0,51130000.0,0.0,1877461000.0,718285000.0,1159176000.0,1196171863.0,31011000.0,0.0,4876000.0,-76418000.0,-6561000.0,-78103000.0,-45473000.0,0.0,152487000.0,2100000.0,74113000.0,74113000.0,74113000.0,0.0,8598000.0,0.068,68555000.0,129603000.0,418780000.0,0.089,1.622,3.356,3.353,1018228000.0,0.0,19.18,0.286,0.286,499568000.0,1591656000.0,1095626000.0,1095626000.0,0.0,,,,,2241000.0,68555000.0,1.0,62365582.0,62365582.0,,17.568,2719974000.0,187826000.0,40004000.0,20943000.0,43.613,756084000.0
35,CTB,MRQ,2012-06-30,2012-06-30,2012-06-30,2021-09-14,-507171000.0,2706331000.0,,1441449000.0,1264882000.0,,10.519,-40188000.0,250362000.0,250362000.0,899578000.0,58590000.0,1.87,2.93,462629000.0,125548000.0,337081000.0,462629000.0,0.0,32007000.0,0.0,0.024,0.105,89474000.0,121481000.0,0.115,121481000.0,89474000.0,81091000.0,0.83,0.82,0.83,655467000.0,,655467000.0,1312142331.0,6.0,3.725,17176000.0,0.276,1.0,158904000.0,0.15,35460000.0,8383000.0,2112185000.0,,568479000.0,65863000.0,65863000.0,0.0,1920317000.0,770953000.0,1149364000.0,1092992331.0,-17143000.0,0.0,125000.0,-22611000.0,-6546000.0,-32598000.0,-40188000.0,0.0,57364000.0,-1721000.0,51746000.0,51746000.0,51746000.0,0.0,6844000.0,0.049,63490000.0,95414000.0,427219000.0,0.127,1.668,3.648,3.639,1000943000.0,0.0,17.54,0.265,0.265,499086000.0,1524595000.0,1058482000.0,1058482000.0,0.0,,,,,2280000.0,63490000.0,1.0,62314272.0,62314272.0,,16.986,2670871000.0,188776000.0,29345000.0,27555000.0,42.861,670496000.0
36,CTB,MRQ,2012-03-31,2012-03-31,2012-03-31,2021-09-14,-510443000.0,2640854000.0,,1373116000.0,1267738000.0,,9.708,-37062000.0,267843000.0,267843000.0,878829000.0,28050000.0,1.818,3.159,486993000.0,152183000.0,334810000.0,486993000.0,0.0,32104000.0,0.0,0.028,0.105,42344000.0,74448000.0,0.076,74448000.0,42344000.0,33869000.0,0.35,0.34,0.35,604813000.0,,604813000.0,1194402097.0,7.0,4.176,45161000.0,0.725,1.0,105429000.0,0.107,35832000.0,8475000.0,2069082000.0,,491307000.0,77583000.0,77583000.0,0.0,1910660000.0,755090000.0,1155570000.0,948241097.0,23934000.0,-18534000.0,176000.0,3799000.0,-6543000.0,-2568000.0,-55596000.0,0.0,82223000.0,-125000.0,21568000.0,21568000.0,21568000.0,0.0,6482000.0,0.022,57719000.0,47710000.0,408353000.0,0.3,1.568,3.656,3.641,999136000.0,0.0,15.22,0.238,0.238,480035000.0,1479411000.0,984258000.0,984258000.0,0.0,,,,,1391000.0,57719000.0,1.0,62302306.0,62302306.0,,15.798,2605022000.0,193480000.0,12301000.0,8534000.0,41.813,618026000.0
37,CTB,MRQ,2011-12-31,2011-12-31,2011-12-31,2021-09-14,-520878000.0,2509918000.0,,1263980000.0,1245938000.0,,9.277,-34120000.0,236185000.0,236185000.0,931997000.0,214718000.0,1.942,3.136,482346000.0,152850000.0,329496000.0,482346000.0,0.0,30185000.0,0.0,0.031,0.105,53073000.0,83258000.0,0.08,83258000.0,53073000.0,44485000.0,3.36,3.32,3.36,577801000.0,,577801000.0,1274996426.0,8.0,4.601,164105000.0,2.635,1.0,106688000.0,0.103,117338000.0,8588000.0,1987724000.0,,465393000.0,71661000.0,71661000.0,0.0,1812028000.0,651017000.0,1161011000.0,872557426.0,143145000.0,0.0,62000.0,-14869000.0,-6540000.0,-21349000.0,-34120000.0,0.0,198225000.0,389000.0,209025000.0,209025000.0,209025000.0,0.0,5693000.0,0.201,47035000.0,59653000.0,339215000.0,0.031,1.51,3.442,3.434,899044000.0,0.0,14.01,0.223,0.223,427782000.0,1464392000.0,1038685000.0,1038685000.0,0.0,,,,,1063000.0,47035000.0,1.0,62281044.0,62281044.0,,16.677,2392580000.0,206493000.0,-164540000.0,15559000.0,38.416,612963000.0
38,CTB,MRQ,2011-09-30,2011-09-30,2011-09-30,2021-09-14,-415774000.0,2361573000.0,,1291681000.0,1069892000.0,,7.701,-38186000.0,92999000.0,92999000.0,960518000.0,21961000.0,1.694,3.848,495438000.0,165882000.0,329556000.0,495438000.0,0.0,29814000.0,0.0,0.04,0.11,43237000.0,73051000.0,0.07,73051000.0,43237000.0,34284000.0,0.28,0.27,0.28,479430000.0,,479430000.0,1019965887.0,7.0,3.715,-55684000.0,-0.894,1.0,88084000.0,0.084,35885000.0,8953000.0,1965648000.0,,589862000.0,31896000.0,31896000.0,0.0,1844702000.0,762479000.0,1082223000.0,677986887.0,-47123000.0,0.0,119000.0,13951000.0,-6539000.0,7533000.0,-38186000.0,0.0,-17498000.0,1028000.0,17281000.0,17281000.0,17281000.0,0.0,4680000.0,0.016,40872000.0,47212000.0,425004000.0,0.393,1.414,8.007,7.949,963512000.0,0.0,10.89,0.18,0.18,554552000.0,1262308000.0,1048602000.0,1048602000.0,0.0,,,,,731000.0,40872000.0,1.0,62257749.0,62257749.0,,16.843,2325688000.0,0.0,17003000.0,15694000.0,37.356,529202000.0
39,CTB,MRQ,2011-06-30,2011-06-30,2011-06-30,2021-09-14,-430153000.0,2408822000.0,,1338562000.0,1070260000.0,,7.303,-47197000.0,140089000.0,140089000.0,849464000.0,14447000.0,1.602,4.223,482068000.0,157628000.0,324440000.0,482068000.0,0.0,32905000.0,0.0,0.022,0.11,22373000.0,55278000.0,0.06,55278000.0,22373000.0,13144000.0,0.19,0.18,0.19,453468000.0,,453468000.0,1499056777.0,9.0,5.01,-60948000.0,-0.981,1.0,69275000.0,0.075,37313000.0,9229000.0,1877772000.0,,642471000.0,38046000.0,38046000.0,0.0,1914894000.0,835716000.0,1079178000.0,1228902777.0,-50797000.0,0.0,1499000.0,19942000.0,-6534000.0,9176000.0,-47197000.0,0.0,-13751000.0,975000.0,11523000.0,11523000.0,11523000.0,0.0,2924000.0,0.013,45022000.0,24253000.0,488160000.0,0.579,2.71,10.973,10.874,959674000.0,0.0,19.79,0.341,0.341,477727000.0,1251190000.0,918739000.0,918739000.0,0.0,,,,,1360000.0,45022000.0,1.0,62097159.0,62097159.0,,14.795,2371509000.0,0.0,1621000.0,17340000.0,38.19,502846000.0
40,CTB,MRQ,2011-03-31,2011-03-31,2011-03-31,2021-09-14,-444237000.0,2285616000.0,,1237150000.0,1048466000.0,,6.996,-32453000.0,190786000.0,190786000.0,820834000.0,18477000.0,1.679,4.202,460940000.0,143664000.0,317276000.0,460940000.0,0.0,29995000.0,0.0,0.017,0.11,35554000.0,65549000.0,0.073,65549000.0,35554000.0,26133000.0,0.25,0.25,0.25,431759000.0,,431759000.0,1647159492.0,8.0,5.022,-73912000.0,-1.198,1.0,80960000.0,0.09,38150000.0,9421000.0,1780698000.0,,480054000.0,36172000.0,36172000.0,0.0,1814280000.0,736922000.0,1077358000.0,1589236492.0,-224874000.0,-17380000.0,2790000.0,-13197000.0,-6514000.0,-133421000.0,-49833000.0,0.0,-41459000.0,-161000.0,15674000.0,15674000.0,15674000.0,0.0,2803000.0,0.017,48777000.0,32183000.0,404788000.0,0.44,3.681,10.995,10.957,939271000.0,0.0,25.75,0.455,0.455,480253000.0,1246782000.0,901794000.0,901794000.0,0.0,,,,,979000.0,48777000.0,1.0,61717922.0,61717922.0,,14.612,2247466000.0,0.0,10459000.0,18244000.0,36.415,500228000.0
41,CTB,MRQ,2010-12-31,2010-12-31,2010-12-31,2021-09-14,-468063000.0,2305537000.0,,1340239000.0,965298000.0,,7.494,-43411000.0,415633000.0,415633000.0,807740000.0,46236000.0,1.93,3.868,473556000.0,152832000.0,320724000.0,473556000.0,0.0,30344000.0,0.0,0.018,0.105,50327000.0,80671000.0,0.089,80671000.0,50327000.0,40956000.0,0.65,0.64,0.65,460789000.0,,460789000.0,1569072773.0,8.0,4.89,63935000.0,1.04,1.0,93624000.0,0.104,17256000.0,9371000.0,1651943000.0,,386827000.0,69547000.0,69547000.0,0.0,1782487000.0,694261000.0,1088226000.0,1449970773.0,65947000.0,0.0,4824000.0,3546000.0,-6461000.0,1909000.0,-43411000.0,0.0,107346000.0,103000.0,40198000.0,40198000.0,40198000.0,247000.0,6038000.0,0.045,39017000.0,54607000.0,384464000.0,0.162,3.147,10.324,10.297,852442000.0,0.0,23.58,0.434,0.434,414149000.0,1247265000.0,901364000.0,901364000.0,0.0,,,,,1202000.0,38172000.0,1.0,61491551.0,61491551.0,,14.658,2288281000.0,27369000.0,758000.0,4601000.0,37.213,645978000.0
42,CTB,MRQ,2010-09-30,2010-09-30,2010-09-30,2021-09-14,-427295000.0,2238924000.0,,1286576000.0,952348000.0,,7.52,-29073000.0,349679000.0,349679000.0,754695000.0,50308000.0,1.918,3.715,468781000.0,143078000.0,325703000.0,468781000.0,0.0,33389000.0,0.0,0.022,0.105,64304000.0,97693000.0,0.111,97693000.0,64304000.0,54907000.0,0.73,0.71,0.73,462053000.0,,462053000.0,1312754129.0,7.0,4.081,-8243000.0,-0.134,1.0,128247000.0,0.145,17577000.0,9397000.0,1669505000.0,,370988000.0,0.0,0.0,0.0,1716349000.0,670944000.0,1045405000.0,1206334129.0,-31670000.0,0.0,1844000.0,-20896000.0,-6453000.0,-24005000.0,-29073000.0,0.0,20830000.0,578000.0,44598000.0,44598000.0,44598000.0,1000.0,5710000.0,0.051,61117000.0,67130000.0,362511000.0,0.144,2.611,8.653,8.535,836777000.0,0.0,19.63,0.375,0.375,521019000.0,1213540000.0,882942000.0,882942000.0,0.0,,,,,2111000.0,56351000.0,1.0,61453598.0,61440000.0,62759000.0,14.371,2221347000.0,0.0,10309000.0,5091000.0,36.155,615632000.0
43,CTB,MRQ,2010-06-30,2010-06-30,2010-06-30,2021-09-14,-434400000.0,2226502000.0,,1277370000.0,949132000.0,,6.742,-29372000.0,381343000.0,381343000.0,708577000.0,50171000.0,1.842,4.256,487763000.0,160910000.0,326853000.0,487763000.0,0.0,29628000.0,0.0,0.022,0.105,54473000.0,84101000.0,0.105,84101000.0,54473000.0,45324000.0,0.72,0.7,0.72,412790000.0,,412790000.0,1331855896.0,7.0,4.227,47403000.0,0.774,1.0,95382000.0,0.119,17898000.0,9149000.0,1621491000.0,,387350000.0,0.0,0.0,0.0,1756645000.0,693533000.0,1063112000.0,1194003896.0,41582000.0,0.0,1473000.0,9690000.0,-6440000.0,-6914000.0,-29372000.0,0.0,76775000.0,1093000.0,44077000.0,44077000.0,44077000.0,-25126000.0,6094000.0,0.055,61700000.0,33682000.0,388023000.0,0.146,2.893,8.429,7.992,835682000.0,0.0,19.5,0.381,0.381,459177000.0,1175334000.0,803959000.0,803959000.0,0.0,,,,,2445000.0,54274000.0,1.0,61230969.0,61230969.0,,13.13,2208604000.0,0.0,1247000.0,4725000.0,36.07,583837000.0
44,CTB,MRQ,2010-03-31,2010-03-31,2010-03-31,2021-09-14,-444946000.0,2142892000.0,,1196582000.0,946310000.0,,5.918,-15384000.0,339672000.0,339672000.0,669271000.0,17172000.0,1.803,4.671,477524000.0,150083000.0,327441000.0,477524000.0,0.0,30360000.0,0.0,0.023,0.11,28049000.0,58409000.0,0.077,58409000.0,28049000.0,19319000.0,0.19,0.19,0.19,360503000.0,,360503000.0,1230257371.0,9.0,4.689,-45644000.0,-0.749,1.0,85172000.0,0.113,18219000.0,8730000.0,1598751000.0,,360949000.0,0.0,0.0,0.0,1683762000.0,663774000.0,1019988000.0,1156252371.0,-89481000.0,0.0,2167000.0,-25066000.0,-6416000.0,-41985000.0,-15384000.0,0.0,-30260000.0,-1852000.0,11576000.0,11576000.0,11576000.0,760000.0,5596000.0,0.015,52217000.0,32955000.0,352029000.0,0.579,3.207,13.666,11.814,833637000.0,0.0,19.02,0.39,0.391,458968000.0,1137764000.0,754443000.0,754443000.0,0.0,,,,,1087000.0,44605000.0,1.0,60791397.0,60914000.0,62294000.0,12.385,2124673000.0,0.0,7743000.0,5318000.0,34.88,532808000.0
45,CTB,MRQ,2009-12-31,2009-12-31,2009-12-31,2021-09-14,-470272000.0,2100340000.0,,1131831000.0,968509000.0,,5.468,-14979000.0,429200000.0,429200000.0,645278000.0,55753000.0,1.779,5.199,503205000.0,172234000.0,330971000.0,503205000.0,0.0,30898000.0,0.0,0.021,0.105,50591000.0,81489000.0,0.105,81489000.0,50591000.0,39572000.0,0.66,0.67,0.66,330808000.0,,330808000.0,1382202306.0,14.0,6.206,106126000.0,1.754,1.0,127781000.0,0.165,18546000.0,11019000.0,1519458000.0,,298435000.0,42599000.0,42599000.0,0.0,1719816000.0,636341000.0,1083475000.0,1212979306.0,17438000.0,0.0,2217000.0,-84331000.0,-6353000.0,-88467000.0,-14979000.0,0.0,121105000.0,-221000.0,39163000.0,39163000.0,39163000.0,-6133000.0,16590000.0,0.051,67434000.0,60347000.0,300448000.0,0.159,3.667,23.432,19.279,850971000.0,0.0,20.05,0.436,0.436,324424000.0,1133133000.0,773059000.0,773059000.0,0.0,,,,,1667000.0,55162000.0,1.0,60497721.0,60497721.0,,12.778,2081794000.0,0.0,409000.0,3955000.0,34.411,495490000.0
46,CTB,MRQ,2009-09-30,2009-09-30,2009-09-30,2021-09-14,-433277000.0,2161434000.0,,1196742000.0,964692000.0,,5.581,-21271000.0,411813000.0,411813000.0,662277000.0,57495000.0,1.533,5.219,581036000.0,251093000.0,329943000.0,581036000.0,0.0,30154000.0,0.0,0.024,0.105,60899000.0,91053000.0,0.113,91053000.0,60899000.0,49459000.0,0.87,0.84,0.87,331114000.0,,331114000.0,1337234290.0,-12.0,73.592,138410000.0,2.333,1.0,140517000.0,0.175,18884000.0,11440000.0,1531076000.0,,310968000.0,0.0,0.0,0.0,1728188000.0,780697000.0,947491000.0,1036610290.0,107084000.0,-573000.0,71000.0,-25631000.0,-6192000.0,-31752000.0,-21844000.0,0.0,159681000.0,999000.0,46831000.0,46831000.0,46831000.0,337000.0,10664000.0,0.058,69829000.0,70688000.0,302602000.0,0.121,3.131,-7.922,-7.955,877241000.0,0.0,17.58,0.392,0.395,431354000.0,1100330000.0,802794000.0,802794000.0,0.0,,,,,1418000.0,56444000.0,1.0,58965318.0,59331000.0,61050000.0,13.531,2142550000.0,0.0,2628000.0,3051000.0,36.112,416045000.0
47,CTB,MRQ,2009-06-30,2009-06-30,2009-06-30,2021-09-14,-442217000.0,2085949000.0,,1111884000.0,974065000.0,,4.377,-24839000.0,304769000.0,304769000.0,531269000.0,-6322000.0,1.449,6.729,605393000.0,279924000.0,325469000.0,605393000.0,0.0,31342000.0,0.0,0.043,0.11,104000.0,31446000.0,0.05,31446000.0,104000.0,-11993000.0,-0.11,-0.11,-0.11,258045000.0,,258045000.0,982242104.0,-5.0,-11.993,106296000.0,1.803,1.0,100460000.0,0.159,19221000.0,12097000.0,1599983000.0,,377080000.0,0.0,0.0,0.0,1736436000.0,767369000.0,969067000.0,584802104.0,69766000.0,0.0,13000.0,-28372000.0,-6191000.0,-34550000.0,-24839000.0,0.0,131135000.0,-1980000.0,-12960000.0,-12960000.0,-12960000.0,37085000.0,6638000.0,-0.021,58987000.0,41473000.0,276015000.0,-1.0,2.266,-2.509,-2.468,886549000.0,0.0,9.92,0.222,0.222,367337000.0,1059691000.0,631729000.0,631729000.0,0.0,,,,,1496000.0,50278000.0,1.0,58951825.0,58958000.0,59803000.0,10.715,2066728000.0,0.0,967000.0,2342000.0,35.054,344515000.0
48,CTB,MRQ,2009-03-31,2009-03-31,2009-03-31,2021-09-14,-449340000.0,2025887000.0,,1044929000.0,980958000.0,,4.554,-16709000.0,235001000.0,235001000.0,521139000.0,-23287000.0,1.488,6.231,632441000.0,304052000.0,328389000.0,632441000.0,0.0,31117000.0,0.0,0.106,0.105,-12385000.0,18732000.0,0.033,18732000.0,-12385000.0,-25040000.0,-0.38,-0.38,-0.38,268431000.0,,268431000.0,646266415.0,-3.0,-7.409,15939000.0,0.27,1.0,50269000.0,0.088,19559000.0,12655000.0,1701430000.0,,400505000.0,0.0,0.0,0.0,1672626000.0,702338000.0,970288000.0,238086415.0,-14979000.0,-86000.0,0.0,-21690000.0,-6190000.0,-27880000.0,-16795000.0,0.0,32648000.0,-2952000.0,-21267000.0,-21267000.0,-21267000.0,364000.0,-2020000.0,-0.037,66508000.0,-16239000.0,262031000.0,-0.276,0.887,-0.982,-0.942,886644000.0,0.0,4.04,0.086,0.086,351447000.0,1078842000.0,571408000.0,571408000.0,0.0,,,,,838000.0,45106000.0,1.0,58932281.0,58941000.0,58941000.0,9.695,2006328000.0,0.0,-3773000.0,2105000.0,34.04,342591000.0
49,CTB,MRQ,2008-12-31,2008-12-31,2008-12-31,2021-09-14,-464427000.0,2042896000.0,,1044183000.0,998713000.0,,4.58,-28045000.0,250104000.0,250104000.0,645589000.0,-154463000.0,1.476,6.392,658284000.0,332535000.0,325749000.0,658284000.0,0.0,35237000.0,0.0,0.088,0.11,-158297000.0,-123060000.0,-0.194,-123060000.0,-158297000.0,-171781000.0,-2.59,-2.59,-2.59,269829000.0,,269829000.0,728067257.0,-4.0,-12.916,-38689000.0,-0.657,1.0,-9757000.0,-0.015,19902000.0,13484000.0,1723640000.0,,420112000.0,0.0,0.0,0.0,1724650000.0,707534000.0,1017116000.0,362887257.0,-16363000.0,-3666000.0,12000.0,21972000.0,-6185000.0,15799000.0,-31711000.0,0.0,-10644000.0,10193000.0,-143454000.0,-143454000.0,-143454000.0,16000.0,-11009000.0,-0.226,153998000.0,-163755000.0,248637000.0,-0.042,1.345,-1.654,-1.588,901274000.0,0.0,6.16,0.126,0.126,318109000.0,1096405000.0,635832000.0,635832000.0,0.0,,,,,517000.0,46256000.0,1.0,58910269.0,58910269.0,,10.793,2022994000.0,0.0,-28327000.0,1409000.0,34.34,336649000.0
50,CTB,MRQ,2008-09-30,2008-09-30,2008-09-30,2021-09-14,-186063000.0,2347471000.0,,1217844000.0,1129627000.0,,12.008,-29125000.0,266662000.0,266662000.0,793888000.0,-55003000.0,1.655,2.319,631842000.0,220152000.0,411690000.0,631842000.0,0.0,35859000.0,0.0,0.062,0.105,-44878000.0,-9019000.0,-0.011,-9019000.0,-44878000.0,-57699000.0,-0.94,-0.94,-0.94,707284000.0,,707284000.0,864800630.0,45.0,5.34,-85074000.0,-1.444,1.0,-137000.0,0.0,49548000.0,12821000.0,1927124000.0,,502593000.0,0.0,0.0,0.0,1640187000.0,735979000.0,904208000.0,506550630.0,11719000.0,81422000.0,0.0,18812000.0,-6186000.0,12626000.0,52297000.0,0.0,-55949000.0,2745000.0,-55381000.0,-55381000.0,-55381000.0,133000.0,378000.0,-0.07,46878000.0,-47015000.0,362763000.0,-0.112,0.716,-20.324,-18.696,995086000.0,0.0,8.6,0.168,0.168,408473000.0,1256030000.0,793751000.0,793751000.0,0.0,,,,,762000.0,46878000.0,1.0,58901236.0,58903000.0,58903000.0,13.476,2297923000.0,0.0,-2318000.0,1881000.0,39.012,481865000.0
51,CTB,MRQ,2008-06-30,2008-06-30,2008-06-30,2021-09-14,-186411000.0,2367325000.0,,1246293000.0,1121032000.0,,11.408,-33531000.0,255046000.0,255046000.0,743078000.0,-21743000.0,1.846,2.381,613296000.0,194236000.0,419060000.0,613296000.0,0.0,36286000.0,0.0,0.069,0.11,-10166000.0,26120000.0,0.034,26120000.0,-10166000.0,-22908000.0,-0.38,-0.38,-0.38,671881000.0,,671881000.0,772407664.0,7.0,3.039,-86471000.0,-1.468,1.0,29829000.0,0.039,50484000.0,12742000.0,2000002000.0,,443674000.0,0.0,0.0,0.0,1599585000.0,675089000.0,924496000.0,461753664.0,-13725000.0,0.0,0.0,30239000.0,-6184000.0,24055000.0,15608000.0,49139000.0,-52940000.0,-448000.0,-22231000.0,-22231000.0,-22231000.0,131000.0,488000.0,-0.029,45246000.0,-15417000.0,331005000.0,-0.289,0.687,7.612,8.167,1007154000.0,0.0,7.84,0.155,0.155,405899000.0,1317602000.0,772907000.0,772907000.0,0.0,,,,,375000.0,45246000.0,1.0,58897151.0,58897000.0,58897000.0,13.123,2316841000.0,0.0,-677000.0,4060000.0,39.337,571204000.0
52,CTB,MRQ,2008-03-31,2008-03-31,2008-03-31,2021-09-14,-197103000.0,2346730000.0,,1227085000.0,1119645000.0,,11.595,-31664000.0,268784000.0,268784000.0,623083000.0,3772000.0,2.039,2.264,579438000.0,143663000.0,435775000.0,579438000.0,0.0,35377000.0,0.0,0.036,0.215,14212000.0,49589000.0,0.073,49589000.0,14212000.0,2734000.0,0.03,0.03,0.03,689716000.0,,689716000.0,1095488092.0,7.0,3.688,-79348000.0,-1.334,1.0,56238000.0,0.083,51419000.0,11478000.0,2004040000.0,,401570000.0,49139000.0,49139000.0,0.0,1561643000.0,601925000.0,959718000.0,893234092.0,-79906000.0,-5956000.0,-13556000.0,22943000.0,-6218000.0,7419000.0,-36994000.0,626000.0,-47684000.0,-2647000.0,1686000.0,1686000.0,1686000.0,-344000.0,2086000.0,0.002,46684000.0,9554000.0,310637000.0,7.167,1.295,8.887,9.241,1002482000.0,0.0,14.97,0.304,0.303,376490000.0,1346017000.0,679321000.0,679321000.0,0.0,,,,,2270000.0,46684000.0,1.0,59668276.0,59484000.0,60474000.0,11.42,2295311000.0,0.0,1048000.0,1398000.0,38.587,625160000.0
53,CTB,MRQ,2007-12-31,2007-12-31,2007-12-31,2021-09-14,-205677000.0,2298490000.0,,1189924000.0,1108566000.0,,11.199,-29997000.0,348738000.0,348738000.0,672000000.0,59762000.0,2.234,2.147,550992000.0,86384000.0,464608000.0,550992000.0,0.0,35363000.0,0.0,0.033,0.105,59885000.0,95248000.0,0.124,95248000.0,59885000.0,48420000.0,0.83,0.82,0.83,701634000.0,,701634000.0,1337282973.0,7.0,4.168,62942000.0,1.005,1.0,93130000.0,0.122,54236000.0,11465000.0,1913973000.0,,304560000.0,49765000.0,49765000.0,0.0,1506199000.0,532535000.0,973664000.0,1038738973.0,44118000.0,66256000.0,-45704000.0,-36232000.0,-6425000.0,-84523000.0,36581000.0,322000.0,92939000.0,-879000.0,51002000.0,51002000.0,51002000.0,13943000.0,8760000.0,0.067,50117000.0,43013000.0,301621000.0,0.127,1.48,8.687,8.591,992215000.0,0.0,16.58,0.354,0.354,354939000.0,1350527000.0,765130000.0,765130000.0,0.0,,,,,1113000.0,50117000.0,1.0,62650119.0,62650119.0,,12.213,2244254000.0,0.0,-2582000.0,1450000.0,35.822,657389000.0
54,CTB,MRQ,2007-09-30,2007-09-30,2007-09-30,2021-09-14,-245646000.0,2380271000.0,,1259875000.0,1120396000.0,,12.018,-22857000.0,309512000.0,309512000.0,691627000.0,30204000.0,2.245,2.164,608056000.0,112980000.0,495076000.0,608056000.0,0.0,33764000.0,0.0,0.022,0.11,49416000.0,83180000.0,0.108,83180000.0,49416000.0,37065000.0,0.48,0.48,0.48,752336000.0,,752336000.0,1904512280.0,17.0,7.613,99247000.0,1.585,1.0,76083000.0,0.099,53114000.0,12351000.0,2064586000.0,,304457000.0,50087000.0,50087000.0,0.0,1627935000.0,561115000.0,1066820000.0,1523383280.0,20690000.0,-11964000.0,4455000.0,-66150000.0,-6576000.0,-65021000.0,-36453000.0,227000.0,122104000.0,-1107000.0,30204000.0,30204000.0,30204000.0,-12359000.0,0.0,0.039,43335000.0,32748000.0,255438000.0,0.229,2.025,37.214,37.538,984487000.0,0.0,24.4,0.538,0.539,399596000.0,1305955000.0,767710000.0,767710000.0,0.0,,,,,880000.0,42559000.0,1.0,62433741.0,62603000.0,63519000.0,12.263,2327157000.0,0.0,6861000.0,4301000.0,37.173,698760000.0
55,CTB,MRQ,2007-06-30,2007-06-30,2007-06-30,2021-09-14,-273475000.0,2369856000.0,,1237774000.0,1132082000.0,,11.222,-32501000.0,288829000.0,288829000.0,654773000.0,17613000.0,2.219,2.407,669958000.0,126811000.0,543147000.0,669958000.0,0.0,34586000.0,0.0,0.02,0.11,34478000.0,69064000.0,0.095,69064000.0,34478000.0,22321000.0,0.28,0.28,0.28,695544000.0,,695544000.0,2104705691.0,35.0,10.881,66081000.0,1.066,1.0,75362000.0,0.103,59007000.0,12157000.0,2134243000.0,,349873000.0,50314000.0,50314000.0,0.0,1674312000.0,557735000.0,1116577000.0,1703546691.0,18696000.0,0.0,15145000.0,-3252000.0,-6526000.0,5367000.0,-82168000.0,-50314000.0,98582000.0,-1918000.0,17613000.0,17613000.0,17613000.0,-1998000.0,0.0,0.024,45860000.0,29502000.0,272302000.0,0.393,2.449,-119.455,-115.083,1002597000.0,0.0,27.62,0.619,0.622,428244000.0,1282328000.0,730135000.0,730135000.0,0.0,,,,,707000.0,44168000.0,1.0,61678012.0,61980000.0,62913000.0,11.78,2310849000.0,0.0,4708000.0,0.0,37.284,680039000.0
56,CTB,MRQ,2007-03-31,2007-03-31,2007-03-31,2021-09-14,-277314000.0,2336663000.0,,1208743000.0,1127920000.0,,10.814,-35963000.0,270022000.0,270022000.0,598761000.0,20751000.0,2.084,2.515,671181000.0,148035000.0,523146000.0,671181000.0,0.0,33219000.0,0.0,0.029,0.215,40118000.0,73337000.0,0.11,73337000.0,40118000.0,27599000.0,0.34,0.33,0.34,664765000.0,,664765000.0,1519746309.0,18533.0,11.294,23206000.0,0.377,1.0,70839000.0,0.106,60196000.0,12519000.0,2097495000.0,,371462000.0,0.0,0.0,0.0,1671898000.0,580131000.0,1091767000.0,1122935309.0,40788000.0,0.0,4329000.0,11876000.0,-6474000.0,18231000.0,-36610000.0,0.0,59169000.0,-2000.0,20751000.0,20751000.0,20751000.0,-1246000.0,0.0,0.031,41710000.0,29129000.0,282322000.0,0.632,1.689,-21.346,-21.267,997354000.0,0.0,18.29,0.424,0.425,444383000.0,1271240000.0,669600000.0,669600000.0,0.0,,,,,1031000.0,40663000.0,1.0,61396135.0,61475000.0,61972000.0,10.892,2276467000.0,0.0,6848000.0,8831000.0,37.031,628612000.0
57,CTB,MRQ,2006-12-31,2006-12-31,2006-12-31,2021-09-14,-282552000.0,2235515000.0,,1032344000.0,1203171000.0,,9.296,-62685000.0,229161000.0,229161000.0,594721000.0,-27632000.0,1.957,2.798,639342000.0,126129000.0,513213000.0,639342000.0,0.0,34946000.0,0.0,0.03,0.105,-10369000.0,24577000.0,0.037,24577000.0,-10369000.0,-22173000.0,-0.45,-0.45,-0.45,570203000.0,,570203000.0,1382639666.0,-38.0,14.415,118508000.0,1.932,1.0,69228000.0,0.104,56689000.0,11804000.0,2061519000.0,,337867000.0,0.0,0.0,0.0,1595624000.0,527488000.0,1068136000.0,877156666.0,116518000.0,-65000.0,27000.0,1371000.0,-6460000.0,338000.0,-61602000.0,0.0,181193000.0,-3411000.0,-27632000.0,-27632000.0,-27632000.0,5228000.0,0.0,-0.042,79187000.0,-9959000.0,270522000.0,-0.233,1.538,-11.172,-11.172,970633000.0,0.0,14.3,0.341,0.341,395523000.0,1256971000.0,663949000.0,663949000.0,0.0,,,,,544000.0,37505000.0,1.0,61339627.0,61339627.0,,10.824,2178826000.0,0.0,5459000.0,4695000.0,35.521,504856000.0
58,CTB,MRQ,2006-09-30,2006-09-30,2006-09-30,2021-09-14,-78022000.0,2462781000.0,,1045158000.0,1417623000.0,,14.314,-47053000.0,118380000.0,118380000.0,638859000.0,-24993000.0,1.832,1.805,623863000.0,110850000.0,513013000.0,623863000.0,0.0,30862000.0,0.0,0.043,0.11,-4419000.0,26443000.0,0.038,26443000.0,-4419000.0,-17383000.0,-0.41,-0.41,-0.41,878028000.0,,878028000.0,1115706622.0,-91.0,9.943,16835000.0,0.274,1.0,51043000.0,0.074,104767000.0,12964000.0,2293083000.0,,424018000.0,0.0,0.0,0.0,1584753000.0,570414000.0,1014339000.0,617050622.0,-64000.0,-2738000.0,0.0,-3829000.0,-6441000.0,-10270000.0,-52677000.0,0.0,63888000.0,-1005000.0,-24993000.0,-24993000.0,-24993000.0,1467000.0,0.0,-0.036,56105000.0,-5062000.0,290289000.0,-0.268,0.703,-10.689,-10.817,983744000.0,0.0,10.06,0.261,0.261,468753000.0,1291018000.0,689902000.0,689902000.0,0.0,,,,,281000.0,54790000.0,1.0,61337040.0,61339000.0,61339000.0,11.247,2358014000.0,12971000.0,7610000.0,14803000.0,38.442,474744000.0
59,CTB,MRQ,2006-06-30,2006-06-30,2006-06-30,2021-09-14,-83201000.0,2497071000.0,,1099232000.0,1397839000.0,,14.738,-42755000.0,119360000.0,119360000.0,595593000.0,-20732000.0,1.898,1.762,618016000.0,115397000.0,502619000.0,618016000.0,0.0,35450000.0,0.0,0.038,0.105,-25248000.0,10202000.0,0.016,10202000.0,-25248000.0,-36832000.0,-0.34,-0.34,-0.34,904000000.0,,904000000.0,986191626.0,127.0,7.598,-138191000.0,-2.253,1.0,29192000.0,0.047,105327000.0,11584000.0,2311204000.0,,464671000.0,0.0,0.0,0.0,1593071000.0,579196000.0,1013875000.0,683294626.0,-88613000.0,-98000.0,6000.0,56336000.0,-6440000.0,51926000.0,-42853000.0,0.0,-95436000.0,-2250000.0,-20732000.0,-20732000.0,-20732000.0,-2190000.0,0.0,-0.033,55084000.0,-25892000.0,300252000.0,-0.309,0.756,-20.35,-21.019,966309000.0,0.0,11.14,0.306,0.306,460594000.0,1322463000.0,624785000.0,624785000.0,0.0,,,,,274000.0,46872000.0,1.0,61337040.0,61337000.0,61337000.0,10.186,2391744000.0,23834000.0,-16100000.0,26122000.0,38.993,520036000.0
60,CTB,MRQ,2006-03-31,2006-03-31,2006-03-31,2021-09-14,-85514000.0,2466123000.0,,1075513000.0,1390610000.0,,15.141,-33322000.0,206278000.0,206278000.0,552977000.0,-5154000.0,2.001,1.656,509175000.0,6556000.0,502619000.0,509175000.0,0.0,31343000.0,0.0,0.03,0.105,3352000.0,34695000.0,0.058,34695000.0,3352000.0,-7461000.0,-0.08,-0.08,-0.08,928578000.0,,928578000.0,1078055267.0,38.0,7.533,-67250000.0,-1.097,1.0,43605000.0,0.073,106310000.0,10813000.0,2125235000.0,,407594000.0,0.0,0.0,0.0,1537545000.0,537475000.0,1000070000.0,879452267.0,-86898000.0,-40145000.0,116000.0,16219000.0,-6440000.0,20895000.0,-73467000.0,0.0,-33928000.0,-398000.0,-5154000.0,-5154000.0,-5154000.0,-314000.0,0.0,-0.009,47944000.0,-4339000.0,373520000.0,-1.312,0.947,-44.583,-47.8,962796000.0,0.0,14.34,0.415,0.415,436872000.0,1349652000.0,596582000.0,596582000.0,0.0,,,,,473000.0,47944000.0,1.0,61328610.0,61330000.0,61330000.0,9.727,2359813000.0,23826000.0,-2307000.0,19859000.0,38.477,538038000.0
61,CTB,MRQ,2005-12-31,2005-12-31,2005-12-31,2021-09-14,-86323000.0,2152186000.0,,968801000.0,1183385000.0,,15.31,-31906000.0,293094000.0,293094000.0,415702000.0,-6851000.0,3.49,1.293,491697000.0,79000.0,491618000.0,491697000.0,0.0,26765000.0,0.0,0.028,0.11,14105000.0,40870000.0,0.09,40870000.0,14105000.0,1072000.0,-0.1,-0.1,-0.1,938776000.0,,938776000.0,1195669541.0,26.0,7.713,28492000.0,0.465,1.0,37139000.0,0.082,79280000.0,13033000.0,1993912000.0,,306046000.0,0.0,0.0,0.0,1213410000.0,277597000.0,935813000.0,939363541.0,-124550000.0,0.0,-227000.0,-181266000.0,-6437000.0,-183720000.0,-1381000.0,41810000.0,60398000.0,153000.0,-6851000.0,-6851000.0,-6851000.0,5049000.0,0.0,-0.015,32355000.0,4784000.0,157785000.0,-1.1,1.001,-100.402,-102.133,786225000.0,0.0,15.32,0.461,0.461,338793000.0,1361269000.0,452841000.0,452841000.0,0.0,,,,,68000.0,32078000.0,1.0,61316158.0,61316158.0,,7.385,2072906000.0,23130000.0,7923000.0,37331000.0,33.807,691204000.0
62,CTB,MRQ,2005-09-30,2005-09-30,2005-09-30,2021-09-14,-76494000.0,2408791000.0,,1227604000.0,1181187000.0,,15.672,-38825000.0,417502000.0,417502000.0,502369000.0,-840000.0,3.736,1.508,673808000.0,189000.0,673619000.0,673808000.0,0.0,28486000.0,0.0,0.028,0.105,15551000.0,44037000.0,0.079,44037000.0,15551000.0,2006000.0,-0.01,-0.01,-0.01,960550000.0,,960550000.0,1162731676.0,7.0,4.135,-23878000.0,-0.39,1.0,55426000.0,0.099,80032000.0,13545000.0,2256496000.0,,343669000.0,41810000.0,41810000.0,0.0,1448241000.0,328569000.0,1119672000.0,935122676.0,-39785000.0,0.0,1143000.0,-12708000.0,-6439000.0,-18004000.0,-38570000.0,255000.0,14947000.0,1842000.0,-840000.0,-840000.0,-840000.0,-235000.0,0.0,-0.002,41354000.0,14072000.0,175792000.0,-10.5,0.974,7.154,8.776,775227000.0,0.0,15.27,0.44,0.441,382732000.0,1374558000.0,557795000.0,557795000.0,0.0,,,,,17000.0,41631000.0,1.0,61239206.0,61292000.0,61292000.0,9.101,2328759000.0,0.0,2846000.0,43493000.0,37.995,899035000.0
63,CTB,MRQ,2005-06-30,2005-06-30,2005-06-30,2021-09-14,-72647000.0,2413982000.0,,1243966000.0,1170016000.0,,15.591,-51289000.0,458109000.0,458109000.0,473020000.0,-6881000.0,3.953,1.487,685718000.0,98000.0,685620000.0,685718000.0,0.0,27799000.0,0.0,0.023,0.11,-4297000.0,23502000.0,0.046,23502000.0,-4297000.0,-18012000.0,-0.11,-0.11,-0.11,970532000.0,,970532000.0,1381701061.0,8.0,4.795,-52244000.0,-0.839,1.0,37910000.0,0.074,80785000.0,13715000.0,2246109000.0,,329931000.0,42065000.0,42065000.0,0.0,1443450000.0,314697000.0,1128753000.0,1187767061.0,-118471000.0,54270000.0,-82667000.0,-84402000.0,-6428000.0,-173497000.0,54468000.0,49799000.0,-955000.0,1513000.0,-6881000.0,-6881000.0,-6881000.0,463000.0,0.0,-0.013,37497000.0,413000.0,180582000.0,-1.0,1.224,8.398,9.878,765290000.0,0.0,18.57,0.561,0.546,367563000.0,1381836000.0,510930000.0,510930000.0,0.0,,,,,130000.0,37497000.0,1.0,63961608.0,62250000.0,62250000.0,8.208,2333197000.0,0.0,-11131000.0,45493000.0,37.481,929269000.0
64,CTB,MRQ,2005-03-31,2005-03-31,2005-03-31,2021-09-14,-72274000.0,2559232000.0,,1416418000.0,1142814000.0,,15.046,-35138000.0,576598000.0,576598000.0,465375000.0,5216000.0,4.588,1.434,770532000.0,110000.0,770422000.0,770532000.0,0.0,26730000.0,0.0,0.023,0.105,19878000.0,46608000.0,0.091,46608000.0,19878000.0,5663000.0,0.07,0.07,0.07,1051306000.0,,1051306000.0,1168286502.0,5.0,3.452,-55911000.0,-0.8,1.0,48682000.0,0.095,81537000.0,14215000.0,2362891000.0,,276401000.0,91864000.0,91864000.0,0.0,1507926000.0,308738000.0,1199188000.0,1288335502.0,-318210000.0,-107961000.0,-103340000.0,-340000.0,-7339000.0,-111019000.0,-187417000.0,-45800000.0,-20773000.0,999000.0,5216000.0,5216000.0,5216000.0,-6260000.0,0.0,0.01,42801000.0,5881000.0,176970000.0,1.5,1.225,7.068,7.494,742718000.0,0.0,18.36,0.609,0.606,442062000.0,1395146000.0,514057000.0,514057000.0,0.0,,,,,33000.0,42801000.0,1.0,70170779.0,69871000.0,69871000.0,7.357,2477695000.0,0.0,447000.0,42671000.0,35.461,1107680000.0
65,CTB,MRQ,2004-12-31,2004-12-31,2004-12-31,2021-09-14,-74085000.0,2668084000.0,,1642479000.0,1025605000.0,,15.635,-62999000.0,894212000.0,894212000.0,487298000.0,133224000.0,5.265,1.279,774163000.0,459000.0,773704000.0,774163000.0,0.0,30663000.0,0.0,0.02,0.11,136407000.0,167070000.0,0.309,167070000.0,136407000.0,129797000.0,1.79,1.78,1.79,1170533000.0,,1170533000.0,2364203708.0,10.0,6.734,-197842000.0,-2.643,1.0,53669000.0,0.099,82270000.0,6610000.0,2153800000.0,,248782000.0,46064000.0,46064000.0,0.0,1497551000.0,311965000.0,1185586000.0,1613382708.0,826268000.0,1172267000.0,-80796000.0,14370000.0,-7622000.0,-94575000.0,1051342000.0,-46064000.0,-134843000.0,4344000.0,133224000.0,133224000.0,133224000.0,-130007000.0,0.0,0.246,46309000.0,7360000.0,182061000.0,0.061,1.378,8.012,7.952,729420000.0,0.0,21.55,0.775,0.775,389667000.0,1397268000.0,540967000.0,540967000.0,0.0,,,,,0.0,46067000.0,1.0,74866947.0,74866947.0,,7.226,2585814000.0,0.0,-3427000.0,42320000.0,34.539,1330514000.0
66,CTB,MRQ,2004-09-30,2004-09-30,2004-09-30,2021-09-14,-105224000.0,2956855000.0,,2071206000.0,885649000.0,,14.609,-38668000.0,24932000.0,24932000.0,489305000.0,9870000.0,2.902,1.701,775753000.0,161000.0,775592000.0,775753000.0,0.0,28574000.0,0.0,0.021,0.105,22424000.0,50998000.0,0.092,50998000.0,22424000.0,15844000.0,0.13,0.13,0.13,1094587000.0,,1094587000.0,2286594839.0,22.0,10.489,63062000.0,0.842,1.0,62141000.0,0.113,80103000.0,6580000.0,2913844000.0,,238230000.0,0.0,0.0,0.0,1862268000.0,713729000.0,1148539000.0,1509033839.0,26182000.0,0.0,2714000.0,-27384000.0,-7874000.0,-22214000.0,-54683000.0,0.0,101730000.0,1349000.0,9870000.0,9870000.0,9870000.0,3305000.0,0.0,0.018,36406000.0,25735000.0,158937000.0,0.808,1.379,15.667,15.515,696464000.0,0.0,20.17,1.219,1.221,340683000.0,1271665000.0,551446000.0,551446000.0,0.0,,,,,0.0,39247000.0,1.0,74815758.0,74928000.0,75935000.0,7.36,2876752000.0,0.0,5974000.0,15881000.0,38.394,1357477000.0
67,CTB,MRQ,2004-06-30,2004-06-30,2004-06-30,2021-09-14,-116349000.0,2925662000.0,,1107233000.0,1818429000.0,,14.478,-32776000.0,29279000.0,29279000.0,444479000.0,33979000.0,1.942,1.715,806840000.0,29843000.0,776997000.0,806840000.0,0.0,27969000.0,0.0,0.019,0.11,45834000.0,73803000.0,0.145,73803000.0,45834000.0,38002000.0,0.46,0.45,0.46,1077661000.0,,1077661000.0,2485213773.0,22.0,12.96,24731000.0,0.332,1.0,64707000.0,0.127,475307000.0,7832000.0,2657626000.0,,333081000.0,0.0,0.0,0.0,1848001000.0,570290000.0,1277711000.0,1705846773.0,-79081000.0,0.0,10171000.0,-172880000.0,-7826000.0,-86651000.0,-43830000.0,0.0,57507000.0,-6107000.0,33979000.0,33979000.0,33979000.0,-25108000.0,0.0,0.067,44082000.0,20625000.0,272531000.0,0.239,1.583,16.37,16.312,1183827000.0,0.0,23.0,1.415,1.42,674245000.0,1268578000.0,509186000.0,509186000.0,0.0,,,,,0.0,43403000.0,1.0,74167251.0,74432000.0,75444000.0,6.841,2450355000.0,0.0,4023000.0,30419000.0,32.921,536943000.0
68,CTB,MRQ,2004-03-31,2004-03-31,2004-03-31,2021-09-14,-109027000.0,2994119000.0,,1164632000.0,1829487000.0,,14.169,-24828000.0,110397000.0,110397000.0,427534000.0,24299000.0,2.04,1.854,889764000.0,13340000.0,876424000.0,889764000.0,0.0,27391000.0,0.0,0.021,0.11,31836000.0,59227000.0,0.123,59227000.0,31836000.0,25289000.0,0.33,0.32,0.33,1049203000.0,,1049203000.0,2303984261.0,22.0,11.402,52750000.0,0.712,1.0,52476000.0,0.109,476353000.0,6547000.0,2726336000.0,,308799000.0,0.0,0.0,0.0,1944916000.0,570797000.0,1374119000.0,1492677261.0,41933000.0,0.0,2192000.0,63140000.0,-7781000.0,-1641000.0,-31215000.0,0.0,77578000.0,-2789000.0,24299000.0,24299000.0,24299000.0,-22116000.0,0.0,0.051,42972000.0,9504000.0,297699000.0,0.333,1.423,17.994,17.991,1190982000.0,0.0,20.15,0.972,0.971,687343000.0,1242970000.0,480010000.0,480010000.0,0.0,,,,,0.0,42972000.0,1.0,74078276.0,74049000.0,75042000.0,6.482,2517766000.0,0.0,990000.0,24912000.0,34.001,593835000.0
69,CTB,MRQ,2003-12-31,2003-12-31,2003-12-31,2021-09-14,-109679000.0,2876319000.0,,1981250000.0,895069000.0,,13.954,-28356000.0,30593000.0,30593000.0,-247766000.0,28173000.0,3.346,1.791,864053000.0,161000.0,863892000.0,864053000.0,0.0,32245000.0,0.0,0.02,0.105,1717000.0,33962000.0,-0.112,33962000.0,1717000.0,14679000.0,0.38,0.38,0.38,1030389000.0,,1030389000.0,2452021738.0,22.0,10.731,82886000.0,1.122,1.0,-54962000.0,0.182,85404000.0,-12962000.0,3032227000.0,,189718000.0,0.0,0.0,0.0,1845930000.0,592148000.0,1253782000.0,1578757738.0,29041000.0,1000.0,3705000.0,-23348000.0,-7761000.0,-29223000.0,-45268000.0,0.0,111242000.0,-7710000.0,28173000.0,28173000.0,28173000.0,-43404000.0,0.0,-0.093,-15690000.0,-39272000.0,136244000.0,0.276,1.532,21.382,21.38,691374000.0,0.0,21.38,0.853,0.853,324373000.0,1226999000.0,-302728000.0,-302728000.0,0.0,,,,,0.0,-13881000.0,1.0,73842738.0,73842738.0,,-4.1,2790915000.0,0.0,-13494000.0,35095000.0,37.795,1389102000.0
70,CTB,MRQ,2003-09-30,2003-09-30,2003-09-30,2021-09-14,-123234000.0,2868273000.0,,1044312000.0,1823961000.0,,13.465,3004000.0,37385000.0,37385000.0,457863000.0,17757000.0,1.983,1.889,910649000.0,33995000.0,876654000.0,910649000.0,0.0,-7645000.0,0.0,0.026,0.105,32416000.0,24771000.0,0.048,24771000.0,32416000.0,25415000.0,0.24,0.24,0.24,992715000.0,,992715000.0,2128334342.0,25.0,14.399,122224000.0,1.658,1.0,61308000.0,0.118,629388000.0,7001000.0,2585418000.0,,284714000.0,0.0,0.0,0.0,1875558000.0,526731000.0,1348827000.0,1169823342.0,14505000.0,-1000.0,641000.0,-36468000.0,-7743000.0,-78057000.0,-33394000.0,0.0,119220000.0,6736000.0,17757000.0,17757000.0,17757000.0,-3087000.0,0.0,0.034,32297000.0,29011000.0,262234000.0,0.438,1.178,16.915,16.883,1194573000.0,0.0,15.87,0.831,0.831,670403000.0,1206585000.0,519171000.0,519171000.0,0.0,,,,,0.0,36152000.0,1.0,73712876.0,73723000.0,74293000.0,7.042,2238885000.0,0.0,7658000.0,6786000.0,30.369,517581000.0
71,CTB,MRQ,2003-06-30,2003-06-30,2003-06-30,2021-09-14,-127629000.0,2867097000.0,,1020998000.0,1846099000.0,,13.283,-35125000.0,22880000.0,22880000.0,737861000.0,12724000.0,1.852,1.933,981391000.0,102275000.0,879116000.0,981391000.0,0.0,46027000.0,0.0,0.024,0.105,38086000.0,84113000.0,0.1,84113000.0,38086000.0,19695000.0,0.17,0.17,0.17,977668000.0,,977668000.0,2178786030.0,20.0,9.748,-74370000.0,-1.01,1.0,101722000.0,0.121,635636000.0,18391000.0,2638800000.0,,325695000.0,0.0,0.0,0.0,1889429000.0,551172000.0,1338257000.0,1293960030.0,-10279000.0,0.0,1828000.0,66000000.0,-7724000.0,60104000.0,-35125000.0,0.0,-39245000.0,3987000.0,12724000.0,12724000.0,12724000.0,0.0,0.0,0.015,64546000.0,37176000.0,224614000.0,0.618,1.324,17.331,17.245,1210463000.0,0.0,17.59,0.749,0.749,614515000.0,1196572000.0,839583000.0,839583000.0,0.0,,,,,0.0,61659000.0,1.0,73562253.0,73602000.0,73923000.0,11.407,2231461000.0,0.0,6971000.0,6635000.0,30.318,469826000.0
72,CTB,MRQ,2003-03-31,2003-03-31,2003-03-31,2021-09-14,-146445000.0,2774470000.0,,917091000.0,1857379000.0,,12.942,-35130000.0,33159000.0,33159000.0,693510000.0,15181000.0,1.881,1.914,917985000.0,41830000.0,876155000.0,917985000.0,0.0,45040000.0,0.0,0.035,0.105,40623000.0,85663000.0,0.108,85663000.0,40623000.0,23907000.0,0.21,0.21,0.21,952022000.0,,952022000.0,1764982854.0,12.0,6.671,8235000.0,0.112,1.0,101317000.0,0.127,663888000.0,16716000.0,2507726000.0,,319092000.0,0.0,0.0,0.0,1822448000.0,487682000.0,1334766000.0,897402854.0,-11589000.0,-13110000.0,64000.0,-6005000.0,-7724000.0,-13665000.0,-48240000.0,0.0,43365000.0,6951000.0,15181000.0,15181000.0,15181000.0,0.0,0.0,0.019,63213000.0,38104000.0,238456000.0,0.5,0.943,8.893,8.841,1193491000.0,0.0,12.2,0.521,0.521,514834000.0,1191572000.0,794827000.0,794827000.0,0.0,,,,,0.0,62146000.0,1.0,73557611.0,73560000.0,73810000.0,10.805,2110582000.0,0.0,8726000.0,10387000.0,28.692,429409000.0
73,CTB,MRQ,2002-12-31,2002-12-31,2002-12-31,2021-09-14,-149230000.0,2712209000.0,,860528000.0,1851681000.0,,12.803,13569000.0,44748000.0,44748000.0,-629931000.0,23495000.0,1.98,1.88,912328000.0,36950000.0,875378000.0,912328000.0,0.0,-21277000.0,0.0,0.028,0.105,-25456000.0,-46733000.0,0.063,-46733000.0,-25456000.0,210000.0,0.32,0.32,0.32,941716000.0,,941716000.0,1993585502.0,12.0,7.022,49617000.0,0.675,1.0,-116180000.0,0.156,473460000.0,-25666000.0,2671753000.0,,280641000.0,0.0,0.0,0.0,1770493000.0,434576000.0,1335917000.0,1128285502.0,-135381000.0,0.0,78000.0,-96244000.0,-7723000.0,-141082000.0,-43858000.0,0.0,36048000.0,13511000.0,23495000.0,23495000.0,23495000.0,-56813000.0,0.0,-0.031,-34966000.0,-81214000.0,206638000.0,0.328,1.198,10.088,10.026,1197975000.0,0.0,15.34,0.648,0.648,460879000.0,1184115000.0,-746111000.0,-746111000.0,0.0,,,,,0.0,-32255000.0,1.0,73551858.0,73551858.0,,-10.144,2238749000.0,0.0,-23285000.0,15098000.0,30.438,425952000.0
74,CTB,MRQ,2002-09-30,2002-09-30,2002-09-30,2021-09-14,-85479000.0,2839744000.0,,1058689000.0,1781055000.0,,13.458,-34684000.0,180129000.0,180129000.0,729500000.0,23260000.0,1.728,1.87,1045429000.0,146265000.0,899164000.0,1045429000.0,0.0,44820000.0,0.0,0.027,0.11,55639000.0,100459000.0,0.12,100459000.0,55639000.0,36921000.0,0.32,0.31,0.32,989617000.0,,989617000.0,2103822481.0,9.0,4.941,67777000.0,0.922,1.0,109777000.0,0.131,607764000.0,18718000.0,2484457000.0,,299095000.0,0.0,0.0,0.0,1850127000.0,612823000.0,1237304000.0,1186665481.0,61505000.0,-721000.0,419000.0,550000.0,-7722000.0,-6753000.0,-35405000.0,0.0,102461000.0,1202000.0,23260000.0,23260000.0,23260000.0,0.0,0.0,0.028,55011000.0,54766000.0,209153000.0,0.344,1.199,11.406,11.287,1173291000.0,0.0,16.14,0.363,0.364,519507000.0,1168343000.0,839277000.0,839277000.0,0.0,,,,,0.0,53096000.0,1.0,73523264.0,73534000.0,74354000.0,11.413,2231980000.0,0.0,13661000.0,20435000.0,30.353,445866000.0
75,CTB,MRQ,2002-06-30,2002-06-30,2002-06-30,2021-09-14,-80978000.0,2838194000.0,,1049736000.0,1788458000.0,,13.291,-26796000.0,118624000.0,118624000.0,695887000.0,38975000.0,1.652,1.909,1035781000.0,145152000.0,890629000.0,1035781000.0,0.0,44770000.0,0.0,0.021,0.105,80435000.0,125205000.0,0.15,125205000.0,80435000.0,61865000.0,0.53,0.52,0.53,975821000.0,,975821000.0,2482926637.0,14.0,6.835,73725000.0,1.004,1.0,140188000.0,0.168,599410000.0,18570000.0,2520535000.0,,325682000.0,0.0,0.0,0.0,1862373000.0,635406000.0,1226967000.0,1502820637.0,34063000.0,0.0,6946000.0,-34317000.0,-7720000.0,-35091000.0,-26796000.0,0.0,100521000.0,-4571000.0,38975000.0,38975000.0,38975000.0,0.0,0.0,0.047,60818000.0,79370000.0,220392000.0,0.198,1.54,24.528,24.464,1189048000.0,0.0,20.55,0.467,0.469,540985000.0,1152805000.0,836075000.0,836075000.0,0.0,,,,,0.0,60368000.0,1.0,73129958.0,73418000.0,74535000.0,11.388,2238784000.0,0.0,22890000.0,20502000.0,30.494,414330000.0
76,CTB,MRQ,2002-03-31,2002-03-31,2002-03-31,2021-09-14,-88913000.0,2809329000.0,,1021251000.0,1788078000.0,,12.77,-22656000.0,84561000.0,84561000.0,691099000.0,26115000.0,1.543,2.022,1064667000.0,179548000.0,885119000.0,1064667000.0,0.0,43504000.0,0.0,0.02,0.11,61453000.0,104957000.0,0.129,104957000.0,61453000.0,41452000.0,0.36,0.36,0.36,929684000.0,,929684000.0,2619613716.0,17.0,7.733,63367000.0,0.87,1.0,121878000.0,0.15,601182000.0,20001000.0,2526327000.0,,297655000.0,0.0,0.0,0.0,1879645000.0,661926000.0,1217719000.0,1576278716.0,12726000.0,0.0,5497000.0,-49348000.0,-7645000.0,-51496000.0,-22656000.0,0.0,86023000.0,855000.0,26115000.0,26115000.0,26115000.0,0.0,0.0,0.032,61084000.0,60794000.0,230020000.0,0.306,1.695,38.793,38.661,1186896000.0,0.0,21.65,0.491,0.491,569279000.0,1121550000.0,812977000.0,812977000.0,0.0,,,,,0.0,60567000.0,1.0,72807331.0,72801000.0,73496000.0,11.167,2208147000.0,0.0,15337000.0,20830000.0,30.331,359325000.0
77,CTB,MRQ,2001-12-31,2001-12-31,2001-12-31,2021-09-14,-84390000.0,2764250000.0,,952097000.0,1812153000.0,,12.542,-23647000.0,71835000.0,71835000.0,674773000.0,15692000.0,1.47,2.037,1115170000.0,233036000.0,882134000.0,1115170000.0,0.0,47990000.0,0.0,0.027,0.105,47141000.0,95131000.0,0.122,95131000.0,47141000.0,25449000.0,0.22,0.22,0.22,910240000.0,,910240000.0,2295984683.0,19.0,7.406,112129000.0,1.545,1.0,101817000.0,0.131,606079000.0,21692000.0,2553601000.0,,306478000.0,0.0,0.0,0.0,1854010000.0,647905000.0,1206105000.0,1158276683.0,51361000.0,0.0,361000.0,-37100000.0,-7621000.0,-44360000.0,-23647000.0,0.0,135776000.0,-16408000.0,15692000.0,15692000.0,15692000.0,0.0,0.0,0.02,60883000.0,40934000.0,191802000.0,0.477,1.272,63.761,63.84,1206074000.0,0.0,15.96,0.367,0.367,497180000.0,1103080000.0,776590000.0,776590000.0,0.0,,,,,0.0,53498000.0,1.0,72573727.0,72573727.0,,10.701,2158171000.0,0.0,9757000.0,20576000.0,29.738,304192000.0
78,CTB,MRQ,2001-09-30,2001-09-30,2001-09-30,2021-09-14,-70617000.0,2896336000.0,,1042803000.0,1853533000.0,,12.617,-20696000.0,20474000.0,20474000.0,680752000.0,-19512000.0,1.903,2.163,1158182000.0,56503000.0,1101679000.0,1158182000.0,0.0,46960000.0,0.0,0.03,0.11,-9007000.0,37953000.0,0.048,37953000.0,-9007000.0,-31356000.0,-0.27,-0.27,-0.27,915581000.0,,915581000.0,2213807768.0,20.0,7.433,65683000.0,0.905,1.0,110706000.0,0.14,609638000.0,22349000.0,2876410000.0,,326330000.0,0.0,0.0,0.0,1980755000.0,547996000.0,1432759000.0,1033081768.0,-259000.0,-6189000.0,327000.0,-43075000.0,-7620000.0,-50368000.0,-35411000.0,0.0,86379000.0,-859000.0,-19512000.0,-19512000.0,-19512000.0,0.0,0.0,-0.025,119343000.0,-8637000.0,207614000.0,-0.407,1.128,117.249,118.667,1243895000.0,0.0,14.24,0.323,0.323,603068000.0,1095009000.0,791458000.0,791458000.0,0.0,,,,,0.0,51866000.0,1.0,72547877.0,72565000.0,72565000.0,10.907,2286698000.0,0.0,-11844000.0,63641000.0,31.512,494807000.0
79,CTB,MRQ,2001-06-30,2001-06-30,2001-06-30,2021-09-14,-70469000.0,2909832000.0,,1058650000.0,1851182000.0,,12.992,-38957000.0,20733000.0,20733000.0,707671000.0,18338000.0,1.73,2.087,1201459000.0,164724000.0,1036735000.0,1201459000.0,0.0,48122000.0,0.0,0.03,0.11,52611000.0,100733000.0,0.122,100733000.0,52611000.0,29247000.0,0.25,0.25,0.25,942533000.0,,942533000.0,2215001503.0,12.0,6.007,10846000.0,0.15,1.0,121369000.0,0.146,599895000.0,23364000.0,2878851000.0,,340413000.0,0.0,0.0,0.0,1967299000.0,611812000.0,1355487000.0,1030119503.0,-4148000.0,0.0,47000.0,-9629000.0,-7617000.0,-17199000.0,-36003000.0,0.0,49803000.0,-749000.0,18338000.0,18338000.0,18338000.0,0.0,0.0,0.022,72425000.0,48944000.0,208478000.0,0.44,1.093,19.908,20.0,1251287000.0,0.0,14.2,0.317,0.317,607639000.0,1122140000.0,829040000.0,829040000.0,0.0,,,,,0.0,59012000.0,1.0,72543627.0,72545000.0,72624000.0,11.428,2309937000.0,0.0,10909000.0,84157000.0,31.841,446838000.0
80,CTB,MRQ,2001-03-31,2001-03-31,2001-03-31,2021-09-14,-72210000.0,2928061000.0,,1062647000.0,1865414000.0,,12.807,-37724000.0,24881000.0,24881000.0,661496000.0,3648000.0,1.654,2.148,1209763000.0,172803000.0,1036960000.0,1209763000.0,0.0,47110000.0,0.0,0.038,0.105,29108000.0,76218000.0,0.101,76218000.0,29108000.0,5818000.0,0.05,0.05,0.05,930019000.0,,930019000.0,1984725166.0,9.0,4.976,-23442000.0,-0.323,1.0,96118000.0,0.127,603480000.0,23290000.0,2867077000.0,,347660000.0,0.0,0.0,0.0,1998042000.0,642386000.0,1355656000.0,823370166.0,-20914000.0,-1050000.0,0.0,4438000.0,-7617000.0,-3179000.0,-33202000.0,0.0,14282000.0,1185000.0,3648000.0,3648000.0,3648000.0,0.0,0.0,0.005,71125000.0,24993000.0,213625000.0,2.1,0.885,11.954,12.074,1261934000.0,0.0,11.35,0.249,0.249,592650000.0,1111420000.0,757614000.0,757614000.0,0.0,,,,,0.0,62853000.0,1.0,72543627.0,72617000.0,72617000.0,10.433,2324581000.0,0.0,2170000.0,81860000.0,32.012,420261000.0
81,CTB,MRQ,2000-12-31,2000-12-31,2000-12-31,2021-09-14,-53642000.0,2896673000.0,,998190000.0,1898483000.0,,13.132,-40845000.0,45795000.0,45795000.0,690137000.0,6337000.0,1.725,2.041,1207150000.0,170190000.0,1036960000.0,1207150000.0,0.0,46383000.0,0.0,0.041,0.105,36538000.0,82921000.0,0.101,82921000.0,36538000.0,11964000.0,0.09,0.09,0.09,952556000.0,,952556000.0,1982276169.0,8.0,4.441,70079000.0,0.966,1.0,129711000.0,0.158,613086000.0,24574000.0,2866198000.0,,296460000.0,0.0,0.0,0.0,1944117000.0,578744000.0,1365373000.0,770352169.0,19395000.0,109991000.0,55000.0,-39418000.0,-7617000.0,-46980000.0,-42183000.0,0.0,110924000.0,-2366000.0,6337000.0,6337000.0,6337000.0,0.0,0.0,0.008,92673000.0,37038000.0,186284000.0,1.167,0.809,7.964,8.107,1285397000.0,0.0,10.62,0.222,0.222,581142000.0,1115389000.0,819848000.0,819848000.0,0.0,,,,,0.0,56769000.0,1.0,72537869.0,72537869.0,,11.302,2283587000.0,0.0,5627000.0,66696000.0,31.481,419446000.0
82,CTB,MRQ,2000-09-30,2000-09-30,2000-09-30,2021-09-14,-43918000.0,3071058000.0,,1094571000.0,1976487000.0,,13.272,-58161000.0,26400000.0,26400000.0,723439000.0,23420000.0,1.718,2.187,1238324000.0,192562000.0,1045762000.0,1238324000.0,0.0,46883000.0,0.0,0.044,0.11,61967000.0,108850000.0,0.129,108850000.0,61967000.0,38378000.0,0.32,0.32,0.32,963505000.0,,963505000.0,1953784962.0,7.0,4.123,19080000.0,0.263,1.0,120168000.0,0.142,663252000.0,23589000.0,2982687000.0,,290379000.0,0.0,0.0,0.0,2107553000.0,637043000.0,1470510000.0,729730962.0,1406000.0,0.0,-4039000.0,-4957000.0,-7616000.0,-16612000.0,-57495000.0,0.0,77241000.0,-1728000.0,23420000.0,23420000.0,23420000.0,0.0,0.0,0.028,60116000.0,60052000.0,192596000.0,0.344,0.757,5.985,6.134,1313235000.0,0.0,10.06,0.218,0.218,686952000.0,1116669000.0,843607000.0,843607000.0,0.0,,,,,0.0,53169000.0,1.0,72537869.0,72599000.0,72599000.0,11.62,2407806000.0,0.0,14958000.0,192991000.0,33.166,457528000.0
83,CTB,MRQ,2000-06-30,2000-06-30,2000-06-30,2021-09-14,-26155000.0,3109647000.0,,1113958000.0,1995689000.0,,13.116,-51524000.0,24994000.0,24994000.0,738900000.0,35475000.0,1.658,2.218,1249048000.0,202898000.0,1046150000.0,1249048000.0,0.0,47347000.0,0.0,0.04,0.11,83548000.0,130895000.0,0.148,130895000.0,83548000.0,58172000.0,0.48,0.48,0.48,966390000.0,,966390000.0,2093985410.0,7.0,4.652,-47557000.0,-0.645,1.0,147752000.0,0.167,705693000.0,25376000.0,2956083000.0,,324824000.0,0.0,0.0,0.0,2143257000.0,671925000.0,1471332000.0,820724410.0,-22996000.0,27582000.0,-33004000.0,-73397000.0,-7751000.0,-114152000.0,84699000.0,0.0,3967000.0,2490000.0,35475000.0,35475000.0,35475000.0,0.0,0.0,0.04,64566000.0,83186000.0,211788000.0,0.229,0.849,6.166,6.247,1289996000.0,0.0,11.12,0.27,0.269,679162000.0,1100864000.0,886652000.0,886652000.0,0.0,,,,,0.0,57622000.0,1.0,73806152.0,73678000.0,73678000.0,12.034,2403954000.0,0.0,22697000.0,201540000.0,32.628,442033000.0
84,CTB,MRQ,2000-03-31,2000-03-31,2000-03-31,2021-09-14,-9994000.0,3142624000.0,,1102518000.0,2040106000.0,,12.991,-48700000.0,47990000.0,47990000.0,787339000.0,31502000.0,1.453,2.194,1321251000.0,274736000.0,1046515000.0,1321251000.0,0.0,48168000.0,0.0,0.035,0.11,75564000.0,123732000.0,0.134,123732000.0,75564000.0,51642000.0,0.42,0.42,0.42,983773000.0,,983773000.0,1954557533.0,7.0,4.771,-9583000.0,-0.127,1.0,134926000.0,0.146,699174000.0,23922000.0,2957679000.0,,300492000.0,0.0,0.0,0.0,2158851000.0,759032000.0,1399819000.0,952180533.0,-23137000.0,-250338000.0,-4291000.0,246234000.0,-7960000.0,233983000.0,-297016000.0,0.0,39117000.0,779000.0,31502000.0,31502000.0,31502000.0,0.0,0.0,0.034,62721000.0,72205000.0,222222000.0,0.262,0.968,7.023,6.978,1340932000.0,0.0,12.56,0.359,0.359,678172000.0,1073140000.0,922265000.0,922265000.0,0.0,,,,,0.0,58264000.0,1.0,75810552.0,75728000.0,75728000.0,12.179,2443450000.0,0.0,20140000.0,139361000.0,32.266,343486000.0
85,CTB,MRQ,1999-12-31,1999-12-31,1999-12-31,2021-09-14,-6053000.0,2757645000.0,,945428000.0,1812217000.0,,12.863,-45712000.0,71127000.0,71127000.0,589669000.0,31527000.0,2.388,1.827,1073504000.0,27041000.0,1046463000.0,1073504000.0,0.0,44735000.0,0.0,0.028,0.11,65643000.0,110378000.0,0.157,110378000.0,65643000.0,52407000.0,0.42,0.42,0.42,975634000.0,,975634000.0,1370923402.0,6.0,3.751,43904000.0,0.579,1.0,111552000.0,0.159,585148000.0,13236000.0,2779009000.0,,273963000.0,0.0,0.0,0.0,1782011000.0,395865000.0,1386146000.0,1194605402.0,30825000.0,-594165000.0,-437000.0,588747000.0,-7960000.0,580350000.0,-639877000.0,0.0,89616000.0,736000.0,31527000.0,31527000.0,31527000.0,0.0,0.0,0.045,46695000.0,64857000.0,175686000.0,0.262,1.224,8.818,8.799,1227069000.0,0.0,15.75,0.544,0.544,545155000.0,1049599000.0,701221000.0,701221000.0,0.0,,,,,0.0,44145000.0,1.0,75847962.0,75847962.0,,9.245,2172497000.0,0.0,20880000.0,102107000.0,28.643,549563000.0
86,CTB,MRQ,1999-09-30,1999-09-30,1999-09-30,2021-09-14,-11052000.0,1652797000.0,,644010000.0,1008787000.0,,12.484,-33379000.0,40302000.0,40302000.0,440346000.0,34600000.0,2.969,0.744,216620000.0,11501000.0,205119000.0,216620000.0,0.0,27572000.0,0.0,0.025,0.11,57579000.0,85151000.0,0.16,85151000.0,57579000.0,53869000.0,0.46,0.46,0.46,947505000.0,,947505000.0,1523580518.0,6.0,4.414,19734000.0,0.26,1.0,91537000.0,0.172,100190000.0,3710000.0,1512001000.0,,167811000.0,0.0,0.0,0.0,705292000.0,216924000.0,488368000.0,1336430518.0,12474000.0,26000.0,104000.0,1871000.0,-7964000.0,-5989000.0,-33353000.0,0.0,53113000.0,-1297000.0,34600000.0,34600000.0,34600000.0,0.0,0.0,0.065,34156000.0,57381000.0,79117000.0,0.239,1.41,9.41,9.422,908597000.0,0.0,17.62,0.672,0.672,412548000.0,1026031000.0,531883000.0,531883000.0,0.0,,,,,0.0,34156000.0,1.0,75847362.0,75895000.0,75895000.0,7.008,1552607000.0,0.0,19269000.0,80450000.0,20.457,427086000.0
87,CTB,MRQ,1999-06-30,1999-06-30,1999-06-30,2021-09-14,-13845000.0,1621708000.0,,626765000.0,994943000.0,,12.092,-31235000.0,27828000.0,27828000.0,398016000.0,37956000.0,2.87,0.767,214978000.0,9798000.0,205180000.0,214978000.0,0.0,27201000.0,0.0,0.018,0.11,63193000.0,90394000.0,0.182,90394000.0,63193000.0,59597000.0,0.5,0.5,0.5,917973000.0,,917973000.0,1982381270.0,9.0,5.908,10766000.0,0.142,1.0,97336000.0,0.196,94648000.0,3596000.0,1495827000.0,,206009000.0,0.0,0.0,0.0,703735000.0,218383000.0,485352000.0,1791276270.0,4534000.0,0.0,257000.0,-108000.0,-7963000.0,-7814000.0,-31235000.0,0.0,42001000.0,1582000.0,37956000.0,37956000.0,37956000.0,0.0,0.0,0.077,33796000.0,63540000.0,90294000.0,0.22,1.951,13.032,13.122,900295000.0,0.0,23.62,0.924,0.925,369348000.0,999395000.0,495352000.0,495352000.0,0.0,,,,,0.0,33796000.0,1.0,75837268.0,75913000.0,75913000.0,6.525,1527060000.0,0.0,21641000.0,76773000.0,20.116,408382000.0
88,CTB,MRQ,1999-03-31,1999-03-31,1999-03-31,2021-09-14,-12419000.0,1566167000.0,,575224000.0,990943000.0,,11.718,-39304000.0,23294000.0,23294000.0,382493000.0,31391000.0,2.926,0.761,214399000.0,9181000.0,205218000.0,214399000.0,0.0,26069000.0,0.0,0.023,0.11,53527000.0,79596000.0,0.17,79596000.0,53527000.0,49624000.0,0.41,0.41,0.41,889148000.0,,889148000.0,1565549226.0,7.0,4.805,-12959000.0,-0.171,1.0,85394000.0,0.183,93935000.0,3903000.0,1466719000.0,,191912000.0,0.0,0.0,0.0,677019000.0,196618000.0,480401000.0,1393852226.0,-18672000.0,0.0,336000.0,1000000.0,-7963000.0,-6627000.0,-39304000.0,0.0,26345000.0,914000.0,31391000.0,31391000.0,31391000.0,0.0,0.0,0.067,32092000.0,53302000.0,81436000.0,0.268,1.568,10.573,10.749,897008000.0,0.0,18.38,0.731,0.732,338289000.0,969403000.0,467887000.0,467887000.0,0.0,,,,,0.0,32092000.0,1.0,75835268.0,75877000.0,75877000.0,6.166,1472232000.0,0.0,18233000.0,90687000.0,19.403,378606000.0
89,CTB,MRQ,1998-12-31,1998-12-31,1998-12-31,2021-09-14,-9867000.0,1541275000.0,,569473000.0,971802000.0,,11.452,-42777000.0,41966000.0,41966000.0,403153000.0,38077000.0,2.951,0.776,213663000.0,8378000.0,205285000.0,213663000.0,0.0,28077000.0,0.0,0.02,0.11,61958000.0,90035000.0,0.182,90035000.0,61958000.0,58092000.0,0.5,0.5,0.5,867936000.0,,867936000.0,1744044402.0,8.0,5.508,27365000.0,0.361,1.0,91287000.0,0.185,86520000.0,3866000.0,1433464000.0,,186386000.0,0.0,0.0,0.0,673339000.0,192988000.0,480351000.0,1549177402.0,19144000.0,0.0,-34000.0,-3343000.0,-7958000.0,-11335000.0,-39520000.0,0.0,70142000.0,-143000.0,38077000.0,38077000.0,38077000.0,0.0,0.0,0.077,33235000.0,58052000.0,94502000.0,0.22,1.785,12.201,12.463,885282000.0,0.0,20.44,0.826,0.826,319685000.0,945975000.0,494440000.0,494440000.0,0.0,,,,,0.0,33235000.0,1.0,75791458.0,75791458.0,,6.524,1454755000.0,0.0,20015000.0,77639000.0,19.194,376485000.0
90,CTB,MRQ,1998-09-30,1998-09-30,1998-09-30,2021-09-14,-1032000.0,1535204000.0,,572978000.0,962226000.0,,10.981,-30549000.0,22822000.0,22822000.0,400670000.0,30029000.0,2.64,0.813,217689000.0,12480000.0,205209000.0,217689000.0,0.0,25654000.0,0.0,0.022,0.1,49837000.0,75491000.0,0.157,75491000.0,49837000.0,46092000.0,0.39,0.39,0.39,846685000.0,,846685000.0,1573158844.0,7.0,5.023,47099000.0,0.611,1.0,80468000.0,0.167,87321000.0,3745000.0,1425710000.0,,191078000.0,0.0,0.0,0.0,688519000.0,217040000.0,471479000.0,1393958844.0,-14612000.0,0.0,-54937000.0,119000.0,-7339000.0,-62157000.0,-30264000.0,0.0,77648000.0,161000.0,30029000.0,30029000.0,30029000.0,0.0,0.0,0.062,30631000.0,49837000.0,99502000.0,0.256,1.646,11.285,11.392,874905000.0,0.0,18.0,0.746,0.742,337682000.0,915855000.0,481138000.0,481138000.0,0.0,,,,,0.0,30631000.0,1.0,77442158.0,77103000.0,77103000.0,6.24,1447883000.0,0.0,16063000.0,77333000.0,18.779,355938000.0
91,CTB,MRQ,1998-06-30,1998-06-30,1998-06-30,2021-09-14,-2978000.0,1536545000.0,,585156000.0,951389000.0,,11.122,-30825000.0,37434000.0,37434000.0,378467000.0,32336000.0,3.056,0.752,216634000.0,11352000.0,205282000.0,216634000.0,0.0,25207000.0,0.0,0.019,0.1,55492000.0,80699000.0,0.175,80699000.0,55492000.0,51728000.0,0.41,0.41,0.41,876987000.0,,876987000.0,1818830216.0,8.0,5.771,12504000.0,0.159,1.0,83944000.0,0.182,82428000.0,3764000.0,1441828000.0,,209254000.0,0.0,0.0,0.0,659558000.0,191489000.0,468069000.0,1634465216.0,4559000.0,0.0,162000.0,-98000.0,-7483000.0,-7419000.0,-30958000.0,0.0,43329000.0,-393000.0,32336000.0,32336000.0,32336000.0,0.0,0.0,0.07,28452000.0,55492000.0,84762000.0,0.244,1.864,13.116,13.05,868961000.0,0.0,20.75,0.874,0.875,318042000.0,893166000.0,462411000.0,462411000.0,0.0,,,,,0.0,28452000.0,1.0,78769408.0,78850000.0,78850000.0,5.864,1454117000.0,0.0,19392000.0,76010000.0,18.442,393667000.0
92,CTB,MRQ,1998-03-31,1998-03-31,1998-03-31,2021-09-14,-2089000.0,1510057000.0,,564680000.0,945377000.0,,10.817,-27382000.0,32875000.0,32875000.0,363470000.0,26525000.0,2.969,0.771,217240000.0,11817000.0,205423000.0,217240000.0,0.0,24259000.0,0.0,0.016,0.1,46154000.0,70413000.0,0.161,70413000.0,46154000.0,42305000.0,0.34,0.34,0.34,852861000.0,,852861000.0,2034494002.0,9.0,6.5,-13389000.0,-0.17,1.0,74666000.0,0.17,81440000.0,3849000.0,1422816000.0,,206102000.0,0.0,0.0,0.0,657196000.0,190166000.0,467030000.0,1870606002.0,-20035000.0,0.0,27000.0,554000.0,-7482000.0,-6901000.0,-27222000.0,0.0,13993000.0,95000.0,26525000.0,26525000.0,26525000.0,0.0,0.0,0.061,28512000.0,46154000.0,89308000.0,0.294,2.193,15.112,15.032,863937000.0,0.0,23.75,1.0,1.001,307780000.0,868313000.0,438136000.0,438136000.0,0.0,,,,,0.0,28512000.0,1.0,78762358.0,78848000.0,78848000.0,5.557,1428617000.0,0.0,15780000.0,88462000.0,18.119,374514000.0
93,CTB,MRQ,1997-12-31,1997-12-31,1997-12-31,2021-09-14,-2305000.0,1495956000.0,,554612000.0,941344000.0,,10.584,-34994000.0,52910000.0,52910000.0,402797000.0,34631000.0,2.768,0.795,216798000.0,11273000.0,205525000.0,216798000.0,0.0,27025000.0,0.0,0.019,0.1,59551000.0,86576000.0,0.177,86576000.0,59551000.0,55172000.0,0.44,0.44,0.44,833575000.0,,833575000.0,2154238177.0,10.0,7.041,67531000.0,0.857,1.0,85259000.0,0.175,80896000.0,4379000.0,1378617000.0,,191684000.0,0.0,0.0,0.0,662381000.0,200331000.0,462050000.0,1920142177.0,37819000.0,-1938000.0,333000.0,-22516000.0,-7482000.0,-29665000.0,-35930000.0,0.0,102525000.0,889000.0,34631000.0,34631000.0,34631000.0,0.0,0.0,0.071,27477000.0,57782000.0,100135000.0,0.227,2.304,15.686,15.729,860448000.0,0.0,24.38,1.059,1.059,292416000.0,849270000.0,488056000.0,488056000.0,0.0,,,,,0.0,27477000.0,1.0,78758908.0,78758908.0,,6.197,1415060000.0,0.0,20541000.0,80085000.0,17.967,354281000.0
94,CTB,MRQ,1997-09-30,1997-09-30,1997-09-30,2021-09-14,-7162000.0,1494797000.0,,567296000.0,927501000.0,,10.164,-22602000.0,15091000.0,15091000.0,400477000.0,31124000.0,2.558,0.866,249187000.0,25348000.0,223839000.0,249187000.0,0.0,23938000.0,0.0,0.017,0.09,53518000.0,77456000.0,0.161,77456000.0,53518000.0,48894000.0,0.4,0.4,0.4,801238000.0,,801238000.0,2378409102.0,12.0,8.135,59468000.0,0.754,1.0,80489000.0,0.167,0.0,4624000.0,1507151000.0,,190348000.0,0.0,0.0,0.0,693559000.0,221742000.0,471817000.0,2091113102.0,-4939000.0,0.0,256000.0,-57652000.0,-6683000.0,-64079000.0,-22903000.0,0.0,82070000.0,-27000.0,31124000.0,31124000.0,31124000.0,0.0,0.0,0.065,26971000.0,53518000.0,85521000.0,0.225,2.61,17.357,17.589,846659000.0,0.0,26.56,1.201,1.202,345019000.0,822122000.0,480966000.0,480966000.0,0.0,,,,,0.0,26971000.0,1.0,78731668.0,78833000.0,78833000.0,6.101,1494797000.0,0.0,17770000.0,71440000.0,18.962,345554000.0
95,CTB,MRQ,1997-06-30,1997-06-30,1997-06-30,2021-09-14,-5854000.0,1515686000.0,,593724000.0,921962000.0,,9.872,-23707000.0,20030000.0,20030000.0,379608000.0,31506000.0,2.215,0.949,307326000.0,83469000.0,223857000.0,307326000.0,0.0,23234000.0,0.0,0.02,0.09,55317000.0,78551000.0,0.169,78551000.0,55317000.0,50356000.0,0.4,0.4,0.4,777847000.0,,777847000.0,1980611984.0,10.0,7.11,-31042000.0,-0.394,1.0,84589000.0,0.182,0.0,4961000.0,1534926000.0,,205453000.0,0.0,0.0,0.0,737839000.0,268056000.0,469783000.0,1730932984.0,-13904000.0,0.0,499000.0,23012000.0,-6692000.0,16819000.0,-23772000.0,0.0,-7335000.0,384000.0,31506000.0,31506000.0,31506000.0,0.0,0.0,0.068,29272000.0,55317000.0,87034000.0,0.225,2.225,14.887,15.385,849792000.0,0.0,22.0,1.028,1.03,351066000.0,797680000.0,464197000.0,464197000.0,0.0,,,,,0.0,29272000.0,1.0,78678772.0,78792000.0,78792000.0,5.891,1515686000.0,0.0,18850000.0,67492000.0,19.237,325668000.0
96,CTB,MRQ,1997-03-31,1997-03-31,1997-03-31,2021-09-14,-7434000.0,1460864000.0,,543836000.0,917028000.0,,9.352,-26220000.0,33934000.0,33934000.0,315913000.0,25150000.0,2.232,0.945,283613000.0,60308000.0,223305000.0,283613000.0,0.0,21298000.0,0.0,0.023,0.175,42061000.0,63359000.0,0.167,63359000.0,42061000.0,40370000.0,0.31,0.31,0.31,750954000.0,,750954000.0,1562834855.0,9.0,6.034,6937000.0,0.086,1.0,63873000.0,0.168,0.0,1691000.0,1466880000.0,,188891000.0,0.0,0.0,0.0,709910000.0,243663000.0,466247000.0,1475723855.0,14475000.0,-94593000.0,-54043000.0,162864000.0,-6765000.0,102056000.0,-120738000.0,0.0,33157000.0,0.0,25150000.0,25150000.0,25150000.0,0.0,0.0,0.066,21812000.0,42061000.0,100444000.0,0.565,1.965,13.425,14.0,847225000.0,0.0,18.62,0.912,0.924,303085000.0,772866000.0,379786000.0,379786000.0,0.0,,,,,0.0,21812000.0,1.0,79254772.0,80301000.0,80301000.0,4.73,1460864000.0,0.0,15220000.0,76674000.0,18.192,300173000.0
97,CTB,MRQ,1996-12-31,1996-12-31,1996-12-31,2021-09-14,-7434000.0,1273009000.0,,443625000.0,829384000.0,,9.925,-34021000.0,19459000.0,19459000.0,344573000.0,32700000.0,2.366,0.618,106570000.0,37081000.0,69489000.0,106570000.0,0.0,20468000.0,0.0,0.021,0.09,52543000.0,73011000.0,0.175,73011000.0,52543000.0,51478000.0,0.4,,0.4,786612000.0,,786612000.0,,,,50372000.0,0.636,1.0,71817000.0,0.172,36965000.0,1065000.0,1135660000.0,,141618000.0,0.0,0.0,0.0,486397000.0,187495000.0,298902000.0,1565281747.0,12278000.0,0.0,-34918000.0,3327000.0,-6950000.0,-38541000.0,-33574000.0,0.0,84393000.0,0.0,32700000.0,32700000.0,32700000.0,0.0,0.0,0.079,19274000.0,52543000.0,81571000.0,0.225,1.99,14.509,15.192,792419000.0,0.0,19.75,0.966,0.966,267149000.0,754481000.0,416390000.0,416390000.0,0.0,,,,,0.0,19274000.0,1.0,79254772.0,79254772.0,,5.254,1236044000.0,0.0,18778000.0,55884000.0,15.596,256130000.0
98,CTB,MRQ,1996-09-30,1996-09-30,1996-09-30,2021-09-14,,,,,,,,-40643000.0,,,359077000.0,26913000.0,,,,,,,,20096000.0,,0.018,0.08,43553000.0,63649000.0,0.15,63649000.0,43553000.0,42973000.0,0.32,,0.32,,,,,,,29888000.0,0.358,1.0,64284000.0,0.152,,580000.0,,,,,,,,,,,-5706000.0,0.0,-11215000.0,-18127000.0,-6276000.0,-35618000.0,-40619000.0,0.0,70531000.0,0.0,26913000.0,26913000.0,26913000.0,0.0,0.0,0.064,20731000.0,43553000.0,,0.25,,,,,0.0,21.62,,,,,423361000.0,423361000.0,0.0,,,,,0.0,20731000.0,1.0,,83576000.0,,5.066,,,16060000.0,,,
99,CTB,MRQ,1996-06-30,1996-06-30,1996-06-30,2021-09-14,,,,,,,,-53390000.0,,,338566000.0,25162000.0,,,,,,,,18455000.0,,0.018,0.08,40517000.0,58972000.0,0.148,58972000.0,40517000.0,40512000.0,0.3,,0.3,,,,,,,-29415000.0,-0.352,1.0,60538000.0,0.152,,5000.0,,,,,,,,,,,7467000.0,0.0,12000.0,42879000.0,-6275000.0,36616000.0,-53124000.0,0.0,23975000.0,0.0,25162000.0,25162000.0,25162000.0,0.0,0.0,0.063,20021000.0,40517000.0,,0.267,,,,,0.0,22.25,,,,,399104000.0,399104000.0,0.0,,,,,0.0,20021000.0,1.0,,83672000.0,,4.77,,,15350000.0,,,
100,CTB,MRQ,1996-03-31,1996-03-31,1996-03-31,2021-09-14,,,,,,,,-65642000.0,,,324333000.0,23109000.0,,,,,,,,17801000.0,,0.014,0.155,37133000.0,54934000.0,0.144,54934000.0,37133000.0,37129000.0,0.28,,0.28,,,,,,,-56334000.0,-0.673,1.0,56981000.0,0.149,,4000.0,,,,,,,,,,,-17767000.0,0.0,93000.0,44882000.0,-6275000.0,38700000.0,-65775000.0,0.0,9308000.0,0.0,23109000.0,23109000.0,23109000.0,0.0,0.0,0.061,19848000.0,37133000.0,,0.554,,,,,0.0,25.75,,,,,381314000.0,381314000.0,0.0,,,,,0.0,19848000.0,1.0,,83666000.0,,4.558,,,14020000.0,,,
101,CTB,MRQ,1995-12-31,1995-12-31,1995-12-31,2021-09-14,-9167000.0,31000.0,,430584000.0,-430553000.0,,,,23187000.0,23187000.0,,,2.719,0.527,33609000.0,5035000.0,28574000.0,33609000.0,0.0,,0.0,0.011,0.075,,,,,,,,,,748799000.0,,748799000.0,,,,,,1.0,,,0.0,,-147915000.0,,137964000.0,0.0,0.0,0.0,394902000.0,158368000.0,236534000.0,,,,,,,,,,,,,,,,,,,,78823000.0,,,,18.237,678876000.0,,24.62,,,257049000.0,672373000.0,,,,,,,,,,1.0,,,,,31000.0,0.0,,47490000.0,,272216000.0
0,CTB,MRT,2021-03-31,2021-03-31,2021-03-31,2021-09-14,-451462000.0,2957082000.0,2922488750.0,1505423000.0,1451659000.0,0.905,27.785,-153774000.0,520733000.0,520733000.0,2104338000.0,177311000.0,2.44,1.095,416149000.0,25543000.0,390606000.0,416149000.0,0.0,162558000.0,0.0,0.008,0.42,255472000.0,418030000.0,0.158,418030000.0,255472000.0,232642000.0,3.52,3.48,3.52,1401381000.0,1324292250.0,1401381000.0,2623378571.0,10.0,6.276,379554000.0,7.525,1.0,540869000.0,0.204,112965000.0,22830000.0,2122647000.0,2071245250.0,446920000.0,66737000.0,13174000.0,53563000.0,1534304000.0,616886000.0,917418000.0,2823489571.0,90149000.0,0.0,0.0,-268292000.0,-21156000.0,-288398000.0,-153774000.0,0.0,533328000.0,-1007000.0,176439000.0,176439000.0,176439000.0,0.0,872000.0,0.067,265982000.0,274887000.0,337147000.0,0.119,2.015,16.003,15.903,1185012000.0,0.0,55.98,1.067,1.067,541596000.0,2663214000.0,2645207000.0,2645207000.0,0.0,0.06,0.133,0.123,0.097,7398000.0,264508000.0,1.0,50437470.0,50437470.0,,52.445,2844117000.0,28030000.0,56203000.0,9371000.0,56.389,888537000.0
1,CTB,MRT,2020-12-31,2020-12-31,2020-12-31,2021-09-14,-446909000.0,2971573000.0,2891397500.0,1582215000.0,1389358000.0,0.872,27.572,-151052000.0,626725000.0,626725000.0,2033260000.0,143904000.0,2.441,1.124,425647000.0,39991000.0,385656000.0,425647000.0,0.0,158847000.0,0.0,0.01,0.42,212495000.0,371342000.0,0.147,371342000.0,212495000.0,189788000.0,2.84,2.83,2.84,1388899000.0,1268375000.0,1388899000.0,1966279882.0,9.0,5.295,308087000.0,6.116,1.0,487814000.0,0.193,114227000.0,22707000.0,2008158000.0,2088974750.0,387656000.0,62570000.0,9076000.0,53494000.0,1560982000.0,648110000.0,912872000.0,2040143882.0,236380000.0,0.0,0.0,8313000.0,-21132000.0,-73443000.0,-151052000.0,0.0,459139000.0,1736000.0,142789000.0,142789000.0,142789000.0,0.0,1115000.0,0.057,256933000.0,230881000.0,297578000.0,0.148,1.469,14.288,14.261,1169508000.0,0.0,40.5,0.809,0.809,506305000.0,2646567000.0,2521074000.0,2521074000.0,0.0,0.049,0.113,0.102,0.084,6053000.0,244529000.0,1.0,50373923.0,50373923.0,,50.047,2857346000.0,30572000.0,46999000.0,3723000.0,56.723,934105000.0
2,CTB,MRT,2020-09-30,2020-09-30,2020-09-30,2021-09-14,-472986000.0,2880397000.0,2849088750.0,1543976000.0,1336421000.0,0.893,26.401,-143259000.0,495599000.0,495599000.0,2052662000.0,159033000.0,2.411,1.153,421735000.0,38345000.0,383390000.0,421735000.0,0.0,154667000.0,0.0,0.013,0.42,210691000.0,365358000.0,0.144,365358000.0,210691000.0,186187000.0,3.11,3.08,3.11,1328107000.0,1237306500.0,1328107000.0,1700483053.0,8.0,4.654,407637000.0,8.103,1.0,490352000.0,0.193,119160000.0,24504000.0,2047109000.0,2102886500.0,421142000.0,66416000.0,15622000.0,50794000.0,1531767000.0,640264000.0,891503000.0,1594703053.0,358034000.0,0.0,0.0,34627000.0,-21109000.0,-47504000.0,-143259000.0,0.0,550896000.0,-2099000.0,156056000.0,156056000.0,156056000.0,0.0,2977000.0,0.061,256179000.0,234173000.0,263567000.0,0.135,1.201,10.219,10.193,1113232000.0,0.0,31.7,0.627,0.627,568937000.0,2613868000.0,2543014000.0,2543014000.0,0.0,0.055,0.126,0.1,0.083,4960000.0,242399000.0,1.0,50306090.0,50306090.0,,50.551,2761237000.0,32791000.0,30131000.0,40853000.0,54.889,903712000.0
3,CTB,MRT,2020-06-30,2020-06-30,2020-06-30,2021-09-14,-501155000.0,2880903000.0,2803143500.0,1578884000.0,1302019000.0,0.886,23.443,-169347000.0,541423000.0,541423000.0,2114855000.0,64918000.0,2.088,1.428,647203000.0,266441000.0,380762000.0,647203000.0,0.0,152086000.0,0.0,0.015,0.42,87003000.0,239089000.0,0.096,239089000.0,87003000.0,60423000.0,1.25,1.24,1.25,1178782000.0,1207557250.0,1178782000.0,1611424788.0,19.0,6.74,236438000.0,4.702,1.0,367443000.0,0.148,123502000.0,26580000.0,2107067000.0,2099376500.0,465161000.0,58764000.0,10159000.0,48605000.0,1683432000.0,756114000.0,927318000.0,1388296788.0,428962000.0,0.0,0.0,277444000.0,-21093000.0,193183000.0,-169347000.0,0.0,405785000.0,-659000.0,62796000.0,62796000.0,62796000.0,0.0,2122000.0,0.025,252008000.0,115435000.0,244470000.0,0.336,1.178,22.108,22.088,1088009000.0,0.0,27.61,0.559,0.559,514218000.0,2496560000.0,2482298000.0,2482298000.0,0.0,0.022,0.052,0.041,0.035,4140000.0,237417000.0,1.0,50282390.0,50282390.0,,49.367,2757401000.0,31574000.0,-2373000.0,2690000.0,54.838,822770000.0
4,CTB,MRT,2020-03-31,2020-03-31,2020-03-31,2021-09-14,-512010000.0,2832717000.0,2758936000.0,1504146000.0,1328571000.0,0.966,23.437,-197536000.0,433362000.0,433362000.0,2264225000.0,79819000.0,2.046,1.39,656490000.0,293321000.0,363169000.0,656490000.0,0.0,148563000.0,0.0,0.026,0.42,110075000.0,258638000.0,0.097,258638000.0,110075000.0,82192000.0,1.55,1.54,1.55,1177712000.0,1210949000.0,1177712000.0,814819088.0,7.0,3.15,75100000.0,1.495,1.0,400944000.0,0.15,127032000.0,27883000.0,2193565000.0,2094554000.0,501604000.0,62148000.0,13676000.0,48472000.0,1636977000.0,735248000.0,901729000.0,819071088.0,221184000.0,-49001000.0,0.0,280631000.0,-21083000.0,194350000.0,-246537000.0,0.0,272636000.0,735000.0,77832000.0,77832000.0,77832000.0,0.0,1987000.0,0.029,259149000.0,141795000.0,230675000.0,0.271,0.695,10.524,10.516,1109030000.0,0.0,16.3,0.307,0.307,509280000.0,2508052000.0,2665169000.0,2665169000.0,0.0,0.028,0.064,0.053,0.041,3883000.0,244373000.0,1.0,50249760.0,50249760.0,,53.038,2705685000.0,33162000.0,4360000.0,2599000.0,53.845,768898000.0
5,CTB,MRT,2019-12-31,2019-12-31,2019-12-31,2021-09-14,-447580000.0,2802338000.0,2720048750.0,1452980000.0,1349358000.0,1.012,25.2,-202603000.0,391332000.0,391332000.0,2319349000.0,98317000.0,2.405,1.166,387080000.0,22561000.0,364519000.0,387080000.0,0.0,148054000.0,0.0,0.015,0.42,138948000.0,287002000.0,0.104,287002000.0,138948000.0,107759000.0,1.92,1.91,1.92,1264625000.0,1213181000.0,1264625000.0,1676454368.0,12.0,5.841,87990000.0,1.753,1.0,433290000.0,0.157,130207000.0,31189000.0,2063805000.0,2046359250.0,464221000.0,49447000.0,535000.0,48912000.0,1474605000.0,604074000.0,870531000.0,1442789368.0,34879000.0,-49001000.0,0.0,19757000.0,-21068000.0,-4662000.0,-251604000.0,0.0,290593000.0,552000.0,96404000.0,96404000.0,96404000.0,0.0,1913000.0,0.035,258835000.0,174455000.0,276732000.0,0.219,1.141,14.966,14.974,1127994000.0,0.0,28.75,0.524,0.524,544257000.0,2524963000.0,2752639000.0,2752639000.0,0.0,0.035,0.079,0.068,0.05,4362000.0,250017000.0,1.0,50183978.0,50183978.0,,54.851,2672131000.0,29336000.0,11355000.0,5328000.0,53.247,848906000.0
6,CTB,MRT,2019-09-30,2019-09-30,2019-09-30,2021-09-14,-455773000.0,2696616000.0,2678015500.0,1378874000.0,1317742000.0,1.035,24.097,-205127000.0,137093000.0,137093000.0,2346510000.0,45882000.0,1.803,1.181,370758000.0,189766000.0,180992000.0,370758000.0,0.0,148469000.0,0.0,0.016,0.42,107928000.0,256397000.0,0.092,256397000.0,107928000.0,76185000.0,0.89,0.89,0.89,1209110000.0,1190035500.0,1209110000.0,1580177322.0,15.0,6.163,1241000.0,0.025,1.0,426404000.0,0.154,132361000.0,31743000.0,2033069000.0,1952849750.0,566880000.0,57583000.0,8647000.0,48936000.0,1428153000.0,764851000.0,663302000.0,1310598322.0,-70922000.0,-49001000.0,0.0,1637000.0,-21057000.0,-22862000.0,-254128000.0,0.0,206368000.0,-300000.0,44725000.0,44725000.0,44725000.0,0.0,1157000.0,0.016,290707000.0,135697000.0,253821000.0,0.472,1.084,29.303,29.348,1098077000.0,0.0,26.12,0.473,0.473,617753000.0,2478677000.0,2772914000.0,2772914000.0,0.0,0.017,0.038,0.055,0.039,3474000.0,249437000.0,1.0,50176046.0,50176046.0,,55.264,2564255000.0,24256000.0,31460000.0,15787000.0,51.105,614023000.0
7,CTB,MRT,2019-06-30,2019-06-30,2019-06-30,2021-09-14,-447782000.0,2704073000.0,2657083250.0,1371103000.0,1332970000.0,1.056,23.775,-200845000.0,111681000.0,111681000.0,2354466000.0,72307000.0,1.825,1.216,381260000.0,193422000.0,187838000.0,381260000.0,0.0,147921000.0,0.0,0.013,0.42,141257000.0,289178000.0,0.103,289178000.0,141257000.0,109060000.0,1.38,1.38,1.38,1192349000.0,1179644000.0,1192349000.0,1757995542.0,12.0,6.079,32933000.0,0.657,1.0,451985000.0,0.161,134788000.0,32197000.0,2087777000.0,1940505500.0,589410000.0,53176000.0,4175000.0,49001000.0,1450047000.0,751087000.0,698960000.0,1582243542.0,-68893000.0,-49001000.0,-828000.0,-27395000.0,-21044000.0,-52636000.0,-249846000.0,0.0,233778000.0,-189000.0,69094000.0,69094000.0,69094000.0,0.0,3213000.0,0.025,287856000.0,164129000.0,267851000.0,0.304,1.327,22.9,22.862,1110539000.0,0.0,31.55,0.564,0.564,616974000.0,2454811000.0,2806451000.0,2806451000.0,0.0,0.026,0.059,0.073,0.05,3560000.0,247397000.0,1.0,50150350.0,50150350.0,,55.961,2569285000.0,27246000.0,39966000.0,8881000.0,51.232,620016000.0
8,CTB,MRT,2019-03-31,2019-03-31,2019-03-31,2021-09-14,-448419000.0,2677168000.0,2639259750.0,1384223000.0,1292945000.0,1.071,23.698,-193379000.0,212331000.0,212331000.0,2378662000.0,78758000.0,1.934,1.204,388083000.0,194048000.0,194035000.0,388083000.0,0.0,148035000.0,0.0,0.014,0.42,144467000.0,292502000.0,0.104,292502000.0,144467000.0,111663000.0,1.5,1.5,1.5,1186640000.0,1161143500.0,1186640000.0,1449753890.0,10.0,4.956,41815000.0,0.835,1.0,447067000.0,0.158,136284000.0,32804000.0,2000786000.0,1934143750.0,563736000.0,12514000.0,12514000.0,0.0,1428950000.0,715850000.0,713100000.0,1496700890.0,-6560000.0,0.0,-14618000.0,-9446000.0,-21066000.0,-46472000.0,-193379000.0,0.0,235194000.0,-1903000.0,75281000.0,75281000.0,75281000.0,0.0,3477000.0,0.027,281846000.0,165221000.0,268780000.0,0.28,1.261,19.882,19.927,1108361000.0,0.0,29.89,0.53,0.53,540813000.0,2451367000.0,2825729000.0,2825729000.0,0.0,0.029,0.065,0.075,0.051,3457000.0,243046000.0,1.0,50073633.0,50073633.0,,56.431,2540884000.0,26923000.0,36382000.0,4993000.0,50.743,668373000.0
9,CTB,MRT,2018-12-31,2018-12-31,2018-12-31,2021-09-14,-461589000.0,2634205000.0,2639713250.0,1456732000.0,1177473000.0,1.064,23.407,-193139000.0,356254000.0,356254000.0,2364769000.0,80563000.0,1.916,1.196,311332000.0,190048000.0,121284000.0,311332000.0,0.0,147161000.0,0.0,0.013,0.42,142262000.0,289423000.0,0.103,289423000.0,142262000.0,110081000.0,1.52,1.51,1.52,1172043000.0,1149664250.0,1172043000.0,1721239424.0,12.0,5.947,61164000.0,1.222,1.0,443293000.0,0.158,139172000.0,32181000.0,1689767000.0,1949169250.0,479980000.0,5737000.0,5737000.0,0.0,1401762000.0,760344000.0,641418000.0,1618807424.0,-14060000.0,0.0,-30183000.0,-21422000.0,-21138000.0,-75778000.0,-193139000.0,0.0,254303000.0,554000.0,76586000.0,76586000.0,76586000.0,0.0,3977000.0,0.027,278048000.0,165245000.0,286671000.0,0.276,1.381,21.137,21.27,1001921000.0,0.0,32.33,0.576,0.576,546905000.0,2449714000.0,2808062000.0,2808062000.0,0.0,0.029,0.067,0.073,0.051,3868000.0,244221000.0,1.0,50071371.0,50071371.0,,56.081,2495033000.0,28146000.0,33495000.0,975000.0,49.83,696388000.0
10,CTB,MRT,2018-09-30,2018-09-30,2018-09-30,2021-09-14,-470761000.0,2612887000.0,2658143250.0,1417894000.0,1194993000.0,1.051,23.323,-197697000.0,208616000.0,208616000.0,2356168000.0,39005000.0,2.55,1.186,311048000.0,16207000.0,294841000.0,311048000.0,0.0,143786000.0,0.0,0.015,0.42,169180000.0,312966000.0,0.112,312966000.0,169180000.0,136723000.0,0.74,0.75,0.74,1167544000.0,1138427500.0,1167544000.0,1579992057.0,9.0,5.048,46026000.0,0.919,1.0,438442000.0,0.157,175600000.0,32457000.0,1983692000.0,1996291750.0,531362000.0,7819000.0,7819000.0,0.0,1384378000.0,556027000.0,828351000.0,1416692057.0,-47490000.0,0.0,-50853000.0,-20290000.0,-21246000.0,-95651000.0,-197697000.0,0.0,243723000.0,2135000.0,34848000.0,34848000.0,34848000.0,0.0,4157000.0,0.012,241753000.0,196689000.0,252551000.0,0.568,1.213,40.653,38.243,964404000.0,0.0,28.3,0.507,0.507,616200000.0,2455391000.0,2794610000.0,2794610000.0,0.0,0.013,0.031,0.085,0.061,4165000.0,241753000.0,1.0,50059790.0,50059790.0,,55.825,2437287000.0,47043000.0,101875000.0,17407000.0,48.688,861867000.0
11,CTB,MRT,2018-06-30,2018-06-30,2018-06-30,2021-09-14,-471298000.0,2632779000.0,2673308500.0,1426734000.0,1206045000.0,1.044,22.122,-204747000.0,180493000.0,180493000.0,2318815000.0,46232000.0,2.576,1.301,343793000.0,48776000.0,295017000.0,343793000.0,0.0,143139000.0,0.0,0.016,0.42,192512000.0,335651000.0,0.12,335651000.0,192512000.0,160394000.0,0.86,0.86,0.86,1118347000.0,1139867750.0,1118347000.0,1454176182.0,8.0,4.332,-22516000.0,-0.445,1.0,471967000.0,0.169,179939000.0,32118000.0,2062330000.0,2007010250.0,580095000.0,24022000.0,24022000.0,0.0,1455511000.0,553810000.0,901701000.0,1329557182.0,-120052000.0,0.0,-81656000.0,6736000.0,-21456000.0,-99983000.0,-204747000.0,0.0,182231000.0,2447000.0,42822000.0,42822000.0,42822000.0,0.0,3410000.0,0.015,245699000.0,226268000.0,240506000.0,0.488,1.189,31.048,30.581,964158000.0,0.0,26.3,0.476,0.476,582524000.0,2406943000.0,2790782000.0,2790782000.0,0.0,0.016,0.038,0.096,0.069,4061000.0,245699000.0,1.0,50553505.0,50553505.0,,55.205,2452840000.0,54006000.0,117572000.0,2295000.0,48.52,872924000.0
12,CTB,MRT,2018-03-31,2018-03-31,2018-03-31,2021-09-14,-451902000.0,2678982000.0,2681100500.0,1453739000.0,1225243000.0,1.049,22.456,-211906000.0,213091000.0,213091000.0,2295832000.0,76347000.0,2.594,1.293,337710000.0,42489000.0,295221000.0,337710000.0,0.0,141903000.0,0.0,0.014,0.42,242638000.0,384541000.0,0.137,384541000.0,242638000.0,210727000.0,1.42,1.41,1.42,1140723000.0,1144077750.0,1140723000.0,1452123759.0,6.0,3.776,-43611000.0,-0.859,1.0,517295000.0,0.184,182199000.0,31911000.0,2060888000.0,1987354750.0,611524000.0,66073000.0,66073000.0,0.0,1474956000.0,560514000.0,914442000.0,1488379759.0,-143931000.0,0.0,-88634000.0,7307000.0,-21705000.0,-106110000.0,-211906000.0,0.0,168295000.0,5790000.0,73124000.0,73124000.0,73124000.0,0.0,3223000.0,0.026,239589000.0,277706000.0,268556000.0,0.296,1.305,20.354,20.634,978494000.0,0.0,29.3,0.529,0.529,499130000.0,2397224000.0,2813127000.0,2813127000.0,0.0,0.027,0.064,0.122,0.086,4006000.0,239589000.0,1.0,50797944.0,50797944.0,,55.379,2496783000.0,57057000.0,137603000.0,5098000.0,49.151,893225000.0
13,CTB,MRT,2017-12-31,2017-12-31,2017-12-31,2021-09-14,-478478000.0,2707925000.0,2664549000.0,1488507000.0,1219418000.0,1.071,21.982,-196908000.0,373106000.0,373106000.0,2303261000.0,96745000.0,2.458,1.351,336850000.0,40863000.0,295987000.0,336850000.0,0.0,140228000.0,0.0,0.012,0.42,274628000.0,414856000.0,0.145,414856000.0,274628000.0,242580000.0,1.83,1.81,1.83,1127096000.0,1133934500.0,1127096000.0,1886394123.0,7.0,4.547,-19284000.0,-0.376,1.0,551395000.0,0.193,187869000.0,32048000.0,1878257000.0,1940464500.0,511757000.0,13753000.0,13753000.0,0.0,1522169000.0,605543000.0,916626000.0,1812528123.0,-131943000.0,0.0,-90868000.0,-3928000.0,-21914000.0,-119770000.0,-196908000.0,0.0,177624000.0,7111000.0,95400000.0,95400000.0,95400000.0,0.0,1345000.0,0.033,242148000.0,309247000.0,277060000.0,0.23,1.608,18.999,19.317,966747000.0,0.0,35.35,0.635,0.635,528250000.0,2394372000.0,2854656000.0,2854656000.0,0.0,0.036,0.084,0.142,0.096,4009000.0,242148000.0,1.0,51273780.0,51273780.0,,55.675,2520056000.0,58665000.0,147180000.0,6954000.0,49.149,882964000.0
14,CTB,MRT,2017-09-30,2017-09-30,2017-09-30,2021-09-14,-500454000.0,2673548000.0,2642416500.0,1413960000.0,1259588000.0,1.09,22.482,-191535000.0,259738000.0,259738000.0,2242866000.0,208557000.0,2.674,1.228,333604000.0,37520000.0,296084000.0,333604000.0,0.0,139981000.0,0.0,0.011,0.42,333938000.0,473919000.0,0.164,473919000.0,333938000.0,303423000.0,3.93,3.88,3.93,1173305000.0,1121164000.0,1173305000.0,1984222174.0,6.0,4.187,-89073000.0,-1.707,1.0,638642000.0,0.222,192137000.0,30515000.0,2026566000.0,1907194250.0,573731000.0,15213000.0,15213000.0,0.0,1441323000.0,528711000.0,912612000.0,1951878174.0,-208414000.0,-5928000.0,-95711000.0,3336000.0,-22134000.0,-116855000.0,-197463000.0,0.0,102462000.0,3442000.0,206882000.0,206882000.0,206882000.0,0.0,1675000.0,0.072,227457000.0,411185000.0,266033000.0,0.107,1.664,9.435,9.517,926986000.0,0.0,37.4,0.677,0.677,512626000.0,2441911000.0,2881508000.0,2881508000.0,0.0,0.078,0.185,0.175,0.116,5481000.0,238919000.0,1.0,52189256.0,52189256.0,,55.213,2481411000.0,133455000.0,96541000.0,39567000.0,47.546,885249000.0
15,CTB,MRT,2017-06-30,2017-06-30,2017-06-30,2021-09-14,-512796000.0,2663947000.0,2610496500.0,1428125000.0,1235822000.0,1.11,21.446,-179712000.0,303723000.0,303723000.0,2280456000.0,196376000.0,2.743,1.296,336067000.0,39888000.0,296179000.0,336067000.0,0.0,136841000.0,0.0,0.012,0.42,312591000.0,449432000.0,0.155,449432000.0,312591000.0,282872000.0,3.65,3.6,3.65,1135187000.0,1093025750.0,1135187000.0,1857239318.0,6.0,4.132,-19455000.0,-0.368,1.0,618122000.0,0.213,191883000.0,29719000.0,1983708000.0,1845866750.0,578763000.0,12542000.0,12542000.0,0.0,1471025000.0,520700000.0,950325000.0,1910886318.0,-125663000.0,-5928000.0,-92436000.0,17925000.0,-22325000.0,-100110000.0,-185640000.0,0.0,160257000.0,-170000.0,194498000.0,194498000.0,194498000.0,0.0,1878000.0,0.067,239489000.0,378633000.0,261814000.0,0.115,1.683,9.825,9.89,899589000.0,0.0,36.1,0.659,0.659,490195000.0,2385701000.0,2898578000.0,2898578000.0,0.0,0.075,0.178,0.169,0.108,6446000.0,239489000.0,1.0,52933139.0,52933139.0,,54.759,2472064000.0,137247000.0,88374000.0,26237000.0,46.702,907425000.0
16,CTB,MRT,2017-03-31,2017-03-31,2017-03-31,2021-09-14,-527014000.0,2612776000.0,2570628250.0,1404396000.0,1208380000.0,1.135,20.888,-183545000.0,366114000.0,366114000.0,2259879000.0,221903000.0,2.849,1.324,312467000.0,15951000.0,296516000.0,312467000.0,0.0,133214000.0,0.0,0.009,0.42,348462000.0,481676000.0,0.165,481676000.0,348462000.0,320667000.0,4.08,4.02,4.08,1100150000.0,1071338250.0,1100150000.0,2155943458.0,6.0,4.476,59437000.0,1.128,1.0,658240000.0,0.226,192893000.0,27795000.0,1873327000.0,1798374250.0,565820000.0,14593000.0,14593000.0,0.0,1456713000.0,492909000.0,963804000.0,2335892458.0,-81069000.0,-5928000.0,-100972000.0,-130000.0,-22554000.0,-127416000.0,-189473000.0,0.0,242982000.0,-7162000.0,219937000.0,219937000.0,219937000.0,0.0,1966000.0,0.075,253892000.0,404348000.0,272475000.0,0.103,2.123,10.621,10.87,876799000.0,0.0,44.35,0.8,0.8,428069000.0,2345928000.0,2918119000.0,2918119000.0,0.0,0.086,0.205,0.194,0.119,10101000.0,253892000.0,1.0,52669503.0,52669503.0,,55.404,2419883000.0,130842000.0,100730000.0,18309000.0,45.945,911487000.0
17,CTB,MRT,2016-12-31,2016-12-31,2016-12-31,2021-09-14,-545151000.0,2619395000.0,2534552500.0,1420518000.0,1198877000.0,1.154,20.124,-175100000.0,505750000.0,505750000.0,2234786000.0,251294000.0,2.836,1.384,325801000.0,28707000.0,297094000.0,325801000.0,0.0,130257000.0,0.0,0.011,0.42,390784000.0,521041000.0,0.178,521041000.0,390784000.0,364180000.0,4.56,4.51,4.56,1076014000.0,1050397750.0,1076014000.0,1934603756.0,5.0,3.713,139567000.0,2.61,1.0,690083000.0,0.236,193456000.0,26604000.0,1745176000.0,1768552750.0,470151000.0,7485000.0,7485000.0,0.0,1489159000.0,500814000.0,988345000.0,2077269756.0,1190000.0,-5928000.0,-107999000.0,9084000.0,-22828000.0,-121271000.0,-181028000.0,0.0,314667000.0,-11178000.0,248381000.0,248381000.0,248381000.0,0.0,2913000.0,0.085,252625000.0,437458000.0,282416000.0,0.092,1.931,8.363,8.52,864227000.0,0.0,38.85,0.71,0.71,409913000.0,2321424000.0,2924869000.0,2924869000.0,0.0,0.098,0.236,0.221,0.134,13570000.0,252625000.0,1.0,53468977.0,53468977.0,,54.702,2425939000.0,133879000.0,115799000.0,7135000.0,45.371,919704000.0
18,CTB,MRT,2016-09-30,2016-09-30,2016-09-30,2021-09-14,-520007000.0,2545868000.0,2488747750.0,1431767000.0,1114101000.0,1.172,19.591,-180437000.0,451362000.0,451362000.0,2261629000.0,240117000.0,3.042,1.366,308696000.0,12822000.0,295874000.0,308696000.0,0.0,127748000.0,0.0,0.011,0.42,386270000.0,514018000.0,0.176,514018000.0,386270000.0,361218000.0,4.31,4.26,4.31,1060752000.0,1026206250.0,1060752000.0,1945657426.0,5.0,3.785,170256000.0,3.144,1.0,654899000.0,0.225,151231000.0,25052000.0,1781256000.0,1745839250.0,496095000.0,5947000.0,5947000.0,0.0,1449128000.0,470715000.0,978413000.0,2058577426.0,26116000.0,0.0,-128172000.0,-3417000.0,-23124000.0,-134783000.0,-180437000.0,0.0,350693000.0,-9357000.0,238303000.0,238303000.0,238303000.0,0.0,1814000.0,0.082,273120000.0,381779000.0,225662000.0,0.097,1.941,8.638,8.821,812291000.0,0.0,38.02,0.706,0.706,434580000.0,2257686000.0,2916528000.0,2916528000.0,0.0,0.096,0.232,0.221,0.132,15009000.0,261658000.0,1.0,54144593.0,54144593.0,,53.866,2394637000.0,133990000.0,122915000.0,13022000.0,44.227,961052000.0
19,CTB,MRT,2016-06-30,2016-06-30,2016-06-30,2021-09-14,-515608000.0,2504474000.0,2474116750.0,1404094000.0,1100380000.0,1.192,19.004,-178998000.0,413089000.0,413089000.0,2292082000.0,243287000.0,3.144,1.354,300169000.0,4316000.0,295853000.0,300169000.0,0.0,126043000.0,0.0,0.014,0.42,390004000.0,516047000.0,0.175,516047000.0,390004000.0,365858000.0,4.34,4.29,4.34,1048437000.0,992626500.0,1048437000.0,1514508912.0,4.0,2.935,149599000.0,2.712,1.0,655901000.0,0.222,151151000.0,24146000.0,1793738000.0,1736371000.0,506982000.0,5886000.0,5886000.0,0.0,1419101000.0,446665000.0,972436000.0,1645150912.0,4041000.0,0.0,-120346000.0,-8966000.0,-23414000.0,-132232000.0,-178998000.0,0.0,328597000.0,-13326000.0,242176000.0,242176000.0,242176000.0,0.0,1111000.0,0.082,270183000.0,385718000.0,214961000.0,0.097,1.569,6.793,6.871,802934000.0,0.0,29.82,0.558,0.558,430043000.0,2214067000.0,2947983000.0,2947983000.0,0.0,0.098,0.244,0.225,0.132,15944000.0,270183000.0,1.0,55169380.0,55169380.0,,53.435,2353323000.0,127998000.0,123682000.0,21057000.0,42.656,957429000.0
20,CTB,MRT,2016-03-31,2016-03-31,2016-03-31,2021-09-14,-506937000.0,2468473000.0,2467651750.0,1366567000.0,1101906000.0,1.199,18.354,-170694000.0,434816000.0,434816000.0,2323546000.0,232412000.0,3.162,1.391,304174000.0,8337000.0,295837000.0,304174000.0,0.0,123730000.0,0.0,0.011,0.42,378955000.0,502685000.0,0.17,502685000.0,378955000.0,354855000.0,4.09,4.05,4.09,1016388000.0,956893000.0,1016388000.0,1853521663.0,5.0,3.687,145326000.0,2.624,1.0,635924000.0,0.215,151633000.0,24100000.0,1754041000.0,1728997500.0,474681000.0,5620000.0,5620000.0,0.0,1414153000.0,432157000.0,981996000.0,2050031663.0,-15149000.0,0.0,-137977000.0,-10717000.0,-23637000.0,-154463000.0,-170694000.0,0.0,316020000.0,-6012000.0,231009000.0,231009000.0,231009000.0,0.0,1403000.0,0.078,260694000.0,375230000.0,202217000.0,0.103,2.017,8.874,9.051,799089000.0,0.0,37.02,0.693,0.693,418923000.0,2149087000.0,2959470000.0,2959470000.0,0.0,0.094,0.241,0.219,0.128,17032000.0,260694000.0,1.0,55376328.0,55376328.0,,53.443,2316840000.0,133877000.0,123846000.0,31586000.0,41.838,934410000.0
21,CTB,MRT,2015-12-31,2015-12-31,2015-12-31,2021-09-14,-509767000.0,2436176000.0,2467169250.0,1334630000.0,1101546000.0,1.205,17.472,-180893000.0,505959000.0,505959000.0,2355451000.0,215804000.0,3.082,1.449,309449000.0,13037000.0,296412000.0,309449000.0,0.0,121408000.0,0.0,0.011,0.42,354810000.0,476218000.0,0.16,476218000.0,354810000.0,330990000.0,3.73,3.69,3.73,979248000.0,924383750.0,979248000.0,2011897461.0,6.0,4.225,123414000.0,2.202,1.0,617450000.0,0.208,152341000.0,23820000.0,1654322000.0,1718936500.0,412561000.0,8750000.0,8750000.0,0.0,1418565000.0,433003000.0,985562000.0,2121354461.0,-46495000.0,0.0,-108821000.0,-44428000.0,-23880000.0,-160660000.0,-180893000.0,0.0,304307000.0,-9249000.0,212766000.0,212766000.0,212766000.0,0.0,3038000.0,0.072,262970000.0,354480000.0,215850000.0,0.113,2.166,9.97,10.147,795198000.0,0.0,37.85,0.714,0.714,371757000.0,2095923000.0,2972901000.0,2972901000.0,0.0,0.086,0.23,0.206,0.119,14919000.0,262970000.0,1.0,56046353.0,56046353.0,,53.044,2283835000.0,136310000.0,118224000.0,7033000.0,40.749,901627000.0
22,CTB,MRT,2015-09-30,2015-09-30,2015-09-30,2021-09-14,-527730000.0,2487344000.0,2480359500.0,1415855000.0,1071489000.0,1.216,16.31,-159802000.0,425023000.0,425023000.0,2450995000.0,241987000.0,2.94,1.644,315566000.0,18246000.0,297320000.0,315566000.0,0.0,124435000.0,0.0,0.011,0.42,379867000.0,504302000.0,0.167,504302000.0,379867000.0,354204000.0,4.05,4.0,4.05,926433000.0,890519750.0,926433000.0,2149921682.0,6.0,4.263,194534000.0,3.425,1.0,565944000.0,0.188,152898000.0,25663000.0,1743383000.0,1713664750.0,464848000.0,10917000.0,10917000.0,0.0,1522620000.0,481606000.0,1041014000.0,2244251682.0,88454000.0,170711000.0,-63795000.0,-172634000.0,-24104000.0,-269279000.0,10909000.0,0.0,354336000.0,-7512000.0,235782000.0,235782000.0,235782000.0,0.0,6205000.0,0.078,260413000.0,305531000.0,228939000.0,0.104,2.422,9.518,9.756,769305000.0,0.0,39.51,0.744,0.744,423731000.0,2042443000.0,3016939000.0,3016939000.0,0.0,0.095,0.265,0.222,0.126,14912000.0,260413000.0,1.0,56802118.0,56802118.0,,53.113,2334446000.0,131228000.0,118422000.0,15892000.0,41.098,934249000.0
23,CTB,MRT,2015-06-30,2015-06-30,2015-06-30,2021-09-14,-519849000.0,2478614000.0,2589368250.0,1397991000.0,1080623000.0,1.218,15.73,-155084000.0,408717000.0,408717000.0,2585459000.0,242975000.0,3.01,1.692,314387000.0,16840000.0,297547000.0,314387000.0,0.0,128856000.0,0.0,0.013,0.425,377767000.0,506623000.0,0.161,506623000.0,377767000.0,350943000.0,3.9,3.84,3.9,905503000.0,882294000.0,905503000.0,1813492331.0,5.0,3.58,200953000.0,3.491,1.0,569194000.0,0.18,155651000.0,26824000.0,1764244000.0,1802982750.0,489076000.0,10658000.0,10658000.0,0.0,1531999000.0,464389000.0,1067610000.0,1947495331.0,81421000.0,170711000.0,-241762000.0,-15930000.0,-24256000.0,-289777000.0,15627000.0,0.0,356037000.0,-466000.0,230305000.0,230305000.0,230305000.0,0.0,12670000.0,0.073,256455000.0,312739000.0,236939000.0,0.109,2.151,8.456,8.674,767618000.0,0.0,33.83,0.617,0.617,400278000.0,1995251000.0,3154653000.0,3154653000.0,0.0,0.089,0.261,0.21,0.12,14109000.0,256455000.0,1.0,57567110.0,57567110.0,,54.8,2322963000.0,139620000.0,120638000.0,17643000.0,40.352,933602000.0
24,CTB,MRT,2015-03-31,2015-03-31,2015-03-31,2021-09-14,-526978000.0,2466543000.0,2697191250.0,1399151000.0,1067392000.0,1.22,15.444,-150466000.0,449805000.0,449805000.0,2734186000.0,227257000.0,3.038,1.737,315802000.0,17879000.0,297923000.0,315802000.0,0.0,133751000.0,0.0,0.01,0.43,347887000.0,481638000.0,0.146,481638000.0,347887000.0,320511000.0,3.46,3.4,3.46,886351000.0,917493250.0,886351000.0,2271866834.0,7.0,4.717,188168000.0,3.279,1.0,557371000.0,0.169,158222000.0,27376000.0,1713797000.0,1891029250.0,474600000.0,6712000.0,6712000.0,0.0,1539423000.0,460521000.0,1078902000.0,2458574834.0,113201000.0,170711000.0,-192571000.0,-18500000.0,-24942000.0,-243826000.0,20245000.0,0.0,338634000.0,-1852000.0,208905000.0,208905000.0,208905000.0,0.0,18352000.0,0.063,267471000.0,289900000.0,238163000.0,0.124,2.774,11.769,12.382,751675000.0,0.0,42.84,0.747,0.747,385051000.0,1941707000.0,3291557000.0,3291557000.0,0.0,0.077,0.228,0.184,0.106,10250000.0,267471000.0,1.0,57389702.0,57389702.0,,57.354,2308321000.0,140635000.0,111606000.0,19477000.0,40.222,938630000.0
25,CTB,MRT,2014-12-31,2014-12-31,2014-12-31,2021-09-14,-530602000.0,2488937000.0,2796540000.0,1386556000.0,1102381000.0,1.225,14.521,-143793000.0,552305000.0,552305000.0,2852051000.0,236822000.0,2.711,1.902,364603000.0,66666000.0,297937000.0,364603000.0,0.0,139166000.0,0.0,0.012,0.43,353413000.0,492579000.0,0.144,492579000.0,353413000.0,325275000.0,3.48,3.42,3.48,843792000.0,947328250.0,843792000.0,2202684075.0,6.0,4.472,175291000.0,3.017,1.0,572758000.0,0.167,156635000.0,28138000.0,1633235000.0,1981104500.0,421851000.0,4546000.0,4546000.0,0.0,1604676000.0,511365000.0,1093311000.0,2013452075.0,153921000.0,170711000.0,-196770000.0,35366000.0,-25538000.0,-194755000.0,26918000.0,0.0,319084000.0,2674000.0,213578000.0,213578000.0,213578000.0,0.0,23244000.0,0.062,272300000.0,300458000.0,258373000.0,0.124,2.386,9.427,9.957,740203000.0,0.0,34.65,0.588,0.588,368393000.0,1867126000.0,3424809000.0,3424809000.0,0.0,0.076,0.225,0.178,0.103,9047000.0,272300000.0,1.0,58108285.0,58108285.0,,58.938,2332302000.0,189179000.0,111697000.0,6928000.0,40.137,875191000.0
26,CTB,MRT,2014-09-30,2014-09-30,2014-09-30,2021-09-14,-399678000.0,2923379000.0,2858842500.0,1661029000.0,1262350000.0,1.212,14.048,-155882000.0,336418000.0,336418000.0,2903108000.0,176950000.0,1.979,2.225,525650000.0,200112000.0,325538000.0,525650000.0,0.0,140848000.0,0.0,0.015,0.435,268175000.0,409023000.0,0.118,409023000.0,268175000.0,240325000.0,2.41,2.38,2.41,893530000.0,984096750.0,893530000.0,1864141067.0,7.0,4.558,91371000.0,1.437,1.0,563124000.0,0.162,172507000.0,27850000.0,2100655000.0,2061507500.0,602009000.0,90098000.0,90098000.0,0.0,1988056000.0,839449000.0,1148607000.0,1825456067.0,25973000.0,0.0,-196541000.0,155188000.0,-26086000.0,-70009000.0,-155882000.0,0.0,247253000.0,4611000.0,150930000.0,150930000.0,150930000.0,0.0,26020000.0,0.044,268925000.0,294199000.0,358320000.0,0.18,2.043,12.095,11.909,971683000.0,0.0,28.7,0.527,0.527,538790000.0,1790969000.0,3466232000.0,3466232000.0,0.0,0.053,0.153,0.13,0.077,6348000.0,269273000.0,1.0,63604741.0,63604741.0,,54.496,2750872000.0,100934000.0,89395000.0,23092000.0,43.249,821580000.0
27,CTB,MRT,2014-06-30,2014-06-30,2014-06-30,2021-09-14,-401569000.0,2909906000.0,2841239750.0,1635397000.0,1274509000.0,1.189,16.483,-162857000.0,327652000.0,327652000.0,2875245000.0,125614000.0,2.483,1.741,366337000.0,40149000.0,326188000.0,366337000.0,0.0,139008000.0,0.0,0.014,0.43,211047000.0,350055000.0,0.104,350055000.0,211047000.0,183563000.0,1.62,1.61,1.62,1046300000.0,977727250.0,1046300000.0,1939336600.0,9.0,5.54,133410000.0,2.102,1.0,503324000.0,0.149,173476000.0,27484000.0,2116430000.0,2060312750.0,641593000.0,83241000.0,83241000.0,0.0,1821430000.0,658685000.0,1162745000.0,1904274600.0,82483000.0,0.0,2231000.0,-29363000.0,-26640000.0,-56423000.0,-162857000.0,0.0,296267000.0,5496000.0,103063000.0,103063000.0,103063000.0,0.0,22551000.0,0.031,270940000.0,232384000.0,367826000.0,0.265,1.82,18.477,18.519,977459000.0,0.0,30.0,0.564,0.564,496933000.0,1787360000.0,3378569000.0,3378569000.0,0.0,0.036,0.105,0.102,0.062,6124000.0,270940000.0,1.0,63475820.0,63475820.0,,53.226,2736430000.0,106388000.0,80500000.0,16909000.0,43.11,976712000.0
28,CTB,MRT,2014-03-31,2014-03-31,2014-03-31,2021-09-14,-406488000.0,2863938000.0,2836537750.0,1589397000.0,1274541000.0,1.189,15.403,-170050000.0,337113000.0,337113000.0,2868395000.0,122456000.0,2.448,1.803,372175000.0,44420000.0,327755000.0,372175000.0,0.0,137515000.0,0.0,0.017,0.425,202646000.0,340161000.0,0.101,340161000.0,202646000.0,174723000.0,1.58,1.57,1.58,1005691000.0,931103250.0,1005691000.0,1547044355.0,8.0,4.548,108804000.0,1.666,1.0,505615000.0,0.15,175563000.0,27923000.0,2074098000.0,2082277750.0,621988000.0,78628000.0,78628000.0,0.0,1813643000.0,649339000.0,1164304000.0,1586602355.0,63772000.0,0.0,499000.0,-14463000.0,-26615000.0,-50369000.0,-170050000.0,0.0,278854000.0,5337000.0,100367000.0,100367000.0,100367000.0,0.0,22089000.0,0.03,280654000.0,224961000.0,359230000.0,0.269,1.578,15.808,15.38,974883000.0,0.0,24.3,0.47,0.47,461648000.0,1755903000.0,3374010000.0,3374010000.0,0.0,0.035,0.108,0.097,0.06,6591000.0,280654000.0,1.0,65292278.0,65292278.0,,51.675,2688375000.0,107367000.0,74356000.0,21811000.0,41.174,940058000.0
29,CTB,MRT,2013-12-31,2013-12-31,2013-12-31,2021-09-14,-410020000.0,2738147000.0,2841620250.0,1454790000.0,1283357000.0,1.21,15.182,-179725000.0,400490000.0,400490000.0,2923042000.0,133565000.0,2.577,1.595,360932000.0,39973000.0,320959000.0,360932000.0,0.0,134751000.0,0.0,0.018,0.425,218325000.0,353076000.0,0.103,353076000.0,218325000.0,190419000.0,1.75,1.73,1.75,990866000.0,883652750.0,990866000.0,1716564503.0,8.0,4.862,92650000.0,1.42,1.0,516191000.0,0.15,179159000.0,27906000.0,1954847000.0,2097359250.0,517175000.0,86965000.0,86965000.0,0.0,1580522000.0,564583000.0,1015939000.0,1569027503.0,45914000.0,0.0,1438000.0,-11550000.0,-26604000.0,-46506000.0,-179725000.0,0.0,272375000.0,-230000.0,111013000.0,111013000.0,111013000.0,0.0,22552000.0,0.032,275477000.0,240714000.0,302422000.0,0.243,1.583,14.134,13.737,974269000.0,0.0,24.04,0.456,0.456,360405000.0,1741611000.0,3439233000.0,3439233000.0,0.0,0.039,0.126,0.104,0.063,6973000.0,275477000.0,1.0,65267367.0,65267367.0,,52.695,2558988000.0,111644000.0,79406000.0,17699000.0,39.208,890207000.0
30,CTB,MRT,2013-09-30,2013-09-30,2013-09-30,2021-09-14,-519293000.0,2852968000.0,2857373500.0,1494049000.0,1358919000.0,1.274,13.3,-198695000.0,312458000.0,312458000.0,3043437000.0,190813000.0,2.351,2.103,370857000.0,44443000.0,326414000.0,370857000.0,0.0,131944000.0,0.0,0.014,0.42,290409000.0,422353000.0,0.116,422353000.0,290409000.0,263820000.0,2.61,2.58,2.61,868052000.0,825342250.0,868052000.0,2157771904.0,7.0,5.109,86563000.0,1.326,1.0,597259000.0,0.164,179921000.0,26589000.0,2095876000.0,2105870000.0,587390000.0,68996000.0,68996000.0,0.0,1825496000.0,635570000.0,1189926000.0,2010234904.0,38293000.0,0.0,5655000.0,-17493000.0,-26573000.0,-48201000.0,-198695000.0,0.0,285258000.0,-69000.0,164342000.0,164342000.0,164342000.0,0.0,26471000.0,0.045,281160000.0,316099000.0,304430000.0,0.161,2.316,12.232,11.801,958967000.0,0.0,30.8,0.552,0.552,440997000.0,1728693000.0,3640696000.0,3640696000.0,0.0,0.058,0.199,0.138,0.08,8594000.0,279286000.0,1.0,65267367.0,65267367.0,,55.781,2673047000.0,200284000.0,99478000.0,20965000.0,40.955,858479000.0
31,CTB,MRT,2013-06-30,2013-06-30,2013-06-30,2021-09-14,-532080000.0,2891098000.0,2832897000.0,1524662000.0,1366436000.0,1.378,13.574,-201908000.0,248269000.0,248269000.0,3205890000.0,270223000.0,2.328,2.182,395806000.0,68929000.0,326877000.0,395806000.0,0.0,130315000.0,0.0,0.013,0.42,387280000.0,517595000.0,0.133,517595000.0,387280000.0,360260000.0,3.79,3.75,3.79,859804000.0,792709750.0,859804000.0,2209653757.0,6.0,4.269,98754000.0,1.559,1.0,698013000.0,0.179,179464000.0,27020000.0,2204290000.0,2108762000.0,654096000.0,64883000.0,64883000.0,0.0,1875670000.0,654881000.0,1220789000.0,2101050757.0,3652000.0,0.0,10256000.0,-69070000.0,-26480000.0,-95003000.0,-201908000.0,0.0,300662000.0,-99000.0,238623000.0,238623000.0,238623000.0,0.0,31600000.0,0.061,279871000.0,418142000.0,341401000.0,0.111,2.444,8.805,8.752,949491000.0,0.0,33.17,0.538,0.538,468006000.0,1735516000.0,3903903000.0,3903903000.0,0.0,0.084,0.301,0.184,0.099,8826000.0,278345000.0,1.0,63341898.0,63341898.0,,61.632,2711634000.0,216373000.0,121637000.0,20572000.0,42.809,869781000.0
32,CTB,MRT,2013-03-31,2013-03-31,2013-03-31,2021-09-14,-544197000.0,2884268000.0,2786705250.0,1525352000.0,1358916000.0,1.463,12.913,-198823000.0,277243000.0,277243000.0,3371502000.0,287213000.0,2.232,2.349,385846000.0,51048000.0,334798000.0,385846000.0,0.0,128933000.0,0.0,0.016,0.42,414395000.0,543328000.0,0.133,543328000.0,414395000.0,386223000.0,4.06,4.02,4.06,815889000.0,741625500.0,815889000.0,1633087064.0,4.0,3.006,139143000.0,2.202,1.0,706757000.0,0.173,175138000.0,28172000.0,2134424000.0,2085735750.0,658903000.0,41641000.0,41641000.0,0.0,1916670000.0,683309000.0,1233361000.0,1621348064.0,14528000.0,0.0,9857000.0,-100646000.0,-26375000.0,-120730000.0,-198823000.0,0.0,337966000.0,-3885000.0,254883000.0,254883000.0,254883000.0,0.0,32330000.0,0.062,262367000.0,444390000.0,353473000.0,0.103,1.987,6.361,6.32,941262000.0,0.0,25.66,0.398,0.398,477536000.0,1706702000.0,4078259000.0,4078259000.0,0.0,0.091,0.344,0.199,0.102,8463000.0,260841000.0,1.0,63185817.0,63185817.0,,64.544,2709130000.0,221991000.0,131340000.0,47210000.0,42.876,842043000.0
33,CTB,MRT,2012-12-31,2012-12-31,2012-12-31,2021-09-14,-551526000.0,2801160000.0,2725851750.0,1449695000.0,1351465000.0,1.541,12.041,-186538000.0,359558000.0,359558000.0,3546568000.0,252426000.0,2.213,2.498,371297000.0,35155000.0,336142000.0,371297000.0,0.0,128916000.0,0.0,0.017,0.42,365941000.0,494857000.0,0.118,494857000.0,365941000.0,336395000.0,3.52,3.49,3.52,757624000.0,688856500.0,757624000.0,1701426057.0,5.0,3.438,267682000.0,4.254,1.0,654268000.0,0.156,168868000.0,29546000.0,1988890000.0,2069400250.0,561868000.0,47646000.0,47646000.0,0.0,1892744000.0,655141000.0,1237603000.0,1595671057.0,118107000.0,-18534000.0,8963000.0,-111729000.0,-26273000.0,-132605000.0,-205072000.0,0.0,454220000.0,1564000.0,220371000.0,220371000.0,220371000.0,0.0,32055000.0,0.052,258832000.0,395436000.0,379867000.0,0.119,2.106,7.241,7.205,929255000.0,0.0,25.36,0.38,0.38,415460000.0,1657936000.0,4200836000.0,4200836000.0,0.0,0.081,0.32,0.177,0.087,8036000.0,257306000.0,1.0,62920783.0,62920783.0,,66.764,2632292000.0,228849000.0,116024000.0,26323000.0,41.835,794554000.0
34,CTB,MRT,2012-09-30,2012-09-30,2012-09-30,2021-09-14,-499673000.0,2755062000.0,2653041250.0,1474369000.0,1280693000.0,1.574,11.826,-156843000.0,280900000.0,280900000.0,3607872000.0,384069000.0,2.053,2.546,386655000.0,50024000.0,336631000.0,386655000.0,0.0,126379000.0,0.0,0.022,0.42,306123000.0,432502000.0,0.104,432502000.0,306123000.0,273562000.0,5.72,5.65,5.72,737522000.0,643900750.0,737522000.0,1408438863.0,5.0,3.256,333456000.0,5.347,1.0,569179000.0,0.136,35088000.0,32561000.0,2107444000.0,2069108750.0,585958000.0,51130000.0,51130000.0,0.0,1877461000.0,718285000.0,1159176000.0,1196171863.0,180947000.0,-18534000.0,5239000.0,-110099000.0,-26190000.0,-134618000.0,-175377000.0,0.0,490299000.0,643000.0,356452000.0,356452000.0,356452000.0,0.0,27617000.0,0.085,236799000.0,332380000.0,418780000.0,0.073,1.622,3.356,3.353,1018228000.0,0.0,19.18,0.286,0.286,499568000.0,1591656000.0,4177051000.0,4177051000.0,0.0,0.134,0.554,0.148,0.073,6975000.0,236799000.0,1.0,62365582.0,62365582.0,,66.977,2719974000.0,187826000.0,-82890000.0,20943000.0,43.613,756084000.0
35,CTB,MRT,2012-06-30,2012-06-30,2012-06-30,2021-09-14,-507171000.0,2706331000.0,2554669000.0,1441449000.0,1264882000.0,1.617,10.519,-149556000.0,250362000.0,250362000.0,3670922000.0,323319000.0,1.87,2.93,462629000.0,125548000.0,337081000.0,462629000.0,0.0,124110000.0,0.0,0.024,0.425,228128000.0,352238000.0,0.085,352238000.0,228128000.0,193729000.0,4.82,4.75,4.82,655467000.0,579377750.0,655467000.0,1312142331.0,6.0,3.725,170758000.0,2.74,1.0,459105000.0,0.111,35460000.0,34399000.0,2112185000.0,2033659750.0,568479000.0,65863000.0,65863000.0,0.0,1920317000.0,770953000.0,1149364000.0,1092992331.0,102813000.0,-18534000.0,482000.0,-19730000.0,-26168000.0,-48982000.0,-168090000.0,0.0,320314000.0,-429000.0,299620000.0,299620000.0,299620000.0,0.0,23699000.0,0.073,209116000.0,249989000.0,427219000.0,0.088,1.668,3.648,3.639,1000943000.0,0.0,17.54,0.265,0.265,499086000.0,1524595000.0,4130027000.0,4130027000.0,0.0,0.117,0.517,0.112,0.055,5465000.0,209116000.0,1.0,62314272.0,62314272.0,,66.277,2670871000.0,188776000.0,-105891000.0,27555000.0,42.861,670496000.0
36,CTB,MRT,2012-03-31,2012-03-31,2012-03-31,2021-09-14,-510443000.0,2640854000.0,2480291750.0,1373116000.0,1267738000.0,1.609,9.708,-156565000.0,267843000.0,267843000.0,3620808000.0,279176000.0,1.818,3.159,486993000.0,152183000.0,334810000.0,486993000.0,0.0,125008000.0,0.0,0.028,0.43,161027000.0,286035000.0,0.072,286035000.0,161027000.0,125782000.0,4.18,4.11,4.18,604813000.0,528878000.0,604813000.0,1194402097.0,7.0,4.176,92634000.0,1.487,1.0,369476000.0,0.093,35832000.0,35245000.0,2069082000.0,1975056500.0,491307000.0,77583000.0,77583000.0,0.0,1910660000.0,755090000.0,1155570000.0,948241097.0,69159000.0,-18534000.0,1856000.0,22823000.0,-26156000.0,-7208000.0,-175099000.0,0.0,249199000.0,2267000.0,259397000.0,259397000.0,259397000.0,0.0,19779000.0,0.065,190648000.0,178828000.0,408353000.0,0.103,1.568,3.656,3.641,999136000.0,0.0,15.22,0.238,0.238,480035000.0,1479411000.0,3990284000.0,3990284000.0,0.0,0.105,0.49,0.082,0.04,4545000.0,190648000.0,1.0,62302306.0,62302306.0,,64.047,2605022000.0,193480000.0,-133615000.0,8534000.0,41.813,618026000.0
37,CTB,MRT,2011-12-31,2011-12-31,2011-12-31,2021-09-14,-520878000.0,2509918000.0,2391482250.0,1263980000.0,1245938000.0,1.634,9.277,-151956000.0,236185000.0,236185000.0,3562813000.0,269603000.0,1.942,3.136,482346000.0,152850000.0,329496000.0,482346000.0,0.0,122899000.0,0.0,0.031,0.435,154237000.0,277136000.0,0.071,277136000.0,154237000.0,118046000.0,4.08,4.02,4.08,577801000.0,485614500.0,577801000.0,1274996426.0,8.0,4.601,-26439000.0,-0.425,1.0,345007000.0,0.088,117338000.0,36191000.0,1987724000.0,1902960500.0,465393000.0,71661000.0,71661000.0,0.0,1812028000.0,651017000.0,1161011000.0,872557426.0,-179649000.0,-17380000.0,4470000.0,5827000.0,-26127000.0,-138061000.0,-169336000.0,0.0,125517000.0,2231000.0,253503000.0,253503000.0,253503000.0,0.0,16100000.0,0.065,181706000.0,163301000.0,339215000.0,0.107,1.51,3.442,3.434,899044000.0,0.0,14.01,0.223,0.223,427782000.0,1464392000.0,3907820000.0,3907820000.0,0.0,0.106,0.522,0.081,0.039,4133000.0,181706000.0,1.0,62281044.0,62281044.0,,62.745,2392580000.0,206493000.0,-135457000.0,15559000.0,38.416,612963000.0
38,CTB,MRT,2011-09-30,2011-09-30,2011-09-30,2021-09-14,-415774000.0,2361573000.0,2340387000.0,1291681000.0,1069892000.0,1.611,7.701,-161247000.0,92999000.0,92999000.0,3438556000.0,101121000.0,1.694,3.848,495438000.0,165882000.0,329556000.0,495438000.0,0.0,123058000.0,0.0,0.04,0.435,151491000.0,274549000.0,0.073,274549000.0,151491000.0,114517000.0,1.37,1.34,1.37,479430000.0,456361500.0,479430000.0,1019965887.0,7.0,3.715,-126609000.0,-2.034,1.0,331943000.0,0.088,35885000.0,36974000.0,1965648000.0,1819015250.0,589862000.0,31896000.0,31896000.0,0.0,1844702000.0,762479000.0,1082223000.0,677986887.0,-256847000.0,-17380000.0,9232000.0,24242000.0,-26048000.0,-114803000.0,-178627000.0,0.0,34638000.0,1945000.0,84676000.0,84676000.0,84676000.0,247000.0,16445000.0,0.022,173688000.0,158255000.0,425004000.0,0.318,1.414,8.007,7.949,963512000.0,0.0,10.89,0.18,0.18,554552000.0,1262308000.0,3770499000.0,3770499000.0,0.0,0.036,0.186,0.083,0.04,4272000.0,172843000.0,1.0,62257749.0,62257749.0,,60.563,2325688000.0,0.0,29841000.0,15694000.0,37.356,529202000.0
39,CTB,MRT,2011-06-30,2011-06-30,2011-06-30,2021-09-14,-430153000.0,2408822000.0,2309724750.0,1338562000.0,1070260000.0,1.561,7.303,-152134000.0,140089000.0,140089000.0,3232733000.0,129468000.0,1.602,4.223,482068000.0,157628000.0,324440000.0,482068000.0,0.0,126633000.0,0.0,0.022,0.43,172558000.0,299191000.0,0.083,299191000.0,172558000.0,135140000.0,1.82,1.78,1.82,453468000.0,452017250.0,453468000.0,1499056777.0,9.0,5.01,-79168000.0,-1.275,1.0,372106000.0,0.103,37313000.0,37418000.0,1877772000.0,1744979500.0,642471000.0,38046000.0,38046000.0,0.0,1914894000.0,835716000.0,1079178000.0,1228902777.0,-241394000.0,-17380000.0,10957000.0,-10605000.0,-25962000.0,-146341000.0,-169514000.0,0.0,72966000.0,1495000.0,111993000.0,111993000.0,111993000.0,248000.0,17475000.0,0.031,193933000.0,178173000.0,488160000.0,0.236,2.71,10.973,10.874,959674000.0,0.0,19.79,0.341,0.341,477727000.0,1251190000.0,3604839000.0,3604839000.0,0.0,0.048,0.248,0.099,0.048,5652000.0,188322000.0,1.0,62097159.0,62097159.0,,58.052,2371509000.0,0.0,23147000.0,17340000.0,38.19,502846000.0
40,CTB,MRT,2011-03-31,2011-03-31,2011-03-31,2021-09-14,-444237000.0,2285616000.0,2264144750.0,1237150000.0,1048466000.0,1.541,6.996,-134309000.0,190786000.0,190786000.0,3091846000.0,165192000.0,1.679,4.202,460940000.0,143664000.0,317276000.0,460940000.0,0.0,123356000.0,0.0,0.017,0.425,204658000.0,328014000.0,0.094,328014000.0,204658000.0,167320000.0,2.35,2.3,2.35,431759000.0,441847750.0,431759000.0,1647159492.0,8.0,5.022,29183000.0,0.473,1.0,398213000.0,0.114,38150000.0,37338000.0,1780698000.0,1680909250.0,480054000.0,36172000.0,36172000.0,0.0,1814280000.0,736922000.0,1077358000.0,1589236492.0,-149015000.0,-17380000.0,10931000.0,-20857000.0,-25868000.0,-162431000.0,-151689000.0,0.0,163492000.0,1613000.0,144547000.0,144547000.0,144547000.0,-24878000.0,20645000.0,0.041,210611000.0,187602000.0,404788000.0,0.181,3.681,10.995,10.957,939271000.0,0.0,25.75,0.455,0.455,480253000.0,1246782000.0,3490059000.0,3490059000.0,0.0,0.064,0.327,0.122,0.059,6737000.0,197574000.0,1.0,61717922.0,61717922.0,,56.549,2247466000.0,0.0,22773000.0,18244000.0,36.415,500228000.0
41,CTB,MRT,2010-12-31,2010-12-31,2010-12-31,2021-09-14,-468063000.0,2305537000.0,2228463750.0,1340239000.0,965298000.0,1.5,7.494,-117240000.0,415633000.0,415633000.0,2940283000.0,163887000.0,1.93,3.868,473556000.0,152832000.0,320724000.0,473556000.0,0.0,123721000.0,0.0,0.018,0.425,197153000.0,320874000.0,0.096,320874000.0,197153000.0,160506000.0,2.29,2.24,2.29,460789000.0,424033750.0,460789000.0,1569072773.0,8.0,4.89,57451000.0,0.934,1.0,402425000.0,0.12,17256000.0,36647000.0,1651943000.0,1635422500.0,386827000.0,69547000.0,69547000.0,0.0,1782487000.0,694261000.0,1088226000.0,1449970773.0,-13622000.0,0.0,10308000.0,-32726000.0,-25770000.0,-70995000.0,-117240000.0,0.0,174691000.0,-78000.0,140449000.0,140449000.0,140449000.0,-24118000.0,23438000.0,0.042,214051000.0,188374000.0,384464000.0,0.186,3.147,10.324,10.297,852442000.0,0.0,23.58,0.434,0.434,414149000.0,1247265000.0,3342708000.0,3342708000.0,0.0,0.063,0.331,0.121,0.059,6845000.0,193402000.0,1.0,61491551.0,61491551.0,,54.36,2288281000.0,27369000.0,20057000.0,4601000.0,37.213,645978000.0
42,CTB,MRT,2010-09-30,2010-09-30,2010-09-30,2021-09-14,-427295000.0,2238924000.0,2177164500.0,1286576000.0,952348000.0,1.476,7.52,-88808000.0,349679000.0,349679000.0,2777821000.0,173404000.0,1.918,3.715,468781000.0,143078000.0,325703000.0,468781000.0,0.0,124275000.0,0.0,0.022,0.425,197417000.0,321692000.0,0.1,321692000.0,197417000.0,159122000.0,2.3,2.27,2.3,462053000.0,391538500.0,462053000.0,1312754129.0,7.0,4.081,99642000.0,1.622,1.0,436582000.0,0.136,17577000.0,38295000.0,1669505000.0,1602301250.0,370988000.0,0.0,0.0,0.0,1716349000.0,670944000.0,1045405000.0,1206334129.0,-62131000.0,0.0,7701000.0,-120603000.0,-25662000.0,-161371000.0,-88808000.0,0.0,188450000.0,-402000.0,139414000.0,139414000.0,139414000.0,-30498000.0,33990000.0,0.043,242468000.0,194114000.0,362511000.0,0.185,2.611,8.653,8.535,836777000.0,0.0,19.63,0.375,0.375,521019000.0,1213540000.0,3214403000.0,3214403000.0,0.0,0.064,0.356,0.123,0.061,7310000.0,210392000.0,1.0,61453598.0,61440000.0,,52.318,2221347000.0,0.0,19708000.0,5091000.0,36.155,615632000.0
43,CTB,MRT,2010-06-30,2010-06-30,2010-06-30,2021-09-14,-434400000.0,2226502000.0,2157792000.0,1277370000.0,949132000.0,1.453,6.742,-81006000.0,381343000.0,381343000.0,2685403000.0,180591000.0,1.842,4.256,487763000.0,160910000.0,326853000.0,487763000.0,0.0,121040000.0,0.0,0.022,0.425,194012000.0,315052000.0,0.101,315052000.0,194012000.0,153674000.0,2.44,2.4,2.44,412790000.0,358803750.0,412790000.0,1331855896.0,7.0,4.227,246295000.0,4.022,1.0,448852000.0,0.143,17898000.0,40338000.0,1621491000.0,1567694000.0,387350000.0,0.0,0.0,0.0,1756645000.0,693533000.0,1063112000.0,1194003896.0,76623000.0,-573000.0,5928000.0,-125338000.0,-25401000.0,-169118000.0,-81579000.0,0.0,327301000.0,19000.0,141647000.0,141647000.0,141647000.0,-30162000.0,38944000.0,0.045,251180000.0,197672000.0,388023000.0,0.174,2.893,8.429,7.992,835682000.0,0.0,19.5,0.381,0.381,459177000.0,1175334000.0,3134255000.0,3134255000.0,0.0,0.066,0.395,0.124,0.062,6617000.0,210485000.0,1.0,61230969.0,61230969.0,,51.187,2208604000.0,0.0,12027000.0,4725000.0,36.07,583837000.0
44,CTB,MRT,2010-03-31,2010-03-31,2010-03-31,2021-09-14,-444946000.0,2142892000.0,2122653750.0,1196582000.0,946310000.0,1.395,5.918,-76473000.0,339672000.0,339672000.0,2508095000.0,124098000.0,1.803,4.671,477524000.0,150083000.0,327441000.0,477524000.0,0.0,122754000.0,0.0,0.023,0.43,139643000.0,262397000.0,0.089,262397000.0,139643000.0,96357000.0,1.61,1.59,1.61,360503000.0,320117500.0,360503000.0,1230257371.0,9.0,4.689,305188000.0,5.01,1.0,453930000.0,0.153,18219000.0,43286000.0,1598751000.0,1562317000.0,360949000.0,0.0,0.0,0.0,1683762000.0,663774000.0,1019988000.0,1156252371.0,104807000.0,-573000.0,4468000.0,-163400000.0,-25152000.0,-196754000.0,-77046000.0,0.0,381661000.0,-3054000.0,84610000.0,84610000.0,84610000.0,32049000.0,39488000.0,0.029,248467000.0,205463000.0,352029000.0,0.267,3.207,13.666,11.814,833637000.0,0.0,19.02,0.39,0.391,458968000.0,1137764000.0,2962025000.0,2962025000.0,0.0,0.04,0.264,0.089,0.047,5668000.0,206489000.0,1.0,60791397.0,60914000.0,,48.626,2124673000.0,0.0,11747000.0,5318000.0,34.88,532808000.0
45,CTB,MRT,2009-12-31,2009-12-31,2009-12-31,2021-09-14,-470272000.0,2100340000.0,2093402500.0,1131831000.0,968509000.0,1.327,5.468,-77798000.0,429200000.0,429200000.0,2359963000.0,83639000.0,1.779,5.199,503205000.0,172234000.0,330971000.0,503205000.0,0.0,123511000.0,0.0,0.021,0.425,99209000.0,222720000.0,0.08,222720000.0,99209000.0,51998000.0,1.04,1.02,1.04,330808000.0,297099500.0,330808000.0,1382202306.0,14.0,6.206,366771000.0,6.063,1.0,419027000.0,0.151,18546000.0,47211000.0,1519458000.0,1587986750.0,298435000.0,42599000.0,42599000.0,0.0,1719816000.0,636341000.0,1083475000.0,1212979306.0,179309000.0,-659000.0,2301000.0,-160024000.0,-24926000.0,-182649000.0,-78457000.0,0.0,444569000.0,-4154000.0,51767000.0,51767000.0,51767000.0,31653000.0,31872000.0,0.019,262758000.0,156269000.0,300448000.0,0.409,3.667,23.432,19.279,850971000.0,0.0,20.05,0.436,0.436,324424000.0,1133133000.0,2778990000.0,2778990000.0,0.0,0.025,0.174,0.062,0.036,5419000.0,206990000.0,1.0,60497721.0,60497721.0,,45.935,2081794000.0,0.0,231000.0,3955000.0,34.411,495490000.0
46,CTB,MRT,2009-09-30,2009-09-30,2009-09-30,2021-09-14,-433277000.0,2161434000.0,2079041500.0,1196742000.0,964692000.0,1.271,5.581,-90864000.0,411813000.0,411813000.0,2360274000.0,-126577000.0,1.533,5.219,581036000.0,251093000.0,329943000.0,581036000.0,0.0,127850000.0,0.0,0.024,0.43,-109679000.0,18171000.0,0.007,18171000.0,-109679000.0,-159355000.0,-2.21,-2.24,-2.21,331114000.0,281854750.0,331114000.0,1337234290.0,-12.0,73.592,221956000.0,3.741,1.0,281489000.0,0.107,18884000.0,49676000.0,1531076000.0,1639032250.0,310968000.0,0.0,0.0,0.0,1728188000.0,780697000.0,947491000.0,1036610290.0,145508000.0,-4325000.0,96000.0,-53721000.0,-24758000.0,-78383000.0,-95189000.0,0.0,312820000.0,6260000.0,-130850000.0,-130850000.0,-130850000.0,37802000.0,4273000.0,-0.05,349322000.0,-67833000.0,302602000.0,-0.195,3.131,-7.922,-7.955,877241000.0,0.0,17.58,0.392,0.395,431354000.0,1100330000.0,2641763000.0,2641763000.0,0.0,-0.063,-0.464,-0.067,-0.042,4269000.0,198084000.0,1.0,58965318.0,59331000.0,,44.526,2142550000.0,0.0,-28505000.0,3051000.0,36.112,416045000.0
47,CTB,MRT,2009-06-30,2009-06-30,2009-06-30,2021-09-14,-442217000.0,2085949000.0,2125550750.0,1111884000.0,974065000.0,1.239,4.377,-98718000.0,304769000.0,304769000.0,2491885000.0,-239075000.0,1.449,6.729,605393000.0,279924000.0,325469000.0,605393000.0,0.0,133555000.0,0.0,0.043,0.43,-215456000.0,-81901000.0,-0.031,-81901000.0,-215456000.0,-266513000.0,-4.02,-4.02,-4.02,258045000.0,375897250.0,258045000.0,982242104.0,-5.0,-11.993,-1528000.0,-0.026,1.0,140835000.0,0.053,19221000.0,51057000.0,1599983000.0,1738044250.0,377080000.0,0.0,0.0,0.0,1736436000.0,767369000.0,969067000.0,584802104.0,50143000.0,77670000.0,25000.0,-9278000.0,-24752000.0,-34005000.0,-21048000.0,0.0,97190000.0,8006000.0,-233062000.0,-233062000.0,-233062000.0,37598000.0,-6013000.0,-0.089,326371000.0,-185536000.0,276015000.0,-0.107,2.266,-2.509,-2.468,886549000.0,0.0,9.92,0.222,0.222,367337000.0,1059691000.0,2632720000.0,2632720000.0,0.0,-0.11,-0.62,-0.124,-0.082,3613000.0,188518000.0,1.0,58951825.0,58958000.0,,44.654,2066728000.0,0.0,-33451000.0,2342000.0,35.054,344515000.0
48,CTB,MRT,2009-03-31,2009-03-31,2009-03-31,2021-09-14,-449340000.0,2025887000.0,2195894750.0,1044929000.0,980958000.0,1.263,4.554,-107410000.0,235001000.0,235001000.0,2703694000.0,-254496000.0,1.488,6.231,632441000.0,304052000.0,328389000.0,632441000.0,0.0,138499000.0,0.0,0.106,0.43,-225726000.0,-87227000.0,-0.031,-87227000.0,-225726000.0,-277428000.0,-4.29,-4.29,-4.29,268431000.0,479356250.0,268431000.0,646266415.0,-3.0,-7.409,-194295000.0,-3.296,1.0,70204000.0,0.025,19559000.0,51702000.0,1701430000.0,1838049000.0,400505000.0,0.0,0.0,0.0,1672626000.0,702338000.0,970288000.0,238086415.0,-33348000.0,77670000.0,12000.0,49333000.0,-24745000.0,24600000.0,19399000.0,49139000.0,-86885000.0,9538000.0,-242333000.0,-242333000.0,-242333000.0,644000.0,-12163000.0,-0.087,312630000.0,-242426000.0,262031000.0,-0.1,0.887,-0.982,-0.942,886644000.0,0.0,4.04,0.086,0.086,351447000.0,1078842000.0,2773898000.0,2773898000.0,0.0,-0.11,-0.506,-0.123,-0.081,2492000.0,183486000.0,1.0,58932281.0,58941000.0,,47.062,2006328000.0,0.0,-35095000.0,2105000.0,34.04,342591000.0
49,CTB,MRT,2008-12-31,2008-12-31,2008-12-31,2021-09-14,-464427000.0,2042896000.0,2276105500.0,1044183000.0,998713000.0,1.266,4.58,-122365000.0,250104000.0,250104000.0,2805638000.0,-227437000.0,1.476,6.392,658284000.0,332535000.0,325749000.0,658284000.0,0.0,142759000.0,0.0,0.088,0.54,-199129000.0,-56370000.0,-0.02,-56370000.0,-199129000.0,-249654000.0,-3.88,-3.88,-3.88,269829000.0,584677500.0,269829000.0,728067257.0,-4.0,-12.916,-289582000.0,-4.916,1.0,76173000.0,0.026,19902000.0,50525000.0,1723640000.0,1913701500.0,420112000.0,0.0,0.0,0.0,1724650000.0,707534000.0,1017116000.0,362887257.0,-98275000.0,71800000.0,-13544000.0,93966000.0,-24773000.0,59899000.0,-800000.0,49765000.0,-167217000.0,9843000.0,-219380000.0,-219380000.0,-219380000.0,-64000.0,-8057000.0,-0.076,292806000.0,-216633000.0,248637000.0,-0.139,1.345,-1.654,-1.588,901274000.0,0.0,6.16,0.126,0.126,318109000.0,1096405000.0,2881811000.0,2881811000.0,0.0,-0.096,-0.375,-0.104,-0.069,3924000.0,185064000.0,1.0,58910269.0,58910269.0,,48.919,2022994000.0,0.0,-30274000.0,1409000.0,34.34,336649000.0
50,CTB,MRT,2008-09-30,2008-09-30,2008-09-30,2021-09-14,-186063000.0,2347471000.0,2340004000.0,1217844000.0,1129627000.0,1.287,12.008,-124317000.0,266662000.0,266662000.0,2832049000.0,-13212000.0,1.655,2.319,631842000.0,220152000.0,411690000.0,631842000.0,0.0,142885000.0,0.0,0.062,0.535,19053000.0,161938000.0,0.054,161938000.0,19053000.0,-29453000.0,-0.46,-0.47,-0.46,707284000.0,692628750.0,707284000.0,864800630.0,45.0,5.34,-187951000.0,-3.191,1.0,179060000.0,0.059,49548000.0,48506000.0,1927124000.0,1961284750.0,502593000.0,0.0,0.0,0.0,1640187000.0,735979000.0,904208000.0,506550630.0,-37794000.0,141722000.0,-59260000.0,35762000.0,-25013000.0,-40423000.0,67492000.0,50087000.0,-63634000.0,-1229000.0,-24924000.0,-24924000.0,-24924000.0,13863000.0,11712000.0,-0.008,188925000.0,-9865000.0,362763000.0,-1.163,0.716,-20.324,-18.696,995086000.0,0.0,8.6,0.168,0.168,408473000.0,1256030000.0,3011109000.0,3011109000.0,0.0,-0.011,-0.036,0.01,0.006,4520000.0,188925000.0,1.0,58901236.0,58903000.0,,51.12,2297923000.0,0.0,-4529000.0,1881000.0,39.012,481865000.0
51,CTB,MRT,2008-06-30,2008-06-30,2008-06-30,2021-09-14,-186411000.0,2367325000.0,2348204000.0,1246293000.0,1121032000.0,1.271,11.408,-118049000.0,255046000.0,255046000.0,2729788000.0,71995000.0,1.846,2.381,613296000.0,194236000.0,419060000.0,613296000.0,0.0,140790000.0,0.0,0.069,0.54,113347000.0,254137000.0,0.085,254137000.0,113347000.0,65311000.0,0.96,0.95,0.96,671881000.0,703891750.0,671881000.0,772407664.0,7.0,3.039,-3630000.0,-0.062,1.0,255280000.0,0.086,50484000.0,48036000.0,2000002000.0,1995650250.0,443674000.0,0.0,0.0,0.0,1599585000.0,675089000.0,924496000.0,461753664.0,-28823000.0,48336000.0,-54805000.0,-49200000.0,-25403000.0,-118070000.0,-21258000.0,50314000.0,114419000.0,-5081000.0,60661000.0,60661000.0,60661000.0,1371000.0,11334000.0,0.02,185382000.0,69898000.0,331005000.0,0.562,0.687,7.612,8.167,1007154000.0,0.0,7.84,0.155,0.155,405899000.0,1317602000.0,2985068000.0,2985068000.0,0.0,0.026,0.086,0.057,0.038,4638000.0,184606000.0,1.0,58897151.0,58897000.0,,50.683,2316841000.0,0.0,4650000.0,4060000.0,39.337,571204000.0
52,CTB,MRT,2008-03-31,2008-03-31,2008-03-31,2021-09-14,-197103000.0,2346730000.0,2348836750.0,1227085000.0,1119645000.0,1.253,11.595,-117019000.0,268784000.0,268784000.0,2641483000.0,111351000.0,2.039,2.264,579438000.0,143663000.0,435775000.0,579438000.0,0.0,139090000.0,0.0,0.036,0.54,157991000.0,297081000.0,0.101,297081000.0,157991000.0,110540000.0,1.62,1.61,1.62,689716000.0,709807500.0,689716000.0,1095488092.0,7.0,3.688,148922000.0,2.504,1.0,300813000.0,0.102,51419000.0,47451000.0,2004040000.0,2029210500.0,401570000.0,49139000.0,49139000.0,0.0,1561643000.0,601925000.0,959718000.0,893234092.0,3598000.0,48336000.0,-39660000.0,-82691000.0,-25745000.0,-136758000.0,-119034000.0,-49139000.0,265941000.0,-6551000.0,100505000.0,100505000.0,100505000.0,-758000.0,10846000.0,0.034,185996000.0,114817000.0,310637000.0,0.333,1.295,8.887,9.241,1002482000.0,0.0,14.97,0.304,0.303,376490000.0,1346017000.0,2942296000.0,2942296000.0,0.0,0.043,0.142,0.078,0.054,4970000.0,183528000.0,1.0,59668276.0,59484000.0,,49.464,2295311000.0,0.0,10035000.0,1398000.0,38.587,625160000.0
53,CTB,MRT,2007-12-31,2007-12-31,2007-12-31,2021-09-14,-205677000.0,2298490000.0,2346320000.0,1189924000.0,1108566000.0,1.25,11.199,-121318000.0,348738000.0,348738000.0,2617161000.0,128330000.0,2.234,2.147,550992000.0,86384000.0,464608000.0,550992000.0,0.0,136932000.0,0.0,0.033,0.54,183897000.0,320829000.0,0.109,320829000.0,183897000.0,135405000.0,1.93,1.91,1.93,701634000.0,703569750.0,701634000.0,1337282973.0,7.0,4.168,251476000.0,4.014,1.0,315414000.0,0.108,54236000.0,48492000.0,1913973000.0,2052574250.0,304560000.0,49765000.0,49765000.0,0.0,1506199000.0,532535000.0,973664000.0,1038738973.0,124292000.0,54292000.0,-21775000.0,-93758000.0,-26001000.0,-125946000.0,-118650000.0,-49765000.0,372794000.0,-3906000.0,119570000.0,119570000.0,119570000.0,-1660000.0,8760000.0,0.041,181022000.0,134392000.0,301621000.0,0.28,1.48,8.687,8.591,992215000.0,0.0,16.58,0.354,0.354,354939000.0,1350527000.0,2932575000.0,2932575000.0,0.0,0.051,0.17,0.09,0.063,3731000.0,177507000.0,1.0,62650119.0,62650119.0,,46.809,2244254000.0,0.0,15835000.0,1450000.0,35.822,657389000.0
54,CTB,MRT,2007-09-30,2007-09-30,2007-09-30,2021-09-14,-245646000.0,2380271000.0,2330576250.0,1259875000.0,1120396000.0,1.215,12.018,-154006000.0,309512000.0,309512000.0,2539882000.0,40936000.0,2.245,2.164,608056000.0,112980000.0,495076000.0,608056000.0,0.0,136515000.0,0.0,0.022,0.54,113643000.0,250158000.0,0.088,250158000.0,113643000.0,64812000.0,0.65,0.64,0.65,752336000.0,670712000.0,752336000.0,1904512280.0,17.0,7.613,307042000.0,4.905,1.0,291512000.0,0.103,53114000.0,48831000.0,2064586000.0,2089460750.0,304457000.0,50087000.0,50087000.0,0.0,1627935000.0,561115000.0,1066820000.0,1523383280.0,196692000.0,-12029000.0,23956000.0,-56155000.0,-26036000.0,-41085000.0,-216833000.0,-50087000.0,461048000.0,-6438000.0,40936000.0,40936000.0,40936000.0,-10375000.0,0.0,0.014,210092000.0,81420000.0,255438000.0,0.831,2.025,37.214,37.538,984487000.0,0.0,24.4,0.538,0.539,399596000.0,1305955000.0,2831394000.0,2831394000.0,0.0,0.018,0.061,0.054,0.04,3162000.0,164895000.0,1.0,62433741.0,62603000.0,,45.228,2327157000.0,0.0,23876000.0,4301000.0,37.173,698760000.0
55,CTB,MRT,2007-06-30,2007-06-30,2007-06-30,2021-09-14,-273475000.0,2369856000.0,2351203750.0,1237774000.0,1132082000.0,1.171,11.222,-178202000.0,288829000.0,288829000.0,2487114000.0,-14261000.0,2.219,2.407,669958000.0,126811000.0,543147000.0,669958000.0,0.0,133613000.0,0.0,0.02,0.54,59808000.0,193421000.0,0.07,193421000.0,59808000.0,10364000.0,-0.24,-0.25,-0.24,695544000.0,702135000.0,695544000.0,2104705691.0,35.0,10.881,224630000.0,3.624,1.0,266472000.0,0.097,59007000.0,49444000.0,2134243000.0,2146585000.0,349873000.0,50314000.0,50314000.0,0.0,1674312000.0,557735000.0,1116577000.0,1703546691.0,175938000.0,-2803000.0,19501000.0,6166000.0,-25901000.0,13666000.0,-233057000.0,-50314000.0,402832000.0,-6336000.0,-14261000.0,-14261000.0,-14261000.0,3451000.0,0.0,-0.005,222862000.0,43610000.0,272302000.0,-2.25,2.449,-119.455,-115.083,1002597000.0,0.0,27.62,0.619,0.622,428244000.0,1282328000.0,2753586000.0,2753586000.0,0.0,-0.006,-0.02,0.028,0.022,2563000.0,177126000.0,1.0,61678012.0,61980000.0,,44.427,2310849000.0,0.0,24625000.0,0.0,37.284,680039000.0
56,CTB,MRT,2007-03-31,2007-03-31,2007-03-31,2021-09-14,-277314000.0,2336663000.0,2383007500.0,1208743000.0,1127920000.0,1.111,10.814,-188456000.0,270022000.0,270022000.0,2427934000.0,-52606000.0,2.084,2.515,671181000.0,148035000.0,523146000.0,671181000.0,0.0,134477000.0,0.0,0.029,0.535,82000.0,134559000.0,0.051,134559000.0,82000.0,-48789000.0,-0.86,-0.87,-0.86,664765000.0,754249000.0,664765000.0,1519746309.0,18533.0,11.294,20358000.0,0.331,1.0,220302000.0,0.083,60196000.0,48871000.0,2097495000.0,2190825250.0,371462000.0,0.0,0.0,0.0,1671898000.0,580131000.0,1091767000.0,1122935309.0,68629000.0,-2901000.0,4362000.0,65754000.0,-25815000.0,60225000.0,-193742000.0,0.0,208814000.0,-6668000.0,-52606000.0,-52606000.0,-52606000.0,3259000.0,0.0,-0.02,232086000.0,-11784000.0,282322000.0,-0.622,1.689,-21.346,-21.267,997354000.0,0.0,18.29,0.424,0.425,444383000.0,1271240000.0,2648236000.0,2648236000.0,0.0,-0.022,-0.07,0.0,0.0,2130000.0,179830000.0,1.0,61396135.0,61475000.0,,43.078,2276467000.0,0.0,3817000.0,8831000.0,37.031,628612000.0
57,CTB,MRT,2006-12-31,2006-12-31,2006-12-31,2021-09-14,-282552000.0,2235515000.0,2415372500.0,1032344000.0,1203171000.0,1.066,9.296,-185815000.0,229161000.0,229161000.0,2382150000.0,-78511000.0,1.957,2.798,639342000.0,126129000.0,513213000.0,639342000.0,0.0,132601000.0,0.0,0.03,0.425,-36684000.0,95917000.0,0.037,95917000.0,-36684000.0,-83849000.0,-1.28,-1.28,-1.28,570203000.0,820202250.0,570203000.0,1382639666.0,-38.0,14.415,-70098000.0,-1.143,1.0,193068000.0,0.075,56689000.0,47165000.0,2061519000.0,2197760250.0,337867000.0,0.0,0.0,0.0,1595624000.0,527488000.0,1068136000.0,877156666.0,-59057000.0,-43046000.0,149000.0,70097000.0,-25781000.0,62889000.0,-230599000.0,0.0,115717000.0,-7064000.0,-78511000.0,-78511000.0,-78511000.0,4191000.0,0.0,-0.03,238320000.0,-45252000.0,270522000.0,-0.332,1.538,-11.172,-11.172,970633000.0,0.0,14.3,0.341,0.341,395523000.0,1256971000.0,2575218000.0,2575218000.0,0.0,-0.033,-0.096,-0.017,-0.014,1572000.0,187111000.0,1.0,61339627.0,61339627.0,,41.983,2178826000.0,0.0,-5338000.0,4695000.0,35.521,504856000.0
58,CTB,MRT,2006-09-30,2006-09-30,2006-09-30,2021-09-14,-78022000.0,2462781000.0,2394540250.0,1045158000.0,1417623000.0,0.987,14.314,-155036000.0,118380000.0,118380000.0,2203131000.0,-57730000.0,1.832,1.805,623863000.0,110850000.0,513013000.0,623863000.0,0.0,124420000.0,0.0,0.043,0.43,-12210000.0,112210000.0,0.047,112210000.0,-12210000.0,-60604000.0,-0.93,-0.93,-0.93,878028000.0,912345500.0,878028000.0,1115706622.0,-91.0,9.943,-160114000.0,-2.61,1.0,160979000.0,0.068,104767000.0,48394000.0,2293083000.0,2180858500.0,424018000.0,0.0,0.0,0.0,1584753000.0,570414000.0,1014339000.0,617050622.0,-300125000.0,-42981000.0,-105000.0,-112540000.0,-25758000.0,-121169000.0,-170378000.0,41810000.0,-5078000.0,-3500000.0,-57730000.0,-57730000.0,-57730000.0,4012000.0,0.0,-0.024,191488000.0,-30509000.0,290289000.0,-0.462,0.703,-10.689,-10.817,983744000.0,0.0,10.06,0.261,0.261,468753000.0,1291018000.0,2364110000.0,2364110000.0,0.0,-0.024,-0.063,-0.006,-0.005,1096000.0,181684000.0,1.0,61337040.0,61339000.0,,38.542,2358014000.0,12971000.0,-2874000.0,14803000.0,38.442,474744000.0
59,CTB,MRT,2006-06-30,2006-06-30,2006-06-30,2021-09-14,-83201000.0,2497071000.0,2381042750.0,1099232000.0,1397839000.0,0.937,14.738,-146808000.0,119360000.0,119360000.0,2066641000.0,-33577000.0,1.898,1.762,618016000.0,115397000.0,502619000.0,618016000.0,0.0,122044000.0,0.0,0.038,0.425,7760000.0,129804000.0,0.058,129804000.0,7760000.0,-41215000.0,-0.53,-0.53,-0.53,904000000.0,932976000.0,904000000.0,986191626.0,127.0,7.598,-200827000.0,-3.274,1.0,165362000.0,0.074,105327000.0,48975000.0,2311204000.0,2171711750.0,464671000.0,0.0,0.0,0.0,1593071000.0,579196000.0,1013875000.0,683294626.0,-339846000.0,-40243000.0,1038000.0,-121419000.0,-25756000.0,-128903000.0,-156271000.0,42065000.0,-54019000.0,-653000.0,-33577000.0,-33577000.0,-33577000.0,2310000.0,0.0,-0.015,176737000.0,-11375000.0,300252000.0,-0.802,0.756,-20.35,-21.019,966309000.0,0.0,11.14,0.306,0.306,460594000.0,1322463000.0,2232003000.0,2232003000.0,0.0,-0.014,-0.036,0.004,0.003,832000.0,168525000.0,1.0,61337040.0,61337000.0,,36.389,2391744000.0,23834000.0,-7638000.0,26122000.0,38.993,520036000.0
60,CTB,MRT,2006-03-31,2006-03-31,2006-03-31,2021-09-14,-85514000.0,2466123000.0,2360270500.0,1075513000.0,1390610000.0,0.897,15.141,-155342000.0,206278000.0,206278000.0,1944068000.0,-19726000.0,2.001,1.656,509175000.0,6556000.0,502619000.0,509175000.0,0.0,114393000.0,0.0,0.03,0.43,28711000.0,143104000.0,0.068,143104000.0,28711000.0,-22395000.0,-0.3,-0.3,-0.3,928578000.0,949609000.0,928578000.0,1078055267.0,38.0,7.533,-114880000.0,-1.873,1.0,174080000.0,0.082,106310000.0,51106000.0,2125235000.0,2155438000.0,407594000.0,0.0,0.0,0.0,1537545000.0,537475000.0,1000070000.0,879452267.0,-369704000.0,14125000.0,-81635000.0,-262157000.0,-25744000.0,-354326000.0,-58950000.0,91864000.0,40462000.0,3110000.0,-19726000.0,-19726000.0,-19726000.0,4963000.0,0.0,-0.009,159150000.0,14930000.0,373520000.0,-1.433,0.947,-44.583,-47.8,962796000.0,0.0,14.34,0.415,0.415,436872000.0,1349652000.0,2118148000.0,2118148000.0,0.0,-0.008,-0.021,0.013,0.014,688000.0,159150000.0,1.0,61328610.0,61330000.0,,34.537,2359813000.0,23826000.0,-2669000.0,19859000.0,38.477,538038000.0
61,CTB,MRT,2005-12-31,2005-12-31,2005-12-31,2021-09-14,-86323000.0,2152186000.0,2383547750.0,968801000.0,1183385000.0,0.854,15.31,-157158000.0,293094000.0,293094000.0,1856466000.0,-9356000.0,3.49,1.293,491697000.0,79000.0,491618000.0,491697000.0,0.0,109780000.0,0.0,0.028,0.43,45237000.0,155017000.0,0.076,155017000.0,45237000.0,-9271000.0,-0.15,-0.15,-0.15,938776000.0,980291000.0,938776000.0,1195669541.0,26.0,7.713,-103541000.0,-1.689,1.0,179157000.0,0.088,79280000.0,54508000.0,1993912000.0,2214852000.0,306046000.0,0.0,0.0,0.0,1213410000.0,277597000.0,935813000.0,939363541.0,-601016000.0,-53691000.0,-185091000.0,-278716000.0,-26643000.0,-486240000.0,-172900000.0,46064000.0,53617000.0,4507000.0,-9356000.0,-9356000.0,-9356000.0,-983000.0,0.0,-0.005,154007000.0,25150000.0,157785000.0,-2.867,1.001,-100.402,-102.133,786225000.0,0.0,15.32,0.461,0.461,338793000.0,1361269000.0,2035623000.0,2035623000.0,0.0,-0.004,-0.01,0.02,0.022,248000.0,154007000.0,1.0,61316158.0,61316158.0,,33.199,2072906000.0,23130000.0,85000.0,37331000.0,33.807,691204000.0
62,CTB,MRT,2005-09-30,2005-09-30,2005-09-30,2021-09-14,-76494000.0,2408791000.0,2512522250.0,1227604000.0,1181187000.0,0.845,15.672,-188251000.0,417502000.0,417502000.0,1928062000.0,130719000.0,3.736,1.508,673808000.0,189000.0,673619000.0,673808000.0,0.0,113678000.0,0.0,0.028,0.43,167539000.0,281217000.0,0.132,281217000.0,167539000.0,119454000.0,1.74,1.73,1.74,960550000.0,1038230250.0,960550000.0,1162731676.0,7.0,4.135,-329875000.0,-5.382,1.0,195687000.0,0.092,80032000.0,48085000.0,2256496000.0,2254824000.0,343669000.0,41810000.0,41810000.0,0.0,1448241000.0,328569000.0,1119672000.0,935122676.0,349802000.0,1118576000.0,-265660000.0,-83080000.0,-27828000.0,-397095000.0,879823000.0,-41810000.0,-141624000.0,8698000.0,130719000.0,130719000.0,130719000.0,-136039000.0,0.0,0.062,167961000.0,27726000.0,175792000.0,0.247,0.974,7.154,8.776,775227000.0,0.0,15.27,0.44,0.441,382732000.0,1374558000.0,2123749000.0,2123749000.0,0.0,0.052,0.126,0.074,0.079,180000.0,167996000.0,1.0,61239206.0,61292000.0,,34.65,2328759000.0,0.0,-11265000.0,43493000.0,37.995,899035000.0
63,CTB,MRT,2005-06-30,2005-06-30,2005-06-30,2021-09-14,-72647000.0,2413982000.0,2649538250.0,1243966000.0,1170016000.0,0.799,15.591,-188094000.0,458109000.0,458109000.0,1914998000.0,141429000.0,3.953,1.487,685718000.0,98000.0,685620000.0,685718000.0,0.0,113766000.0,0.0,0.023,0.43,174412000.0,288178000.0,0.136,288178000.0,174412000.0,133292000.0,1.88,1.87,1.88,970532000.0,1071739500.0,970532000.0,1381701061.0,8.0,4.795,-242935000.0,-3.903,1.0,202402000.0,0.096,80785000.0,41120000.0,2246109000.0,2419161000.0,329931000.0,42065000.0,42065000.0,0.0,1443450000.0,314697000.0,1128753000.0,1187767061.0,415769000.0,1118576000.0,-264089000.0,-97756000.0,-29263000.0,-401305000.0,863710000.0,-42065000.0,-54841000.0,8205000.0,141429000.0,141429000.0,141429000.0,-132499000.0,0.0,0.067,163013000.0,39389000.0,180582000.0,0.229,1.224,8.398,9.878,765290000.0,0.0,18.57,0.561,0.546,367563000.0,1381836000.0,2117400000.0,2117400000.0,0.0,0.053,0.132,0.072,0.082,163000.0,165612000.0,1.0,63961608.0,62250000.0,,34.014,2333197000.0,0.0,-8137000.0,45493000.0,37.481,929269000.0
64,CTB,MRT,2005-03-31,2005-03-31,2005-03-31,2021-09-14,-72274000.0,2559232000.0,2777458250.0,1416418000.0,1142814000.0,0.762,15.046,-169581000.0,576598000.0,576598000.0,1886457000.0,182289000.0,4.588,1.434,770532000.0,110000.0,770422000.0,770532000.0,0.0,113936000.0,0.0,0.023,0.43,224543000.0,338479000.0,0.16,338479000.0,224543000.0,189306000.0,2.45,2.43,2.45,1051306000.0,1098521750.0,1051306000.0,1168286502.0,5.0,3.452,-165960000.0,-2.375,1.0,229199000.0,0.108,81537000.0,35237000.0,2362891000.0,2522040250.0,276401000.0,91864000.0,91864000.0,0.0,1507926000.0,308738000.0,1199188000.0,1288335502.0,455159000.0,1064306000.0,-171251000.0,-186234000.0,-30661000.0,-314459000.0,765412000.0,-91864000.0,3621000.0,585000.0,182289000.0,182289000.0,182289000.0,-158070000.0,0.0,0.086,169598000.0,59601000.0,176970000.0,0.176,1.225,7.068,7.494,742718000.0,0.0,18.36,0.609,0.606,442062000.0,1395146000.0,2115656000.0,2115656000.0,0.0,0.066,0.166,0.089,0.106,33000.0,171518000.0,1.0,70170779.0,69871000.0,,30.279,2477695000.0,0.0,7017000.0,42671000.0,35.461,1107680000.0
65,CTB,MRT,2004-12-31,2004-12-31,2004-12-31,2021-09-14,-74085000.0,2668084000.0,2886180000.0,1642479000.0,1025605000.0,0.721,15.635,-159271000.0,894212000.0,894212000.0,1848616000.0,201372000.0,5.265,1.279,774163000.0,459000.0,773704000.0,774163000.0,0.0,114597000.0,0.0,0.02,0.435,236501000.0,351098000.0,0.169,351098000.0,236501000.0,208932000.0,2.71,2.68,2.71,1170533000.0,1097996000.0,1170533000.0,2364203708.0,10.0,6.734,-57299000.0,-0.765,1.0,232993000.0,0.112,82270000.0,27569000.0,2153800000.0,2612901500.0,248782000.0,46064000.0,46064000.0,0.0,1497551000.0,311965000.0,1185586000.0,1613382708.0,815302000.0,1172267000.0,-65719000.0,-122754000.0,-31103000.0,-205081000.0,921614000.0,-46064000.0,101972000.0,-3203000.0,201372000.0,201372000.0,201372000.0,-173926000.0,0.0,0.097,169769000.0,63224000.0,182061000.0,0.161,1.378,8.012,7.952,729420000.0,0.0,21.55,0.775,0.775,389667000.0,1397268000.0,2081609000.0,2081609000.0,0.0,0.07,0.183,0.091,0.114,0.0,171689000.0,1.0,74866947.0,74866947.0,,27.804,2585814000.0,0.0,7560000.0,42320000.0,34.539,1330514000.0
66,CTB,MRT,2004-09-30,2004-09-30,2004-09-30,2021-09-14,-105224000.0,2956855000.0,2938238750.0,2071206000.0,885649000.0,0.421,14.609,-124628000.0,24932000.0,24932000.0,1113552000.0,96321000.0,2.902,1.701,775753000.0,161000.0,775592000.0,775753000.0,0.0,116179000.0,0.0,0.021,0.43,101811000.0,217990000.0,0.176,217990000.0,101811000.0,93814000.0,1.3,1.28,1.3,1094587000.0,1062960000.0,1094587000.0,2286594839.0,22.0,10.489,223429000.0,2.982,1.0,124362000.0,0.1,80103000.0,7997000.0,2913844000.0,2832508250.0,238230000.0,0.0,0.0,0.0,1862268000.0,713729000.0,1148539000.0,1509033839.0,18075000.0,1000.0,18782000.0,-160472000.0,-31242000.0,-139729000.0,-174996000.0,0.0,348057000.0,-15257000.0,96321000.0,96321000.0,96321000.0,-87323000.0,0.0,0.078,107770000.0,16592000.0,158937000.0,0.331,1.379,15.667,15.515,696464000.0,0.0,20.17,1.219,1.221,340683000.0,1271665000.0,1237914000.0,1237914000.0,0.0,0.033,0.091,0.036,0.082,0.0,111741000.0,1.0,74815758.0,74928000.0,,16.521,2876752000.0,0.0,-2507000.0,15881000.0,38.394,1357477000.0
67,CTB,MRT,2004-06-30,2004-06-30,2004-06-30,2021-09-14,-116349000.0,2925662000.0,2916093250.0,1107233000.0,1818429000.0,0.413,14.478,-82956000.0,29279000.0,29279000.0,1082110000.0,104208000.0,1.942,1.715,806840000.0,29843000.0,776997000.0,806840000.0,0.0,79960000.0,0.0,0.019,0.43,111803000.0,191763000.0,0.159,191763000.0,111803000.0,103385000.0,1.41,1.39,1.41,1077661000.0,1037492000.0,1077661000.0,2485213773.0,22.0,12.96,282591000.0,3.797,1.0,123529000.0,0.102,475307000.0,8418000.0,2657626000.0,2750401750.0,333081000.0,0.0,0.0,0.0,1848001000.0,570290000.0,1277711000.0,1705846773.0,6398000.0,0.0,16709000.0,-169556000.0,-31111000.0,-195572000.0,-153707000.0,0.0,365547000.0,-9870000.0,104208000.0,104208000.0,104208000.0,-93715000.0,0.0,0.086,103661000.0,19868000.0,272531000.0,0.305,1.583,16.37,16.312,1183827000.0,0.0,23.0,1.415,1.42,674245000.0,1268578000.0,1205639000.0,1205639000.0,0.0,0.036,0.1,0.041,0.093,0.0,108646000.0,1.0,74167251.0,74432000.0,,16.198,2450355000.0,0.0,-823000.0,30419000.0,32.921,536943000.0
68,CTB,MRT,2004-03-31,2004-03-31,2004-03-31,2021-09-14,-109027000.0,2994119000.0,2901452000.0,1164632000.0,1829487000.0,0.529,14.169,-85305000.0,110397000.0,110397000.0,1375492000.0,82953000.0,2.04,1.854,889764000.0,13340000.0,876424000.0,889764000.0,0.0,98018000.0,0.0,0.021,0.425,104055000.0,202073000.0,0.132,202073000.0,104055000.0,85078000.0,1.12,1.11,1.12,1049203000.0,1012493750.0,1049203000.0,2303984261.0,22.0,11.402,183490000.0,2.478,1.0,160544000.0,0.105,476353000.0,18977000.0,2726336000.0,2745695250.0,308799000.0,0.0,0.0,0.0,1944916000.0,570797000.0,1374119000.0,1492677261.0,75200000.0,0.0,8366000.0,69324000.0,-31009000.0,-48817000.0,-145002000.0,0.0,268795000.0,224000.0,82953000.0,82953000.0,82953000.0,-68607000.0,0.0,0.054,124125000.0,36419000.0,297699000.0,0.379,1.423,17.994,17.991,1190982000.0,0.0,20.15,0.972,0.971,687343000.0,1242970000.0,1536036000.0,1536036000.0,0.0,0.029,0.082,0.038,0.068,0.0,126902000.0,1.0,74078276.0,74049000.0,,20.744,2517766000.0,0.0,2125000.0,24912000.0,34.001,593835000.0
69,CTB,MRT,2003-12-31,2003-12-31,2003-12-31,2021-09-14,-109679000.0,2876319000.0,2846539750.0,1981250000.0,895069000.0,0.65,13.954,-95607000.0,30593000.0,30593000.0,1641468000.0,73835000.0,3.346,1.791,864053000.0,161000.0,863892000.0,864053000.0,0.0,115667000.0,0.0,0.02,0.42,112842000.0,228509000.0,0.123,228509000.0,112842000.0,83696000.0,1.0,1.0,1.0,1030389000.0,988198500.0,1030389000.0,2452021738.0,22.0,10.731,138975000.0,1.882,1.0,209385000.0,0.113,85404000.0,29146000.0,3032227000.0,2691042750.0,189718000.0,0.0,0.0,0.0,1845930000.0,592148000.0,1253782000.0,1578757738.0,21678000.0,-13110000.0,6238000.0,179000.0,-30952000.0,-60841000.0,-162027000.0,0.0,234582000.0,9964000.0,73835000.0,73835000.0,73835000.0,-46491000.0,0.0,0.04,144366000.0,65019000.0,136244000.0,0.42,1.532,21.382,21.38,691374000.0,0.0,21.38,0.853,0.853,324373000.0,1226999000.0,1850853000.0,1850853000.0,0.0,0.026,0.075,0.042,0.061,0.0,146076000.0,1.0,73842738.0,73842738.0,,25.065,2790915000.0,0.0,9861000.0,35095000.0,37.795,1389102000.0
70,CTB,MRT,2003-09-30,2003-09-30,2003-09-30,2021-09-14,-123234000.0,2868273000.0,2805512250.0,1044312000.0,1823961000.0,0.502,13.465,-53682000.0,37385000.0,37385000.0,1259303000.0,69157000.0,1.983,1.889,910649000.0,33995000.0,876654000.0,910649000.0,0.0,62145000.0,0.0,0.026,0.42,85669000.0,147814000.0,0.105,147814000.0,85669000.0,69227000.0,0.94,0.94,0.94,992715000.0,966030250.0,992715000.0,2128334342.0,25.0,14.399,105706000.0,1.434,1.0,148167000.0,0.105,629388000.0,16442000.0,2585418000.0,2600924250.0,284714000.0,0.0,0.0,0.0,1875558000.0,526731000.0,1348827000.0,1169823342.0,-142744000.0,-13111000.0,2611000.0,-72717000.0,-30914000.0,-172700000.0,-160617000.0,0.0,159388000.0,31185000.0,69157000.0,69157000.0,69157000.0,-59900000.0,0.0,0.049,125090000.0,23077000.0,262234000.0,0.447,1.178,16.915,16.883,1194573000.0,0.0,15.87,0.831,0.831,670403000.0,1206585000.0,1407470000.0,1407470000.0,0.0,0.025,0.072,0.033,0.061,0.0,127702000.0,1.0,73712876.0,73723000.0,,19.091,2238885000.0,0.0,70000.0,6786000.0,30.369,517581000.0
71,CTB,MRT,2003-06-30,2003-06-30,2003-06-30,2021-09-14,-127629000.0,2867097000.0,2798380000.0,1020998000.0,1846099000.0,0.617,13.283,-91370000.0,22880000.0,22880000.0,1530940000.0,74660000.0,1.852,1.933,981391000.0,102275000.0,879116000.0,981391000.0,0.0,114610000.0,0.0,0.024,0.425,108892000.0,223502000.0,0.129,223502000.0,108892000.0,80733000.0,1.02,1.01,1.02,977668000.0,965255750.0,977668000.0,2178786030.0,20.0,9.748,51259000.0,0.696,1.0,196636000.0,0.114,635636000.0,28159000.0,2638800000.0,2575684000.0,325695000.0,0.0,0.0,0.0,1889429000.0,551172000.0,1338257000.0,1293960030.0,-95744000.0,-13831000.0,2389000.0,-35699000.0,-30893000.0,-101396000.0,-162628000.0,0.0,142629000.0,25651000.0,74660000.0,74660000.0,74660000.0,-56813000.0,0.0,0.043,147804000.0,48832000.0,224614000.0,0.417,1.324,17.331,17.245,1210463000.0,0.0,17.59,0.749,0.749,614515000.0,1196572000.0,1727576000.0,1727576000.0,0.0,0.027,0.077,0.042,0.063,0.0,144646000.0,1.0,73562253.0,73602000.0,,23.472,2231461000.0,0.0,6073000.0,6635000.0,30.318,469826000.0
72,CTB,MRT,2003-03-31,2003-03-31,2003-03-31,2021-09-14,-146445000.0,2774470000.0,2791154250.0,917091000.0,1857379000.0,0.618,12.942,-83041000.0,33159000.0,33159000.0,1488966000.0,100911000.0,1.881,1.914,917985000.0,41830000.0,876155000.0,917985000.0,0.0,113353000.0,0.0,0.035,0.425,151241000.0,264594000.0,0.153,264594000.0,151241000.0,122903000.0,1.38,1.36,1.38,952022000.0,964794000.0,952022000.0,1764982854.0,12.0,6.671,199354000.0,2.71,1.0,235102000.0,0.136,663888000.0,28338000.0,2507726000.0,2546117750.0,319092000.0,0.0,0.0,0.0,1822448000.0,487682000.0,1334766000.0,897402854.0,-51402000.0,-13831000.0,7507000.0,-136016000.0,-30889000.0,-196591000.0,-154299000.0,0.0,282395000.0,17093000.0,100911000.0,100911000.0,100911000.0,-56813000.0,0.0,0.059,144076000.0,91026000.0,238456000.0,0.308,0.943,8.893,8.841,1193491000.0,0.0,12.2,0.521,0.521,514834000.0,1191572000.0,1724068000.0,1724068000.0,0.0,0.036,0.105,0.059,0.088,0.0,143355000.0,1.0,73557611.0,73560000.0,,23.438,2110582000.0,0.0,21992000.0,10387000.0,28.692,429409000.0
73,CTB,MRT,2002-12-31,2002-12-31,2002-12-31,2021-09-14,-149230000.0,2712209000.0,2799869000.0,860528000.0,1851681000.0,0.622,12.803,-70567000.0,44748000.0,44748000.0,1486555000.0,111845000.0,1.98,1.88,912328000.0,36950000.0,875378000.0,912328000.0,0.0,111817000.0,0.0,0.028,0.43,172071000.0,283888000.0,0.163,283888000.0,172071000.0,140448000.0,1.53,1.51,1.53,941716000.0,959209500.0,941716000.0,1993585502.0,12.0,7.022,254486000.0,3.46,1.0,255663000.0,0.147,473460000.0,31623000.0,2671753000.0,2550768000.0,280641000.0,0.0,0.0,0.0,1770493000.0,434576000.0,1335917000.0,1128285502.0,-27087000.0,-721000.0,12940000.0,-179359000.0,-30810000.0,-234422000.0,-128715000.0,0.0,325053000.0,10997000.0,111845000.0,111845000.0,111845000.0,-56813000.0,0.0,0.064,141947000.0,113716000.0,206638000.0,0.281,1.198,10.088,10.026,1197975000.0,0.0,15.34,0.648,0.648,460879000.0,1184115000.0,1742218000.0,1742218000.0,0.0,0.04,0.117,0.067,0.099,0.0,141776000.0,1.0,73551858.0,73551858.0,,23.687,2238749000.0,0.0,28603000.0,15098000.0,30.438,425952000.0
74,CTB,MRT,2002-09-30,2002-09-30,2002-09-30,2021-09-14,-85479000.0,2839744000.0,2812879250.0,1058689000.0,1781055000.0,1.161,13.458,-107783000.0,180129000.0,180129000.0,2791259000.0,104042000.0,1.728,1.87,1045429000.0,146265000.0,899164000.0,1045429000.0,0.0,181084000.0,0.0,0.027,0.43,244668000.0,425752000.0,0.13,425752000.0,244668000.0,165687000.0,1.43,1.41,1.43,989617000.0,951340500.0,989617000.0,2103822481.0,9.0,4.941,316998000.0,4.311,1.0,473660000.0,0.145,607764000.0,78981000.0,2484457000.0,2521230000.0,299095000.0,0.0,0.0,0.0,1850127000.0,612823000.0,1237304000.0,1186665481.0,159655000.0,-721000.0,13223000.0,-120215000.0,-30708000.0,-137700000.0,-108504000.0,0.0,424781000.0,-18922000.0,104042000.0,104042000.0,104042000.0,0.0,0.0,0.032,237796000.0,235864000.0,209153000.0,0.301,1.199,11.406,11.287,1173291000.0,0.0,16.14,0.363,0.364,519507000.0,1168343000.0,3264919000.0,3264919000.0,0.0,0.037,0.109,0.097,0.075,0.0,227529000.0,1.0,73523264.0,73534000.0,,44.4,2231980000.0,0.0,61645000.0,20435000.0,30.353,445866000.0
75,CTB,MRT,2002-06-30,2002-06-30,2002-06-30,2021-09-14,-80978000.0,2838194000.0,2827027250.0,1049736000.0,1788458000.0,1.138,13.291,-93795000.0,118624000.0,118624000.0,2742511000.0,61270000.0,1.652,1.909,1035781000.0,145152000.0,890629000.0,1035781000.0,0.0,183224000.0,0.0,0.021,0.43,180022000.0,363246000.0,0.113,363246000.0,180022000.0,97410000.0,0.84,0.83,0.84,975821000.0,932831500.0,975821000.0,2482926637.0,14.0,6.835,314904000.0,4.289,1.0,474589000.0,0.148,599410000.0,82612000.0,2520535000.0,2619218250.0,325682000.0,0.0,0.0,0.0,1862373000.0,635406000.0,1226967000.0,1502820637.0,97891000.0,-6189000.0,13131000.0,-163840000.0,-30606000.0,-181315000.0,-108510000.0,0.0,408699000.0,-20983000.0,61270000.0,61270000.0,61270000.0,0.0,0.0,0.019,302128000.0,172461000.0,220392000.0,0.512,1.54,24.528,24.464,1189048000.0,0.0,20.55,0.467,0.469,540985000.0,1152805000.0,3217100000.0,3217100000.0,0.0,0.022,0.066,0.069,0.056,0.0,226299000.0,1.0,73129958.0,73418000.0,,43.819,2238784000.0,0.0,36140000.0,20502000.0,30.494,414330000.0
76,CTB,MRT,2002-03-31,2002-03-31,2002-03-31,2021-09-14,-88913000.0,2809329000.0,2844936750.0,1021251000.0,1788078000.0,1.128,12.77,-105956000.0,84561000.0,84561000.0,2754295000.0,40633000.0,1.543,2.022,1064667000.0,179548000.0,885119000.0,1064667000.0,0.0,186576000.0,0.0,0.02,0.435,152198000.0,338774000.0,0.106,338774000.0,152198000.0,64792000.0,0.56,0.56,0.56,929684000.0,924509500.0,929684000.0,2619613716.0,17.0,7.733,252025000.0,3.462,1.0,455770000.0,0.142,601182000.0,87406000.0,2526327000.0,2708797250.0,297655000.0,0.0,0.0,0.0,1879645000.0,661926000.0,1217719000.0,1576278716.0,59680000.0,-6189000.0,6232000.0,-139152000.0,-30503000.0,-163423000.0,-117717000.0,0.0,357981000.0,-17161000.0,40633000.0,40633000.0,40633000.0,0.0,0.0,0.013,313735000.0,142035000.0,230020000.0,0.777,1.695,38.793,38.661,1186896000.0,0.0,21.65,0.491,0.491,569279000.0,1121550000.0,3210065000.0,3210065000.0,0.0,0.014,0.044,0.056,0.047,0.0,224943000.0,1.0,72807331.0,72801000.0,,44.094,2208147000.0,0.0,24159000.0,20830000.0,30.331,359325000.0
77,CTB,MRT,2001-12-31,2001-12-31,2001-12-31,2021-09-14,-84390000.0,2764250000.0,2874619750.0,952097000.0,1812153000.0,1.097,12.542,-121024000.0,71835000.0,71835000.0,2724692000.0,18166000.0,1.47,2.037,1115170000.0,233036000.0,882134000.0,1115170000.0,0.0,190182000.0,0.0,0.027,0.43,119853000.0,310035000.0,0.098,310035000.0,119853000.0,29158000.0,0.25,0.25,0.25,910240000.0,924593250.0,910240000.0,2295984683.0,19.0,7.406,165216000.0,2.277,1.0,430010000.0,0.136,606079000.0,90695000.0,2553601000.0,2793984750.0,306478000.0,0.0,0.0,0.0,1854010000.0,647905000.0,1206105000.0,1158276683.0,26040000.0,-7239000.0,735000.0,-85366000.0,-30475000.0,-115106000.0,-128263000.0,0.0,286240000.0,-16831000.0,18166000.0,18166000.0,18166000.0,0.0,0.0,0.006,323776000.0,106234000.0,191802000.0,1.72,1.272,63.761,63.84,1206074000.0,0.0,15.96,0.367,0.367,497180000.0,1103080000.0,3154702000.0,3154702000.0,0.0,0.006,0.02,0.043,0.038,0.0,227229000.0,1.0,72573727.0,72573727.0,,43.469,2158171000.0,0.0,10992000.0,20576000.0,29.738,304192000.0
78,CTB,MRT,2001-09-30,2001-09-30,2001-09-30,2021-09-14,-70617000.0,2896336000.0,2907725500.0,1042803000.0,1853533000.0,1.1,12.617,-138222000.0,20474000.0,20474000.0,2740056000.0,8811000.0,1.903,2.163,1158182000.0,56503000.0,1101679000.0,1158182000.0,0.0,188575000.0,0.0,0.03,0.43,109250000.0,297825000.0,0.093,297825000.0,109250000.0,15673000.0,0.12,0.12,0.12,915581000.0,935172250.0,915581000.0,2213807768.0,20.0,7.433,123166000.0,1.697,1.0,457904000.0,0.143,609638000.0,93577000.0,2876410000.0,2872134000.0,326330000.0,0.0,0.0,0.0,1980755000.0,547996000.0,1432759000.0,1033081768.0,-5926000.0,102752000.0,429000.0,-87684000.0,-30471000.0,-117726000.0,-146799000.0,0.0,261388000.0,-2789000.0,8811000.0,8811000.0,8811000.0,0.0,0.0,0.003,355566000.0,102338000.0,207614000.0,3.583,1.128,117.249,118.667,1243895000.0,0.0,14.24,0.323,0.323,603068000.0,1095009000.0,3197960000.0,3197960000.0,0.0,0.003,0.009,0.038,0.034,0.0,230500000.0,1.0,72547877.0,72565000.0,,44.07,2286698000.0,0.0,6862000.0,63641000.0,31.512,494807000.0
79,CTB,MRT,2001-06-30,2001-06-30,2001-06-30,2021-09-14,-70469000.0,2909832000.0,2951406000.0,1058650000.0,1851182000.0,1.101,12.992,-175687000.0,20733000.0,20733000.0,2782743000.0,51743000.0,1.73,2.087,1201459000.0,164724000.0,1036735000.0,1201459000.0,0.0,188498000.0,0.0,0.03,0.43,180224000.0,368722000.0,0.113,368722000.0,180224000.0,85407000.0,0.71,0.71,0.71,942533000.0,947153250.0,942533000.0,2215001503.0,12.0,6.007,76563000.0,1.055,1.0,467366000.0,0.144,599895000.0,94817000.0,2878851000.0,2898703250.0,340413000.0,0.0,0.0,0.0,1967299000.0,611812000.0,1355487000.0,1030119503.0,-4261000.0,108941000.0,-3937000.0,-49566000.0,-30467000.0,-83970000.0,-168883000.0,0.0,252250000.0,-3658000.0,51743000.0,51743000.0,51743000.0,0.0,0.0,0.016,296339000.0,171027000.0,208478000.0,0.606,1.093,19.908,20.0,1251287000.0,0.0,14.2,0.317,0.317,607639000.0,1122140000.0,3250109000.0,3250109000.0,0.0,0.018,0.055,0.062,0.055,0.0,231803000.0,1.0,72543627.0,72545000.0,,44.801,2309937000.0,0.0,33664000.0,84157000.0,31.841,446838000.0
80,CTB,MRT,2001-03-31,2001-03-31,2001-03-31,2021-09-14,-72210000.0,2928061000.0,3001359750.0,1062647000.0,1865414000.0,1.102,12.807,-188254000.0,24881000.0,24881000.0,2813972000.0,68880000.0,1.654,2.148,1209763000.0,172803000.0,1036960000.0,1209763000.0,0.0,187723000.0,0.0,0.038,0.43,211161000.0,398884000.0,0.121,398884000.0,211161000.0,114332000.0,0.94,0.94,0.94,930019000.0,953117500.0,930019000.0,1984725166.0,9.0,4.976,18160000.0,0.25,1.0,493749000.0,0.149,603480000.0,96829000.0,2867077000.0,2918011250.0,347660000.0,0.0,0.0,0.0,1998042000.0,642386000.0,1355656000.0,823370166.0,-23109000.0,136523000.0,-36988000.0,-113334000.0,-30601000.0,-180923000.0,-48181000.0,0.0,206414000.0,-419000.0,68880000.0,68880000.0,68880000.0,0.0,0.0,0.021,288480000.0,205269000.0,213625000.0,0.457,0.885,11.954,12.074,1261934000.0,0.0,11.35,0.249,0.249,592650000.0,1111420000.0,3307721000.0,3307721000.0,0.0,0.023,0.072,0.072,0.064,0.0,230413000.0,1.0,72543627.0,72617000.0,,45.55,2324581000.0,0.0,45452000.0,81860000.0,32.012,420261000.0
81,CTB,MRT,2000-12-31,2000-12-31,2000-12-31,2021-09-14,-53642000.0,2896673000.0,3055000500.0,998190000.0,1898483000.0,1.137,13.132,-199230000.0,45795000.0,45795000.0,2939815000.0,96734000.0,1.725,2.041,1207150000.0,170190000.0,1036960000.0,1207150000.0,0.0,188781000.0,0.0,0.041,0.435,257617000.0,446398000.0,0.129,446398000.0,257617000.0,160156000.0,1.31,1.31,1.31,952556000.0,966556000.0,952556000.0,1982276169.0,8.0,4.441,32019000.0,0.441,1.0,532557000.0,0.153,613086000.0,97461000.0,2866198000.0,2940661750.0,296460000.0,0.0,0.0,0.0,1944117000.0,578744000.0,1365373000.0,770352169.0,-25332000.0,-112765000.0,-41279000.0,128462000.0,-30944000.0,56239000.0,-311995000.0,0.0,231249000.0,-825000.0,96734000.0,96734000.0,96734000.0,0.0,0.0,0.028,280076000.0,252481000.0,186284000.0,0.332,0.809,7.964,8.107,1285397000.0,0.0,10.62,0.222,0.222,581142000.0,1115389000.0,3472372000.0,3472372000.0,0.0,0.032,0.1,0.088,0.074,0.0,225824000.0,1.0,72537869.0,72537869.0,,47.87,2283587000.0,0.0,63422000.0,66696000.0,31.481,419446000.0
82,CTB,MRT,2000-09-30,2000-09-30,2000-09-30,2021-09-14,-43918000.0,3071058000.0,3020243500.0,1094571000.0,1976487000.0,1.11,13.272,-204097000.0,26400000.0,26400000.0,2839347000.0,121924000.0,1.718,2.187,1238324000.0,192562000.0,1045762000.0,1238324000.0,0.0,187133000.0,0.0,0.044,0.44,286722000.0,473855000.0,0.141,473855000.0,286722000.0,200599000.0,1.64,1.64,1.64,963505000.0,972325500.0,963505000.0,1953784962.0,7.0,4.123,5844000.0,0.08,1.0,514398000.0,0.153,663252000.0,86123000.0,2982687000.0,2918864500.0,290379000.0,0.0,0.0,0.0,2107553000.0,637043000.0,1470510000.0,729730962.0,-13902000.0,-816921000.0,-41771000.0,756627000.0,-31287000.0,683569000.0,-909689000.0,0.0,209941000.0,2277000.0,121924000.0,121924000.0,121924000.0,0.0,0.0,0.036,234098000.0,280300000.0,192596000.0,0.268,0.757,5.985,6.134,1313235000.0,0.0,10.06,0.218,0.218,686952000.0,1116669000.0,3353745000.0,3353745000.0,0.0,0.04,0.125,0.098,0.085,0.0,213200000.0,1.0,72537869.0,72599000.0,,46.195,2407806000.0,0.0,78675000.0,192991000.0,33.166,457528000.0
83,CTB,MRT,2000-06-30,2000-06-30,2000-06-30,2021-09-14,-26155000.0,3109647000.0,2665678250.0,1113958000.0,1995689000.0,1.141,13.116,-179315000.0,24994000.0,24994000.0,2556254000.0,133104000.0,1.658,2.218,1249048000.0,202898000.0,1046150000.0,1249048000.0,0.0,167822000.0,0.0,0.04,0.44,282334000.0,450156000.0,0.148,450156000.0,282334000.0,216090000.0,1.78,1.78,1.78,966390000.0,968325500.0,966390000.0,2093985410.0,7.0,4.652,6498000.0,0.088,1.0,485767000.0,0.16,705693000.0,66244000.0,2956083000.0,2551193000.0,324824000.0,0.0,0.0,0.0,2143257000.0,671925000.0,1471332000.0,820724410.0,-2834000.0,-816895000.0,-37628000.0,763455000.0,-31635000.0,694192000.0,-885547000.0,0.0,185813000.0,2708000.0,133104000.0,133104000.0,133104000.0,0.0,0.0,0.044,208138000.0,277629000.0,211788000.0,0.247,0.849,6.166,6.247,1289996000.0,0.0,11.12,0.27,0.269,679162000.0,1100864000.0,3042021000.0,3042021000.0,0.0,0.05,0.137,0.111,0.093,0.0,194187000.0,1.0,73806152.0,73678000.0,,41.288,2403954000.0,0.0,82986000.0,201540000.0,32.628,442033000.0
84,CTB,MRT,2000-03-31,2000-03-31,2000-03-31,2021-09-14,-9994000.0,3142624000.0,2293693500.0,1102518000.0,2040106000.0,1.156,12.991,-159026000.0,47990000.0,47990000.0,2215370000.0,135585000.0,1.453,2.194,1321251000.0,274736000.0,1046515000.0,1321251000.0,0.0,147676000.0,0.0,0.035,0.44,261979000.0,409655000.0,0.155,409655000.0,261979000.0,217515000.0,1.8,1.8,1.8,983773000.0,956221250.0,983773000.0,1954557533.0,7.0,4.771,64821000.0,0.856,1.0,435351000.0,0.164,699174000.0,44464000.0,2957679000.0,2186129000.0,300492000.0,0.0,0.0,0.0,2158851000.0,759032000.0,1399819000.0,952180533.0,24696000.0,-844477000.0,-4367000.0,836744000.0,-31847000.0,800530000.0,-1001481000.0,0.0,223847000.0,1800000.0,135585000.0,135585000.0,135585000.0,0.0,0.0,0.051,177368000.0,257983000.0,222222000.0,0.244,0.968,7.023,6.978,1340932000.0,0.0,12.56,0.359,0.359,678172000.0,1073140000.0,2650721000.0,2650721000.0,0.0,0.059,0.142,0.12,0.099,0.0,170361000.0,1.0,75810552.0,75728000.0,,35.003,2443450000.0,0.0,81930000.0,139361000.0,32.266,343486000.0
85,CTB,MRT,1999-12-31,1999-12-31,1999-12-31,2021-09-14,-6053000.0,2757645000.0,1899579250.0,945428000.0,1812217000.0,1.156,12.863,-149630000.0,71127000.0,71127000.0,1810524000.0,135474000.0,2.388,1.827,1073504000.0,27041000.0,1046463000.0,1073504000.0,0.0,125577000.0,0.0,0.028,0.44,239942000.0,365519000.0,0.166,365519000.0,239942000.0,215497000.0,1.79,1.79,1.79,975634000.0,932565000.0,975634000.0,1370923402.0,6.0,3.751,61445000.0,0.81,1.0,385819000.0,0.176,585148000.0,24445000.0,2779009000.0,1813389000.0,273963000.0,0.0,0.0,0.0,1782011000.0,395865000.0,1386146000.0,1194605402.0,29161000.0,-594139000.0,260000.0,591510000.0,-31850000.0,559920000.0,-743769000.0,0.0,211075000.0,1935000.0,135474000.0,135474000.0,135474000.0,0.0,0.0,0.062,146739000.0,239080000.0,175686000.0,0.246,1.224,8.818,8.799,1227069000.0,0.0,15.75,0.544,0.544,545155000.0,1049599000.0,2196343000.0,2196343000.0,0.0,0.071,0.145,0.132,0.109,0.0,144189000.0,1.0,75847962.0,75847962.0,,28.957,2172497000.0,0.0,80023000.0,102107000.0,28.643,549563000.0
86,CTB,MRT,1999-09-30,1999-09-30,1999-09-30,2021-09-14,-11052000.0,1652797000.0,1595486750.0,644010000.0,1008787000.0,1.247,12.484,-146695000.0,40302000.0,40302000.0,1624008000.0,142024000.0,2.969,0.744,216620000.0,11501000.0,205119000.0,216620000.0,0.0,108919000.0,0.0,0.025,0.44,236257000.0,345176000.0,0.173,345176000.0,236257000.0,221182000.0,1.87,1.87,1.87,947505000.0,905640500.0,947505000.0,1523580518.0,6.0,4.414,44906000.0,0.592,1.0,365554000.0,0.184,100190000.0,15075000.0,1512001000.0,1477002750.0,167811000.0,0.0,0.0,0.0,705292000.0,216924000.0,488368000.0,1336430518.0,17480000.0,26000.0,663000.0,-580000.0,-31848000.0,-31765000.0,-143412000.0,0.0,191601000.0,1056000.0,142024000.0,142024000.0,142024000.0,0.0,0.0,0.071,133279000.0,232275000.0,79117000.0,0.235,1.41,9.41,9.422,908597000.0,0.0,17.62,0.672,0.672,412548000.0,1026031000.0,1989562000.0,1989562000.0,0.0,0.089,0.157,0.16,0.119,0.0,133279000.0,1.0,75847362.0,75895000.0,,26.215,1552607000.0,0.0,79158000.0,80450000.0,20.457,427086000.0
87,CTB,MRT,1999-06-30,1999-06-30,1999-06-30,2021-09-14,-13845000.0,1621708000.0,1566088500.0,626765000.0,994943000.0,1.238,12.092,-143865000.0,27828000.0,27828000.0,1584332000.0,137453000.0,2.87,0.767,214978000.0,9798000.0,205180000.0,214978000.0,0.0,107001000.0,0.0,0.018,0.43,228515000.0,335516000.0,0.173,335516000.0,228515000.0,213405000.0,1.8,1.8,1.8,917973000.0,880435500.0,917973000.0,1982381270.0,9.0,5.908,72271000.0,0.952,1.0,354485000.0,0.183,94648000.0,15110000.0,1495827000.0,1455430000.0,206009000.0,0.0,0.0,0.0,703735000.0,218383000.0,485352000.0,1791276270.0,-9606000.0,0.0,-54378000.0,-2332000.0,-31223000.0,-87933000.0,-140323000.0,0.0,216136000.0,2514000.0,137453000.0,137453000.0,137453000.0,0.0,0.0,0.071,129754000.0,224731000.0,90294000.0,0.239,1.951,13.032,13.122,900295000.0,0.0,23.62,0.924,0.925,369348000.0,999395000.0,1938817000.0,1938817000.0,0.0,0.088,0.156,0.157,0.118,0.0,129754000.0,1.0,75837268.0,75913000.0,,25.54,1527060000.0,0.0,75952000.0,76773000.0,20.116,408382000.0
88,CTB,MRT,1999-03-31,1999-03-31,1999-03-31,2021-09-14,-12419000.0,1566167000.0,1544797750.0,575224000.0,990943000.0,1.234,11.718,-143455000.0,23294000.0,23294000.0,1564783000.0,131833000.0,2.926,0.761,214399000.0,9181000.0,205218000.0,214399000.0,0.0,105007000.0,0.0,0.023,0.42,220814000.0,325821000.0,0.171,325821000.0,220814000.0,205536000.0,1.71,1.71,1.71,889148000.0,870189000.0,889148000.0,1565549226.0,7.0,4.805,74009000.0,0.975,1.0,341093000.0,0.179,93935000.0,15278000.0,1466719000.0,1441930250.0,191912000.0,0.0,0.0,0.0,677019000.0,196618000.0,480401000.0,1393852226.0,-9581000.0,0.0,-54473000.0,-2322000.0,-30743000.0,-87538000.0,-140046000.0,0.0,217464000.0,539000.0,131833000.0,131833000.0,131833000.0,0.0,0.0,0.069,124410000.0,216683000.0,81436000.0,0.246,1.568,10.573,10.749,897008000.0,0.0,18.38,0.731,0.732,338289000.0,969403000.0,1905876000.0,1905876000.0,0.0,0.085,0.151,0.153,0.116,0.0,124410000.0,1.0,75835268.0,75877000.0,,25.118,1472232000.0,0.0,73703000.0,90687000.0,19.403,378606000.0
89,CTB,MRT,1998-12-31,1998-12-31,1998-12-31,2021-09-14,-9867000.0,1541275000.0,1530770250.0,569473000.0,971802000.0,1.226,11.452,-131533000.0,41966000.0,41966000.0,1545760000.0,126967000.0,2.951,0.776,213663000.0,8378000.0,205285000.0,213663000.0,0.0,103197000.0,0.0,0.02,0.41,213441000.0,316638000.0,0.169,316638000.0,213441000.0,198217000.0,1.64,1.64,1.64,867936000.0,861117250.0,867936000.0,1744044402.0,8.0,5.508,73579000.0,0.971,1.0,330365000.0,0.176,86520000.0,15224000.0,1433464000.0,1430954500.0,186386000.0,0.0,0.0,0.0,673339000.0,192988000.0,480351000.0,1549177402.0,-10944000.0,0.0,-54782000.0,-2768000.0,-30262000.0,-87812000.0,-127964000.0,0.0,205112000.0,-280000.0,126967000.0,126967000.0,126967000.0,0.0,0.0,0.068,120830000.0,209535000.0,94502000.0,0.25,1.785,12.201,12.463,885282000.0,0.0,20.44,0.826,0.826,319685000.0,945975000.0,1876125000.0,1876125000.0,0.0,0.083,0.147,0.149,0.114,0.0,120830000.0,1.0,75791458.0,75791458.0,,24.754,1454755000.0,0.0,71250000.0,77639000.0,19.194,376485000.0
90,CTB,MRT,1998-09-30,1998-09-30,1998-09-30,2021-09-14,-1032000.0,1535204000.0,1519440500.0,572978000.0,962226000.0,1.231,10.981,-123750000.0,22822000.0,22822000.0,1545404000.0,123521000.0,2.64,0.813,217689000.0,12480000.0,205209000.0,217689000.0,0.0,102145000.0,0.0,0.022,0.4,211034000.0,313179000.0,0.167,313179000.0,211034000.0,195297000.0,1.58,1.58,1.58,846685000.0,852527000.0,846685000.0,1573158844.0,7.0,5.023,113745000.0,1.475,1.0,324337000.0,0.173,87321000.0,15737000.0,1425710000.0,1417242750.0,191078000.0,0.0,0.0,0.0,688519000.0,217040000.0,471479000.0,1393958844.0,7731000.0,-1938000.0,-54415000.0,-21941000.0,-29786000.0,-106142000.0,-124374000.0,0.0,237495000.0,752000.0,123521000.0,123521000.0,123521000.0,0.0,0.0,0.066,115072000.0,209265000.0,99502000.0,0.253,1.646,11.285,11.392,874905000.0,0.0,18.0,0.746,0.742,337682000.0,915855000.0,1869741000.0,1869741000.0,0.0,0.081,0.145,0.149,0.113,0.0,115072000.0,1.0,77442158.0,77103000.0,,24.25,1447883000.0,0.0,71776000.0,77333000.0,18.779,355938000.0
91,CTB,MRT,1998-06-30,1998-06-30,1998-06-30,2021-09-14,-2978000.0,1536545000.0,1509338750.0,585156000.0,951389000.0,1.239,11.122,-115803000.0,37434000.0,37434000.0,1545211000.0,124616000.0,3.056,0.752,216634000.0,11352000.0,205282000.0,216634000.0,0.0,100429000.0,0.0,0.019,0.39,214715000.0,315144000.0,0.169,315144000.0,214715000.0,198099000.0,1.59,1.59,1.59,876987000.0,841165250.0,876987000.0,1818830216.0,8.0,5.771,126114000.0,1.599,1.0,324358000.0,0.173,82428000.0,16616000.0,1441828000.0,1437603000.0,209254000.0,0.0,0.0,0.0,659558000.0,191489000.0,468069000.0,1634465216.0,17404000.0,-1938000.0,778000.0,-79712000.0,-29130000.0,-108064000.0,-117013000.0,0.0,241917000.0,564000.0,124616000.0,124616000.0,124616000.0,0.0,0.0,0.067,111412000.0,212946000.0,84762000.0,0.245,1.864,13.116,13.05,868961000.0,0.0,20.75,0.874,0.875,318042000.0,893166000.0,1869569000.0,1869569000.0,0.0,0.083,0.148,0.149,0.115,0.0,111412000.0,1.0,78769408.0,78850000.0,,23.71,1454117000.0,0.0,73483000.0,76010000.0,18.442,393667000.0
92,CTB,MRT,1998-03-31,1998-03-31,1998-03-31,2021-09-14,-2089000.0,1510057000.0,1504124000.0,564680000.0,945377000.0,1.244,10.817,-108685000.0,32875000.0,32875000.0,1546352000.0,123786000.0,2.969,0.771,217240000.0,11817000.0,205423000.0,217240000.0,0.0,98456000.0,0.0,0.016,0.38,214540000.0,312996000.0,0.167,312996000.0,214540000.0,196727000.0,1.58,1.58,1.58,852861000.0,816380250.0,852861000.0,2034494002.0,9.0,6.5,82568000.0,1.047,1.0,325003000.0,0.174,81440000.0,17813000.0,1422816000.0,1460877500.0,206102000.0,0.0,0.0,0.0,657196000.0,190166000.0,467030000.0,1870606002.0,-1059000.0,-1938000.0,1115000.0,-56602000.0,-28339000.0,-83826000.0,-109827000.0,0.0,191253000.0,1341000.0,123786000.0,123786000.0,123786000.0,0.0,0.0,0.066,112232000.0,212771000.0,89308000.0,0.241,2.193,15.112,15.032,863937000.0,0.0,23.75,1.0,1.001,307780000.0,868313000.0,1871355000.0,1871355000.0,0.0,0.082,0.152,0.147,0.115,0.0,112232000.0,1.0,78762358.0,78848000.0,,23.734,1428617000.0,0.0,72941000.0,88462000.0,18.119,374514000.0
93,CTB,MRT,1997-12-31,1997-12-31,1997-12-31,2021-09-14,-2305000.0,1495956000.0,1491825750.0,554612000.0,941344000.0,1.215,10.584,-107523000.0,52910000.0,52910000.0,1498795000.0,122411000.0,2.768,0.795,216798000.0,11273000.0,205525000.0,216798000.0,0.0,95495000.0,0.0,0.019,0.455,210447000.0,305942000.0,0.169,305942000.0,210447000.0,194792000.0,1.55,1.55,1.55,833575000.0,790903500.0,833575000.0,2154238177.0,10.0,7.041,102894000.0,1.306,1.0,314210000.0,0.173,80896000.0,15655000.0,1378617000.0,1471893500.0,191684000.0,0.0,0.0,0.0,662381000.0,200331000.0,462050000.0,1920142177.0,33451000.0,-96531000.0,-52955000.0,105708000.0,-27622000.0,25131000.0,-203343000.0,0.0,210417000.0,1246000.0,122411000.0,122411000.0,122411000.0,0.0,0.0,0.068,105532000.0,208678000.0,100135000.0,0.294,2.304,15.686,15.729,860448000.0,0.0,24.38,1.059,1.059,292416000.0,849270000.0,1813005000.0,1813005000.0,0.0,0.082,0.155,0.143,0.116,0.0,105532000.0,1.0,78758908.0,78758908.0,,23.02,1415060000.0,0.0,72381000.0,80085000.0,17.967,354281000.0
94,CTB,MRT,1997-09-30,1997-09-30,1997-09-30,2021-09-14,-7162000.0,1494797000.0,1436089000.0,567296000.0,927501000.0,1.213,10.164,-106550000.0,15091000.0,15091000.0,1440571000.0,120480000.0,2.558,0.866,249187000.0,25348000.0,223839000.0,249187000.0,0.0,88938000.0,0.0,0.017,0.445,203439000.0,292377000.0,0.168,292377000.0,203439000.0,191098000.0,1.51,,1.51,801238000.0,779162750.0,801238000.0,2378409102.0,12.0,8.135,85735000.0,1.088,1.0,300768000.0,0.173,0.0,12341000.0,1507151000.0,1411154250.0,190348000.0,0.0,0.0,0.0,693559000.0,221742000.0,471817000.0,2091113102.0,7910000.0,-94593000.0,-88206000.0,131551000.0,-27090000.0,16255000.0,-200987000.0,0.0,192285000.0,357000.0,120480000.0,120480000.0,120480000.0,0.0,0.0,0.069,97329000.0,203439000.0,85521000.0,0.295,2.61,17.357,17.589,846659000.0,0.0,26.56,1.201,1.202,345019000.0,822122000.0,1741339000.0,1741339000.0,0.0,0.084,0.155,0.144,0.117,0.0,97329000.0,1.0,78731668.0,78833000.0,,22.089,1494797000.0,0.0,70618000.0,71440000.0,18.962,345554000.0
95,CTB,MRT,1997-06-30,1997-06-30,1997-06-30,2021-09-14,-5854000.0,1515686000.0,,593724000.0,921962000.0,,9.872,-124591000.0,20030000.0,20030000.0,1399171000.0,116269000.0,2.215,0.949,307326000.0,83469000.0,223857000.0,307326000.0,0.0,85096000.0,0.0,0.02,0.435,193474000.0,278570000.0,0.165,278570000.0,193474000.0,185177000.0,1.43,,1.43,777847000.0,,777847000.0,1980611984.0,10.0,7.11,56155000.0,0.713,1.0,284563000.0,0.169,0.0,8297000.0,1534926000.0,,205453000.0,0.0,0.0,0.0,737839000.0,268056000.0,469783000.0,1730932984.0,7143000.0,-94593000.0,-99677000.0,171076000.0,-26683000.0,44716000.0,-218703000.0,0.0,180746000.0,384000.0,116269000.0,116269000.0,116269000.0,0.0,0.0,0.069,91089000.0,193474000.0,87034000.0,0.304,2.225,14.887,15.385,849792000.0,0.0,22.0,1.028,1.03,351066000.0,797680000.0,1683734000.0,1683734000.0,0.0,,,,0.115,0.0,91089000.0,1.0,78678772.0,78792000.0,,21.369,1515686000.0,0.0,68908000.0,67492000.0,19.237,325668000.0
96,CTB,MRT,1997-03-31,1997-03-31,1997-03-31,2021-09-14,-7434000.0,1460864000.0,,543836000.0,917028000.0,,9.352,-154274000.0,33934000.0,33934000.0,1358129000.0,109925000.0,2.232,0.945,283613000.0,60308000.0,223305000.0,283613000.0,0.0,80317000.0,0.0,0.023,0.425,178674000.0,258991000.0,0.16,258991000.0,178674000.0,175333000.0,1.33,,1.33,750954000.0,,750954000.0,1562834855.0,9.0,6.034,57782000.0,0.72,1.0,260512000.0,0.161,0.0,3341000.0,1466880000.0,,188891000.0,0.0,0.0,0.0,709910000.0,243663000.0,466247000.0,1475723855.0,28514000.0,-94593000.0,-100164000.0,190943000.0,-26266000.0,64513000.0,-248055000.0,0.0,212056000.0,0.0,109925000.0,109925000.0,109925000.0,0.0,0.0,0.068,81838000.0,178674000.0,100444000.0,0.32,1.965,13.425,14.0,847225000.0,0.0,18.62,0.912,0.924,303085000.0,772866000.0,1618641000.0,1618641000.0,0.0,,,,0.11,0.0,81838000.0,1.0,79254772.0,80301000.0,,20.157,1460864000.0,0.0,65408000.0,76674000.0,18.192,300173000.0
97,CTB,MRT,1996-12-31,1996-12-31,1996-12-31,2021-09-14,-7434000.0,1273009000.0,636520000.0,443625000.0,829384000.0,2.545,9.925,-193696000.0,19459000.0,19459000.0,1366549000.0,107884000.0,2.366,0.618,106570000.0,37081000.0,69489000.0,106570000.0,0.0,76820000.0,0.0,0.021,0.405,173746000.0,250566000.0,0.155,250566000.0,173746000.0,172092000.0,1.3,1.3,1.3,786612000.0,767705500.0,786612000.0,,,,-5489000.0,-0.069,1.0,253620000.0,0.157,36965000.0,1654000.0,1135660000.0,493872500.0,141618000.0,0.0,0.0,0.0,486397000.0,187495000.0,298902000.0,1565281747.0,-3728000.0,0.0,-46028000.0,72961000.0,-25776000.0,1157000.0,-193092000.0,0.0,188207000.0,0.0,107884000.0,107884000.0,107884000.0,0.0,0.0,0.067,79874000.0,173746000.0,81571000.0,0.312,1.99,14.509,15.192,792419000.0,0.0,19.75,0.966,0.966,267149000.0,754481000.0,1620169000.0,1620169000.0,0.0,0.169,0.141,0.352,0.107,0.0,79874000.0,1.0,79254772.0,79254772.0,,20.443,1236044000.0,0.0,64208000.0,55884000.0,15.596,256130000.0
98,CTB,MRT,1996-09-30,1996-09-30,1996-09-30,2021-09-14,,,,,,,,,,,,,,,,,,,,,,0.018,0.39,,,,,,,,,,,,,,,,,,1.0,,,,,,,,,,,,,,,,,,,,,,,,,,,,,,,,,,,,,,,,21.62,,,,,,,,,,,,,,1.0,,83576000.0,,,,,,,,
99,CTB,MRT,1996-06-30,1996-06-30,1996-06-30,2021-09-14,,,,,,,,,,,,,,,,,,,,,,0.018,0.39,,,,,,,,,,,,,,,,,,1.0,,,,,,,,,,,,,,,,,,,,,,,,,,,,,,,,,,,,,,,,22.25,,,,,,,,,,,,,,1.0,,83672000.0,,,,,,,,
100,CTB,MRT,1996-03-31,1996-03-31,1996-03-31,2021-09-14,,,,,,,,,,,,,,,,,,,,,,0.014,0.37,,,,,,,,,,,,,,,,,,1.0,,,,,,,,,,,,,,,,,,,,,,,,,,,,,,,,,,,,,,,,25.75,,,,,,,,,,,,,,1.0,,83666000.0,,,,,,,,
101,CTB,MRT,1995-12-31,1995-12-31,1995-12-31,2021-09-14,-9167000.0,31000.0,,430584000.0,-430553000.0,,,-194894000.0,23187000.0,23187000.0,1242895000.0,112820000.0,2.719,0.527,33609000.0,5035000.0,28574000.0,33609000.0,0.0,63313000.0,0.0,0.011,0.275,180767000.0,244080000.0,0.163,244080000.0,180767000.0,180070000.0,1.35,1.35,1.35,748799000.0,,748799000.0,,,,-53958000.0,,1.0,254563000.0,0.17,0.0,697000.0,-147915000.0,,137964000.0,0.0,0.0,0.0,394902000.0,158368000.0,236534000.0,,-80098000.0,0.0,303000.0,-5117000.0,-22584000.0,-27398000.0,-193636000.0,0.0,140936000.0,0.0,112820000.0,112820000.0,112820000.0,0.0,0.0,0.075,73796000.0,180767000.0,78823000.0,0.204,,,18.237,678876000.0,0.0,24.62,,,257049000.0,672373000.0,1497458000.0,1497458000.0,0.0,,,,0.121,0.0,73796000.0,1.0,,,,,31000.0,0.0,67250000.0,47490000.0,,272216000.0
102,CTB,MRT,1994-12-31,1994-12-31,1994-12-31,2021-09-14,,,,,,,,-78449000.0,,,1125978000.0,128519000.0,,,,,,,,55603000.0,,0.01,0.24,210799000.0,266402000.0,0.19,266402000.0,210799000.0,208119000.0,1.54,,1.54,,,,,,,101488000.0,,1.0,279547000.0,0.199,,2680000.0,,,,,,,,,,,77486000.0,0.0,493000.0,-5349000.0,-19234000.0,-24090000.0,-78361000.0,0.0,179937000.0,0.0,128519000.0,128519000.0,128519000.0,0.0,0.0,0.091,68748000.0,210799000.0,,0.156,,,15.338,,0.0,23.62,,,,,1405525000.0,1405525000.0,0.0,,,,0.15,0.0,68748000.0,1.0,,,,,,,79600000.0,,,
