None,ticker,dimension,calendardate,datekey,reportperiod,lastupdated,accoci,assets,assetsavg,assetsc,assetsnc,assetturnover,bvps,capex,cashneq,cashnequsd,cor,consolinc,currentratio,de,debt,debtc,debtnc,debtusd,deferredrev,depamor,deposits,divyield,dps,ebit,ebitda,ebitdamargin,ebitdausd,ebitusd,ebt,eps,epsdil,epsusd,equity,equityavg,equityusd,ev,evebit,evebitda,fcf,fcfps,fxusd,gp,grossmargin,intangibles,intexp,invcap,invcapavg,inventory,investments,investmentsc,investmentsnc,liabilities,liabilitiesc,liabilitiesnc,marketcap,ncf,ncfbus,ncfcommon,ncfdebt,ncfdiv,ncff,ncfi,ncfinv,ncfo,ncfx,netinc,netinccmn,netinccmnusd,netincdis,netincnci,netmargin,opex,opinc,payables,payoutratio,pb,pe,pe1,ppnenet,prefdivis,price,ps,ps1,receivables,retearn,revenue,revenueusd,rnd,roa,roe,roic,ros,sbcomp,sgna,sharefactor,sharesbas,shareswa,shareswadil,sps,tangibles,taxassets,taxexp,taxliabilities,tbvps,workingcapital
0,MCD,MRY,2020-12-31,2020-12-31,2020-12-31,2021-09-07,-2586800000.0,52626800000.0,50958250000.0,6243200000.0,46383600000.0,0.377,-10.509,-1613400000.0,3449100000.0,3449100000.0,9188700000.0,4730500000.0,1.01,-7.726,51463200000.0,2945100000.0,48518100000.0,51463200000.0,702000000.0,1751400000.0,0.0,0.023,5.04,7358800000.0,9110200000.0,0.474,9110200000.0,7358800000.0,6140700000.0,6.35,6.31,6.35,-7824900000.0,-8763375000.0,-7824900000.0,207488515805.0,28.0,22.775,4651800000.0,6.247,1.0,10019100000.0,0.522,2773100000.0,1218100000.0,91686600000.0,90141125000.0,51100000.0,1297200000.0,0.0,1297200000.0,60451700000.0,6181200000.0,54270500000.0,159885915805.0,2550600000.0,10200000.0,-612300000.0,2238200000.0,-3752900000.0,-2249000000.0,-1545800000.0,0.0,6265200000.0,80200000.0,4730500000.0,4730500000.0,4730500000.0,0.0,0.0,0.246,2695100000.0,7324000000.0,741300000.0,0.794,-20.433,33.799,33.792,38785900000.0,0.0,214.58,8.324,8.318,2110300000.0,53908100000.0,19207800000.0,19207800000.0,0.0,0.093,-0.54,0.082,0.383,92400000.0,2245000000.0,1.0,745110988.0,744600000.0,750100000.0,25.796,49853700000.0,0.0,1410200000.0,4964400000.0,66.954,62000000.0
1,MCD,MRY,2019-12-31,2019-12-31,2019-12-31,2021-09-07,-2482700000.0,47510800000.0,46495550000.0,3557900000.0,43952900000.0,0.459,-10.83,-2242500000.0,898500000.0,898500000.0,9961200000.0,6025400000.0,0.983,-6.787,47556000000.0,680100000.0,46875900000.0,47556000000.0,660600000.0,1617900000.0,0.0,0.024,4.73,9140000000.0,10757900000.0,0.504,10757900000.0,9140000000.0,8018100000.0,7.95,7.88,7.95,-8210300000.0,-7542300000.0,-8210300000.0,193076672151.0,21.0,17.947,5879600000.0,7.756,1.0,11403200000.0,0.534,2677400000.0,1121900000.0,87869900000.0,84855700000.0,50200000.0,1270300000.0,0.0,1270300000.0,55721100000.0,3621000000.0,52100100000.0,148818772151.0,32500000.0,-200100000.0,-4625700000.0,3236300000.0,-3581900000.0,-4994800000.0,-3071100000.0,0.0,8122100000.0,-23700000.0,6025400000.0,6025400000.0,6025400000.0,0.0,0.0,0.282,2333400000.0,9069800000.0,988200000.0,0.595,-18.126,24.699,24.857,37421200000.0,0.0,197.61,6.966,7.012,2224200000.0,52930500000.0,21364400000.0,21364400000.0,0.0,0.13,-0.799,0.108,0.428,109600000.0,1966900000.0,1.0,753093326.0,758100000.0,764900000.0,28.182,44833400000.0,0.0,1992700000.0,4163200000.0,59.139,-63100000.0
2,MCD,MRY,2018-12-31,2018-12-31,2018-12-31,2021-09-07,-2609500000.0,32811200000.0,33324050000.0,4053200000.0,28758000000.0,0.638,-8.042,-2581300000.0,866000000.0,866000000.0,10239200000.0,5924300000.0,1.363,-6.243,31075300000.0,0.0,31075300000.0,31075300000.0,627800000.0,1482000000.0,0.0,0.024,4.19,8797300000.0,10279300000.0,0.484,10279300000.0,8797300000.0,7816100000.0,7.61,7.54,7.61,-6258400000.0,-5905200000.0,-6258400000.0,166211233092.0,19.0,16.17,4385400000.0,5.635,1.0,11018700000.0,0.518,2331500000.0,981200000.0,57715500000.0,57190925000.0,51100000.0,1202800000.0,0.0,1202800000.0,39069600000.0,2973500000.0,36096100000.0,136890533092.0,-1597800000.0,429100000.0,-4804500000.0,2130800000.0,-3255900000.0,-5949600000.0,-2455100000.0,0.0,6966700000.0,-159800000.0,5924300000.0,5924300000.0,5924300000.0,0.0,0.0,0.279,2196100000.0,8822600000.0,1207900000.0,0.551,-21.873,23.107,23.334,22842700000.0,0.0,177.57,6.44,6.5,2441500000.0,50487000000.0,21257900000.0,21257900000.0,0.0,0.178,-1.003,0.154,0.414,125100000.0,1985400000.0,1.0,770910250.0,778200000.0,785600000.0,27.317,30479700000.0,0.0,1891800000.0,3778700000.0,39.167,1079700000.0
3,MCD,MRY,2017-12-31,2017-12-31,2017-12-31,2021-09-07,-2178400000.0,33803700000.0,32817200000.0,5327200000.0,28476500000.0,0.695,-4.048,-1686900000.0,2463800000.0,2463800000.0,12199600000.0,5192300000.0,1.843,-11.344,29536400000.0,0.0,29536400000.0,29536400000.0,0.0,1363400000.0,0.0,0.022,3.83,9494800000.0,10858200000.0,0.476,10858200000.0,9494800000.0,8573500000.0,6.43,6.37,6.43,-3268000000.0,-2694250000.0,-3268000000.0,163158783407.0,17.0,15.026,3864300000.0,4.786,1.0,10620800000.0,0.465,2379700000.0,921300000.0,55606000000.0,53264925000.0,58800000.0,1085700000.0,0.0,1085700000.0,37071700000.0,2890600000.0,34181100000.0,137211583407.0,1066400000.0,2494800000.0,-4228900000.0,2027800000.0,-3089200000.0,-5310800000.0,562000000.0,0.0,5551200000.0,264000000.0,5192300000.0,5192300000.0,5192300000.0,0.0,0.0,0.228,1068100000.0,9552700000.0,924800000.0,0.596,-41.986,26.426,26.768,22448300000.0,0.0,172.12,6.013,6.09,1976200000.0,48325800000.0,22820400000.0,22820400000.0,0.0,0.158,-1.927,0.178,0.416,117500000.0,2231300000.0,1.0,797185588.0,807400000.0,815500000.0,28.264,31424000000.0,0.0,3381200000.0,4031500000.0,38.92,2436600000.0
4,MCD,MRY,2016-12-31,2016-12-31,2016-12-31,2021-09-07,-3092900000.0,31023900000.0,32613175000.0,4848600000.0,26175300000.0,0.755,-2.58,-1738200000.0,1223400000.0,1223400000.0,14417200000.0,4686500000.0,1.398,-15.074,25955700000.0,77200000.0,25878500000.0,25955700000.0,0.0,1516500000.0,0.0,0.03,3.61,7750800000.0,9267300000.0,0.376,9267300000.0,7750800000.0,6866000000.0,5.49,5.44,5.49,-2204300000.0,168650000.0,-2204300000.0,124821898278.0,16.0,13.469,4321400000.0,5.058,1.0,10204700000.0,0.414,2336500000.0,884800000.0,49951400000.0,49617325000.0,58900000.0,725900000.0,0.0,725900000.0,33228200000.0,3468300000.0,29759900000.0,101081598278.0,-6288100000.0,866100000.0,-10871600000.0,2670400000.0,-3058200000.0,-11262400000.0,-981600000.0,0.0,6059600000.0,-103700000.0,4686500000.0,4686500000.0,4686500000.0,0.0,0.0,0.19,2460200000.0,7744500000.0,756000000.0,0.658,-45.857,21.569,22.171,21257600000.0,0.0,121.72,4.105,4.224,1474100000.0,46222700000.0,24621900000.0,24621900000.0,0.0,0.144,27.788,0.156,0.315,131300000.0,2384500000.0,1.0,830443627.0,854400000.0,861200000.0,28.818,28687400000.0,0.0,2179500000.0,3361200000.0,33.576,1380300000.0
5,MCD,MRY,2015-12-31,2015-12-31,2015-12-31,2021-09-07,-2879800000.0,37938700000.0,34500425000.0,9643000000.0,28295700000.0,0.737,7.545,-1600800000.0,7685500000.0,7685500000.0,15623800000.0,4529300000.0,3.268,4.353,24122100000.0,0.0,24122100000.0,24122100000.0,0.0,1555700000.0,0.0,0.029,3.44,7194000000.0,8749700000.0,0.344,8749700000.0,7194000000.0,6555700000.0,4.82,4.8,4.82,7087900000.0,9340475000.0,7087900000.0,124017671289.0,17.0,14.174,4938300000.0,5.257,1.0,9789200000.0,0.385,2516300000.0,638300000.0,48908600000.0,43699475000.0,100100000.0,792700000.0,0.0,792700000.0,30850800000.0,2950400000.0,27900400000.0,108479671289.0,5607600000.0,200500000.0,-5782000000.0,9755200000.0,-3230300000.0,735300000.0,-1420000000.0,0.0,6539100000.0,-246800000.0,4529300000.0,4529300000.0,4529300000.0,0.0,0.0,0.178,2643700000.0,7145500000.0,874700000.0,0.714,15.305,23.951,24.51,23117600000.0,0.0,118.14,4.269,4.367,1298700000.0,44594500000.0,25413000000.0,25413000000.0,0.0,0.131,0.485,0.165,0.283,110000000.0,2434300000.0,1.0,918229823.0,939400000.0,944600000.0,27.052,35422400000.0,0.0,2026400000.0,2168100000.0,37.707,6692600000.0
6,MCD,MRY,2014-12-31,2014-12-31,2014-12-31,2021-09-07,-1519700000.0,34227400000.0,36099475000.0,4185500000.0,30041900000.0,0.76,13.109,-2496600000.0,2077900000.0,2077900000.0,16985600000.0,4757800000.0,1.523,1.663,14935700000.0,0.0,14935700000.0,14935700000.0,0.0,1644500000.0,0.0,0.035,3.28,7948400000.0,9592900000.0,0.35,9592900000.0,7948400000.0,7372000000.0,4.85,4.82,4.85,12853400000.0,14695475000.0,12853400000.0,103493579475.0,13.0,10.789,4233700000.0,4.318,1.0,10455700000.0,0.381,2735300000.0,576400000.0,41602000000.0,41935600000.0,110000000.0,1004500000.0,0.0,1004500000.0,21374000000.0,2747900000.0,18626100000.0,91189179475.0,-720800000.0,232600000.0,-2963200000.0,1502900000.0,-3216100000.0,-4618300000.0,-2304900000.0,0.0,6730300000.0,-527900000.0,4757800000.0,4757800000.0,4757800000.0,0.0,0.0,0.173,2506500000.0,7949200000.0,860100000.0,0.676,7.095,19.166,19.32,24557500000.0,0.0,93.7,3.323,3.348,1214400000.0,43294500000.0,27441300000.0,27441300000.0,0.0,0.132,0.324,0.19,0.29,112800000.0,2487900000.0,1.0,973203623.0,980500000.0,986300000.0,27.987,31492100000.0,0.0,2614200000.0,2121300000.0,32.118,1437600000.0
7,MCD,MRY,2013-12-31,2013-12-31,2013-12-31,2021-09-07,427600000.0,36626300000.0,35188700000.0,5050100000.0,31576200000.0,0.799,16.035,-2824700000.0,2798700000.0,2798700000.0,17203000000.0,5585900000.0,1.593,1.288,14129800000.0,0.0,14129800000.0,14129800000.0,0.0,1585100000.0,0.0,0.032,3.12,8732300000.0,10317400000.0,0.367,10317400000.0,8732300000.0,8204500000.0,5.59,5.55,5.59,16009700000.0,15393375000.0,16009700000.0,107491276813.0,12.0,10.418,4296000000.0,4.303,1.0,10902700000.0,0.388,2872700000.0,527800000.0,41914700000.0,40235100000.0,123700000.0,1209100000.0,0.0,1209100000.0,20616600000.0,3170000000.0,17446600000.0,96547776813.0,462600000.0,259100000.0,-1544500000.0,535300000.0,-3114600000.0,-4043000000.0,-2673800000.0,0.0,7120700000.0,58700000.0,5585900000.0,5585900000.0,5585900000.0,0.0,0.0,0.199,2138400000.0,8764300000.0,1086000000.0,0.558,6.031,17.284,17.358,25747300000.0,0.0,97.03,3.435,3.447,1319800000.0,41751200000.0,28105700000.0,28105700000.0,0.0,0.159,0.363,0.217,0.311,89100000.0,2385600000.0,1.0,995030164.0,998400000.0,1006000000.0,28.151,33753600000.0,0.0,2618600000.0,2246300000.0,33.808,1880100000.0
8,MCD,MRY,2012-12-31,2012-12-31,2012-12-31,2021-09-07,796400000.0,35386500000.0,33969400000.0,4922100000.0,30464400000.0,0.812,15.141,-3049200000.0,2336100000.0,2336100000.0,16750700000.0,5464800000.0,1.446,1.314,13632500000.0,0.0,13632500000.0,13632500000.0,0.0,1488500000.0,0.0,0.033,2.87,8595600000.0,10084100000.0,0.366,10084100000.0,8595600000.0,8079000000.0,5.41,5.36,5.41,15293600000.0,14468325000.0,15293600000.0,99646378797.0,12.0,9.882,3916900000.0,3.878,1.0,10816300000.0,0.392,2804000000.0,516600000.0,40475800000.0,38517000000.0,121700000.0,1380500000.0,0.0,1380500000.0,20092900000.0,3403100000.0,16689800000.0,88560778797.0,400000.0,236200000.0,-2286500000.0,1204600000.0,-2896600000.0,-3849800000.0,-3167300000.0,0.0,6966100000.0,51400000.0,5464800000.0,5464800000.0,5464800000.0,0.0,0.0,0.198,2211700000.0,8604600000.0,1141900000.0,0.53,5.791,16.206,16.305,24677200000.0,0.0,88.21,3.213,3.232,1375300000.0,39278000000.0,27567000000.0,27567000000.0,0.0,0.161,0.378,0.223,0.312,93400000.0,2455200000.0,1.0,1003976633.0,1010100000.0,1020200000.0,27.291,32582500000.0,0.0,2614200000.0,2200500000.0,32.257,1519000000.0
9,MCD,MRY,2011-12-31,2011-12-31,2011-12-31,2021-09-07,449700000.0,32989900000.0,32545150000.0,4403000000.0,28586900000.0,0.83,13.943,-2729800000.0,2335700000.0,2335700000.0,16319400000.0,5503100000.0,1.255,1.293,12500400000.0,366600000.0,12133800000.0,12500400000.0,0.0,1415000000.0,0.0,0.025,2.53,8505000000.0,9920000000.0,0.367,9920000000.0,8505000000.0,8012200000.0,5.33,5.27,5.33,14390200000.0,14283700000.0,14390200000.0,112800293745.0,13.0,11.371,4420300000.0,4.283,1.0,10686600000.0,0.396,2653200000.0,492800000.0,36992200000.0,35830550000.0,116800000.0,1427000000.0,0.0,1427000000.0,18599700000.0,3509200000.0,15090500000.0,102659493745.0,-51300000.0,325000000.0,-3029100000.0,1003900000.0,-2609700000.0,-4533000000.0,-2570900000.0,0.0,7150100000.0,-97500000.0,5503100000.0,5503100000.0,5503100000.0,0.0,0.0,0.204,2156900000.0,8529700000.0,961300000.0,0.475,7.134,18.655,18.824,22834500000.0,0.0,100.33,3.801,3.834,1334700000.0,36707500000.0,27006000000.0,27006000000.0,0.0,0.169,0.385,0.237,0.315,86200000.0,2393700000.0,1.0,1023218317.0,1032100000.0,1044900000.0,26.166,30336700000.0,0.0,2509100000.0,1944400000.0,29.393,893800000.0
10,MCD,MRY,2010-12-31,2010-12-31,2010-12-31,2021-09-07,752900000.0,31975200000.0,30411175000.0,4368500000.0,27606700000.0,0.792,13.728,-2135500000.0,2387000000.0,2387000000.0,14437300000.0,4946300000.0,1.494,1.185,11505300000.0,8300000.0,11497000000.0,11505300000.0,0.0,1276200000.0,0.0,0.029,2.26,7451200000.0,8727400000.0,0.363,8727400000.0,7451200000.0,7000300000.0,4.64,4.58,4.64,14634200000.0,13880150000.0,14634200000.0,90038455367.0,12.0,10.317,4206100000.0,3.946,1.0,9637300000.0,0.4,2586100000.0,450900000.0,35582700000.0,33955600000.0,109900000.0,1335300000.0,0.0,1335300000.0,17341000000.0,2924700000.0,14416300000.0,81097455367.0,591000000.0,194500000.0,-2235400000.0,787400000.0,-2408100000.0,-3728700000.0,-2056000000.0,0.0,6341600000.0,34100000.0,4946300000.0,4946300000.0,4946300000.0,0.0,0.0,0.205,2164200000.0,7473100000.0,943900000.0,0.487,5.542,16.396,16.543,22060600000.0,0.0,76.76,3.369,3.399,1179100000.0,33811700000.0,24074600000.0,24074600000.0,0.0,0.163,0.356,0.219,0.31,83100000.0,2333300000.0,1.0,1056506714.0,1066000000.0,1080300000.0,22.584,29389100000.0,0.0,2054000000.0,1719300000.0,27.57,1443800000.0
11,MCD,MRY,2009-12-31,2009-12-31,2009-12-31,2021-09-07,747400000.0,30224900000.0,29328750000.0,3416300000.0,26808600000.0,0.776,12.849,-1952100000.0,1796000000.0,1796000000.0,13952900000.0,4551000000.0,1.143,1.154,10578400000.0,18100000.0,10560300000.0,10578400000.0,0.0,1216200000.0,0.0,0.033,2.05,6960200000.0,8176400000.0,0.359,8176400000.0,6960200000.0,6487000000.0,4.17,4.11,4.17,14033900000.0,13287800000.0,14033900000.0,76265612178.0,11.0,9.328,3798900000.0,3.478,1.0,8791800000.0,0.387,2425200000.0,473200000.0,33593400000.0,32830650000.0,106200000.0,1212700000.0,0.0,1212700000.0,16191000000.0,2988700000.0,13202300000.0,67384412178.0,-267400000.0,260300000.0,-2465300000.0,219300000.0,-2235500000.0,-4421000000.0,-1655300000.0,144900000.0,5751000000.0,57900000.0,4551000000.0,4551000000.0,4551000000.0,0.0,0.0,0.2,1950800000.0,6841000000.0,636000000.0,0.492,4.802,14.807,14.974,21531500000.0,0.0,62.44,2.963,2.998,1060400000.0,31270800000.0,22744700000.0,22744700000.0,0.0,0.155,0.342,0.212,0.306,112900000.0,2234200000.0,1.0,1079186614.0,1092200000.0,1107400000.0,20.825,27799700000.0,0.0,1936000000.0,1758700000.0,25.453,427600000.0
12,MCD,MRY,2008-12-31,2008-12-31,2008-12-31,2021-09-07,101300000.0,28461500000.0,29509800000.0,3517600000.0,24943900000.0,0.797,11.879,-2135700000.0,2063400000.0,2063400000.0,14883200000.0,4313200000.0,1.386,1.127,10217800000.0,31800000.0,10186000000.0,10217800000.0,0.0,1207800000.0,0.0,0.026,1.625,6680600000.0,7888400000.0,0.335,7888400000.0,6680600000.0,6158000000.0,3.83,3.76,3.83,13382600000.0,13867500000.0,13382600000.0,77704946585.0,12.0,9.851,3781500000.0,3.357,1.0,8639200000.0,0.367,2237400000.0,522600000.0,31840600000.0,32684100000.0,111500000.0,1222300000.0,0.0,1222300000.0,15078900000.0,2537900000.0,12541000000.0,69313546585.0,82100000.0,331800000.0,-3371100000.0,1045700000.0,-1823400000.0,-4114500000.0,-1624700000.0,229400000.0,5917200000.0,-95900000.0,4313200000.0,4313200000.0,4313200000.0,0.0,0.0,0.183,2196300000.0,6442900000.0,620400000.0,0.424,5.179,16.07,16.238,20254500000.0,0.0,62.19,2.947,2.979,931200000.0,28953900000.0,23522400000.0,23522400000.0,0.0,0.146,0.311,0.204,0.284,112500000.0,2355500000.0,1.0,1114544888.0,1126600000.0,1146000000.0,20.879,26224100000.0,0.0,1844800000.0,1197600000.0,23.277,979700000.0
13,MCD,MRY,2007-12-31,2007-12-31,2007-12-31,2021-09-07,1337400000.0,29391700000.0,29383425000.0,3581900000.0,25809800000.0,0.775,12.859,-1946600000.0,1981300000.0,1981300000.0,14881400000.0,2395100000.0,0.796,0.924,9301100000.0,1991100000.0,7310000000.0,9301100000.0,0.0,1214100000.0,0.0,0.025,1.5,4042300000.0,5256400000.0,0.231,5256400000.0,4042300000.0,3632200000.0,2.02,1.98,2.02,15279800000.0,15275100000.0,15279800000.0,74430847801.0,18.0,14.16,2929700000.0,2.465,1.0,7905200000.0,0.347,2301300000.0,410100000.0,29911700000.0,29442100000.0,125300000.0,1156400000.0,0.0,1156400000.0,14111900000.0,4498500000.0,9613400000.0,69676247801.0,-146800000.0,977500000.0,-2805400000.0,572600000.0,-1765600000.0,-3996300000.0,-1150100000.0,0.0,4876300000.0,123300000.0,2395100000.0,2395100000.0,2395100000.0,-60100000.0,0.0,0.105,4026200000.0,3879000000.0,624100000.0,0.743,4.56,29.091,29.163,20984700000.0,0.0,58.91,3.058,3.072,1053800000.0,26461500000.0,22786600000.0,22786600000.0,0.0,0.082,0.157,0.137,0.177,142400000.0,2367000000.0,1.0,1182757559.0,1188300000.0,1211800000.0,19.176,27090400000.0,0.0,1237100000.0,1208900000.0,22.798,-916600000.0
14,MCD,MRY,2006-12-31,2006-12-31,2006-12-31,2021-09-07,-296700000.0,28974500000.0,29794500000.0,5192200000.0,23782300000.0,0.701,12.527,-1741900000.0,2128100000.0,2128100000.0,13963200000.0,3544200000.0,1.759,0.874,8407600000.0,17700000.0,8389900000.0,8407600000.0,0.0,1249900000.0,0.0,0.023,1.0,5234400000.0,6484300000.0,0.31,6484300000.0,5234400000.0,4832500000.0,2.87,2.83,2.87,15458300000.0,15447575000.0,15458300000.0,59730962335.0,11.0,9.212,2599600000.0,2.107,1.0,6932000000.0,0.332,2073600000.0,401900000.0,30228800000.0,29868225000.0,112400000.0,1035400000.0,0.0,1035400000.0,13516200000.0,2951600000.0,10564600000.0,54825062335.0,-2124900000.0,358100000.0,-1983700000.0,-2264700000.0,-1216500000.0,-5459900000.0,-1274100000.0,0.0,4341500000.0,267600000.0,3544200000.0,3544200000.0,3544200000.0,-678100000.0,0.0,0.17,2499000000.0,4433000000.0,668700000.0,0.348,3.547,15.469,15.446,19438100000.0,0.0,44.33,2.624,2.618,806900000.0,25845600000.0,20895200000.0,20895200000.0,0.0,0.119,0.229,0.175,0.251,122500000.0,2295700000.0,1.0,1236748530.0,1234000000.0,1251700000.0,16.933,26900900000.0,0.0,1288300000.0,1521400000.0,21.8,2240600000.0
15,MCD,MRY,2005-12-31,2005-12-31,2005-12-31,2021-09-07,-733100000.0,29988800000.0,28011675000.0,6219000000.0,23769800000.0,0.682,12.017,-1606800000.0,4260600000.0,4260600000.0,12940000000.0,2602200000.0,1.514,0.98,10136800000.0,1202500000.0,8934300000.0,10136800000.0,0.0,1249500000.0,0.0,0.02,0.67,4041000000.0,5290500000.0,0.277,5290500000.0,4041000000.0,3684800000.0,2.06,2.04,2.06,15146100000.0,14665125000.0,15146100000.0,48206831081.0,12.0,9.112,2730000000.0,2.166,1.0,6177300000.0,0.323,1924400000.0,356200000.0,29832900000.0,29125050000.0,144300000.0,1035400000.0,0.0,1035400000.0,14842700000.0,4107700000.0,10735000000.0,42439031081.0,2880600000.0,-84400000.0,-433900000.0,1612300000.0,-842000000.0,441800000.0,-1817800000.0,0.0,4336800000.0,-80200000.0,2602200000.0,2602200000.0,2602200000.0,-24600000.0,0.0,0.136,2193300000.0,3984000000.0,678000000.0,0.325,2.802,16.309,16.369,19573300000.0,0.0,33.72,2.22,2.223,793900000.0,23516000000.0,19117300000.0,19117300000.0,0.0,0.093,0.177,0.139,0.211,152000000.0,2118400000.0,1.0,1258571503.0,1260400000.0,1274200000.0,15.168,28064400000.0,0.0,1082600000.0,1751900000.0,22.266,2111300000.0
16,MCD,MRY,2004-12-31,2004-12-31,2004-12-31,2021-09-07,-96000000.0,27837500000.0,26366725000.0,2857800000.0,24979700000.0,0.705,11.274,-1419300000.0,1379800000.0,1379800000.0,12690600000.0,2278500000.0,0.812,0.96,9219500000.0,862200000.0,8357300000.0,9219500000.0,0.0,1201000000.0,0.0,0.017,0.55,3560100000.0,4761100000.0,0.256,4761100000.0,3560100000.0,3201700000.0,1.81,1.79,1.81,14201500000.0,13048200000.0,14201500000.0,47612404355.0,13.0,10.0,2484300000.0,1.972,1.0,5903400000.0,0.317,1828300000.0,358400000.0,30328400000.0,29863850000.0,147500000.0,1109900000.0,0.0,1109900000.0,13636000000.0,3520500000.0,10115500000.0,40306004355.0,887000000.0,156600000.0,-40500000.0,-815500000.0,-695000000.0,-1633500000.0,-1383100000.0,0.0,3903600000.0,0.0,2278500000.0,2278500000.0,2278500000.0,-1000000.0,0.0,0.123,2365500000.0,3537900000.0,714300000.0,0.304,2.838,17.69,17.713,20703100000.0,0.0,32.06,2.168,2.172,745500000.0,21755800000.0,18594000000.0,18594000000.0,0.0,0.086,0.175,0.119,0.191,11000000.0,1939100000.0,1.0,1257205376.0,1259700000.0,1273700000.0,14.761,26009200000.0,0.0,923200000.0,1357900000.0,20.647,-662700000.0
17,MCD,MRY,2003-12-31,2003-12-31,2003-12-31,2021-09-07,-635500000.0,25838000000.0,25143725000.0,1885400000.0,23952600000.0,0.682,9.436,-1307400000.0,492800000.0,492800000.0,11943700000.0,1471400000.0,0.686,1.156,9730500000.0,388000000.0,9342500000.0,9730500000.0,0.0,1148200000.0,0.0,0.016,0.4,2697600000.0,3845800000.0,0.224,3845800000.0,2697600000.0,2309600000.0,1.16,1.15,1.16,11981900000.0,11529050000.0,11981900000.0,40273439637.0,15.0,10.472,1961400000.0,1.545,1.0,5196800000.0,0.303,1665100000.0,388000000.0,30662100000.0,30122425000.0,129400000.0,1089600000.0,0.0,1089600000.0,13856100000.0,2748500000.0,11107600000.0,31513339637.0,162400000.0,14800000.0,-219800000.0,-891600000.0,-503500000.0,-1736800000.0,-1369600000.0,0.0,3268800000.0,0.0,1471400000.0,1471400000.0,1471400000.0,0.0,0.0,0.086,2364600000.0,2832200000.0,577400000.0,0.345,2.63,21.417,21.405,19924700000.0,0.0,24.83,1.839,1.839,734500000.0,20172300000.0,17140500000.0,17140500000.0,0.0,0.059,0.128,0.09,0.157,7100000.0,1833000000.0,1.0,1269163900.0,1269800000.0,1276500000.0,13.499,24172900000.0,0.0,838200000.0,1621500000.0,19.037,-863100000.0
18,MCD,MRY,2002-12-31,2002-12-31,2002-12-31,2021-09-07,-1601300000.0,23970500000.0,23272150000.0,1715400000.0,22255100000.0,0.662,8.075,-2003800000.0,330400000.0,330400000.0,10746700000.0,893500000.0,0.708,1.332,9979400000.0,275800000.0,9703600000.0,9979400000.0,0.0,1050800000.0,0.0,0.015,0.235,1937600000.0,2988400000.0,0.194,2988400000.0,1937600000.0,1563500000.0,0.7,0.7,0.7,10280900000.0,10212225000.0,10280900000.0,29542149760.0,15.0,9.886,886300000.0,0.696,1.0,4659000000.0,0.302,1558500000.0,374100000.0,29638700000.0,28799900000.0,111700000.0,1037700000.0,0.0,1037700000.0,13689600000.0,2422300000.0,11267300000.0,20410549760.0,-87700000.0,-178900000.0,-475200000.0,145500000.0,-297400000.0,-511200000.0,-2466600000.0,0.0,2890100000.0,0.0,893500000.0,893500000.0,893500000.0,0.0,0.0,0.058,2546100000.0,2112900000.0,635800000.0,0.336,1.985,22.843,22.971,18583400000.0,0.0,16.08,1.325,1.329,855300000.0,19204400000.0,15405700000.0,15405700000.0,0.0,0.038,0.087,0.067,0.126,0.0,1712800000.0,1.0,1269312796.0,1273100000.0,1281500000.0,12.101,22412000000.0,0.0,670000000.0,1211800000.0,17.604,-706900000.0
19,MCD,MRY,2001-12-31,2001-12-31,2001-12-31,2021-09-07,-1708800000.0,22534500000.0,21918675000.0,1819300000.0,20715200000.0,0.678,7.357,-1906200000.0,418100000.0,418100000.0,10253900000.0,1636600000.0,0.809,1.375,8918000000.0,362500000.0,8555500000.0,8918000000.0,0.0,1086300000.0,0.0,0.009,0.225,2782100000.0,3868400000.0,0.26,3868400000.0,2782100000.0,2329700000.0,1.27,1.25,1.27,9488400000.0,9356975000.0,9488400000.0,42237855987.0,15.0,10.919,782100000.0,0.606,1.0,4616100000.0,0.31,1320400000.0,452400000.0,27465700000.0,27877875000.0,105500000.0,990200000.0,0.0,990200000.0,13046100000.0,2248300000.0,10797800000.0,34025655987.0,-3600000.0,44300000.0,-1068100000.0,527300000.0,-287700000.0,-623700000.0,-2068200000.0,0.0,2688300000.0,0.0,1636600000.0,1636600000.0,1636600000.0,0.0,0.0,0.11,1919100000.0,2697000000.0,689500000.0,0.177,3.586,20.79,20.843,17289500000.0,0.0,26.47,2.288,2.296,881900000.0,18608300000.0,14870000000.0,14870000000.0,0.0,0.075,0.175,0.1,0.187,0.0,1661700000.0,1.0,1285442236.0,1289700000.0,1309300000.0,11.53,21214100000.0,0.0,693100000.0,1313000000.0,16.449,-429000000.0
20,MCD,MRY,2000-12-31,2000-12-31,2000-12-31,2021-09-07,-1287300000.0,21683500000.0,21151775000.0,1662400000.0,20021100000.0,0.673,6.956,-1945100000.0,421700000.0,421700000.0,9522400000.0,1977300000.0,0.704,1.356,8473900000.0,630000000.0,7843900000.0,8473900000.0,0.0,1010700000.0,0.0,0.02,0.684,3312200000.0,4322900000.0,0.304,4322900000.0,3312200000.0,2882300000.0,1.49,1.46,1.49,9204400000.0,9105175000.0,9204400000.0,51901396724.0,16.0,12.006,806400000.0,0.609,1.0,4720600000.0,0.331,1278200000.0,429900000.0,26096600000.0,25282200000.0,99300000.0,824200000.0,0.0,824200000.0,12479100000.0,2360900000.0,10118200000.0,44584396724.0,2200000.0,-122700000.0,-2023400000.0,1678500000.0,-280700000.0,-536700000.0,-2212600000.0,0.0,2751500000.0,0.0,1977300000.0,1977300000.0,1977300000.0,0.0,0.0,0.139,1390900000.0,3329700000.0,684900000.0,0.459,4.844,22.548,22.819,17047600000.0,0.0,34.0,3.13,3.159,796500000.0,17259400000.0,14243000000.0,14243000000.0,0.0,0.093,0.217,0.131,0.233,0.0,1587300000.0,1.0,1311305786.0,1323200000.0,1356500000.0,10.764,20405300000.0,0.0,905000000.0,1372600000.0,15.421,-698500000.0
21,MCD,MRY,1999-12-31,1999-12-31,1999-12-31,2021-09-07,-886800000.0,20983200000.0,20304775000.0,1572300000.0,19410900000.0,0.653,7.112,-1867800000.0,419500000.0,419500000.0,8567300000.0,1947900000.0,0.48,1.177,7252300000.0,1619900000.0,5632400000.0,7252300000.0,0.0,956300000.0,0.0,0.005,0.195,3280400000.0,4236700000.0,0.32,4236700000.0,3280400000.0,2884100000.0,1.44,1.39,1.44,9639100000.0,9321500000.0,9639100000.0,61276824150.0,19.0,14.463,1141100000.0,0.842,1.0,4692000000.0,0.354,1261800000.0,396300000.0,23279900000.0,24055325000.0,82700000.0,1002200000.0,0.0,1002200000.0,11344100000.0,3274300000.0,8069800000.0,54580524150.0,120300000.0,-78300000.0,-891500000.0,336400000.0,-264700000.0,-626800000.0,-2261800000.0,0.0,3008900000.0,0.0,1947900000.0,1947900000.0,1947900000.0,0.0,0.0,0.147,1372400000.0,3319600000.0,585700000.0,0.135,5.662,28.02,27.993,16324500000.0,0.0,40.31,4.116,4.12,708100000.0,15562800000.0,13259300000.0,13259300000.0,0.0,0.096,0.209,0.136,0.247,0.0,1477600000.0,1.0,1354019453.0,1355300000.0,1404200000.0,9.783,19721400000.0,0.0,936200000.0,1450900000.0,14.551,-1702000000.0
22,MCD,MRY,1998-12-31,1998-12-31,1998-12-31,2021-09-07,-522500000.0,19784400000.0,19067975000.0,1309400000.0,18475000000.0,0.651,6.932,-1879300000.0,299200000.0,299200000.0,7939600000.0,1550100000.0,0.524,1.09,7043400000.0,854800000.0,6188600000.0,7043400000.0,0.0,881100000.0,0.0,0.005,0.177,2721200000.0,3602300000.0,0.29,3602300000.0,2721200000.0,2307400000.0,1.14,1.1,1.14,9464700000.0,9094600000.0,9464700000.0,58711969446.0,22.0,16.298,887000000.0,0.65,1.0,4481800000.0,0.361,973100000.0,413800000.0,23058400000.0,23177100000.0,77300000.0,854100000.0,0.0,854100000.0,10319700000.0,2497100000.0,7822600000.0,51966469446.0,-42200000.0,60500000.0,-1089800000.0,262400000.0,-239500000.0,-860300000.0,-1948200000.0,0.0,2766300000.0,0.0,1550100000.0,1550100000.0,1550100000.0,0.0,0.0,0.125,1719900000.0,2761900000.0,621300000.0,0.155,5.491,33.525,33.689,16041600000.0,0.0,38.405,4.184,4.221,609400000.0,13879600000.0,12421400000.0,12421400000.0,0.0,0.081,0.17,0.117,0.219,0.0,1458500000.0,1.0,1353117288.0,1365300000.0,1405700000.0,9.098,18811300000.0,0.0,757300000.0,1319600000.0,13.778,-1187700000.0
23,MCD,MRY,1997-12-31,1997-12-31,1997-12-31,2021-09-07,-470500000.0,18241500000.0,17758350000.0,1142300000.0,17099200000.0,0.642,6.42,-2084300000.0,341400000.0,341400000.0,7263500000.0,1642500000.0,0.383,1.061,6463500000.0,1629400000.0,4834100000.0,6463500000.0,0.0,793800000.0,0.0,0.007,0.162,2771700000.0,3565500000.0,0.313,3565500000.0,2771700000.0,2407300000.0,1.17,1.15,1.17,8851600000.0,8848450000.0,8851600000.0,38669403612.0,14.0,10.845,358000000.0,0.26,1.0,4145300000.0,0.363,827500000.0,364400000.0,20551600000.0,20164325000.0,70500000.0,701800000.0,0.0,701800000.0,9389900000.0,2984500000.0,6405400000.0,32889103612.0,11500000.0,-86400000.0,-755100000.0,1001500000.0,-247700000.0,-213600000.0,-2217200000.0,0.0,2442300000.0,0.0,1642500000.0,1642500000.0,1642500000.0,0.0,0.0,0.144,1337000000.0,2808300000.0,650600000.0,0.138,3.716,20.024,20.406,14961400000.0,0.0,23.875,2.883,2.885,483500000.0,12569000000.0,11408800000.0,11408800000.0,0.0,0.092,0.186,0.137,0.243,0.0,1450500000.0,1.0,1377554078.0,1378700000.0,1410200000.0,8.275,17414000000.0,0.0,764800000.0,1264500000.0,12.631,-1842200000.0
24,MCD,MRY,1996-12-31,1996-12-31,1996-12-31,2021-09-07,-175100000.0,17386000000.0,16400300000.0,1102500000.0,16283500000.0,0.652,6.243,-2339800000.0,329900000.0,329900000.0,6733300000.0,1572600000.0,0.516,0.994,5881400000.0,693300000.0,5188100000.0,5881400000.0,0.0,742900000.0,0.0,0.006,0.146,2593500000.0,3336400000.0,0.312,3336400000.0,2593500000.0,2251000000.0,1.11,1.08,1.11,8718200000.0,8289750000.0,8718200000.0,,,,121200000.0,0.087,1.0,3953200000.0,0.37,747000000.0,342500000.0,20055200000.0,18820650000.0,69600000.0,779300000.0,0.0,779300000.0,8667800000.0,2135300000.0,6532500000.0,31399299286.0,-4900000.0,61100000.0,-599900000.0,779300000.0,-232000000.0,104400000.0,-2570300000.0,0.0,2461000000.0,0.0,1572600000.0,1572600000.0,1572600000.0,0.0,0.0,0.147,1320600000.0,2632600000.0,638000000.0,0.132,3.602,19.966,20.441,14352100000.0,0.0,22.69,2.938,2.965,495400000.0,11173000000.0,10686500000.0,10686500000.0,0.0,0.096,0.19,0.138,0.243,0.0,1366400000.0,1.0,1383838664.0,1396400000.0,1433300000.0,7.653,16639000000.0,0.0,678400000.0,1135100000.0,11.916,-1032800000.0
25,MCD,MRY,1995-12-31,1995-12-31,1995-12-31,2021-09-07,-87100000.0,15414600000.0,,955800000.0,14458800000.0,,5.603,-1997500000.0,334800000.0,334800000.0,6062600000.0,1427300000.0,0.533,0.961,4836000000.0,578200000.0,4257800000.0,4836000000.0,0.0,709000000.0,0.0,0.006,0.132,2509300000.0,3218300000.0,0.329,3218300000.0,2509300000.0,2169100000.0,0.985,0.965,0.985,7861300000.0,,7861300000.0,,,,298700000.0,0.213,1.0,3731900000.0,0.381,534800000.0,340200000.0,17586100000.0,,58000000.0,791700000.0,36300000.0,755400000.0,7553300000.0,1794900000.0,5758400000.0,,154900000.0,41500000.0,-314500000.0,445100000.0,-226500000.0,-32300000.0,-2109000000.0,0.0,2296200000.0,0.0,1427300000.0,1427300000.0,1427300000.0,0.0,0.0,0.146,1130600000.0,2601300000.0,564300000.0,0.134,,,22.909,12811300000.0,0.0,22.565,,3.232,377300000.0,9831300000.0,9794500000.0,9794500000.0,0.0,,,,0.256,0.0,1236300000.0,1.0,,1403000000.0,1435400000.0,6.981,14879800000.0,0.0,741800000.0,1018400000.0,10.606,-839100000.0
26,MCD,MRY,1994-12-31,1994-12-31,1994-12-31,2021-09-07,,,,,,,,-1472600000.0,,,5080500000.0,1224400000.0,,,,,,,,628600000.0,,0.008,0.117,2192300000.0,2820900000.0,0.339,2820900000.0,2192300000.0,1886600000.0,0.84,,0.84,,,,,,,453600000.0,,1.0,3240300000.0,0.389,,305700000.0,,,,,,,,,,,-5900000.0,17700000.0,-495600000.0,245700000.0,-215700000.0,-426200000.0,-1505900000.0,41600000.0,1926200000.0,0.0,1224400000.0,1224400000.0,1224400000.0,0.0,0.0,0.147,999100000.0,2241200000.0,,0.139,,,17.411,,0.0,14.625,,,,,8320800000.0,8320800000.0,0.0,,,,0.263,0.0,1083000000.0,1.0,,,,,,,662200000.0,,,
0,MCD,MRQ,2021-06-30,2021-06-30,2021-06-30,2021-09-07,-2571200000.0,51893100000.0,,5701200000.0,46191900000.0,,-7.779,-458800000.0,3049400000.0,3049400000.0,2600100000.0,2219300000.0,1.449,-9.935,49262000000.0,1220400000.0,48041600000.0,49262000000.0,714900000.0,463400000.0,0.0,0.022,1.29,2672500000.0,3135900000.0,0.533,3135900000.0,2672500000.0,2376000000.0,2.97,2.95,2.97,-5808000000.0,,-5808000000.0,218891697861.0,23.0,19.179,1274400000.0,1.707,1.0,3287800000.0,0.558,2778100000.0,296500000.0,91392800000.0,,47800000.0,1196800000.0,0.0,1196800000.0,57701100000.0,3934800000.0,53766300000.0,172358797861.0,29700000.0,2800000.0,69900000.0,-399800000.0,-963300000.0,-1306300000.0,-413500000.0,0.0,1733200000.0,16300000.0,2219300000.0,2219300000.0,2219300000.0,0.0,0.0,0.377,596700000.0,2691100000.0,730900000.0,0.434,-29.676,24.993,24.972,38327500000.0,0.0,230.99,7.927,7.931,1808300000.0,55739000000.0,5887900000.0,5887900000.0,0.0,,,,,36500000.0,572400000.0,1.0,746174284.0,746600000.0,752100000.0,7.886,49115000000.0,0.0,156700000.0,4455200000.0,65.785,1766400000.0
1,MCD,MRQ,2021-03-31,2021-03-31,2021-03-31,2021-09-07,-2635900000.0,51103100000.0,,5467900000.0,45635200000.0,,-9.702,-335900000.0,3019700000.0,3019700000.0,2389100000.0,1537200000.0,1.194,-8.063,49552600000.0,1618400000.0,47934200000.0,49552600000.0,702500000.0,453900000.0,0.0,0.023,1.29,2252700000.0,2706600000.0,0.528,2706600000.0,2252700000.0,1952700000.0,2.06,2.05,2.06,-7235500000.0,,-7235500000.0,215126640580.0,27.0,22.245,1788100000.0,2.398,1.0,2735500000.0,0.534,2745800000.0,300000000.0,90310400000.0,,45300000.0,1211100000.0,0.0,1211100000.0,58338600000.0,4579800000.0,53758800000.0,167112540580.0,-429400000.0,-9100000.0,37600000.0,-1331300000.0,-962300000.0,-2263900000.0,-244600000.0,0.0,2124000000.0,-44900000.0,1537200000.0,1537200000.0,1537200000.0,0.0,0.0,0.3,454200000.0,2281300000.0,670000000.0,0.626,-23.096,32.381,32.343,38179200000.0,0.0,224.14,8.518,8.521,1733700000.0,54483000000.0,5124600000.0,5124600000.0,0.0,,,,,27300000.0,490400000.0,1.0,745572145.0,745800000.0,751000000.0,6.871,48357300000.0,0.0,415500000.0,4975600000.0,64.84,888100000.0
2,MCD,MRQ,2020-12-31,2020-12-31,2020-12-31,2021-09-07,-2586800000.0,52626800000.0,,6243200000.0,46383600000.0,,-10.5,-453500000.0,3449100000.0,3449100000.0,2464600000.0,1377200000.0,1.01,-7.726,51463200000.0,2945100000.0,48518100000.0,51463200000.0,702000000.0,464300000.0,0.0,0.023,1.29,2138900000.0,2603200000.0,0.49,2603200000.0,2138900000.0,1830000000.0,1.85,1.84,1.85,-7824900000.0,,-7824900000.0,207488515805.0,28.0,22.775,1539300000.0,2.066,1.0,2849200000.0,0.536,2773100000.0,308900000.0,91686600000.0,,51100000.0,1297200000.0,0.0,1297200000.0,60451700000.0,6181200000.0,54270500000.0,159885915805.0,-234700000.0,24700000.0,31000000.0,-1005000000.0,-961600000.0,-1935600000.0,-362900000.0,0.0,1992800000.0,71000000.0,1377200000.0,1377200000.0,1377200000.0,0.0,0.0,0.259,706300000.0,2142900000.0,741300000.0,0.697,-20.433,33.799,33.792,38785900000.0,0.0,214.58,8.324,8.318,2110300000.0,53908100000.0,5313800000.0,5313800000.0,0.0,,,,,28400000.0,698000000.0,1.0,745110988.0,745200000.0,751000000.0,7.131,49853700000.0,0.0,452800000.0,4964400000.0,66.9,62000000.0
3,MCD,MRQ,2020-09-30,2020-09-30,2020-09-30,2021-09-07,-2758800000.0,50699300000.0,,6736100000.0,43963200000.0,,-11.38,-390000000.0,3683800000.0,3683800000.0,2444200000.0,1762600000.0,1.073,-6.984,51286400000.0,3407000000.0,47879400000.0,51286400000.0,679800000.0,440100000.0,0.0,0.023,1.25,2527200000.0,2967300000.0,0.548,2967300000.0,2527200000.0,2217100000.0,2.37,2.35,2.37,-8472100000.0,,-8472100000.0,211989660798.0,28.0,22.966,2549500000.0,3.424,1.0,2973900000.0,0.549,2715800000.0,310100000.0,89305900000.0,,44200000.0,1283300000.0,0.0,1283300000.0,59171400000.0,6280200000.0,52891200000.0,163323060798.0,428100000.0,1300000.0,104600000.0,-1442100000.0,-930900000.0,-2268500000.0,-267900000.0,0.0,2939500000.0,25000000.0,1762600000.0,1762600000.0,1762600000.0,0.0,0.0,0.325,447500000.0,2526400000.0,689000000.0,0.527,-19.278,33.159,33.206,37494500000.0,0.0,219.49,8.453,8.457,2391800000.0,53492500000.0,5418100000.0,5418100000.0,0.0,,,,,7300000.0,454700000.0,1.0,744102514.0,744500000.0,750000000.0,7.278,47983500000.0,0.0,454500000.0,4001100000.0,64.451,455900000.0
4,MCD,MRQ,2020-06-30,2020-06-30,2020-06-30,2021-09-07,-2806300000.0,49938900000.0,,6609400000.0,43329500000.0,,-12.723,-303200000.0,3255700000.0,3255700000.0,1972900000.0,483800000.0,0.912,-6.277,51922300000.0,4767800000.0,47154500000.0,51922300000.0,664200000.0,425700000.0,0.0,0.027,1.25,967800000.0,1393500000.0,0.37,1393500000.0,967800000.0,648700000.0,0.65,0.65,0.65,-9463100000.0,,-9463100000.0,184095508894.0,25.0,20.21,-516300000.0,-0.694,1.0,1788600000.0,0.476,2671900000.0,319100000.0,88687500000.0,,42600000.0,1278100000.0,0.0,1278100000.0,59402000000.0,7246100000.0,52155900000.0,137163808894.0,-2124100000.0,-21900000.0,55400000.0,-703200000.0,-929700000.0,-1577900000.0,-396600000.0,0.0,-213100000.0,63500000.0,483800000.0,483800000.0,483800000.0,0.0,0.0,0.129,827500000.0,961100000.0,538400000.0,1.923,-14.495,28.751,28.959,36832300000.0,0.0,184.47,7.068,7.07,2852600000.0,52660800000.0,3761500000.0,3761500000.0,0.0,,,,,30800000.0,576000000.0,1.0,743556182.0,743800000.0,748600000.0,5.057,47267000000.0,0.0,164900000.0,3970700000.0,63.548,-636700000.0
5,MCD,MRQ,2020-03-31,2020-03-31,2020-03-31,2021-09-07,-2996400000.0,50568000000.0,,7556900000.0,43011100000.0,,-12.478,-466700000.0,5379800000.0,5379800000.0,2307000000.0,1106900000.0,1.895,-6.441,52311500000.0,1794600000.0,50516900000.0,52311500000.0,655000000.0,421300000.0,0.0,0.029,1.25,1724900000.0,2146200000.0,0.455,2146200000.0,1724900000.0,1444900000.0,1.49,1.47,1.49,-9293400000.0,,-9293400000.0,169917104404.0,19.0,16.329,1079300000.0,1.449,1.0,2407400000.0,0.511,2627400000.0,280000000.0,90884500000.0,,39100000.0,1276800000.0,0.0,1276800000.0,59861400000.0,3987800000.0,55873600000.0,123259604404.0,4481300000.0,6100000.0,-803300000.0,5388500000.0,-930700000.0,3533000000.0,-518400000.0,0.0,1546000000.0,-79300000.0,1106900000.0,1106900000.0,1106900000.0,0.0,0.0,0.235,713800000.0,1693600000.0,671900000.0,0.839,-13.263,21.237,21.446,36625500000.0,0.0,165.35,5.854,5.849,1695300000.0,53106700000.0,4714400000.0,4714400000.0,0.0,,,,,25900000.0,516300000.0,1.0,745446655.0,744800000.0,750700000.0,6.33,47940600000.0,0.0,338000000.0,4251300000.0,64.367,3569100000.0
6,MCD,MRQ,2019-12-31,2019-12-31,2019-12-31,2021-09-07,-2482700000.0,47510800000.0,,3557900000.0,43952900000.0,,-10.96,-693000000.0,898500000.0,898500000.0,2502900000.0,1572200000.0,0.983,-6.787,47556000000.0,680100000.0,46875900000.0,47556000000.0,660600000.0,413600000.0,0.0,0.024,1.25,2309800000.0,2723400000.0,0.502,2723400000.0,2309800000.0,2026800000.0,2.1,2.08,2.1,-8210300000.0,,-8210300000.0,193076672151.0,21.0,17.947,1196300000.0,1.597,1.0,2925300000.0,0.539,2677400000.0,283000000.0,87869900000.0,,50200000.0,1270300000.0,0.0,1270300000.0,55721100000.0,3621000000.0,52100100000.0,148818772151.0,-278800000.0,-15200000.0,-1417800000.0,911200000.0,-935200000.0,-1441800000.0,-807000000.0,0.0,1889300000.0,80700000.0,1572200000.0,1572200000.0,1572200000.0,0.0,0.0,0.29,632700000.0,2292600000.0,988200000.0,0.595,-18.126,24.699,24.857,37421200000.0,0.0,197.61,6.966,7.012,2224200000.0,52930500000.0,5428200000.0,5428200000.0,0.0,,,,,19500000.0,584700000.0,1.0,753093326.0,749100000.0,755300000.0,7.246,44833400000.0,0.0,454600000.0,4163200000.0,59.85,-63100000.0
7,MCD,MRQ,2019-09-30,2019-09-30,2019-09-30,2021-09-07,-2663100000.0,45805000000.0,,3604900000.0,42200100000.0,,-11.366,-527600000.0,1177300000.0,1177300000.0,2527200000.0,1607900000.0,0.843,-6.327,45435200000.0,703300000.0,44731900000.0,45435200000.0,640100000.0,413400000.0,0.0,0.022,1.16,2432800000.0,2846200000.0,0.517,2846200000.0,2432800000.0,2152200000.0,2.13,2.11,2.13,-8599200000.0,,-8599200000.0,207218858600.0,23.0,19.889,1759100000.0,2.325,1.0,2975100000.0,0.541,2541800000.0,280600000.0,83245500000.0,,42600000.0,1245400000.0,0.0,1245400000.0,54404200000.0,4275600000.0,50128600000.0,163060258600.0,42800000.0,8400000.0,-1394400000.0,706400000.0,-876900000.0,-1577600000.0,-592800000.0,0.0,2286700000.0,-73500000.0,1607900000.0,1607900000.0,1607900000.0,0.0,0.0,0.292,565800000.0,2409300000.0,849500000.0,0.545,-18.962,27.786,27.884,35790900000.0,0.0,214.71,7.644,7.615,2005300000.0,51359500000.0,5502300000.0,5502300000.0,0.0,,,,,29600000.0,474600000.0,1.0,759444174.0,756600000.0,763900000.0,7.272,43263200000.0,0.0,544300000.0,4306100000.0,57.181,-670700000.0
8,MCD,MRQ,2019-06-30,2019-06-30,2019-06-30,2021-09-07,-2496600000.0,46199800000.0,,3915400000.0,42284400000.0,,-8.938,-528900000.0,1134500000.0,1134500000.0,2511800000.0,1516900000.0,1.208,-7.785,45293100000.0,743400000.0,44549700000.0,45293100000.0,639600000.0,398300000.0,0.0,0.022,1.16,2292000000.0,2690300000.0,0.497,2690300000.0,2292000000.0,2007800000.0,1.99,1.97,1.99,-6808800000.0,,-6808800000.0,201560417248.0,23.0,19.462,1396600000.0,1.833,1.0,2898000000.0,0.536,2580500000.0,284200000.0,84537900000.0,,44200000.0,1227300000.0,0.0,1227300000.0,53008600000.0,3240000000.0,49768600000.0,158560117248.0,-1154600000.0,-316200000.0,-928000000.0,-385600000.0,-883000000.0,-2196100000.0,-900000000.0,0.0,1925500000.0,16000000.0,1516900000.0,1516900000.0,1516900000.0,0.0,0.0,0.28,624100000.0,2273900000.0,796800000.0,0.583,-23.288,26.884,27.004,36027000000.0,0.0,207.66,7.48,7.462,2055000000.0,51562500000.0,5409800000.0,5409800000.0,0.0,,,,,28900000.0,469900000.0,1.0,763556377.0,761800000.0,768700000.0,7.101,43619300000.0,0.0,490900000.0,4148800000.0,57.258,675400000.0
9,MCD,MRQ,2019-03-31,2019-03-31,2019-03-31,2021-09-07,-2520100000.0,46466600000.0,,4964400000.0,41502200000.0,,-8.564,-493000000.0,2289100000.0,2289100000.0,2419300000.0,1328400000.0,1.469,-8.093,45289400000.0,767900000.0,44521500000.0,45289400000.0,629800000.0,392600000.0,0.0,0.023,1.16,2105400000.0,2498000000.0,0.497,2498000000.0,2105400000.0,1831300000.0,1.74,1.72,1.74,-6550900000.0,,-6550900000.0,175543061347.0,20.0,17.06,1527600000.0,1.997,1.0,2604800000.0,0.518,2317800000.0,274100000.0,83769500000.0,,40800000.0,1190200000.0,0.0,1190200000.0,53017500000.0,3379600000.0,49637900000.0,145333761347.0,1423100000.0,122900000.0,-885500000.0,2004300000.0,-886800000.0,220700000.0,-771300000.0,0.0,2020600000.0,-46900000.0,1328400000.0,1328400000.0,1328400000.0,0.0,0.0,0.264,510800000.0,2094000000.0,823600000.0,0.667,-22.185,24.728,24.921,35608700000.0,0.0,189.9,6.874,6.87,1992700000.0,50928600000.0,5024100000.0,5024100000.0,0.0,,,,,31600000.0,437700000.0,1.0,765317332.0,764900000.0,771600000.0,6.568,44148800000.0,0.0,502900000.0,4061400000.0,57.718,1584800000.0
10,MCD,MRQ,2018-12-31,2018-12-31,2018-12-31,2021-09-07,-2609500000.0,32811200000.0,,4053200000.0,28758000000.0,,-8.136,-849200000.0,866000000.0,866000000.0,2466300000.0,1415300000.0,1.363,-6.243,31075300000.0,0.0,31075300000.0,31075300000.0,627800000.0,379000000.0,0.0,0.024,1.16,2005500000.0,2384500000.0,0.442,2384500000.0,2005500000.0,1751400000.0,1.84,1.82,1.84,-6258400000.0,,-6258400000.0,166211233092.0,19.0,16.17,662400000.0,0.861,1.0,2929400000.0,0.543,2331500000.0,254100000.0,57715500000.0,,51100000.0,1202800000.0,0.0,1202800000.0,39069600000.0,2973500000.0,36096100000.0,136890533092.0,-1708500000.0,65200000.0,-759900000.0,-650900000.0,-892500000.0,-2311200000.0,-883900000.0,0.0,1511600000.0,-25000000.0,1415300000.0,1415300000.0,1415300000.0,0.0,0.0,0.262,929900000.0,1999500000.0,1207900000.0,0.63,-21.873,23.107,23.334,22842700000.0,0.0,177.57,6.44,6.5,2441500000.0,50487000000.0,5395700000.0,5395700000.0,0.0,,,,,25400000.0,395000000.0,1.0,770910250.0,769200000.0,776900000.0,7.015,30479700000.0,0.0,336100000.0,3778700000.0,39.625,1079700000.0
11,MCD,MRQ,2018-09-30,2018-09-30,2018-09-30,2021-09-07,-2508300000.0,34053700000.0,,5553100000.0,28500600000.0,,-8.79,-692500000.0,2574500000.0,2574500000.0,2547300000.0,1637300000.0,1.531,-6.013,31895200000.0,0.0,31895200000.0,31895200000.0,617000000.0,375100000.0,0.0,0.024,1.01,2408800000.0,2783900000.0,0.518,2783900000.0,2408800000.0,2158700000.0,2.12,2.1,2.12,-6792600000.0,,-6792600000.0,159140050422.0,18.0,15.364,1778600000.0,2.302,1.0,2822100000.0,0.526,2345000000.0,250100000.0,57402700000.0,,41900000.0,1135500000.0,0.0,1135500000.0,40846300000.0,3626700000.0,37219600000.0,129783650422.0,951000000.0,69300000.0,-971500000.0,988600000.0,-779800000.0,-768000000.0,-721300000.0,0.0,2471100000.0,-30800000.0,1637300000.0,1637300000.0,1637300000.0,0.0,0.0,0.305,404400000.0,2417700000.0,932800000.0,0.476,-19.107,24.921,25.081,22613600000.0,0.0,167.29,6.121,6.098,2266800000.0,49076200000.0,5369400000.0,5369400000.0,0.0,,,,,36000000.0,515200000.0,1.0,775800409.0,772800000.0,779600000.0,6.948,31708700000.0,0.0,521400000.0,3994600000.0,41.031,1926400000.0
12,MCD,MRQ,2018-06-30,2018-06-30,2018-06-30,2021-09-07,-2435000000.0,32708400000.0,,4355600000.0,28352800000.0,,-7.501,-558500000.0,1623500000.0,1623500000.0,2614400000.0,1496300000.0,1.466,-6.59,30979900000.0,292200000.0,30687700000.0,30979900000.0,606700000.0,365000000.0,0.0,0.025,1.01,2258300000.0,2623300000.0,0.49,2623300000.0,2258300000.0,2018100000.0,1.92,1.9,1.92,-5851000000.0,,-5851000000.0,151430946493.0,16.0,13.784,780300000.0,1.0,1.0,2739500000.0,0.512,2347200000.0,240200000.0,56747300000.0,,49600000.0,1127600000.0,0.0,1127600000.0,38559400000.0,2970300000.0,35589100000.0,123029446493.0,-844500000.0,131600000.0,-1515500000.0,739000000.0,-786100000.0,-1564200000.0,-490800000.0,0.0,1338800000.0,-128300000.0,1496300000.0,1496300000.0,1496300000.0,0.0,0.0,0.279,477200000.0,2262300000.0,917900000.0,0.526,-21.027,22.557,22.742,22361200000.0,0.0,156.69,5.699,5.662,2217200000.0,49106700000.0,5353900000.0,5353900000.0,0.0,,,,,23900000.0,542100000.0,1.0,785177398.0,780000000.0,787100000.0,6.864,30361200000.0,0.0,521800000.0,3650400000.0,38.925,1385300000.0
13,MCD,MRQ,2018-03-31,2018-03-31,2018-03-31,2021-09-07,-2146500000.0,33722900000.0,,4909300000.0,28813600000.0,,-5.966,-481100000.0,2468000000.0,2468000000.0,2611200000.0,1375400000.0,1.74,-8.146,30869500000.0,0.0,30869500000.0,30869500000.0,607400000.0,362900000.0,0.0,0.025,1.01,2124700000.0,2487600000.0,0.484,2487600000.0,2124700000.0,1887900000.0,1.74,1.72,1.74,-4718800000.0,,-4718800000.0,151316178474.0,16.0,13.763,1164100000.0,1.472,1.0,2527700000.0,0.492,2404800000.0,236800000.0,56898200000.0,,53800000.0,1147400000.0,0.0,1147400000.0,38441700000.0,2821400000.0,35620300000.0,124243578474.0,4200000.0,163000000.0,-1557600000.0,1054100000.0,-797500000.0,-1306200000.0,-359100000.0,0.0,1645200000.0,24300000.0,1375400000.0,1375400000.0,1375400000.0,0.0,0.0,0.268,384600000.0,2143100000.0,779900000.0,0.58,-26.329,23.211,23.375,22704000000.0,0.0,156.38,5.576,5.55,1951600000.0,48396500000.0,5138900000.0,5138900000.0,0.0,,,,,39800000.0,533100000.0,1.0,794497880.0,790900000.0,798700000.0,6.498,31318100000.0,0.0,512500000.0,3760100000.0,39.598,2087900000.0
14,MCD,MRQ,2017-12-31,2017-12-31,2017-12-31,2021-09-07,-2178400000.0,33803700000.0,,5327200000.0,28476500000.0,,-4.115,-626900000.0,2463800000.0,2463800000.0,2674700000.0,698700000.0,1.843,-11.344,29536400000.0,0.0,29536400000.0,29536400000.0,0.0,342800000.0,0.0,0.022,1.01,2120200000.0,2463000000.0,0.461,2463000000.0,2120200000.0,1885100000.0,0.89,0.89,0.89,-3268000000.0,,-3268000000.0,163158783407.0,17.0,15.026,482400000.0,0.607,1.0,2665500000.0,0.499,2379700000.0,235100000.0,55606000000.0,,58800000.0,1085700000.0,0.0,1085700000.0,37071700000.0,2890600000.0,34181100000.0,137211583407.0,-207400000.0,84900000.0,-664600000.0,738700000.0,-801800000.0,-747100000.0,-604000000.0,0.0,1109300000.0,34400000.0,698700000.0,698700000.0,698700000.0,0.0,0.0,0.131,521300000.0,2144200000.0,924800000.0,1.135,-41.986,26.426,26.768,22448300000.0,0.0,172.12,6.013,6.09,1976200000.0,48325800000.0,5340200000.0,5340200000.0,0.0,,,,,34000000.0,617600000.0,1.0,797185588.0,794200000.0,803800000.0,6.724,31424000000.0,0.0,1186400000.0,4031500000.0,39.567,2436600000.0
15,MCD,MRQ,2017-09-30,2017-09-30,2017-09-30,2021-09-07,-2236700000.0,32559600000.0,,4790300000.0,27769300000.0,,-4.318,-357700000.0,2671200000.0,2671200000.0,2937100000.0,1883700000.0,1.281,-10.363,28618400000.0,215800000.0,28402600000.0,28618400000.0,0.0,355800000.0,0.0,0.024,0.94,3056200000.0,3412000000.0,0.593,3412000000.0,3056200000.0,2819500000.0,2.34,2.32,2.34,-3477600000.0,,-3477600000.0,152878669325.0,16.0,14.248,1326800000.0,1.648,1.0,2817500000.0,0.49,2373300000.0,236700000.0,52393300000.0,,54200000.0,999800000.0,0.0,999800000.0,36037200000.0,3740200000.0,32297000000.0,126910269325.0,125400000.0,1578100000.0,-1999200000.0,-59000000.0,-755300000.0,-2810000000.0,1174700000.0,0.0,1684500000.0,76200000.0,1883700000.0,1883700000.0,1883700000.0,0.0,0.0,0.327,-261900000.0,3079400000.0,685200000.0,0.402,-36.494,22.316,22.415,21978600000.0,0.0,156.68,5.398,5.367,1569000000.0,47631500000.0,5754600000.0,5754600000.0,0.0,,,,,39500000.0,567000000.0,1.0,809996613.0,805300000.0,813500000.0,7.146,30186300000.0,0.0,935800000.0,2241500000.0,37.485,1050100000.0
16,MCD,MRQ,2017-06-30,2017-06-30,2017-06-30,2021-09-07,-2486400000.0,32785200000.0,,5892500000.0,26892700000.0,,-2.465,-339900000.0,2392400000.0,2392400000.0,3341300000.0,1395100000.0,2.148,-17.388,28360800000.0,209900000.0,28150900000.0,28360800000.0,0.0,339500000.0,0.0,0.024,0.94,2292300000.0,2631800000.0,0.435,2631800000.0,2292300000.0,2061400000.0,1.72,1.7,1.72,-2000600000.0,,-2000600000.0,149631046931.0,18.0,15.246,873500000.0,1.076,1.0,2708400000.0,0.448,2345200000.0,230900000.0,53665100000.0,,56700000.0,779700000.0,0.0,779700000.0,34785800000.0,2743300000.0,32042500000.0,124836146931.0,-1200000.0,289100000.0,-933300000.0,526400000.0,-761500000.0,-1166500000.0,-146800000.0,0.0,1213400000.0,98700000.0,1395100000.0,1395100000.0,1395100000.0,0.0,0.0,0.231,413300000.0,2295100000.0,536000000.0,0.547,-62.399,24.58,24.823,21689300000.0,0.0,153.16,5.163,5.141,1457300000.0,47300600000.0,6049700000.0,6049700000.0,0.0,,,,,21300000.0,525400000.0,1.0,815070168.0,811600000.0,819200000.0,7.454,30440000000.0,0.0,666300000.0,2159500000.0,37.506,3149200000.0
17,MCD,MRQ,2017-03-31,2017-03-31,2017-03-31,2021-09-07,-2705000000.0,32120300000.0,,5907200000.0,26213100000.0,,-2.48,-362400000.0,2412200000.0,2412200000.0,3246500000.0,1214800000.0,1.834,-16.817,27207100000.0,222900000.0,26984200000.0,27207100000.0,0.0,325300000.0,0.0,0.028,0.94,2026100000.0,2351400000.0,0.414,2351400000.0,2026100000.0,1807500000.0,1.48,1.47,1.48,-2030800000.0,,-2030800000.0,130882006319.0,16.0,13.864,1181600000.0,1.443,1.0,2429400000.0,0.428,2299200000.0,218600000.0,51395300000.0,,56800000.0,766500000.0,0.0,766500000.0,34151100000.0,3220700000.0,30930400000.0,106149706319.0,1149600000.0,542700000.0,-631800000.0,821700000.0,-770600000.0,-587200000.0,138100000.0,0.0,1544000000.0,54700000.0,1214800000.0,1214800000.0,1214800000.0,0.0,0.0,0.214,395400000.0,2034000000.0,678400000.0,0.635,-52.27,22.223,22.659,21214100000.0,0.0,129.61,4.351,4.35,1336700000.0,46666900000.0,5675900000.0,5675900000.0,0.0,,,,,22700000.0,521300000.0,1.0,818993182.0,818800000.0,825200000.0,6.932,29821100000.0,0.0,592700000.0,2579900000.0,36.42,2686500000.0
18,MCD,MRQ,2016-12-31,2016-12-31,2016-12-31,2021-09-07,-3092900000.0,31023900000.0,,4848600000.0,26175300000.0,,-2.677,-643800000.0,1223400000.0,1223400000.0,3470700000.0,1193400000.0,1.398,-15.074,25955700000.0,77200000.0,25878500000.0,25955700000.0,0.0,378900000.0,0.0,0.03,0.94,1956100000.0,2335000000.0,0.387,2335000000.0,1956100000.0,1734900000.0,1.45,1.43,1.45,-2204300000.0,,-2204300000.0,124821898278.0,16.0,13.469,171100000.0,0.208,1.0,2558200000.0,0.424,2336500000.0,221200000.0,49951400000.0,,58900000.0,725900000.0,0.0,725900000.0,33228200000.0,3468300000.0,29759900000.0,101081598278.0,-869300000.0,500000000.0,-1459300000.0,860200000.0,-773000000.0,-1371200000.0,-170900000.0,0.0,814900000.0,-142100000.0,1193400000.0,1193400000.0,1193400000.0,0.0,0.0,0.198,589200000.0,1969000000.0,756000000.0,0.648,-45.857,21.569,22.171,21257600000.0,0.0,121.72,4.105,4.224,1474100000.0,46222700000.0,6028900000.0,6028900000.0,0.0,,,,,29200000.0,627500000.0,1.0,830443627.0,823500000.0,829400000.0,7.321,28687400000.0,0.0,541500000.0,3361200000.0,34.836,1380300000.0
19,MCD,MRQ,2016-09-30,2016-09-30,2016-09-30,2021-09-07,-2622600000.0,32486900000.0,,4302100000.0,28184800000.0,,-1.93,-388500000.0,2266700000.0,2266700000.0,3677100000.0,1275400000.0,0.961,-21.003,26007000000.0,0.0,26007000000.0,26007000000.0,0.0,370600000.0,0.0,0.031,0.89,2125900000.0,2496500000.0,0.389,2496500000.0,2125900000.0,1904500000.0,1.52,1.5,1.52,-1624100000.0,,-1624100000.0,121325838936.0,16.0,13.168,1862600000.0,2.214,1.0,2747000000.0,0.428,2504700000.0,221400000.0,49245800000.0,,90500000.0,878000000.0,0.0,878000000.0,34111000000.0,4476700000.0,29634300000.0,98443838936.0,-861300000.0,87100000.0,-1933700000.0,-85100000.0,-745100000.0,-2775700000.0,-351100000.0,0.0,2251100000.0,14400000.0,1275400000.0,1275400000.0,1275400000.0,0.0,0.0,0.199,609700000.0,2137300000.0,852200000.0,0.586,-60.614,20.949,21.482,22985700000.0,0.0,115.36,3.948,3.893,1349800000.0,45030000000.0,6424100000.0,6424100000.0,0.0,,,,,34300000.0,582900000.0,1.0,853361988.0,841400000.0,847700000.0,7.635,29982200000.0,0.0,629100000.0,2235400000.0,35.634,-174600000.0
20,MCD,MRQ,2016-06-30,2016-06-30,2016-06-30,2021-09-07,-2674800000.0,33146500000.0,,5046600000.0,28099900000.0,,0.741,-327200000.0,3128000000.0,3128000000.0,3679000000.0,1092900000.0,1.892,50.791,26010000000.0,0.0,26010000000.0,26010000000.0,0.0,383300000.0,0.0,0.029,0.89,1874100000.0,2257400000.0,0.36,2257400000.0,1874100000.0,1650200000.0,1.27,1.25,1.27,640000000.0,,640000000.0,125683875281.0,17.0,13.745,921200000.0,1.066,1.0,2586000000.0,0.413,2498600000.0,223900000.0,50862700000.0,,87400000.0,852100000.0,0.0,852100000.0,32506500000.0,2667200000.0,29839300000.0,105641375281.0,-182100000.0,144400000.0,-3298200000.0,2917700000.0,-759300000.0,-1136800000.0,-203700000.0,0.0,1248400000.0,-90000000.0,1092900000.0,1092900000.0,1092900000.0,0.0,0.0,0.174,728100000.0,1857900000.0,574600000.0,0.701,165.065,22.32,22.878,22849900000.0,0.0,120.34,4.205,4.138,1267100000.0,45272500000.0,6265000000.0,6265000000.0,0.0,,,,,27300000.0,596100000.0,1.0,877857531.0,864000000.0,871200000.0,7.251,30647900000.0,0.0,557300000.0,2142700000.0,35.472,2379400000.0
21,MCD,MRQ,2016-03-31,2016-03-31,2016-03-31,2021-09-07,-2402600000.0,33795400000.0,,5051600000.0,28743800000.0,,4.346,-378700000.0,3310100000.0,3310100000.0,3590400000.0,1124800000.0,1.767,7.748,23352600000.0,0.0,23352600000.0,23352600000.0,0.0,383700000.0,0.0,0.028,0.89,1794700000.0,2178400000.0,0.369,2178400000.0,1794700000.0,1576400000.0,1.27,1.25,1.27,3863000000.0,,3863000000.0,129750679364.0,17.0,14.195,1366500000.0,1.537,1.0,2313500000.0,0.392,2569800000.0,218300000.0,48409400000.0,,93700000.0,820100000.0,0.0,820100000.0,29932400000.0,2858700000.0,27073700000.0,113314079364.0,-4375400000.0,134600000.0,-4180400000.0,-1022400000.0,-780800000.0,-5978700000.0,-255900000.0,0.0,1745200000.0,114000000.0,1124800000.0,1124800000.0,1124800000.0,0.0,0.0,0.191,533200000.0,1780300000.0,654500000.0,0.701,29.333,23.399,23.939,23421800000.0,0.0,125.68,4.469,4.406,1162100000.0,44912400000.0,5903900000.0,5903900000.0,0.0,,,,,40500000.0,578000000.0,1.0,901607888.0,888900000.0,896300000.0,6.642,31225600000.0,0.0,451600000.0,2301500000.0,35.128,2192900000.0
22,MCD,MRQ,2015-12-31,2015-12-31,2015-12-31,2021-09-07,-2879800000.0,37938700000.0,,9643000000.0,28295700000.0,,7.756,-379600000.0,7685500000.0,7685500000.0,3834800000.0,1206200000.0,3.268,4.353,24122100000.0,0.0,24122100000.0,24122100000.0,0.0,389700000.0,0.0,0.029,0.89,1891700000.0,2281400000.0,0.36,2281400000.0,1891700000.0,1710800000.0,1.31,1.31,1.31,7087900000.0,,7087900000.0,124017671289.0,17.0,14.174,999100000.0,1.093,1.0,2506500000.0,0.395,2516300000.0,180900000.0,48908600000.0,,100100000.0,792700000.0,0.0,792700000.0,30850800000.0,2950400000.0,27900400000.0,108479671289.0,5233000000.0,63700000.0,-1398800000.0,6447500000.0,-813900000.0,4219600000.0,-305800000.0,0.0,1378700000.0,-59500000.0,1206200000.0,1206200000.0,1206200000.0,0.0,0.0,0.19,626100000.0,1880400000.0,874700000.0,0.679,15.305,23.951,24.51,23117600000.0,0.0,118.14,4.269,4.367,1298700000.0,44594500000.0,6341300000.0,6341300000.0,0.0,,,,,33300000.0,675100000.0,1.0,918229823.0,913900000.0,920300000.0,6.939,35422400000.0,0.0,504600000.0,2168100000.0,38.76,6692600000.0
23,MCD,MRQ,2015-09-30,2015-09-30,2015-09-30,2021-09-07,-2607500000.0,32959500000.0,,4492600000.0,28466900000.0,,8.932,-412700000.0,2452500000.0,2452500000.0,4023800000.0,1309200000.0,1.52,2.966,17990500000.0,0.0,17990500000.0,17990500000.0,0.0,387700000.0,0.0,0.035,0.85,2039300000.0,2427000000.0,0.367,2427000000.0,2039300000.0,1878400000.0,1.41,1.4,1.41,8309800000.0,,8309800000.0,106699662652.0,15.0,12.37,1534700000.0,1.65,1.0,2591300000.0,0.392,2581600000.0,160900000.0,42959400000.0,,99300000.0,846700000.0,0.0,846700000.0,24649700000.0,2956500000.0,21693200000.0,92796562652.0,-1546000000.0,38200000.0,-2356600000.0,165400000.0,-789100000.0,-2978600000.0,-418500000.0,0.0,1947400000.0,-96300000.0,1309200000.0,1309200000.0,1309200000.0,0.0,0.0,0.198,561000000.0,2030300000.0,802600000.0,0.603,11.167,20.992,21.235,23239400000.0,0.0,98.53,3.619,3.574,1136200000.0,44202000000.0,6615100000.0,6615100000.0,0.0,,,,,29000000.0,584000000.0,1.0,941810237.0,930300000.0,934800000.0,7.111,30377900000.0,0.0,569200000.0,2136700000.0,32.654,1536100000.0
24,MCD,MRQ,2015-06-30,2015-06-30,2015-06-30,2021-09-07,-2110000000.0,34947900000.0,,5972200000.0,28975700000.0,,11.079,-415900000.0,3998500000.0,3998500000.0,4007300000.0,1202400000.0,2.163,2.309,17901600000.0,0.0,17901600000.0,17901600000.0,0.0,392200000.0,0.0,0.035,0.85,1861600000.0,2253800000.0,0.347,2253800000.0,1861600000.0,1712400000.0,1.26,1.26,1.26,10560900000.0,,10560900000.0,103783010592.0,15.0,11.953,1097600000.0,1.151,1.0,2490400000.0,0.383,2627500000.0,149200000.0,43462700000.0,,102300000.0,860300000.0,0.0,860300000.0,24387000000.0,2760800000.0,21626200000.0,91126010592.0,2363700000.0,51000000.0,-1518800000.0,3432100000.0,-811000000.0,1087600000.0,-346500000.0,0.0,1513500000.0,109100000.0,1202400000.0,1202400000.0,1202400000.0,0.0,0.0,0.185,641100000.0,1849300000.0,840100000.0,0.675,8.629,21.802,22.007,23691200000.0,0.0,95.07,3.503,3.483,1178600000.0,43681600000.0,6497700000.0,6497700000.0,0.0,,,,,27700000.0,592400000.0,1.0,958514890.0,953200000.0,957600000.0,6.817,32320400000.0,0.0,510000000.0,2023200000.0,33.907,3211400000.0
25,MCD,MRQ,2015-03-31,2015-03-31,2015-03-31,2021-09-07,-2482000000.0,32155600000.0,,3592800000.0,28562800000.0,,11.871,-392600000.0,1634800000.0,1634800000.0,3757900000.0,811500000.0,1.306,1.82,14291800000.0,0.0,14291800000.0,14291800000.0,0.0,386100000.0,0.0,0.034,0.85,1401400000.0,1787500000.0,0.3,1787500000.0,1401400000.0,1254100000.0,0.84,0.84,0.84,11403300000.0,,11403300000.0,106563203107.0,14.0,11.773,1306900000.0,1.361,1.0,2201000000.0,0.369,2593500000.0,147300000.0,39467200000.0,,98800000.0,900500000.0,0.0,900500000.0,20752300000.0,2751900000.0,18000400000.0,93651403107.0,-443100000.0,47600000.0,-507800000.0,-289800000.0,-816300000.0,-1593300000.0,-349200000.0,0.0,1699500000.0,-200100000.0,811500000.0,811500000.0,811500000.0,0.0,0.0,0.136,815500000.0,1385500000.0,702000000.0,1.012,8.213,21.458,21.848,23301700000.0,0.0,97.44,3.508,3.506,1091800000.0,43290000000.0,5958900000.0,5958900000.0,0.0,,,,,20000000.0,582800000.0,1.0,961118669.0,960600000.0,965500000.0,6.203,29562100000.0,0.0,442600000.0,2400100000.0,30.775,840900000.0
26,MCD,MRQ,2014-12-31,2014-12-31,2014-12-31,2021-09-07,-1519700000.0,34227400000.0,,4185500000.0,30041900000.0,,13.3,-679300000.0,2077900000.0,2077900000.0,4098100000.0,1097500000.0,1.523,1.663,14935700000.0,0.0,14935700000.0,14935700000.0,0.0,407500000.0,0.0,0.035,0.85,1749800000.0,2157300000.0,0.328,2157300000.0,1749800000.0,1596100000.0,1.13,1.13,1.13,12853400000.0,,12853400000.0,103493579475.0,13.0,10.789,823800000.0,0.852,1.0,2474100000.0,0.376,2735300000.0,153700000.0,41602000000.0,,110000000.0,1004500000.0,0.0,1004500000.0,21374000000.0,2747900000.0,18626100000.0,91189179475.0,-747900000.0,2800000.0,-1077100000.0,123600000.0,-820800000.0,-1771800000.0,-299000000.0,0.0,1503100000.0,-180200000.0,1097500000.0,1097500000.0,1097500000.0,0.0,0.0,0.167,722400000.0,1751700000.0,860100000.0,0.752,7.095,19.166,19.32,24557500000.0,0.0,93.7,3.323,3.348,1214400000.0,43294500000.0,6572200000.0,6572200000.0,0.0,,,,,37700000.0,662500000.0,1.0,973203623.0,966400000.0,971900000.0,6.801,31492100000.0,0.0,498600000.0,2121300000.0,32.587,1437600000.0
27,MCD,MRQ,2014-09-30,2014-09-30,2014-09-30,2021-09-07,-596300000.0,36020800000.0,,5210400000.0,30810400000.0,,13.922,-658900000.0,2825800000.0,2825800000.0,4305900000.0,1068400000.0,1.247,1.644,15130200000.0,613300000.0,14516900000.0,15130200000.0,0.0,413400000.0,0.0,0.034,0.81,2070400000.0,2483800000.0,0.355,2483800000.0,2070400000.0,1921100000.0,1.09,1.09,1.09,13625900000.0,,13625900000.0,104856716080.0,12.0,10.445,1174000000.0,1.2,1.0,2681200000.0,0.384,2811200000.0,149300000.0,41334400000.0,,105000000.0,1513900000.0,407500000.0,1106400000.0,22394900000.0,4179600000.0,18215300000.0,93096716080.0,-844800000.0,71900000.0,-904800000.0,147600000.0,-793000000.0,-1542400000.0,-782600000.0,0.0,1832900000.0,-352700000.0,1068400000.0,1068400000.0,1068400000.0,0.0,0.0,0.153,608700000.0,2072500000.0,847300000.0,0.743,6.832,18.408,18.554,24985300000.0,0.0,94.81,3.329,3.318,1226700000.0,42201800000.0,6987100000.0,6987100000.0,0.0,,,,,23300000.0,575800000.0,1.0,981929291.0,978700000.0,983800000.0,7.139,33209600000.0,0.0,852700000.0,2018200000.0,33.932,1030800000.0
28,MCD,MRQ,2014-06-30,2014-06-30,2014-06-30,2021-09-07,551900000.0,37780600000.0,,5913700000.0,31866900000.0,,16.361,-589600000.0,3670600000.0,3670600000.0,4397400000.0,1387100000.0,1.744,1.339,15430600000.0,539200000.0,14891400000.0,15430600000.0,0.0,413200000.0,0.0,0.032,0.81,2209400000.0,2622600000.0,0.365,2622600000.0,2209400000.0,2071500000.0,1.4,1.4,1.4,16154900000.0,,16154900000.0,110756152858.0,13.0,10.698,897400000.0,0.909,1.0,2784300000.0,0.388,2902300000.0,137900000.0,43246600000.0,,110700000.0,1231600000.0,0.0,1231600000.0,21625700000.0,3391700000.0,18234000000.0,99573152858.0,926800000.0,79200000.0,-628200000.0,1466800000.0,-800600000.0,51000000.0,-615100000.0,0.0,1487000000.0,3900000.0,1387100000.0,1387100000.0,1387100000.0,0.0,0.0,0.193,595300000.0,2189000000.0,965100000.0,0.579,6.164,18.068,18.151,25877300000.0,0.0,100.74,3.519,3.515,1294500000.0,42741500000.0,7181700000.0,7181700000.0,0.0,,,,,26500000.0,629200000.0,1.0,988417241.0,987400000.0,993200000.0,7.273,34878300000.0,0.0,684400000.0,2080600000.0,35.323,2522000000.0
29,MCD,MRQ,2014-03-31,2014-03-31,2014-03-31,2021-09-07,444300000.0,36369100000.0,,4836300000.0,31532800000.0,,16.317,-568800000.0,2743800000.0,2743800000.0,4184200000.0,1204800000.0,1.559,1.252,13926800000.0,101400000.0,13825400000.0,13926800000.0,0.0,410400000.0,0.0,0.032,0.81,1918800000.0,2329200000.0,0.348,2329200000.0,1918800000.0,1783300000.0,1.22,1.21,1.22,16147700000.0,,16147700000.0,108369171093.0,12.0,10.51,1338500000.0,1.353,1.0,2516100000.0,0.376,2891500000.0,135500000.0,41559400000.0,,106200000.0,1223800000.0,0.0,1223800000.0,20221400000.0,3101200000.0,17120200000.0,97038071093.0,-54900000.0,78700000.0,-353100000.0,-235100000.0,-801700000.0,-1355100000.0,-608200000.0,0.0,1907300000.0,1100000.0,1204800000.0,1204800000.0,1204800000.0,0.0,0.0,0.18,580100000.0,1936000000.0,828100000.0,0.664,6.009,17.578,17.695,25650000000.0,0.0,98.03,3.441,3.44,1229700000.0,42154700000.0,6700300000.0,6700300000.0,0.0,,,,,25300000.0,620400000.0,1.0,989881374.0,989600000.0,995900000.0,6.771,33477600000.0,0.0,578500000.0,2409400000.0,33.829,1735100000.0
30,MCD,MRQ,2013-12-31,2013-12-31,2013-12-31,2021-09-07,427600000.0,36626300000.0,,5050100000.0,31576200000.0,,16.137,-904000000.0,2798700000.0,2798700000.0,4350400000.0,1397000000.0,1.593,1.288,14129800000.0,0.0,14129800000.0,14129800000.0,0.0,408600000.0,0.0,0.032,0.81,2194600000.0,2603200000.0,0.367,2603200000.0,2194600000.0,2055200000.0,1.4,1.39,1.4,16009700000.0,,16009700000.0,107491276813.0,12.0,10.418,969500000.0,0.977,1.0,2742800000.0,0.387,2872700000.0,139400000.0,41914700000.0,,123700000.0,1209100000.0,0.0,1209100000.0,20616600000.0,3170000000.0,17446600000.0,96547776813.0,254400000.0,132400000.0,-475000000.0,626400000.0,-803800000.0,-647500000.0,-1007600000.0,0.0,1873500000.0,36000000.0,1397000000.0,1397000000.0,1397000000.0,0.0,0.0,0.197,542400000.0,2200400000.0,1086000000.0,0.579,6.031,17.284,17.358,25747300000.0,0.0,97.03,3.435,3.447,1319800000.0,41751200000.0,7093200000.0,7093200000.0,0.0,,,,,20200000.0,627800000.0,1.0,995030164.0,992100000.0,999400000.0,7.15,33753600000.0,0.0,658200000.0,2246300000.0,34.022,1880100000.0
31,MCD,MRQ,2013-09-30,2013-09-30,2013-09-30,2021-09-07,516600000.0,35551300000.0,,4734100000.0,30817200000.0,,15.206,-687100000.0,2544300000.0,2544300000.0,4412800000.0,1522200000.0,1.239,1.344,13487800000.0,0.0,13487800000.0,13487800000.0,0.0,394500000.0,0.0,0.032,0.77,2403100000.0,2797600000.0,0.382,2797600000.0,2403100000.0,2272600000.0,1.53,1.52,1.53,15164900000.0,,15164900000.0,107267317704.0,12.0,10.417,1363400000.0,1.367,1.0,2910600000.0,0.397,2853800000.0,130500000.0,39818700000.0,,113100000.0,1262500000.0,0.0,1262500000.0,20386400000.0,3822300000.0,16564100000.0,96175917704.0,265900000.0,77100000.0,-475900000.0,-67800000.0,-767500000.0,-1301600000.0,-585600000.0,0.0,2050500000.0,102600000.0,1522200000.0,1522200000.0,1522200000.0,0.0,0.0,0.208,493900000.0,2416700000.0,858300000.0,0.503,6.342,17.22,17.242,25081500000.0,0.0,96.21,3.439,3.431,1285300000.0,40354600000.0,7323400000.0,7323400000.0,0.0,,,,,22700000.0,554300000.0,1.0,999645751.0,997300000.0,1004200000.0,7.343,32697500000.0,0.0,750400000.0,2225000000.0,32.786,911800000.0
32,MCD,MRQ,2013-06-30,2013-06-30,2013-06-30,2021-09-07,29200000.0,34453400000.0,,4632100000.0,29821300000.0,,15.149,-599400000.0,2278400000.0,2278400000.0,4318600000.0,1396500000.0,1.651,1.271,13369800000.0,0.0,13369800000.0,13369800000.0,0.0,390900000.0,0.0,0.03,0.77,2189700000.0,2580600000.0,0.364,2580600000.0,2189700000.0,2059900000.0,1.39,1.38,1.39,15170700000.0,,15170700000.0,110180943179.0,13.0,10.851,910400000.0,0.909,1.0,2765200000.0,0.39,2778600000.0,129800000.0,39961200000.0,,107800000.0,1239800000.0,0.0,1239800000.0,19282700000.0,2805000000.0,16477700000.0,99252343179.0,409100000.0,4100000.0,-367100000.0,599100000.0,-771100000.0,-525000000.0,-556100000.0,0.0,1509800000.0,-19600000.0,1396500000.0,1396500000.0,1396500000.0,0.0,0.0,0.197,567500000.0,2197700000.0,805200000.0,0.554,6.542,17.988,18.0,24280400000.0,0.0,99.0,3.571,3.567,1301900000.0,40402400000.0,7083800000.0,7083800000.0,0.0,,,,,23400000.0,607000000.0,1.0,1002548921.0,1001400000.0,1008700000.0,7.074,31674800000.0,0.0,663400000.0,2270600000.0,31.631,1827100000.0
33,MCD,MRQ,2013-03-31,2013-03-31,2013-03-31,2021-09-07,393800000.0,34123800000.0,,4191200000.0,29932600000.0,,15.187,-634200000.0,1869300000.0,1869300000.0,4121200000.0,1270200000.0,1.389,1.241,12797900000.0,0.0,12797900000.0,12797900000.0,0.0,391100000.0,0.0,0.029,0.77,1944900000.0,2336000000.0,0.354,2336000000.0,1944900000.0,1816800000.0,1.27,1.26,1.27,15228200000.0,,15228200000.0,111264711452.0,13.0,11.039,1052700000.0,1.05,1.0,2484100000.0,0.376,2789500000.0,128100000.0,39245800000.0,,105200000.0,1290400000.0,0.0,1290400000.0,18895600000.0,3017100000.0,15878500000.0,99968311452.0,-466800000.0,45500000.0,-226500000.0,-622400000.0,-772200000.0,-1568900000.0,-524500000.0,0.0,1686900000.0,-60300000.0,1270200000.0,1270200000.0,1270200000.0,0.0,0.0,0.192,534600000.0,1949500000.0,831600000.0,0.606,6.565,18.281,18.325,24290100000.0,0.0,99.69,3.619,3.618,1230000000.0,39776400000.0,6605300000.0,6605300000.0,0.0,,,,,22800000.0,596500000.0,1.0,1002791769.0,1002700000.0,1010800000.0,6.588,31334300000.0,0.0,546600000.0,2534900000.0,31.25,1174100000.0
34,MCD,MRQ,2012-12-31,2012-12-31,2012-12-31,2021-09-07,796400000.0,35386500000.0,,4922100000.0,30464400000.0,,15.259,-995600000.0,2336100000.0,2336100000.0,4223800000.0,1396100000.0,1.446,1.314,13632500000.0,0.0,13632500000.0,13632500000.0,0.0,386000000.0,0.0,0.033,0.77,2197600000.0,2583600000.0,0.372,2583600000.0,2197600000.0,2068000000.0,1.39,1.38,1.39,15293600000.0,,15293600000.0,99646378797.0,12.0,9.882,854500000.0,0.853,1.0,2728300000.0,0.392,2804000000.0,129600000.0,40475800000.0,,121700000.0,1380500000.0,0.0,1380500000.0,20092900000.0,3403100000.0,16689800000.0,88560778797.0,157600000.0,125500000.0,-285300000.0,413500000.0,-771200000.0,-606600000.0,-1160600000.0,0.0,1850100000.0,74700000.0,1396100000.0,1396100000.0,1396100000.0,0.0,0.0,0.201,530500000.0,2197800000.0,1141900000.0,0.554,5.791,16.206,16.305,24677200000.0,0.0,88.21,3.213,3.232,1375300000.0,39278000000.0,6952100000.0,6952100000.0,0.0,,,,,23200000.0,624500000.0,1.0,1003976633.0,1002300000.0,1010900000.0,6.936,32582500000.0,0.0,671900000.0,2200500000.0,32.508,1519000000.0
35,MCD,MRQ,2012-09-30,2012-09-30,2012-09-30,2021-09-07,609500000.0,33824500000.0,,4207900000.0,29616600000.0,,13.8,-753200000.0,2178500000.0,2178500000.0,4297800000.0,1455000000.0,1.014,1.436,13264100000.0,512100000.0,12752000000.0,13264100000.0,0.0,371900000.0,0.0,0.031,0.7,2281700000.0,2653600000.0,0.371,2653600000.0,2281700000.0,2153600000.0,1.45,1.43,1.45,13884100000.0,,13884100000.0,103612273243.0,12.0,10.383,1246200000.0,1.239,1.0,2854600000.0,0.399,2744200000.0,128100000.0,38014600000.0,,109100000.0,1460300000.0,0.0,1460300000.0,19940400000.0,4151300000.0,15789100000.0,92523573243.0,-306100000.0,47800000.0,-567700000.0,-379300000.0,-703800000.0,-1618100000.0,-723700000.0,0.0,1999400000.0,36300000.0,1455000000.0,1455000000.0,1455000000.0,0.0,0.0,0.203,567400000.0,2287200000.0,833600000.0,0.483,6.664,16.991,17.086,23751700000.0,0.0,91.75,3.372,3.364,1277300000.0,37882500000.0,7152400000.0,7152400000.0,0.0,,,,,22500000.0,620900000.0,1.0,1008431316.0,1006100000.0,1015400000.0,7.109,31080300000.0,0.0,698600000.0,1978200000.0,30.892,56600000.0
36,MCD,MRQ,2012-06-30,2012-06-30,2012-06-30,2021-09-07,284800000.0,33332400000.0,,4500100000.0,28832300000.0,,13.844,-712000000.0,2484600000.0,2484600000.0,4200000000.0,1347000000.0,1.242,1.375,13573300000.0,852900000.0,12720400000.0,13573300000.0,0.0,365900000.0,0.0,0.031,0.7,2139900000.0,2505800000.0,0.362,2505800000.0,2139900000.0,2009900000.0,1.33,1.32,1.33,14035100000.0,,14035100000.0,100458959226.0,12.0,9.976,771100000.0,0.761,1.0,2715900000.0,0.393,2680700000.0,130000000.0,38118100000.0,,111700000.0,1411100000.0,0.0,1411100000.0,19297300000.0,3622300000.0,15675000000.0,89968159226.0,195500000.0,53200000.0,-705300000.0,903200000.0,-709300000.0,-493700000.0,-685600000.0,0.0,1483100000.0,-108300000.0,1347000000.0,1347000000.0,1347000000.0,0.0,0.0,0.195,560900000.0,2155000000.0,823400000.0,0.526,6.41,16.365,16.425,23067800000.0,0.0,88.53,3.277,3.269,1290600000.0,37900800000.0,6915900000.0,6915900000.0,0.0,,,,,21200000.0,617300000.0,1.0,1016244880.0,1013800000.0,1023900000.0,6.822,30651700000.0,0.0,662900000.0,1982600000.0,30.234,877800000.0
37,MCD,MRQ,2012-03-31,2012-03-31,2012-03-31,2021-09-07,799200000.0,33334200000.0,,4254800000.0,29079400000.0,,14.398,-588400000.0,2289100000.0,2289100000.0,4029100000.0,1266700000.0,1.167,1.274,12779900000.0,724200000.0,12055700000.0,12779900000.0,0.0,364700000.0,0.0,0.027,0.7,1976400000.0,2341100000.0,0.358,2341100000.0,1976400000.0,1847500000.0,1.24,1.23,1.24,14660500000.0,,14660500000.0,110085012012.0,13.0,10.896,1045100000.0,1.026,1.0,2517500000.0,0.385,2719100000.0,128900000.0,37459500000.0,,111700000.0,1366000000.0,0.0,1366000000.0,18673700000.0,3646400000.0,15027300000.0,99920312012.0,-46600000.0,9700000.0,-728200000.0,267200000.0,-712300000.0,-1131400000.0,-597400000.0,0.0,1633500000.0,48700000.0,1266700000.0,1266700000.0,1266700000.0,0.0,0.0,0.193,552900000.0,1964600000.0,708300000.0,0.565,6.816,17.969,18.1,23304500000.0,0.0,98.1,3.641,3.64,1234400000.0,37262500000.0,6546600000.0,6546600000.0,0.0,,,,,26500000.0,592500000.0,1.0,1018555678.0,1018200000.0,1030000000.0,6.43,30615100000.0,0.0,580800000.0,2248900000.0,30.068,608400000.0
38,MCD,MRQ,2011-12-31,2011-12-31,2011-12-31,2021-09-07,449700000.0,32989900000.0,,4403000000.0,28586900000.0,,14.082,-938400000.0,2335700000.0,2335700000.0,4109100000.0,1376600000.0,1.255,1.293,12500400000.0,366600000.0,12133800000.0,12500400000.0,0.0,367500000.0,0.0,0.025,0.7,2110600000.0,2478100000.0,0.363,2478100000.0,2110600000.0,1983700000.0,1.35,1.33,1.35,14390200000.0,,14390200000.0,112800293745.0,13.0,11.371,846200000.0,0.828,1.0,2713600000.0,0.398,2653200000.0,126900000.0,36992200000.0,,116800000.0,1427000000.0,0.0,1427000000.0,18599700000.0,3509200000.0,15090500000.0,102659493745.0,-53100000.0,72200000.0,-301100000.0,68400000.0,-715400000.0,-917000000.0,-898800000.0,0.0,1784600000.0,-21900000.0,1376600000.0,1376600000.0,1376600000.0,0.0,0.0,0.202,593600000.0,2120000000.0,961300000.0,0.519,7.134,18.655,18.824,22834500000.0,0.0,100.33,3.801,3.834,1334700000.0,36707500000.0,6822700000.0,6822700000.0,0.0,,,,,20900000.0,661200000.0,1.0,1023218317.0,1021900000.0,1035000000.0,6.676,30336700000.0,0.0,607100000.0,1944400000.0,29.687,893800000.0
39,MCD,MRQ,2011-09-30,2011-09-30,2011-09-30,2021-09-07,548500000.0,32277500000.0,,4421900000.0,27855600000.0,,12.965,-692300000.0,2388800000.0,2388800000.0,4259500000.0,1507300000.0,0.871,1.42,12529600000.0,1541500000.0,10988100000.0,12529600000.0,0.0,358300000.0,0.0,0.028,0.61,2387200000.0,2745500000.0,0.383,2745500000.0,2387200000.0,2263200000.0,1.47,1.45,1.47,13338200000.0,,13338200000.0,100820632713.0,12.0,10.473,1477300000.0,1.436,1.0,2906800000.0,0.406,2638400000.0,124000000.0,34701700000.0,,115000000.0,1392100000.0,0.0,1392100000.0,18939300000.0,5078200000.0,13861100000.0,90608432713.0,318800000.0,54100000.0,-795300000.0,420200000.0,-627200000.0,-978300000.0,-699800000.0,0.0,2169600000.0,-172700000.0,1507300000.0,1507300000.0,1507300000.0,0.0,0.0,0.21,512100000.0,2394700000.0,750100000.0,0.415,6.793,16.877,16.986,22337900000.0,0.0,87.82,3.432,3.423,1203900000.0,35329800000.0,7166300000.0,7166300000.0,0.0,,,,,21200000.0,580900000.0,1.0,1031751682.0,1028800000.0,1041300000.0,6.966,29639100000.0,0.0,755900000.0,1916900000.0,28.809,-656300000.0
40,MCD,MRQ,2011-06-30,2011-06-30,2011-06-30,2021-09-07,1544400000.0,32833000000.0,,4025400000.0,28807600000.0,,14.439,-590400000.0,2070000000.0,2070000000.0,4179800000.0,1410200000.0,1.019,1.196,12282200000.0,1219400000.0,11062800000.0,12282200000.0,0.0,350100000.0,0.0,0.028,0.61,2188200000.0,2538300000.0,0.368,2538300000.0,2188200000.0,2066400000.0,1.36,1.35,1.36,14952800000.0,,14952800000.0,97589268862.0,12.0,10.513,1052400000.0,1.016,1.0,2725600000.0,0.395,2725400000.0,121800000.0,36371000000.0,,115000000.0,1355600000.0,0.0,1355600000.0,17880200000.0,3948800000.0,13931400000.0,87488468862.0,130100000.0,207500000.0,-623800000.0,86000000.0,-632000000.0,-1125400000.0,-453100000.0,0.0,1642800000.0,65800000.0,1410200000.0,1410200000.0,1410200000.0,0.0,0.0,0.204,536500000.0,2189100000.0,709900000.0,0.449,5.851,16.665,16.83,23015800000.0,0.0,84.32,3.426,3.42,1249100000.0,35165000000.0,6905400000.0,6905400000.0,0.0,,,,,20100000.0,588000000.0,1.0,1037576718.0,1035600000.0,1047700000.0,6.668,30107600000.0,0.0,656200000.0,1866100000.0,29.073,76600000.0
41,MCD,MRQ,2011-03-31,2011-03-31,2011-03-31,2021-09-07,1254200000.0,32080200000.0,,3824200000.0,28256000000.0,,13.866,-508700000.0,1939900000.0,1939900000.0,3771000000.0,1209000000.0,0.899,1.22,12040700000.0,1516400000.0,10524300000.0,12040700000.0,0.0,339100000.0,0.0,0.03,0.61,1819000000.0,2158100000.0,0.353,2158100000.0,1819000000.0,1698900000.0,1.16,1.15,1.16,14453600000.0,,14453600000.0,88502916421.0,12.0,9.944,1044400000.0,1.002,1.0,2340600000.0,0.383,2669600000.0,120100000.0,35257300000.0,,111500000.0,1317500000.0,0.0,1317500000.0,17626600000.0,4254100000.0,13372500000.0,79384616421.0,-447100000.0,-8800000.0,-1308900000.0,429300000.0,-635100000.0,-1512300000.0,-519200000.0,0.0,1553100000.0,31300000.0,1209000000.0,1209000000.0,1209000000.0,0.0,0.0,0.198,514700000.0,1825900000.0,700900000.0,0.526,5.492,15.672,15.885,22644800000.0,0.0,76.09,3.23,3.227,1160300000.0,34386200000.0,6111600000.0,6111600000.0,0.0,,,,,24000000.0,563600000.0,1.0,1043298941.0,1042400000.0,1054600000.0,5.863,29410600000.0,0.0,489900000.0,1980100000.0,28.214,-429900000.0
42,MCD,MRQ,2010-12-31,2010-12-31,2010-12-31,2021-09-07,752900000.0,31975200000.0,,4368500000.0,27606700000.0,,13.873,-816100000.0,2387000000.0,2387000000.0,3739600000.0,1242300000.0,1.494,1.185,11505300000.0,8300000.0,11497000000.0,11505300000.0,0.0,334100000.0,0.0,0.029,0.61,1850600000.0,2184700000.0,0.352,2184700000.0,1850600000.0,1733600000.0,1.18,1.16,1.18,14634200000.0,,14634200000.0,90038455367.0,12.0,10.317,909700000.0,0.862,1.0,2474500000.0,0.398,2586100000.0,117000000.0,35582700000.0,,109900000.0,1335300000.0,0.0,1335300000.0,17341000000.0,2924700000.0,14416300000.0,81097455367.0,-108000000.0,37500000.0,-441900000.0,35300000.0,-643500000.0,-1010100000.0,-828900000.0,0.0,1725800000.0,5200000.0,1242300000.0,1242300000.0,1242300000.0,0.0,0.0,0.2,617300000.0,1857200000.0,943900000.0,0.517,5.542,16.396,16.543,22060600000.0,0.0,76.76,3.369,3.399,1179100000.0,33811700000.0,6214100000.0,6214100000.0,0.0,,,,,18400000.0,665800000.0,1.0,1056506714.0,1054900000.0,1069500000.0,5.891,29389100000.0,0.0,491300000.0,1719300000.0,27.86,1443800000.0
43,MCD,MRQ,2010-09-30,2010-09-30,2010-09-30,2021-09-07,703800000.0,31168500000.0,,4176500000.0,26992000000.0,,12.854,-523100000.0,2495000000.0,2495000000.0,3698400000.0,1388400000.0,1.279,1.285,11436000000.0,78900000.0,11357100000.0,11436000000.0,0.0,312700000.0,0.0,0.03,0.55,2089300000.0,2402000000.0,0.381,2402000000.0,2089300000.0,1974500000.0,1.31,1.29,1.31,13637800000.0,,13637800000.0,88264555376.0,12.0,10.173,1421300000.0,1.34,1.0,2606500000.0,0.413,2521500000.0,114800000.0,34321700000.0,,103600000.0,1295900000.0,0.0,1295900000.0,17530700000.0,3266300000.0,14264400000.0,79303855376.0,829500000.0,86300000.0,-691000000.0,478900000.0,-583500000.0,-787900000.0,-446000000.0,0.0,1944400000.0,119000000.0,1388400000.0,1388400000.0,1388400000.0,0.0,0.0,0.22,510000000.0,2096500000.0,596500000.0,0.42,5.815,16.116,16.233,21477500000.0,0.0,74.51,3.327,3.317,1013600000.0,32568900000.0,6304900000.0,6304900000.0,0.0,,,,,20000000.0,556300000.0,1.0,1064338416.0,1061000000.0,1074900000.0,5.942,28647000000.0,0.0,586100000.0,1715200000.0,27.0,910200000.0
44,MCD,MRQ,2010-06-30,2010-06-30,2010-06-30,2021-09-07,-278900000.0,28675400000.0,,3166500000.0,25508900000.0,,12.249,-394500000.0,1665500000.0,1665500000.0,3549100000.0,1225800000.0,1.226,1.184,10626200000.0,334900000.0,10291300000.0,10626200000.0,0.0,311500000.0,0.0,0.033,0.55,1843400000.0,2154900000.0,0.362,2154900000.0,1843400000.0,1735300000.0,1.14,1.13,1.14,13131800000.0,,13131800000.0,79356153857.0,11.0,9.308,854200000.0,0.797,1.0,2396400000.0,0.403,2413900000.0,108100000.0,32639400000.0,,94400000.0,1212500000.0,0.0,1212500000.0,15543600000.0,2582800000.0,12960800000.0,70862753857.0,-341800000.0,35900000.0,-786000000.0,224000000.0,-589100000.0,-1122300000.0,-390700000.0,0.0,1248700000.0,-77500000.0,1225800000.0,1225800000.0,1225800000.0,0.0,0.0,0.206,551100000.0,1845300000.0,578000000.0,0.482,5.396,14.783,14.836,20293000000.0,0.0,65.87,3.006,2.995,964100000.0,32406700000.0,5945500000.0,5945500000.0,0.0,,,,,18800000.0,564900000.0,1.0,1075797083.0,1072100000.0,1085900000.0,5.546,26261500000.0,0.0,509500000.0,1517900000.0,24.495,583700000.0
45,MCD,MRQ,2010-03-31,2010-03-31,2010-03-31,2021-09-07,512900000.0,29825600000.0,,3472300000.0,26353300000.0,,13.12,-401800000.0,2007300000.0,2007300000.0,3450200000.0,1089800000.0,1.351,1.113,10500700000.0,18100000.0,10482600000.0,10500700000.0,0.0,317900000.0,0.0,0.031,0.55,1667900000.0,1985800000.0,0.354,1985800000.0,1667900000.0,1556900000.0,1.01,1.0,1.01,14116800000.0,,14116800000.0,80570504509.0,11.0,9.607,1020900000.0,0.949,1.0,2159900000.0,0.385,2471100000.0,111000000.0,33278600000.0,,99300000.0,1157200000.0,0.0,1157200000.0,15708800000.0,2569300000.0,13139500000.0,71788104509.0,211300000.0,34800000.0,-316500000.0,49200000.0,-592000000.0,-808400000.0,-390400000.0,0.0,1422700000.0,-12600000.0,1089800000.0,1089800000.0,1089800000.0,0.0,0.0,0.194,485800000.0,1674100000.0,472100000.0,0.545,5.085,15.401,15.516,21070000000.0,0.0,66.72,3.084,3.084,930000000.0,31769300000.0,5610100000.0,5610100000.0,0.0,,,,,25900000.0,546300000.0,1.0,1075960799.0,1076000000.0,1090100000.0,5.214,27354500000.0,0.0,467100000.0,1873200000.0,25.422,903000000.0
46,MCD,MRQ,2009-12-31,2009-12-31,2009-12-31,2021-09-07,747400000.0,30224900000.0,,3416300000.0,26808600000.0,,13.025,-633200000.0,1796000000.0,1796000000.0,3620000000.0,1216800000.0,1.143,1.154,10578400000.0,18100000.0,10560300000.0,10578400000.0,0.0,317700000.0,0.0,0.033,0.55,1816200000.0,2133900000.0,0.357,2133900000.0,1816200000.0,1701000000.0,1.13,1.11,1.13,14033900000.0,,14033900000.0,76265612178.0,11.0,9.328,744800000.0,0.691,1.0,2353400000.0,0.394,2425200000.0,115200000.0,33593400000.0,,106200000.0,1212700000.0,0.0,1212700000.0,16191000000.0,2988700000.0,13202300000.0,67384412178.0,-405000000.0,139900000.0,-249200000.0,-425700000.0,-593100000.0,-1207300000.0,-542500000.0,0.0,1378000000.0,-33200000.0,1216800000.0,1216800000.0,1216800000.0,0.0,0.0,0.204,527100000.0,1826300000.0,636000000.0,0.487,4.802,14.807,14.974,21531500000.0,0.0,62.44,2.963,2.998,1060400000.0,31270800000.0,5973400000.0,5973400000.0,0.0,,,,,27000000.0,655800000.0,1.0,1079186614.0,1077500000.0,1094800000.0,5.544,27799700000.0,0.0,484200000.0,1758700000.0,25.8,427600000.0
47,MCD,MRQ,2009-09-30,2009-09-30,2009-09-30,2021-09-07,892100000.0,30072400000.0,,3602800000.0,26469600000.0,,12.162,-470800000.0,2201000000.0,2201000000.0,3638400000.0,1261000000.0,1.018,1.28,11082200000.0,424300000.0,10657900000.0,11082200000.0,0.0,311900000.0,0.0,0.035,0.5,1939400000.0,2251300000.0,0.372,2251300000.0,1939400000.0,1821600000.0,1.16,1.15,1.16,13189600000.0,,13189600000.0,71123149821.0,11.0,9.079,1351400000.0,1.246,1.0,2408300000.0,0.398,2408200000.0,117800000.0,33005000000.0,,106800000.0,1228700000.0,0.0,1228700000.0,16882800000.0,3540400000.0,13342400000.0,62283249821.0,40400000.0,42100000.0,-728200000.0,-99000000.0,-541200000.0,-1388100000.0,-441300000.0,9800000.0,1822200000.0,47600000.0,1261000000.0,1261000000.0,1261000000.0,0.0,0.0,0.209,475500000.0,1932800000.0,515600000.0,0.431,4.722,14.419,14.522,21350300000.0,0.0,57.07,2.788,2.771,879400000.0,30056000000.0,6046700000.0,6046700000.0,0.0,,,,,25900000.0,549600000.0,1.0,1091348341.0,1084500000.0,1098200000.0,5.576,27664200000.0,0.0,560600000.0,1543500000.0,25.509,62400000.0
48,MCD,MRQ,2009-06-30,2009-06-30,2009-06-30,2021-09-07,395200000.0,29207100000.0,,3597000000.0,25610100000.0,,12.07,-434400000.0,2160600000.0,2160600000.0,3477300000.0,1093700000.0,1.265,1.205,11000500000.0,507600000.0,10492900000.0,11000500000.0,0.0,304400000.0,0.0,0.033,0.5,1711300000.0,2015700000.0,0.357,2015700000.0,1711300000.0,1592000000.0,1.0,0.98,1.0,13244600000.0,,13244600000.0,71885861399.0,11.0,9.307,985700000.0,0.898,1.0,2169900000.0,0.384,2339400000.0,119300000.0,32864100000.0,,102600000.0,1129200000.0,0.0,1129200000.0,15962500000.0,2843500000.0,13119000000.0,63425461399.0,181900000.0,24200000.0,-712900000.0,276900000.0,-547800000.0,-1005900000.0,-302900000.0,125300000.0,1420100000.0,70600000.0,1093700000.0,1093700000.0,1093700000.0,0.0,0.0,0.194,488400000.0,1681500000.0,489800000.0,0.5,4.789,14.924,14.971,20754100000.0,0.0,57.49,2.812,2.797,930500000.0,29927300000.0,5647200000.0,5647200000.0,0.0,,,,,29600000.0,531500000.0,1.0,1103243371.0,1097300000.0,1111400000.0,5.146,26867700000.0,0.0,498300000.0,1446400000.0,24.485,753500000.0
49,MCD,MRQ,2009-03-31,2009-03-31,2009-03-31,2021-09-07,-303600000.0,27810600000.0,,3450400000.0,24360200000.0,,11.43,-413700000.0,1978700000.0,1978700000.0,3217200000.0,979500000.0,1.559,1.193,10439100000.0,19000000.0,10420100000.0,10439100000.0,0.0,282200000.0,0.0,0.032,0.5,1493300000.0,1775500000.0,0.35,1775500000.0,1493300000.0,1372400000.0,0.88,0.87,0.88,12683100000.0,,12683100000.0,68924738734.0,10.0,8.761,717000000.0,0.646,1.0,1860200000.0,0.366,2198000000.0,120900000.0,31860100000.0,,99200000.0,1101700000.0,0.0,1101700000.0,15127500000.0,2212900000.0,12914600000.0,60770338734.0,-84700000.0,54100000.0,-775000000.0,467100000.0,-553400000.0,-819700000.0,-368600000.0,9800000.0,1130700000.0,-27100000.0,979500000.0,979500000.0,979500000.0,0.0,0.0,0.193,459800000.0,1400400000.0,488800000.0,0.568,4.791,13.981,14.028,19754200000.0,0.0,54.57,2.644,2.634,903400000.0,29380700000.0,5077400000.0,5077400000.0,0.0,,,,,30400000.0,497300000.0,1.0,1113621747.0,1109600000.0,1124400000.0,4.576,25612600000.0,0.0,392900000.0,1435300000.0,23.083,1237500000.0
50,MCD,MRQ,2008-12-31,2008-12-31,2008-12-31,2021-09-07,101300000.0,28461500000.0,,3517600000.0,24943900000.0,,11.997,-713700000.0,2063400000.0,2063400000.0,3489200000.0,985300000.0,1.386,1.127,10217800000.0,31800000.0,10186000000.0,10217800000.0,0.0,277800000.0,0.0,0.026,0.5,1513300000.0,1791100000.0,0.322,1791100000.0,1513300000.0,1397100000.0,0.89,0.87,0.89,13382600000.0,,13382600000.0,77704946585.0,12.0,9.851,756600000.0,0.678,1.0,2075800000.0,0.373,2237400000.0,116200000.0,31840600000.0,,111500000.0,1222300000.0,0.0,1222300000.0,15078900000.0,2537900000.0,12541000000.0,69313546585.0,576200000.0,105400000.0,-3100000.0,308100000.0,-557700000.0,-192200000.0,-635700000.0,0.0,1470300000.0,-66200000.0,985300000.0,985300000.0,985300000.0,0.0,0.0,0.177,573600000.0,1502200000.0,620400000.0,0.562,5.179,16.07,16.238,20254500000.0,0.0,62.19,2.947,2.979,931200000.0,28953900000.0,5565000000.0,5565000000.0,0.0,,,,,25300000.0,622300000.0,1.0,1114544888.0,1115500000.0,1132800000.0,4.989,26224100000.0,0.0,411800000.0,1197600000.0,23.509,979700000.0
51,MCD,MRQ,2008-09-30,2008-09-30,2008-09-30,2021-09-07,763600000.0,28134400000.0,,2811600000.0,25322800000.0,,11.689,-534900000.0,1487200000.0,1487200000.0,3904100000.0,1191300000.0,0.98,1.156,9878600000.0,18000000.0,9860600000.0,9878600000.0,0.0,311000000.0,0.0,0.043,0.375,1830500000.0,2141500000.0,0.342,2141500000.0,1830500000.0,1698900000.0,1.07,1.05,1.07,13051600000.0,,13051600000.0,78110636549.0,12.0,10.018,1171500000.0,1.049,1.0,2363200000.0,0.377,2272000000.0,131600000.0,31385300000.0,,114700000.0,1126000000.0,0.0,1126000000.0,15082800000.0,2868500000.0,12214300000.0,69392636549.0,-855300000.0,45000000.0,-816300000.0,-782300000.0,-417700000.0,-1968200000.0,-497100000.0,0.0,1706400000.0,-96400000.0,1191300000.0,1191300000.0,1191300000.0,0.0,0.0,0.19,539500000.0,1823700000.0,481000000.0,0.35,5.317,15.082,15.31,20596900000.0,0.0,61.7,2.927,2.906,856800000.0,27968300000.0,6267300000.0,6267300000.0,0.0,,,,,26400000.0,582100000.0,1.0,1124678064.0,1116600000.0,1136000000.0,5.613,25862400000.0,0.0,507600000.0,1246900000.0,23.162,-56900000.0
52,MCD,MRQ,2008-06-30,2008-06-30,2008-06-30,2021-09-07,1813000000.0,30521300000.0,,3883300000.0,26638000000.0,,12.952,-482000000.0,2342500000.0,2342500000.0,3850500000.0,1190500000.0,1.284,1.087,11060500000.0,621400000.0,10439100000.0,11060500000.0,0.0,314300000.0,0.0,0.04,0.375,1845100000.0,2159400000.0,0.355,2159400000.0,1845100000.0,1698800000.0,1.05,1.04,1.05,14621600000.0,,14621600000.0,72538505297.0,11.0,9.58,780000000.0,0.691,1.0,2224800000.0,0.366,2382500000.0,146300000.0,33831600000.0,,115100000.0,1128800000.0,0.0,1128800000.0,15899700000.0,3025200000.0,12874500000.0,63726805297.0,-579700000.0,109000000.0,-649000000.0,-575600000.0,-421600000.0,-1672700000.0,-174400000.0,229400000.0,1262000000.0,5400000.0,1190500000.0,1190500000.0,1190500000.0,0.0,0.0,0.196,570600000.0,1654200000.0,601400000.0,0.357,4.358,14.222,14.565,21741200000.0,0.0,56.22,2.73,2.719,1030600000.0,27751300000.0,6075300000.0,6075300000.0,0.0,,,,,25700000.0,598700000.0,1.0,1133525530.0,1128900000.0,1148800000.0,5.382,28138800000.0,0.0,508300000.0,1333100000.0,24.926,858100000.0
53,MCD,MRQ,2008-03-31,2008-03-31,2008-03-31,2021-09-07,1775800000.0,30922000000.0,,4325600000.0,26596400000.0,,12.582,-405100000.0,2922200000.0,2922200000.0,3639400000.0,946100000.0,1.174,1.145,11733900000.0,1290300000.0,10443600000.0,11733900000.0,0.0,304700000.0,0.0,0.034,0.375,1491700000.0,1796400000.0,0.32,1796400000.0,1491700000.0,1363200000.0,0.83,0.81,0.83,14414200000.0,,14414200000.0,71546951860.0,16.0,12.897,1073400000.0,0.937,1.0,1975400000.0,0.352,2371500000.0,128500000.0,33678900000.0,,114500000.0,1256600000.0,0.0,1256600000.0,16507800000.0,3683300000.0,12824500000.0,64227151860.0,940900000.0,72400000.0,-1902700000.0,2095500000.0,-426400000.0,-281400000.0,-317500000.0,0.0,1478500000.0,61300000.0,946100000.0,946100000.0,946100000.0,0.0,0.0,0.169,512600000.0,1462800000.0,579600000.0,0.452,4.456,24.906,25.235,21589300000.0,0.0,55.77,2.779,2.765,895900000.0,26981800000.0,5614800000.0,5614800000.0,0.0,,,,,35100000.0,552400000.0,1.0,1151643390.0,1145600000.0,1165300000.0,4.901,28550500000.0,0.0,417100000.0,1343200000.0,24.922,642300000.0
54,MCD,MRQ,2007-12-31,2007-12-31,2007-12-31,2021-09-07,1337400000.0,29391700000.0,,3581900000.0,25809800000.0,,13.02,-724500000.0,1981300000.0,1981300000.0,3693000000.0,1273200000.0,0.796,0.924,9301100000.0,1991100000.0,7310000000.0,9301100000.0,0.0,302500000.0,0.0,0.025,1.5,1397500000.0,1700000000.0,0.295,1700000000.0,1397500000.0,1284300000.0,1.08,1.06,1.08,15279800000.0,,15279800000.0,74430847801.0,18.0,14.16,560200000.0,0.477,1.0,2060600000.0,0.358,2301300000.0,113200000.0,29911700000.0,,125300000.0,1156400000.0,0.0,1156400000.0,14111900000.0,4498500000.0,9613400000.0,69676247801.0,-1011200000.0,115900000.0,-1226300000.0,1524200000.0,-1765600000.0,-1550000000.0,-758800000.0,0.0,1284700000.0,12900000.0,1273200000.0,1273200000.0,1273200000.0,0.0,0.0,0.221,706000000.0,1354600000.0,624100000.0,1.389,4.56,29.091,29.163,20984700000.0,0.0,58.91,3.058,3.072,1053800000.0,26461500000.0,5753600000.0,5753600000.0,0.0,,,,,34800000.0,660500000.0,1.0,1182757559.0,1173600000.0,1198300000.0,4.903,27090400000.0,0.0,11100000.0,1208900000.0,23.083,-916600000.0
55,MCD,MRQ,2007-09-30,2007-09-30,2007-09-30,2021-09-07,1226300000.0,29673600000.0,,4444500000.0,25229100000.0,,12.631,-399800000.0,2992500000.0,2992500000.0,3779700000.0,1071200000.0,1.056,0.982,7747100000.0,61200000.0,7685900000.0,7747100000.0,0.0,297000000.0,0.0,0.018,0.0,1619000000.0,1916000000.0,0.325,1916000000.0,1619000000.0,1521100000.0,0.9,0.89,0.9,14967900000.0,,14967900000.0,70947424598.0,17.0,12.897,1181100000.0,0.997,1.0,2121200000.0,0.359,2290500000.0,97900000.0,27928400000.0,,117000000.0,1124600000.0,0.0,1124600000.0,14705700000.0,4209300000.0,10496400000.0,64915824598.0,859600000.0,860200000.0,-620300000.0,-654900000.0,0.0,-1249900000.0,459700000.0,0.0,1580900000.0,68900000.0,1071200000.0,1071200000.0,1071200000.0,-67500000.0,0.0,0.182,596400000.0,1524800000.0,624200000.0,0.0,4.337,27.467,28.077,20490300000.0,0.0,54.47,2.888,2.872,788000000.0,25172900000.0,5900900000.0,5900900000.0,0.0,,,,,35500000.0,569400000.0,1.0,1191772069.0,1185000000.0,1207100000.0,4.98,27383100000.0,0.0,449900000.0,1219800000.0,23.108,235200000.0
56,MCD,MRQ,2007-06-30,2007-06-30,2007-06-30,2021-09-07,63600000.0,28994900000.0,,4361400000.0,24633500000.0,,12.638,-413400000.0,2142100000.0,2142100000.0,3839700000.0,-711700000.0,1.272,0.922,8173700000.0,288200000.0,7885500000.0,8173700000.0,0.0,303100000.0,0.0,0.02,0.0,-168100000.0,135000000.0,0.023,135000000.0,-168100000.0,-269900000.0,-0.6,-0.6,-0.6,15085700000.0,,15085700000.0,66976127537.0,17.0,12.83,668900000.0,0.56,1.0,1999700000.0,0.342,2198300000.0,101800000.0,29398600000.0,,120200000.0,1060100000.0,0.0,1060100000.0,13909200000.0,3429600000.0,10479600000.0,60601127537.0,-295700000.0,-500000.0,-360800000.0,-626900000.0,0.0,-959000000.0,-445500000.0,0.0,1082300000.0,26500000.0,-711700000.0,-711700000.0,-711700000.0,3300000.0,0.0,-0.122,2181400000.0,-181700000.0,516700000.0,0.0,4.017,28.378,29.341,20106600000.0,0.0,50.76,2.745,2.744,784600000.0,25881200000.0,5839400000.0,5839400000.0,0.0,,,,,35100000.0,591900000.0,1.0,1193875641.0,1193700000.0,1193700000.0,4.892,26796600000.0,0.0,441800000.0,1205600000.0,22.448,931800000.0
57,MCD,MRQ,2007-03-31,2007-03-31,2007-03-31,2021-09-07,-201500000.0,29473500000.0,,3879400000.0,25594100000.0,,13.126,-408900000.0,2438400000.0,2438400000.0,3569000000.0,762400000.0,1.266,0.869,8813400000.0,613500000.0,8199900000.0,8813400000.0,0.0,311500000.0,0.0,0.022,0.0,1193900000.0,1505400000.0,0.284,1505400000.0,1193900000.0,1096700000.0,0.63,0.62,0.63,15767000000.0,,15767000000.0,60514574676.0,11.0,9.052,519500000.0,0.432,1.0,1723700000.0,0.326,2254300000.0,97200000.0,30529700000.0,,143700000.0,1064400000.0,0.0,1064400000.0,13706500000.0,3064500000.0,10642000000.0,54216774676.0,300500000.0,1900000.0,-598000000.0,330200000.0,0.0,-237400000.0,-405500000.0,0.0,928400000.0,15000000.0,762400000.0,762400000.0,762400000.0,4100000.0,0.0,0.144,542400000.0,1181300000.0,669200000.0,0.0,3.439,14.728,14.967,20975200000.0,0.0,45.05,2.509,2.504,848000000.0,26592500000.0,5292700000.0,5292700000.0,0.0,,,,,37000000.0,545200000.0,1.0,1203480015.0,1201200000.0,1222300000.0,4.406,27219200000.0,0.0,334300000.0,1368700000.0,22.66,814900000.0
58,MCD,MRQ,2006-12-31,2006-12-31,2006-12-31,2021-09-07,-296700000.0,28974500000.0,,5192200000.0,23782300000.0,,12.703,-655100000.0,2128100000.0,2128100000.0,3621100000.0,1241500000.0,1.759,0.874,8407600000.0,17700000.0,8389900000.0,8407600000.0,0.0,315500000.0,0.0,0.023,1.0,1629000000.0,1944500000.0,0.357,1944500000.0,1629000000.0,1530000000.0,1.01,1.0,1.01,15458300000.0,,15458300000.0,59730962335.0,11.0,9.212,681500000.0,0.56,1.0,1824200000.0,0.335,2073600000.0,99000000.0,30228800000.0,,112400000.0,1035400000.0,0.0,1035400000.0,13516200000.0,2951600000.0,10564600000.0,54825062335.0,-1986900000.0,95300000.0,-753500000.0,-926800000.0,-1216500000.0,-2873400000.0,-524000000.0,0.0,1336600000.0,73900000.0,1241500000.0,1241500000.0,1241500000.0,-489800000.0,0.0,0.228,716300000.0,1107900000.0,668700000.0,0.99,3.547,15.469,15.446,19438100000.0,0.0,44.33,2.624,2.618,806900000.0,25845600000.0,5445300000.0,5445300000.0,0.0,,,,,29700000.0,654600000.0,1.0,1236748530.0,1216900000.0,1241800000.0,4.475,26900900000.0,0.0,288500000.0,1521400000.0,22.106,2240600000.0
59,MCD,MRQ,2006-09-30,2006-09-30,2006-09-30,2021-09-07,-374900000.0,30829200000.0,,5835700000.0,24993500000.0,,12.619,-415400000.0,4282700000.0,4282700000.0,3628000000.0,843300000.0,1.275,0.986,9188600000.0,619200000.0,8569400000.0,9188600000.0,0.0,314000000.0,0.0,0.017,0.0,1321500000.0,1635500000.0,0.297,1635500000.0,1321500000.0,1218600000.0,0.69,0.68,0.69,15526300000.0,,15526300000.0,54190007780.0,12.0,9.374,1095200000.0,0.89,1.0,1875200000.0,0.341,2156100000.0,102900000.0,29002700000.0,,144500000.0,1032300000.0,0.0,1032300000.0,15302900000.0,4576300000.0,10726600000.0,47973907780.0,975600000.0,-29300000.0,224600000.0,-312800000.0,0.0,-95000000.0,-440800000.0,0.0,1510600000.0,800000.0,843300000.0,843300000.0,843300000.0,-1600000.0,0.0,0.153,586900000.0,1288300000.0,603400000.0,0.0,3.09,16.479,16.647,20526200000.0,0.0,39.12,2.438,2.446,812500000.0,24585700000.0,5503200000.0,5503200000.0,0.0,,,,,26400000.0,555100000.0,1.0,1226326886.0,1230400000.0,1245700000.0,4.473,28673100000.0,0.0,375300000.0,1543600000.0,23.304,1259400000.0
60,MCD,MRQ,2006-06-30,2006-06-30,2006-06-30,2021-09-07,-366200000.0,29773000000.0,,4861000000.0,24912000000.0,,12.662,-382200000.0,3290400000.0,3290400000.0,3628700000.0,834100000.0,1.353,0.904,9506500000.0,1155100000.0,8351400000.0,9506500000.0,0.0,315000000.0,0.0,0.02,0.0,1284700000.0,1599700000.0,0.298,1599700000.0,1284700000.0,1187000000.0,0.68,0.67,0.68,15638700000.0,,15638700000.0,47976462067.0,11.0,8.526,497300000.0,0.403,1.0,1738700000.0,0.324,2125500000.0,97700000.0,30271800000.0,,141900000.0,1040400000.0,0.0,1040400000.0,14134300000.0,3591800000.0,10542500000.0,41868162067.0,-521300000.0,265200000.0,-723000000.0,-701400000.0,0.0,-1444600000.0,-104300000.0,0.0,879500000.0,148100000.0,834100000.0,834100000.0,834100000.0,-135800000.0,0.0,0.155,615100000.0,1123600000.0,556700000.0,0.0,2.677,14.935,14.933,20539300000.0,0.0,33.6,2.147,2.128,858000000.0,24976100000.0,5367400000.0,5367400000.0,0.0,,,,,27500000.0,576200000.0,1.0,1246076252.0,1235100000.0,1248000000.0,4.346,27647500000.0,0.0,352900000.0,1468400000.0,22.385,1269200000.0
61,MCD,MRQ,2006-03-31,2006-03-31,2006-03-31,2021-09-07,-636900000.0,29601300000.0,,5268300000.0,24333000000.0,,12.094,-289200000.0,3803100000.0,3803100000.0,3396400000.0,625300000.0,1.425,0.952,9911400000.0,1202500000.0,8708900000.0,9911400000.0,0.0,305400000.0,0.0,0.019,0.0,998300000.0,1303700000.0,0.265,1303700000.0,998300000.0,896000000.0,0.5,0.49,0.5,15167000000.0,,15167000000.0,49058022578.0,12.0,9.157,325600000.0,0.26,1.0,1517500000.0,0.309,2043200000.0,102300000.0,29969600000.0,,138500000.0,1018000000.0,0.0,1018000000.0,14434300000.0,3696800000.0,10737500000.0,43178322578.0,-591000000.0,28200000.0,-731800000.0,-323700000.0,0.0,-1046900000.0,-203700000.0,0.0,614800000.0,44800000.0,625300000.0,625300000.0,625300000.0,-51900000.0,0.0,0.127,606100000.0,911400000.0,586300000.0,0.0,2.847,17.274,17.266,20064000000.0,0.0,34.36,2.246,2.241,742400000.0,24141600000.0,4913900000.0,4913900000.0,0.0,,,,,38900000.0,535400000.0,1.0,1256645011.0,1254100000.0,1271200000.0,3.918,27558100000.0,0.0,270700000.0,1538500000.0,21.974,1571500000.0
62,MCD,MRQ,2005-12-31,2005-12-31,2005-12-31,2021-09-07,-733100000.0,29988800000.0,,6219000000.0,23769800000.0,,12.023,-562200000.0,4260600000.0,4260600000.0,2411000000.0,608500000.0,1.514,0.98,10136800000.0,1202500000.0,8934300000.0,10136800000.0,0.0,317000000.0,0.0,0.02,0.67,925000000.0,1242000000.0,0.319,1242000000.0,925000000.0,833500000.0,0.48,0.48,0.48,15146100000.0,,15146100000.0,48206831081.0,12.0,9.112,565800000.0,0.449,1.0,1480700000.0,0.38,1924400000.0,91500000.0,29832900000.0,,144300000.0,1035400000.0,0.0,1035400000.0,14842700000.0,4107700000.0,10735000000.0,42439031081.0,1963300000.0,-84400000.0,112700000.0,2219300000.0,-842000000.0,1602400000.0,-686900000.0,0.0,1128000000.0,-80200000.0,608500000.0,608500000.0,608500000.0,-24600000.0,0.0,0.156,582800000.0,897900000.0,678000000.0,1.396,2.802,16.309,16.369,19573300000.0,0.0,33.72,2.22,2.223,793900000.0,23516000000.0,3891700000.0,3891700000.0,0.0,,,,,33000000.0,513400000.0,1.0,1258571503.0,1259800000.0,1263700000.0,3.089,28064400000.0,0.0,225000000.0,1751900000.0,22.277,2111300000.0
63,MCD,MRQ,2005-09-30,2005-09-30,2005-09-30,2021-09-07,-591500000.0,27843600000.0,,3801800000.0,24041800000.0,,11.577,-453900000.0,2297100000.0,2297100000.0,3646500000.0,735400000.0,0.919,0.918,8064900000.0,714700000.0,7350200000.0,8064900000.0,0.0,309500000.0,0.0,0.016,0.0,1172400000.0,1481900000.0,0.278,1481900000.0,1172400000.0,1085800000.0,0.59,0.58,0.59,14516200000.0,,14516200000.0,48860431164.0,13.0,9.714,1009400000.0,0.805,1.0,1680600000.0,0.315,1934600000.0,86600000.0,27542100000.0,,141700000.0,1049800000.0,0.0,1049800000.0,13327400000.0,4134700000.0,9192700000.0,41864131164.0,736500000.0,0.0,163000000.0,-406800000.0,0.0,-244900000.0,-481900000.0,0.0,1463300000.0,0.0,735400000.0,735400000.0,735400000.0,0.0,0.0,0.138,520800000.0,1159800000.0,524100000.0,0.0,2.884,17.505,17.626,19751900000.0,0.0,33.49,2.118,2.125,755400000.0,22907500000.0,5327100000.0,5327100000.0,0.0,,,,,35100000.0,547300000.0,1.0,1250048706.0,1253900000.0,1271600000.0,4.248,25909000000.0,0.0,350400000.0,1681900000.0,20.663,-332900000.0
64,MCD,MRQ,2005-06-30,2005-06-30,2005-06-30,2021-09-07,-623600000.0,26980300000.0,,3041600000.0,23938700000.0,,11.402,-339500000.0,1560600000.0,1560600000.0,3516400000.0,530400000.0,0.989,0.879,8556900000.0,793200000.0,7763700000.0,8556900000.0,0.0,306500000.0,0.0,0.02,0.0,1023600000.0,1330100000.0,0.261,1330100000.0,1023600000.0,935300000.0,0.42,0.42,0.42,14360600000.0,,14360600000.0,42474801763.0,11.0,8.607,613000000.0,0.487,1.0,1579300000.0,0.31,1827500000.0,88300000.0,29073900000.0,,139100000.0,1073600000.0,0.0,1073600000.0,12619700000.0,3075200000.0,9544500000.0,35172501763.0,204100000.0,0.0,-524600000.0,158000000.0,0.0,-384600000.0,-363800000.0,0.0,952500000.0,0.0,530400000.0,530400000.0,530400000.0,0.0,0.0,0.104,562600000.0,1016700000.0,528700000.0,0.0,2.449,14.447,14.378,19728500000.0,0.0,27.75,1.816,1.805,756500000.0,23014800000.0,5095700000.0,5095700000.0,0.0,,,,,35800000.0,537600000.0,1.0,1267477541.0,1259500000.0,1269700000.0,4.046,25152800000.0,0.0,404900000.0,1455000000.0,19.97,-33600000.0
65,MCD,MRQ,2005-03-31,2005-03-31,2005-03-31,2021-09-07,-301900000.0,27234000000.0,,2797500000.0,24436500000.0,,11.539,-251200000.0,1356500000.0,1356500000.0,3366100000.0,727900000.0,1.048,0.861,8658800000.0,503600000.0,8155200000.0,8658800000.0,0.0,316500000.0,0.0,0.018,0.0,920000000.0,1236500000.0,0.257,1236500000.0,920000000.0,830200000.0,0.57,0.56,0.57,14637600000.0,,14637600000.0,47453433127.0,13.0,9.782,541800000.0,0.427,1.0,1436700000.0,0.299,1815800000.0,89800000.0,30051300000.0,,137700000.0,1136600000.0,0.0,1136600000.0,12596400000.0,2669200000.0,9927200000.0,39613733127.0,-23300000.0,0.0,-185000000.0,-358200000.0,0.0,-531100000.0,-285200000.0,0.0,793000000.0,0.0,727900000.0,727900000.0,727900000.0,0.0,0.0,0.152,527100000.0,909600000.0,495400000.0,0.0,2.706,15.878,15.727,20182900000.0,0.0,31.14,2.085,2.079,686300000.0,22484000000.0,4802800000.0,4802800000.0,0.0,,,,,48100000.0,520100000.0,1.0,1272117313.0,1268500000.0,1289000000.0,3.786,25418200000.0,0.0,102300000.0,1290400000.0,20.038,128300000.0
66,MCD,MRQ,2004-12-31,2004-12-31,2004-12-31,2021-09-07,-96000000.0,27837500000.0,,2857800000.0,24979700000.0,,11.231,-718600000.0,1379800000.0,1379800000.0,3046400000.0,397900000.0,0.812,0.96,9219500000.0,862200000.0,8357300000.0,9219500000.0,0.0,318400000.0,0.0,0.017,0.55,663000000.0,981400000.0,0.216,981400000.0,663000000.0,572500000.0,0.32,0.31,0.32,14201500000.0,,14201500000.0,47612404355.0,13.0,10.0,228800000.0,0.181,1.0,1493200000.0,0.329,1828300000.0,90500000.0,30328400000.0,,147500000.0,1109900000.0,0.0,1109900000.0,13636000000.0,3520500000.0,10115500000.0,40306004355.0,-177100000.0,156600000.0,262200000.0,-35800000.0,-695000000.0,-486100000.0,-638400000.0,0.0,947400000.0,0.0,397900000.0,397900000.0,397900000.0,-1000000.0,0.0,0.088,878500000.0,614700000.0,714300000.0,1.719,2.838,17.69,17.713,20703100000.0,0.0,32.06,2.168,2.172,745500000.0,21755800000.0,4539600000.0,4539600000.0,0.0,,,,,2100000.0,510500000.0,1.0,1257205376.0,1264500000.0,1283000000.0,3.59,26009200000.0,0.0,174600000.0,1357900000.0,20.569,-662700000.0
67,MCD,MRQ,2004-09-30,2004-09-30,2004-09-30,2021-09-07,-644000000.0,26338300000.0,,2907800000.0,23430500000.0,,10.313,-297400000.0,1556900000.0,1556900000.0,3339200000.0,778400000.0,0.985,1.032,8863300000.0,170600000.0,8692700000.0,8863300000.0,0.0,293200000.0,0.0,0.014,0.0,1093600000.0,1386800000.0,0.282,1386800000.0,1093600000.0,1005500000.0,0.62,0.61,0.62,12960600000.0,,12960600000.0,43425914303.0,13.0,9.751,973400000.0,0.775,1.0,1586500000.0,0.322,1755600000.0,88100000.0,28937100000.0,,140400000.0,1054200000.0,0.0,1054200000.0,13377700000.0,2952000000.0,10425700000.0,35212514303.0,626100000.0,0.0,900000.0,-342300000.0,0.0,-333600000.0,-311100000.0,0.0,1270800000.0,0.0,778400000.0,778400000.0,778400000.0,0.0,0.0,0.158,487600000.0,1098900000.0,529400000.0,0.0,2.717,17.551,17.519,19650600000.0,0.0,28.03,1.892,1.893,648700000.0,21362800000.0,4925700000.0,4925700000.0,0.0,,,,,2000000.0,474600000.0,1.0,1256243821.0,1256700000.0,1268400000.0,3.92,24582700000.0,0.0,227100000.0,1328800000.0,19.561,-44200000.0
68,MCD,MRQ,2004-06-30,2004-06-30,2004-06-30,2021-09-07,-837300000.0,25473200000.0,,2330500000.0,23142700000.0,,10.081,-260200000.0,930800000.0,930800000.0,3231200000.0,590700000.0,1.123,1.012,9144200000.0,154000000.0,8990200000.0,9144200000.0,0.0,292200000.0,0.0,0.015,0.0,954000000.0,1246200000.0,0.264,1246200000.0,954000000.0,865900000.0,0.47,0.47,0.47,12662300000.0,,12662300000.0,41524110288.0,13.0,9.751,560100000.0,0.446,1.0,1497800000.0,0.317,1695100000.0,88100000.0,29916700000.0,,129800000.0,1049700000.0,0.0,1049700000.0,12810900000.0,2074800000.0,10736100000.0,32744610288.0,-38800000.0,0.0,-136300000.0,-425800000.0,0.0,-572800000.0,-286300000.0,0.0,820300000.0,0.0,590700000.0,590700000.0,590700000.0,0.0,0.0,0.125,531900000.0,965900000.0,537400000.0,0.0,2.586,18.445,18.44,19458700000.0,0.0,26.0,1.8,1.795,694400000.0,21275100000.0,4729000000.0,4729000000.0,0.0,,,,,4600000.0,496500000.0,1.0,1259408088.0,1256000000.0,1268000000.0,3.765,23778100000.0,0.0,275200000.0,1301900000.0,18.932,255700000.0
69,MCD,MRQ,2004-03-31,2004-03-31,2004-03-31,2021-09-07,-654300000.0,25817900000.0,,2315300000.0,23502600000.0,,9.803,-143100000.0,969600000.0,969600000.0,3073800000.0,511500000.0,0.881,1.087,9749100000.0,634900000.0,9114200000.0,9749100000.0,0.0,297200000.0,0.0,0.014,0.0,849500000.0,1146700000.0,0.261,1146700000.0,849500000.0,757800000.0,0.41,0.4,0.41,12368400000.0,,12368400000.0,45285861073.0,15.0,11.065,722000000.0,0.572,1.0,1325900000.0,0.301,1696900000.0,91700000.0,30273200000.0,,122300000.0,1100100000.0,0.0,1100100000.0,13449500000.0,2627300000.0,10822200000.0,36048161073.0,476800000.0,0.0,-167300000.0,-11600000.0,0.0,-241000000.0,-147300000.0,0.0,865100000.0,0.0,511500000.0,511500000.0,511500000.0,0.0,0.0,0.116,467500000.0,858400000.0,492700000.0,0.0,2.915,21.775,21.809,19712200000.0,0.0,28.57,2.032,2.032,655000000.0,20684100000.0,4399700000.0,4399700000.0,0.0,,,,,2300000.0,457500000.0,1.0,1261748725.0,1261700000.0,1275500000.0,3.487,24121000000.0,0.0,246300000.0,1393300000.0,19.118,-312000000.0
70,MCD,MRQ,2003-12-31,2003-12-31,2003-12-31,2021-09-07,-635500000.0,25838000000.0,,1885400000.0,23952600000.0,,9.467,-448300000.0,492800000.0,492800000.0,3159400000.0,125700000.0,0.686,1.156,9730500000.0,388000000.0,9342500000.0,9730500000.0,0.0,315600000.0,0.0,0.016,0.4,358200000.0,673800000.0,0.148,673800000.0,358200000.0,267500000.0,0.1,0.1,0.1,11981900000.0,,11981900000.0,40273439637.0,15.0,10.472,552300000.0,0.436,1.0,1396000000.0,0.306,1665100000.0,90700000.0,30662100000.0,,129400000.0,1089600000.0,0.0,1089600000.0,13856100000.0,2748500000.0,11107600000.0,31513339637.0,-154600000.0,14800000.0,-54300000.0,30100000.0,-503500000.0,-690700000.0,-464500000.0,0.0,1000600000.0,0.0,125700000.0,125700000.0,125700000.0,0.0,0.0,0.028,1028500000.0,367500000.0,577400000.0,4.0,2.63,21.417,21.405,19924700000.0,0.0,24.83,1.839,1.839,734500000.0,20172300000.0,4555400000.0,4555400000.0,0.0,,,,,7100000.0,513900000.0,1.0,1269163900.0,1265600000.0,1277400000.0,3.599,24172900000.0,0.0,141800000.0,1621500000.0,19.1,-863100000.0
71,MCD,MRQ,2003-09-30,2003-09-30,2003-09-30,2021-09-07,-1018700000.0,25234100000.0,,1938500000.0,23295600000.0,,9.161,-247600000.0,647400000.0,647400000.0,3076600000.0,547400000.0,0.736,1.166,9407500000.0,115800000.0,9291700000.0,9407500000.0,0.0,274900000.0,0.0,0.01,0.0,916900000.0,1191800000.0,0.265,1191800000.0,916900000.0,823100000.0,0.43,0.43,0.43,11648600000.0,,11648600000.0,39285966149.0,19.0,12.246,782600000.0,0.615,1.0,1428000000.0,0.317,1763600000.0,93800000.0,29597200000.0,,116200000.0,1092200000.0,0.0,1092200000.0,13585500000.0,2633400000.0,10952100000.0,29952366149.0,127000000.0,0.0,-139500000.0,-530800000.0,0.0,-638700000.0,-264500000.0,0.0,1030200000.0,0.0,547400000.0,547400000.0,547400000.0,0.0,0.0,0.122,464100000.0,963900000.0,507000000.0,0.0,2.571,29.896,29.797,19398600000.0,0.0,23.54,1.817,1.816,703000000.0,20043300000.0,4504600000.0,4504600000.0,0.0,,,,,0.0,456300000.0,1.0,1272402980.0,1271500000.0,1281000000.0,3.543,23470500000.0,0.0,275700000.0,1326500000.0,18.459,-694900000.0
72,MCD,MRQ,2003-06-30,2003-06-30,2003-06-30,2021-09-07,-1067300000.0,25092900000.0,,1904000000.0,23188900000.0,,9.166,-285500000.0,520400000.0,520400000.0,2975000000.0,470900000.0,0.783,1.151,9854000000.0,406900000.0,9447100000.0,9854000000.0,0.0,270500000.0,0.0,0.011,0.0,809900000.0,1080400000.0,0.252,1080400000.0,809900000.0,708200000.0,0.37,0.37,0.37,11664000000.0,,11664000000.0,37585240443.0,19.0,12.099,400400000.0,0.315,1.0,1305800000.0,0.305,1717600000.0,101700000.0,30278000000.0,,111500000.0,1036400000.0,0.0,1036400000.0,13428900000.0,2430900000.0,10998000000.0,28067240443.0,32400000.0,0.0,-26000000.0,-344100000.0,0.0,-374600000.0,-278900000.0,0.0,685900000.0,0.0,470900000.0,470900000.0,470900000.0,0.0,0.0,0.11,479600000.0,826200000.0,533400000.0,0.0,2.406,29.821,29.811,19332100000.0,0.0,22.06,1.751,1.752,807100000.0,20003500000.0,4280800000.0,4280800000.0,0.0,,,,,0.0,466400000.0,1.0,1272313710.0,1272500000.0,1277500000.0,3.364,23375300000.0,0.0,237300000.0,1255500000.0,18.37,-526900000.0
73,MCD,MRQ,2003-03-31,2003-03-31,2003-03-31,2021-09-07,-1442500000.0,24409900000.0,,1841800000.0,22568100000.0,,8.524,-326000000.0,488000000.0,488000000.0,2732700000.0,327400000.0,0.793,1.256,10006000000.0,319100000.0,9686900000.0,10006000000.0,0.0,287200000.0,0.0,0.016,0.0,612600000.0,899800000.0,0.237,899800000.0,612600000.0,510800000.0,0.26,0.26,0.26,10821700000.0,,10821700000.0,27995992340.0,14.0,9.021,226100000.0,0.178,1.0,1067000000.0,0.281,1652000000.0,101800000.0,29952400000.0,,103700000.0,1050700000.0,0.0,1050700000.0,13588200000.0,2323500000.0,11264700000.0,18346992340.0,157600000.0,0.0,0.0,-46800000.0,0.0,-32800000.0,-361700000.0,0.0,552100000.0,0.0,327400000.0,327400000.0,327400000.0,0.0,0.0,0.086,392400000.0,674600000.0,488000000.0,0.0,1.695,18.957,19.026,18816700000.0,0.0,14.46,1.175,1.176,816700000.0,19532300000.0,3799700000.0,3799700000.0,0.0,,,,,0.0,396400000.0,1.0,1268809982.0,1269600000.0,1270300000.0,2.993,22757900000.0,0.0,183400000.0,1274800000.0,17.925,-481700000.0
74,MCD,MRQ,2002-12-31,2002-12-31,2002-12-31,2021-09-07,-1601300000.0,23970500000.0,,1715400000.0,22255100000.0,,8.102,-593100000.0,330400000.0,330400000.0,2775500000.0,-343800000.0,0.708,1.332,9979400000.0,275800000.0,9703600000.0,9979400000.0,0.0,263100000.0,0.0,0.015,0.235,-227000000.0,36100000.0,0.009,36100000.0,-227000000.0,-321600000.0,-0.27,-0.26,-0.27,10280900000.0,,10280900000.0,29542149760.0,15.0,9.886,93300000.0,0.074,1.0,1123700000.0,0.288,1558500000.0,94600000.0,29638700000.0,,111700000.0,1037700000.0,0.0,1037700000.0,13689600000.0,2422300000.0,11267300000.0,20410549760.0,-93000000.0,-178900000.0,130700000.0,255100000.0,-297400000.0,77200000.0,-856600000.0,0.0,686400000.0,0.0,-343800000.0,-343800000.0,-343800000.0,0.0,0.0,-0.088,1327100000.0,-203400000.0,635800000.0,-0.87,1.985,22.843,22.971,18583400000.0,0.0,16.08,1.325,1.329,855300000.0,19204400000.0,3899200000.0,3899200000.0,0.0,,,,,0.0,486800000.0,1.0,1269312796.0,1268900000.0,1265600000.0,3.073,22412000000.0,0.0,22200000.0,1211800000.0,17.663,-706900000.0
75,MCD,MRQ,2002-09-30,2002-09-30,2002-09-30,2021-09-07,-1855300000.0,23593500000.0,,1788900000.0,21804600000.0,,8.359,-554600000.0,423400000.0,423400000.0,2799000000.0,486700000.0,0.959,1.217,9555000000.0,70200000.0,9484800000.0,9555000000.0,0.0,281000000.0,0.0,0.013,0.0,809100000.0,1090100000.0,0.269,1090100000.0,809100000.0,715300000.0,0.38,0.38,0.38,10641500000.0,,10641500000.0,31611045489.0,12.0,8.538,445900000.0,0.35,1.0,1248000000.0,0.308,1430300000.0,93800000.0,29428900000.0,,102000000.0,1086400000.0,0.0,1086400000.0,12952000000.0,1865900000.0,11086100000.0,22521245489.0,-52500000.0,0.0,-149100000.0,-246400000.0,0.0,-416000000.0,-637000000.0,0.0,1000500000.0,0.0,486700000.0,486700000.0,486700000.0,0.0,0.0,0.12,418200000.0,829800000.0,503300000.0,0.0,2.116,14.923,14.966,17940100000.0,0.0,17.66,1.474,1.472,840000000.0,19846300000.0,4047000000.0,4047000000.0,0.0,,,,,0.0,438200000.0,1.0,1275268714.0,1273100000.0,1280500000.0,3.179,22163200000.0,0.0,228600000.0,1374500000.0,17.409,-77000000.0
76,MCD,MRQ,2002-06-30,2002-06-30,2002-06-30,2021-09-07,-1688800000.0,23329000000.0,,1950900000.0,21378100000.0,,8.129,-474500000.0,475900000.0,475900000.0,2659900000.0,497500000.0,0.916,1.254,9565700000.0,449400000.0,9116300000.0,9565700000.0,0.0,252700000.0,0.0,0.008,0.0,824600000.0,1077300000.0,0.279,1077300000.0,824600000.0,731200000.0,0.39,0.39,0.39,10349600000.0,,10349600000.0,44733528354.0,17.0,11.947,188100000.0,0.148,1.0,1202200000.0,0.311,1376100000.0,93400000.0,28912400000.0,,99100000.0,1089000000.0,0.0,1089000000.0,12979400000.0,2130300000.0,10849100000.0,36187828354.0,38200000.0,0.0,-134000000.0,-19300000.0,0.0,-61900000.0,-562500000.0,0.0,662600000.0,0.0,497500000.0,497500000.0,497500000.0,0.0,0.0,0.129,357000000.0,845200000.0,541300000.0,0.0,3.497,23.079,23.32,17857200000.0,0.0,28.45,2.395,2.397,903500000.0,19359400000.0,3862100000.0,3862100000.0,0.0,,,,,0.0,402900000.0,1.0,1271979907.0,1273200000.0,1290600000.0,3.033,21952900000.0,0.0,233700000.0,1270900000.0,17.242,-179400000.0
77,MCD,MRQ,2002-03-31,2002-03-31,2002-03-31,2021-09-07,-1849200000.0,22195600000.0,,1853900000.0,20341700000.0,,7.498,-381600000.0,437700000.0,437700000.0,2512300000.0,253100000.0,0.819,1.318,8983400000.0,566000000.0,8417400000.0,8983400000.0,0.0,254000000.0,0.0,0.008,0.0,530900000.0,784900000.0,0.218,784900000.0,530900000.0,438600000.0,0.2,0.2,0.2,9576900000.0,,9576900000.0,44056290074.0,17.0,11.886,159000000.0,0.124,1.0,1085100000.0,0.302,1258100000.0,92300000.0,27219600000.0,,98100000.0,972700000.0,0.0,972700000.0,12618700000.0,2263600000.0,10355100000.0,35556390074.0,19600000.0,0.0,-322800000.0,156100000.0,0.0,-110500000.0,-410500000.0,0.0,540600000.0,0.0,253100000.0,253100000.0,253100000.0,0.0,0.0,0.07,443800000.0,641300000.0,531300000.0,0.0,3.713,23.525,23.718,17120500000.0,0.0,27.75,2.377,2.37,859800000.0,18861600000.0,3597400000.0,3597400000.0,0.0,,,,,0.0,384900000.0,1.0,1281311354.0,1277200000.0,1292700000.0,2.817,20937500000.0,0.0,185500000.0,1395100000.0,16.393,-409700000.0
78,MCD,MRQ,2001-12-31,2001-12-31,2001-12-31,2021-09-07,-1708800000.0,22534500000.0,,1819300000.0,20715200000.0,,7.398,-605700000.0,418100000.0,418100000.0,2629900000.0,271900000.0,0.809,1.375,8918000000.0,362500000.0,8555500000.0,8918000000.0,0.0,276700000.0,0.0,0.009,0.225,473300000.0,750000000.0,0.199,750000000.0,473300000.0,369500000.0,0.21,0.21,0.21,9488400000.0,,9488400000.0,42237855987.0,15.0,10.919,11100000.0,0.009,1.0,1141600000.0,0.303,1320400000.0,103800000.0,27465700000.0,,105500000.0,990200000.0,0.0,990200000.0,13046100000.0,2248300000.0,10797800000.0,34025655987.0,-57500000.0,44300000.0,-172400000.0,439700000.0,-287700000.0,-13600000.0,-660700000.0,0.0,616800000.0,0.0,271900000.0,271900000.0,271900000.0,0.0,0.0,0.072,658900000.0,482700000.0,689500000.0,1.071,3.586,20.79,20.843,17289500000.0,0.0,26.47,2.288,2.296,881900000.0,18608300000.0,3771500000.0,3771500000.0,0.0,,,,,0.0,433400000.0,1.0,1285442236.0,1282500000.0,1297000000.0,2.941,21214100000.0,0.0,97600000.0,1313000000.0,16.541,-429000000.0
79,MCD,MRQ,2001-09-30,2001-09-30,2001-09-30,2021-09-07,-1630900000.0,22305300000.0,,1769900000.0,20535400000.0,,7.593,-388100000.0,475600000.0,475600000.0,2644200000.0,545500000.0,1.059,1.284,8687800000.0,2500000.0,8685300000.0,8687800000.0,0.0,270900000.0,0.0,0.008,0.0,861100000.0,1132000000.0,0.292,1132000000.0,861100000.0,750500000.0,0.42,0.42,0.42,9765200000.0,,9765200000.0,43091517341.0,14.0,10.462,600000000.0,0.467,1.0,1235100000.0,0.318,0.0,110600000.0,28845700000.0,,98100000.0,0.0,0.0,0.0,12540100000.0,1671800000.0,10868300000.0,34933417341.0,62300000.0,0.0,-172000000.0,-389800000.0,0.0,-493400000.0,-432400000.0,0.0,988100000.0,0.0,545500000.0,545500000.0,545500000.0,0.0,0.0,0.141,488500000.0,746600000.0,520700000.0,0.0,3.577,19.229,19.525,17003900000.0,0.0,27.14,2.378,2.376,790200000.0,18624700000.0,3879300000.0,3879300000.0,0.0,,,,,0.0,415900000.0,1.0,1287156129.0,1286100000.0,1305800000.0,3.016,22305300000.0,0.0,205000000.0,1415700000.0,17.343,98100000.0
80,MCD,MRQ,2001-06-30,2001-06-30,2001-06-30,2021-09-07,-1625400000.0,21385700000.0,,1667900000.0,19717800000.0,,7.167,-459800000.0,413300000.0,413300000.0,2539500000.0,440900000.0,0.993,1.314,8571400000.0,377400000.0,8194000000.0,8571400000.0,0.0,268800000.0,0.0,0.025,0.0,770800000.0,1039600000.0,0.28,1039600000.0,770800000.0,653700000.0,0.34,0.34,0.34,9243500000.0,,9243500000.0,43153745273.0,14.0,10.429,117200000.0,0.091,1.0,1168000000.0,0.315,0.0,117100000.0,27863900000.0,,92300000.0,0.0,0.0,0.0,12142200000.0,1679900000.0,10462300000.0,34996345273.0,10300000.0,0.0,-338900000.0,200300000.0,0.0,-81700000.0,-485000000.0,0.0,577000000.0,0.0,440900000.0,440900000.0,440900000.0,0.0,0.0,0.119,395500000.0,772500000.0,338000000.0,0.0,3.786,19.232,19.468,16675600000.0,0.0,27.06,2.404,2.397,767000000.0,18079100000.0,3707500000.0,3707500000.0,0.0,,,,,0.0,414600000.0,1.0,1293286965.0,1289700000.0,1311100000.0,2.875,21385700000.0,0.0,212800000.0,1386900000.0,16.582,-12000000.0
81,MCD,MRQ,2001-03-31,2001-03-31,2001-03-31,2021-09-07,-1632300000.0,21449200000.0,,1667400000.0,19781800000.0,,6.866,-452600000.0,403000000.0,403000000.0,2440300000.0,378300000.0,0.734,1.402,8560400000.0,684500000.0,7875900000.0,8560400000.0,0.0,269900000.0,0.0,0.026,0.0,676900000.0,946800000.0,0.27,946800000.0,676900000.0,556000000.0,0.29,0.29,0.29,8930800000.0,,8930800000.0,42697307691.0,13.0,10.045,53800000.0,0.041,1.0,1071400000.0,0.305,0.0,120900000.0,27336200000.0,,87200000.0,0.0,0.0,0.0,12518400000.0,2270400000.0,10248000000.0,34645107691.0,-18700000.0,0.0,-384800000.0,277100000.0,0.0,-35000000.0,-490100000.0,0.0,506400000.0,0.0,378300000.0,378300000.0,378300000.0,0.0,0.0,0.108,376200000.0,695200000.0,570600000.0,0.0,3.879,18.189,18.31,16644500000.0,0.0,26.55,2.404,2.396,793900000.0,17637900000.0,3511700000.0,3511700000.0,0.0,,,,,0.0,397800000.0,1.0,1304900478.0,1300700000.0,1325300000.0,2.7,21449200000.0,0.0,177700000.0,1468100000.0,16.491,-603000000.0
82,MCD,MRQ,2000-12-31,2000-12-31,2000-12-31,2021-09-07,-1287300000.0,21683500000.0,,1662400000.0,20021100000.0,,7.044,-584700000.0,421700000.0,421700000.0,2464300000.0,452000000.0,0.704,1.356,8473900000.0,630000000.0,7843900000.0,8473900000.0,0.0,231200000.0,0.0,0.02,0.215,769400000.0,1000600000.0,0.279,1000600000.0,769400000.0,657500000.0,0.34,0.34,0.34,9204400000.0,,9204400000.0,51901396724.0,16.0,12.006,30700000.0,0.023,1.0,1125300000.0,0.313,1278200000.0,111900000.0,26096600000.0,,99300000.0,824200000.0,0.0,824200000.0,12479100000.0,2360900000.0,10118200000.0,44584396724.0,71700000.0,-122700000.0,-304900000.0,824300000.0,-280700000.0,210400000.0,-754100000.0,0.0,615400000.0,0.0,452000000.0,452000000.0,452000000.0,0.0,0.0,0.126,351300000.0,774000000.0,684900000.0,0.632,4.844,22.548,22.819,17047600000.0,0.0,34.0,3.13,3.159,796500000.0,17259400000.0,3589600000.0,3589600000.0,0.0,,,,,0.0,407100000.0,1.0,1311305786.0,1306700000.0,1333400000.0,2.747,20405300000.0,0.0,205500000.0,1372600000.0,15.616,-698500000.0
83,MCD,MRQ,2000-09-30,2000-09-30,2000-09-30,2021-09-07,-1345700000.0,20882600000.0,,1585300000.0,19297300000.0,,6.694,-464700000.0,350000000.0,350000000.0,2489600000.0,548500000.0,0.474,1.371,7667000000.0,1475500000.0,6191500000.0,7667000000.0,0.0,250200000.0,0.0,0.017,0.469,900500000.0,1150700000.0,0.307,1150700000.0,900500000.0,789100000.0,0.42,0.41,0.42,8806100000.0,,8806100000.0,47428724476.0,14.0,10.861,336500000.0,0.256,1.0,1259400000.0,0.336,0.0,111400000.0,24851600000.0,,84700000.0,0.0,0.0,0.0,12076500000.0,3348000000.0,8728500000.0,39872024476.0,-61100000.0,0.0,-424500000.0,26900000.0,0.0,-367000000.0,-495300000.0,0.0,801200000.0,0.0,548500000.0,548500000.0,548500000.0,0.0,0.0,0.146,348600000.0,910800000.0,701700000.0,1.117,4.528,19.822,19.862,16381600000.0,0.0,30.19,2.843,2.832,701000000.0,16805900000.0,3749000000.0,3749000000.0,0.0,,,,,0.0,409200000.0,1.0,1320703030.0,1315600000.0,1346000000.0,2.85,20882600000.0,0.0,240600000.0,1560900000.0,15.873,-1762700000.0
84,MCD,MRQ,2000-06-30,2000-06-30,2000-06-30,2021-09-07,-1106900000.0,21210900000.0,,1675100000.0,19535800000.0,,6.781,-525900000.0,411100000.0,411100000.0,2341600000.0,525900000.0,0.454,1.357,7967800000.0,2181500000.0,5786300000.0,7967800000.0,0.0,273500000.0,0.0,0.003,0.0,879200000.0,1152700000.0,0.324,1152700000.0,879200000.0,773000000.0,0.4,0.39,0.4,8999100000.0,,8999100000.0,51057672566.0,15.0,11.71,141900000.0,0.107,1.0,1219000000.0,0.342,0.0,106200000.0,25077200000.0,,85700000.0,0.0,0.0,0.0,12211800000.0,3690400000.0,8521400000.0,44015572566.0,43100000.0,0.0,-715300000.0,584700000.0,0.0,-78900000.0,-545800000.0,0.0,667800000.0,0.0,525900000.0,525900000.0,525900000.0,0.0,0.0,0.148,342700000.0,876300000.0,451200000.0,0.0,4.891,21.965,21.96,16567800000.0,0.0,32.94,3.208,3.186,746900000.0,16539400000.0,3560600000.0,3560600000.0,0.0,,,,,0.0,393400000.0,1.0,1336234747.0,1327100000.0,1365500000.0,2.683,21210900000.0,0.0,247100000.0,1536400000.0,15.983,-2015300000.0
85,MCD,MRQ,2000-03-31,2000-03-31,2000-03-31,2021-09-07,-1002900000.0,20830100000.0,,1505000000.0,19325100000.0,,7.005,-369800000.0,368000000.0,368000000.0,2226900000.0,450900000.0,0.544,1.213,7410100000.0,1278900000.0,6131200000.0,7410100000.0,0.0,255800000.0,0.0,0.004,0.0,763100000.0,1018900000.0,0.305,1018900000.0,763100000.0,662700000.0,0.34,0.33,0.34,9411100000.0,,9411100000.0,57288923127.0,17.0,13.275,297300000.0,0.221,1.0,1116900000.0,0.334,0.0,100400000.0,25103400000.0,,79600000.0,0.0,0.0,0.0,11419000000.0,2768800000.0,8650200000.0,50456123127.0,-51500000.0,0.0,-578700000.0,242600000.0,0.0,-301200000.0,-417400000.0,0.0,667100000.0,0.0,450900000.0,450900000.0,450900000.0,0.0,0.0,0.135,348300000.0,768600000.0,411400000.0,0.0,5.361,25.277,25.429,16383900000.0,0.0,37.38,3.719,3.701,664300000.0,16013500000.0,3343800000.0,3343800000.0,0.0,,,,,0.0,377600000.0,1.0,1349816028.0,1343400000.0,1383800000.0,2.489,20830100000.0,0.0,211800000.0,1588400000.0,15.506,-1263800000.0
86,MCD,MRQ,1999-12-31,1999-12-31,1999-12-31,2021-09-07,-886800000.0,20983200000.0,,1572300000.0,19410900000.0,,7.12,-488400000.0,419500000.0,419500000.0,2202500000.0,486200000.0,0.48,1.177,7252300000.0,1619900000.0,5632400000.0,7252300000.0,0.0,235900000.0,0.0,0.005,0.049,808500000.0,1044400000.0,0.31,1044400000.0,808500000.0,710300000.0,0.36,0.35,0.36,9639100000.0,,9639100000.0,61276824150.0,19.0,14.463,147400000.0,0.109,1.0,1170400000.0,0.347,1261800000.0,98200000.0,23279900000.0,,82700000.0,1002200000.0,0.0,1002200000.0,11344100000.0,3274300000.0,8069800000.0,54580524150.0,-5300000.0,-78300000.0,-247600000.0,238600000.0,-66000000.0,-23700000.0,-617400000.0,0.0,635800000.0,0.0,486200000.0,486200000.0,486200000.0,0.0,0.0,0.144,353600000.0,816800000.0,585700000.0,0.136,5.662,28.02,27.993,16324500000.0,0.0,40.31,4.116,4.12,708100000.0,15562800000.0,3372900000.0,3372900000.0,0.0,,,,,0.0,404200000.0,1.0,1354019453.0,1353800000.0,1400600000.0,2.491,19721400000.0,0.0,224100000.0,1450900000.0,14.567,-1702000000.0
87,MCD,MRQ,1999-09-30,1999-09-30,1999-09-30,2021-09-07,-796300000.0,20466800000.0,,1393600000.0,19073200000.0,,7.01,-581500000.0,424800000.0,424800000.0,2202400000.0,540900000.0,0.592,1.155,7121100000.0,832300000.0,6288800000.0,7121100000.0,0.0,248600000.0,0.0,0.004,0.049,895700000.0,1144300000.0,0.332,1144300000.0,895700000.0,800300000.0,0.4,0.39,0.4,9496500000.0,,9496500000.0,65096528017.0,21.0,16.101,308800000.0,0.228,1.0,1241800000.0,0.361,0.0,95400000.0,24808300000.0,,76000000.0,0.0,0.0,0.0,10970300000.0,2354800000.0,8615500000.0,58590228017.0,17000000.0,0.0,-202600000.0,124800000.0,-66400000.0,-193000000.0,-680300000.0,0.0,890300000.0,0.0,540900000.0,540900000.0,540900000.0,0.0,0.0,0.157,334100000.0,907700000.0,448800000.0,0.122,6.17,32.367,32.519,16140100000.0,0.0,43.25,4.47,4.47,607900000.0,15142500000.0,3444200000.0,3444200000.0,0.0,,,,,0.0,368000000.0,1.0,1354687353.0,1354700000.0,1403100000.0,2.542,20466800000.0,0.0,259400000.0,1368200000.0,15.108,-961200000.0
88,MCD,MRQ,1999-06-30,1999-06-30,1999-06-30,2021-09-07,-841600000.0,19845400000.0,,1420500000.0,18424900000.0,,6.682,-374400000.0,407800000.0,407800000.0,2165600000.0,518100000.0,0.637,1.191,6914100000.0,711000000.0,6203100000.0,6914100000.0,0.0,237700000.0,0.0,0.005,0.049,870300000.0,1108000000.0,0.325,1108000000.0,870300000.0,772800000.0,0.37,0.37,0.37,9057000000.0,,9057000000.0,62551069529.0,21.0,15.849,391500000.0,0.289,1.0,1241500000.0,0.364,0.0,97500000.0,24121300000.0,,71900000.0,0.0,0.0,0.0,10788400000.0,2230400000.0,8558000000.0,55852369529.0,-152400000.0,0.0,-283500000.0,-344000000.0,-66000000.0,-598200000.0,-320100000.0,0.0,765900000.0,0.0,518100000.0,518100000.0,518100000.0,0.0,0.0,0.152,358000000.0,883500000.0,422000000.0,0.132,6.167,31.888,32.133,15708000000.0,0.0,41.13,4.337,4.329,643600000.0,14667900000.0,3407100000.0,3407100000.0,0.0,,,,,0.0,365500000.0,1.0,1357947229.0,1355500000.0,1405600000.0,2.514,19845400000.0,0.0,254700000.0,1440000000.0,14.641,-809900000.0
89,MCD,MRQ,1999-03-31,1999-03-31,1999-03-31,2021-09-07,-783100000.0,19923700000.0,,1560900000.0,18362800000.0,,6.7,-423500000.0,560200000.0,560200000.0,1996800000.0,402700000.0,0.598,1.191,7258900000.0,1130500000.0,6128400000.0,7258900000.0,0.0,234100000.0,0.0,0.004,0.049,705900000.0,940000000.0,0.31,940000000.0,705900000.0,600700000.0,0.3,0.29,0.3,9093400000.0,,9093400000.0,68273027684.0,25.0,18.475,293400000.0,0.216,1.0,1038300000.0,0.342,0.0,105200000.0,24011800000.0,,69600000.0,0.0,0.0,0.0,10830300000.0,2610600000.0,8219700000.0,61528827684.0,261000000.0,0.0,-157800000.0,317000000.0,-66300000.0,188100000.0,-644000000.0,0.0,716900000.0,0.0,402700000.0,402700000.0,402700000.0,0.0,0.0,0.133,326700000.0,711600000.0,496400000.0,0.163,6.766,38.683,38.726,15686100000.0,0.0,45.31,4.863,4.861,629000000.0,14215600000.0,3035100000.0,3035100000.0,0.0,,,,,0.0,339900000.0,1.0,1357952498.0,1357300000.0,1409200000.0,2.236,19923700000.0,0.0,198000000.0,1333200000.0,14.679,-1049700000.0
90,MCD,MRQ,1998-12-31,1998-12-31,1998-12-31,2021-09-07,-522500000.0,19784400000.0,,1309400000.0,18475000000.0,,6.989,-562100000.0,299200000.0,299200000.0,2067700000.0,348500000.0,0.524,1.09,7043400000.0,854800000.0,6188600000.0,7043400000.0,0.0,232800000.0,0.0,0.005,0.045,617900000.0,850700000.0,0.264,850700000.0,617900000.0,516100000.0,0.26,0.25,0.26,9464700000.0,,9464700000.0,58711969446.0,22.0,16.298,206800000.0,0.153,1.0,1153000000.0,0.358,973100000.0,101800000.0,23058400000.0,,77300000.0,854100000.0,0.0,854100000.0,10319700000.0,2497100000.0,7822600000.0,51966469446.0,-5100000.0,60500000.0,-40700000.0,-127700000.0,-60000000.0,-226000000.0,-548000000.0,0.0,768900000.0,0.0,348500000.0,348500000.0,348500000.0,0.0,0.0,0.108,515800000.0,637200000.0,621300000.0,0.173,5.491,33.525,33.689,16041600000.0,0.0,38.405,4.184,4.221,609400000.0,13879600000.0,3220700000.0,3220700000.0,0.0,,,,,0.0,392100000.0,1.0,1353117288.0,1354200000.0,1397600000.0,2.378,18811300000.0,0.0,167600000.0,1319600000.0,13.891,-1187700000.0
91,MCD,MRQ,1998-09-30,1998-09-30,1998-09-30,2021-09-07,-552100000.0,19221700000.0,,1250200000.0,17971500000.0,,6.563,-469500000.0,304300000.0,304300000.0,2040200000.0,482200000.0,0.576,1.15,7049800000.0,664400000.0,6385400000.0,7049800000.0,0.0,227800000.0,0.0,0.006,0.045,820100000.0,1047900000.0,0.326,1047900000.0,820100000.0,717300000.0,0.35,0.34,0.35,8940000000.0,,8940000000.0,47276090386.0,17.0,12.875,332500000.0,0.244,1.0,1174800000.0,0.365,0.0,102800000.0,23796200000.0,,71600000.0,0.0,0.0,0.0,10281700000.0,2171000000.0,8110700000.0,40865490386.0,-20600000.0,0.0,-544300000.0,207900000.0,-61200000.0,-340100000.0,-482500000.0,0.0,802000000.0,0.0,482200000.0,482200000.0,482200000.0,0.0,0.0,0.15,339600000.0,835200000.0,423400000.0,0.129,4.571,25.343,25.728,15695800000.0,0.0,29.845,3.363,3.345,549400000.0,13591900000.0,3215000000.0,3215000000.0,0.0,,,,,0.0,358500000.0,1.0,1369257510.0,1362100000.0,1404700000.0,2.36,19221700000.0,0.0,235100000.0,1400000000.0,14.112,-920800000.0
92,MCD,MRQ,1998-06-30,1998-06-30,1998-06-30,2021-09-07,-583500000.0,18849600000.0,,1318500000.0,17531100000.0,,6.451,-451300000.0,324900000.0,324900000.0,2010200000.0,357200000.0,0.645,1.129,6735500000.0,652600000.0,6082900000.0,6735500000.0,0.0,216600000.0,0.0,0.005,0.045,640200000.0,856800000.0,0.269,856800000.0,640200000.0,533800000.0,0.26,0.25,0.26,8851700000.0,,8851700000.0,53539580281.0,20.0,15.092,222700000.0,0.162,1.0,1170600000.0,0.368,0.0,106400000.0,23214700000.0,,71900000.0,0.0,0.0,0.0,9997900000.0,2045500000.0,7952400000.0,47432680281.0,-28900000.0,0.0,-404100000.0,160200000.0,-61700000.0,-216600000.0,-486300000.0,0.0,674000000.0,0.0,357200000.0,357200000.0,357200000.0,0.0,0.0,0.112,523800000.0,646800000.0,404000000.0,0.173,5.359,30.036,30.531,15200700000.0,0.0,34.5,3.971,3.963,571300000.0,13170600000.0,3180800000.0,3180800000.0,0.0,,,,,0.0,364900000.0,1.0,1374860298.0,1372100000.0,1415100000.0,2.318,18849600000.0,0.0,176600000.0,1361900000.0,13.738,-727000000.0
93,MCD,MRQ,1998-03-31,1998-03-31,1998-03-31,2021-09-07,-510200000.0,18416200000.0,,1180500000.0,17235700000.0,,6.645,-394700000.0,353800000.0,353800000.0,1821500000.0,362200000.0,0.627,1.019,6460700000.0,612200000.0,5848500000.0,6460700000.0,0.0,203900000.0,0.0,0.006,0.042,643000000.0,846900000.0,0.302,846900000.0,643000000.0,540200000.0,0.26,0.26,0.26,9122000000.0,,9122000000.0,47273305620.0,17.0,13.078,126700000.0,0.092,1.0,983400000.0,0.351,0.0,102800000.0,22639100000.0,,67200000.0,0.0,0.0,0.0,9294200000.0,1884000000.0,7410200000.0,41151205620.0,12400000.0,0.0,-100700000.0,22000000.0,-56600000.0,-77600000.0,-431400000.0,0.0,521400000.0,0.0,362200000.0,362200000.0,362200000.0,0.0,0.0,0.129,340700000.0,642700000.0,404400000.0,0.162,4.511,24.787,25.316,14998100000.0,0.0,30.0,3.549,3.552,498500000.0,12874800000.0,2804900000.0,2804900000.0,0.0,,,,,0.0,343000000.0,1.0,1371706854.0,1372800000.0,1403900000.0,2.043,18416200000.0,0.0,178000000.0,1357600000.0,13.415,-703500000.0
94,MCD,MRQ,1997-12-31,1997-12-31,1997-12-31,2021-09-07,-470500000.0,18241500000.0,,1142300000.0,17099200000.0,,6.436,-667800000.0,341400000.0,341400000.0,1886900000.0,410900000.0,0.383,1.061,6463500000.0,1629400000.0,4834100000.0,6463500000.0,0.0,236800000.0,0.0,0.007,0.042,683500000.0,920300000.0,0.312,920300000.0,683500000.0,589400000.0,0.29,0.295,0.29,8851600000.0,,8851600000.0,38669403612.0,14.0,10.845,54300000.0,0.039,1.0,1065700000.0,0.361,827500000.0,94100000.0,20551600000.0,,70500000.0,701800000.0,0.0,701800000.0,9389900000.0,2984500000.0,6405400000.0,32889103612.0,31200000.0,-86400000.0,-186700000.0,586500000.0,-61400000.0,-19900000.0,-671000000.0,0.0,722100000.0,0.0,410900000.0,410900000.0,410900000.0,0.0,0.0,0.139,370500000.0,695200000.0,650600000.0,0.145,3.716,20.024,20.406,14961400000.0,0.0,23.875,2.883,2.885,483500000.0,12569000000.0,2952600000.0,2952600000.0,0.0,,,,,0.0,393800000.0,1.0,1377554078.0,1375400000.0,1403000000.0,2.147,17414000000.0,0.0,178500000.0,1264500000.0,12.661,-1842200000.0
95,MCD,MRQ,1997-09-30,1997-09-30,1997-09-30,2021-09-07,-326300000.0,17972200000.0,,1074600000.0,16897600000.0,,6.655,-497500000.0,310200000.0,310200000.0,1910000000.0,448900000.0,0.484,0.961,6090500000.0,850200000.0,5240300000.0,6090500000.0,0.0,170400000.0,0.0,0.007,0.042,753200000.0,923600000.0,0.307,923600000.0,753200000.0,659100000.0,0.32,0.315,0.32,9164500000.0,,9164500000.0,38210635945.0,14.0,11.059,246900000.0,0.179,1.0,1096000000.0,0.365,834000000.0,94100000.0,20697700000.0,,62300000.0,7700000.0,7700000.0,0.0,8807700000.0,2220800000.0,6586900000.0,32770235945.0,8000000.0,0.0,-98000000.0,-81000000.0,-63800000.0,-171700000.0,-564700000.0,0.0,744400000.0,0.0,448900000.0,448900000.0,448900000.0,0.0,0.0,0.149,340600000.0,755400000.0,490900000.0,0.131,3.576,19.962,20.268,14731400000.0,0.0,23.815,2.906,2.908,427600000.0,12219100000.0,3006000000.0,3006000000.0,0.0,,,,,0.0,375500000.0,1.0,1376033422.0,1377000000.0,1408800000.0,2.183,17138200000.0,0.0,210200000.0,1263000000.0,12.446,-1146200000.0
96,MCD,MRQ,1997-06-30,1997-06-30,1997-06-30,2021-09-07,-328100000.0,17562000000.0,,1076900000.0,16485100000.0,,6.351,-487600000.0,302200000.0,302200000.0,1791200000.0,438200000.0,0.435,1.005,5742600000.0,1109800000.0,4632800000.0,5742600000.0,0.0,194700000.0,0.0,0.006,0.042,729300000.0,924000000.0,0.326,924000000.0,729300000.0,643100000.0,0.315,0.305,0.315,8760300000.0,,8760300000.0,38604605635.0,14.0,11.218,-43700000.0,-0.032,1.0,1041400000.0,0.368,791600000.0,86200000.0,19733000000.0,,61600000.0,16900000.0,16900000.0,0.0,8801700000.0,2477800000.0,6323900000.0,33373805635.0,2400000.0,0.0,-174000000.0,260900000.0,-63800000.0,50700000.0,-492200000.0,0.0,443900000.0,0.0,438200000.0,438200000.0,438200000.0,0.0,0.0,0.155,297900000.0,743500000.0,503500000.0,0.133,3.81,20.433,20.764,14426300000.0,0.0,24.19,3.021,3.021,454200000.0,11833700000.0,2832600000.0,2832600000.0,0.0,,,,,0.0,347200000.0,1.0,1379652982.0,1379400000.0,1414600000.0,2.054,16770400000.0,0.0,204900000.0,1142000000.0,12.158,-1400900000.0
97,MCD,MRQ,1997-03-31,1997-03-31,1997-03-31,2021-09-07,-266600000.0,17257700000.0,,1010100000.0,16247600000.0,,6.23,-454400000.0,299800000.0,299800000.0,1675400000.0,344500000.0,0.495,1.003,5530600000.0,726500000.0,4804100000.0,5530600000.0,0.0,191900000.0,0.0,0.006,0.037,605700000.0,797600000.0,0.305,797600000.0,605700000.0,515700000.0,0.245,0.24,0.245,8617400000.0,,8617400000.0,37886688437.0,14.0,11.109,77500000.0,0.056,1.0,942200000.0,0.36,773700000.0,90000000.0,19675000000.0,,60400000.0,21100000.0,21100000.0,0.0,8640300000.0,2039800000.0,6600500000.0,32693188437.0,-30100000.0,23000000.0,-296400000.0,235100000.0,-58700000.0,-72700000.0,-489300000.0,0.0,531900000.0,0.0,344500000.0,344500000.0,344500000.0,0.0,0.0,0.132,328000000.0,614200000.0,478500000.0,0.151,3.794,20.237,20.633,14251300000.0,0.0,23.625,3.005,3.004,429000000.0,11458900000.0,2617600000.0,2617600000.0,0.0,,,,,0.0,334000000.0,1.0,1383838664.0,1383200000.0,1415000000.0,1.892,16484000000.0,0.0,171200000.0,1242100000.0,11.917,-1029700000.0
98,MCD,MRQ,1996-12-31,1996-12-31,1996-12-31,2021-09-07,-175100000.0,17386000000.0,,1102500000.0,16283500000.0,,6.268,-740600000.0,329900000.0,329900000.0,1788700000.0,410000000.0,0.516,0.994,5881400000.0,693300000.0,5188100000.0,5881400000.0,0.0,196200000.0,0.0,0.006,0.037,613700000.0,809900000.0,0.287,809900000.0,613700000.0,523500000.0,0.295,,0.295,8718200000.0,,8718200000.0,,,,-2100000.0,-0.002,1.0,1032900000.0,0.366,747000000.0,90200000.0,20055200000.0,,69600000.0,779300000.0,0.0,779300000.0,8667800000.0,2135300000.0,6532500000.0,31399299286.0,74400000.0,23700000.0,-204400000.0,316300000.0,-59400000.0,125600000.0,-789700000.0,0.0,738500000.0,0.0,410000000.0,410000000.0,410000000.0,0.0,0.0,0.145,418900000.0,614000000.0,638000000.0,0.125,3.602,19.966,20.441,14352100000.0,0.0,22.69,2.938,2.965,495400000.0,11173000000.0,2821600000.0,2821600000.0,0.0,,,,,0.0,381000000.0,1.0,1383838664.0,1391000000.0,,2.028,16639000000.0,0.0,113500000.0,1135100000.0,11.962,-1032800000.0
99,MCD,MRQ,1996-09-30,1996-09-30,1996-09-30,2021-09-07,,,,,,,,-614700000.0,,,1724300000.0,440600000.0,,,,,,,,175100000.0,,0.006,0.037,734600000.0,909700000.0,0.328,909700000.0,734600000.0,649900000.0,0.31,,0.31,,,,,,,87000000.0,0.062,1.0,1049500000.0,0.378,,84700000.0,,,,,,,,,,,-90200000.0,20000000.0,-156000000.0,150200000.0,-60600000.0,-65100000.0,-726800000.0,0.0,701700000.0,0.0,440600000.0,440600000.0,440600000.0,0.0,0.0,0.159,305500000.0,744000000.0,,0.119,,,,,0.0,23.69,,,,,2773800000.0,2773800000.0,0.0,,,,,0.0,347900000.0,1.0,,1395600000.0,,1.988,,,209300000.0,,,
100,MCD,MRQ,1996-06-30,1996-06-30,1996-06-30,2021-09-07,,,,,,,,-517400000.0,,,1663800000.0,420400000.0,,,,,,,,185000000.0,,0.006,0.037,708300000.0,893300000.0,0.335,893300000.0,708300000.0,625500000.0,0.295,,0.295,,,,,,,29100000.0,0.021,1.0,1001300000.0,0.376,,82800000.0,,,,,,,,,,,16200000.0,12800000.0,-99500000.0,140900000.0,-58500000.0,29300000.0,-559600000.0,0.0,546500000.0,0.0,420400000.0,420400000.0,420400000.0,0.0,0.0,0.158,289200000.0,712100000.0,,0.125,,,,,0.0,23.25,,,,,2665100000.0,2665100000.0,0.0,,,,,0.0,326300000.0,1.0,,1398200000.0,,1.906,,,205100000.0,,,
101,MCD,MRQ,1996-03-31,1996-03-31,1996-03-31,2021-09-07,,,,,,,,-467100000.0,,,1556500000.0,301600000.0,,,,,,,,186600000.0,,0.006,0.034,536900000.0,723500000.0,0.298,723500000.0,536900000.0,452100000.0,0.21,,0.21,,,,,,,7200000.0,0.005,1.0,869500000.0,0.358,,84800000.0,,,,,,,,,,,-5300000.0,4600000.0,-140000000.0,171900000.0,-53500000.0,14600000.0,-494200000.0,0.0,474300000.0,0.0,301600000.0,301600000.0,301600000.0,0.0,0.0,0.124,307000000.0,562500000.0,,0.162,,,,,0.0,24.688,,,,,2426000000.0,2426000000.0,0.0,,,,,0.0,311200000.0,1.0,,1401000000.0,,1.732,,,150500000.0,,,
102,MCD,MRQ,1995-12-31,1995-12-31,1995-12-31,2021-09-07,-87100000.0,15414600000.0,,955800000.0,14458800000.0,,5.603,,334800000.0,334800000.0,,,0.533,0.961,4836000000.0,578200000.0,4257800000.0,4836000000.0,0.0,,0.0,0.006,0.034,,,,,,,,,,7861300000.0,,7861300000.0,,,,,,1.0,,,534800000.0,,17586100000.0,,58000000.0,791700000.0,36300000.0,755400000.0,7553300000.0,1794900000.0,5758400000.0,,,,,,,,,,,,,,,,,,,,564300000.0,,,,22.909,12811300000.0,,22.565,,3.232,377300000.0,9831300000.0,,,,,,,,,,1.0,,1403000000.0,,,14879800000.0,0.0,,1018400000.0,10.606,-839100000.0
0,MCD,MRT,2021-06-30,2021-06-30,2021-06-30,2021-09-07,-2571200000.0,51893100000.0,51580575000.0,5701200000.0,46191900000.0,0.422,-7.779,-1638200000.0,3049400000.0,3049400000.0,9898000000.0,6896300000.0,1.449,-9.935,49262000000.0,1220400000.0,48041600000.0,49262000000.0,714900000.0,1821700000.0,0.0,0.022,5.12,9591300000.0,11413000000.0,0.525,11413000000.0,9591300000.0,8375800000.0,9.25,9.19,9.25,-5808000000.0,-7335125000.0,-5808000000.0,218891697861.0,23.0,19.179,7151300000.0,9.578,1.0,11846400000.0,0.545,2778100000.0,1215500000.0,91392800000.0,90673925000.0,47800000.0,1196800000.0,0.0,1196800000.0,57701100000.0,3934800000.0,53766300000.0,172358797861.0,-206300000.0,19700000.0,243100000.0,-4178200000.0,-3818100000.0,-7774300000.0,-1288900000.0,0.0,8789500000.0,67400000.0,6896300000.0,6896300000.0,6896300000.0,0.0,0.0,0.317,2204700000.0,9641700000.0,730900000.0,0.554,-29.676,24.993,24.972,38327500000.0,0.0,230.99,7.927,7.931,1808300000.0,55739000000.0,21744400000.0,21744400000.0,0.0,0.134,-0.94,0.106,0.441,99500000.0,2215500000.0,1.0,746174284.0,746600000.0,752100000.0,29.125,49115000000.0,0.0,1479500000.0,4455200000.0,65.785,1766400000.0
1,MCD,MRT,2021-03-31,2021-03-31,2021-03-31,2021-09-07,-2635900000.0,51103100000.0,51092025000.0,5467900000.0,45635200000.0,0.384,-9.702,-1482600000.0,3019700000.0,3019700000.0,9270800000.0,5160800000.0,1.194,-8.063,49552600000.0,1618400000.0,47934200000.0,49552600000.0,702500000.0,1784000000.0,0.0,0.023,5.08,7886600000.0,9670600000.0,0.493,9670600000.0,7886600000.0,6648500000.0,6.93,6.89,6.93,-7235500000.0,-8248900000.0,-7235500000.0,215126640580.0,27.0,22.245,5360600000.0,7.188,1.0,10347200000.0,0.527,2745800000.0,1238100000.0,90310400000.0,89997600000.0,45300000.0,1211100000.0,0.0,1211100000.0,58338600000.0,4579800000.0,53758800000.0,167112540580.0,-2360100000.0,-5000000.0,228600000.0,-4481600000.0,-3784500000.0,-8045900000.0,-1272000000.0,0.0,6843200000.0,114600000.0,5160800000.0,5160800000.0,5160800000.0,0.0,0.0,0.263,2435500000.0,7911700000.0,670000000.0,0.733,-23.096,32.381,32.343,38179200000.0,0.0,224.14,8.518,8.521,1733700000.0,54483000000.0,19618000000.0,19618000000.0,0.0,0.101,-0.626,0.088,0.402,93800000.0,2219100000.0,1.0,745572145.0,745800000.0,751000000.0,26.305,48357300000.0,0.0,1487700000.0,4975600000.0,64.84,888100000.0
2,MCD,MRT,2020-12-31,2020-12-31,2020-12-31,2021-09-07,-2586800000.0,52626800000.0,50958250000.0,6243200000.0,46383600000.0,0.377,-10.509,-1613400000.0,3449100000.0,3449100000.0,9188700000.0,4730500000.0,1.01,-7.726,51463200000.0,2945100000.0,48518100000.0,51463200000.0,702000000.0,1751400000.0,0.0,0.023,5.04,7358800000.0,9110200000.0,0.474,9110200000.0,7358800000.0,6140700000.0,6.35,6.31,6.35,-7824900000.0,-8763375000.0,-7824900000.0,207488515805.0,28.0,22.775,4651800000.0,6.247,1.0,10019100000.0,0.522,2773100000.0,1218100000.0,91686600000.0,90141125000.0,51100000.0,1297200000.0,0.0,1297200000.0,60451700000.0,6181200000.0,54270500000.0,159885915805.0,2550600000.0,10200000.0,-612300000.0,2238200000.0,-3752900000.0,-2249000000.0,-1545800000.0,0.0,6265200000.0,80200000.0,4730500000.0,4730500000.0,4730500000.0,0.0,0.0,0.246,2695100000.0,7324000000.0,741300000.0,0.794,-20.433,33.799,33.792,38785900000.0,0.0,214.58,8.324,8.318,2110300000.0,53908100000.0,19207800000.0,19207800000.0,0.0,0.093,-0.54,0.082,0.383,92400000.0,2245000000.0,1.0,745110988.0,744600000.0,750100000.0,25.796,49853700000.0,0.0,1410200000.0,4964400000.0,66.954,62000000.0
3,MCD,MRT,2020-09-30,2020-09-30,2020-09-30,2021-09-07,-2758800000.0,50699300000.0,49679250000.0,6736100000.0,43963200000.0,0.389,-11.38,-1852900000.0,3683800000.0,3683800000.0,9227000000.0,4925500000.0,1.073,-6.984,51286400000.0,3407000000.0,47879400000.0,51286400000.0,679800000.0,1700700000.0,0.0,0.023,5.0,7529700000.0,9230400000.0,0.478,9230400000.0,7529700000.0,6337500000.0,6.61,6.55,6.61,-8472100000.0,-8859725000.0,-8472100000.0,211989660798.0,28.0,22.966,4308800000.0,5.788,1.0,10095200000.0,0.522,2715800000.0,1192200000.0,89305900000.0,89186950000.0,44200000.0,1283300000.0,0.0,1283300000.0,59171400000.0,6280200000.0,52891200000.0,163323060798.0,2506500000.0,-29700000.0,-2061100000.0,4154400000.0,-3726500000.0,-1755200000.0,-1989900000.0,0.0,6161700000.0,89900000.0,4925500000.0,4925500000.0,4925500000.0,0.0,0.0,0.255,2621500000.0,7473700000.0,689000000.0,0.756,-19.278,33.159,33.206,37494500000.0,0.0,219.49,8.453,8.457,2391800000.0,53492500000.0,19322200000.0,19322200000.0,0.0,0.099,-0.556,0.084,0.39,83500000.0,2131700000.0,1.0,744102514.0,744500000.0,750000000.0,25.953,47983500000.0,0.0,1412000000.0,4001100000.0,64.451,455900000.0
4,MCD,MRT,2020-06-30,2020-06-30,2020-06-30,2021-09-07,-2806300000.0,49938900000.0,48455675000.0,6609400000.0,43329500000.0,0.4,-12.723,-1990500000.0,3255700000.0,3255700000.0,9310000000.0,4770800000.0,0.912,-6.277,51922300000.0,4767800000.0,47154500000.0,51922300000.0,664200000.0,1674000000.0,0.0,0.027,4.91,7435300000.0,9109300000.0,0.469,9109300000.0,7435300000.0,6272600000.0,6.37,6.31,6.37,-9463100000.0,-8891500000.0,-9463100000.0,184095508894.0,25.0,20.21,3518400000.0,4.73,1.0,10096400000.0,0.52,2671900000.0,1162700000.0,88687500000.0,87671850000.0,42600000.0,1278100000.0,0.0,1278100000.0,59402000000.0,7246100000.0,52155900000.0,137163808894.0,2121200000.0,-22600000.0,-3560100000.0,6302900000.0,-3672500000.0,-1064300000.0,-2314800000.0,0.0,5508900000.0,-8600000.0,4770800000.0,4770800000.0,4770800000.0,0.0,0.0,0.246,2739800000.0,7356600000.0,538400000.0,0.771,-14.495,28.751,28.959,36832300000.0,0.0,184.47,7.068,7.07,2852600000.0,52660800000.0,19406400000.0,19406400000.0,0.0,0.098,-0.537,0.085,0.383,105800000.0,2151600000.0,1.0,743556182.0,743800000.0,748600000.0,26.091,47267000000.0,0.0,1501800000.0,3970700000.0,63.548,-636700000.0
5,MCD,MRT,2020-03-31,2020-03-31,2020-03-31,2021-09-07,-2996400000.0,50568000000.0,47520900000.0,7556900000.0,43011100000.0,0.443,-12.478,-2216200000.0,5379800000.0,5379800000.0,9848900000.0,5803900000.0,1.895,-6.441,52311500000.0,1794600000.0,50516900000.0,52311500000.0,655000000.0,1646600000.0,0.0,0.029,4.82,8759500000.0,10406100000.0,0.494,10406100000.0,8759500000.0,7631700000.0,7.71,7.63,7.71,-9293400000.0,-8227925000.0,-9293400000.0,169917104404.0,19.0,16.329,5431300000.0,7.292,1.0,11205800000.0,0.532,2627400000.0,1127800000.0,90884500000.0,86634450000.0,39100000.0,1276800000.0,0.0,1276800000.0,59861400000.0,3987800000.0,55873600000.0,123259604404.0,3090700000.0,-316900000.0,-4543500000.0,6620500000.0,-3625800000.0,-1682500000.0,-2818200000.0,0.0,7647500000.0,-56100000.0,5803900000.0,5803900000.0,5803900000.0,0.0,0.0,0.276,2536400000.0,8669400000.0,671900000.0,0.625,-13.263,21.237,21.446,36625500000.0,0.0,165.35,5.854,5.849,1695300000.0,53106700000.0,21054700000.0,21054700000.0,0.0,0.122,-0.705,0.101,0.416,103900000.0,2045500000.0,1.0,745446655.0,744800000.0,750700000.0,28.269,47940600000.0,0.0,1827800000.0,4251300000.0,64.367,3569100000.0
6,MCD,MRT,2019-12-31,2019-12-31,2019-12-31,2021-09-07,-2482700000.0,47510800000.0,46495550000.0,3557900000.0,43952900000.0,0.459,-10.83,-2242500000.0,898500000.0,898500000.0,9961200000.0,6025400000.0,0.983,-6.787,47556000000.0,680100000.0,46875900000.0,47556000000.0,660600000.0,1617900000.0,0.0,0.024,4.73,9140000000.0,10757900000.0,0.504,10757900000.0,9140000000.0,8018100000.0,7.95,7.88,7.95,-8210300000.0,-7542300000.0,-8210300000.0,193076672151.0,21.0,17.947,5879600000.0,7.756,1.0,11403200000.0,0.534,2677400000.0,1121900000.0,87869900000.0,84855700000.0,50200000.0,1270300000.0,0.0,1270300000.0,55721100000.0,3621000000.0,52100100000.0,148818772151.0,32500000.0,-200100000.0,-4625700000.0,3236300000.0,-3581900000.0,-4994800000.0,-3071100000.0,0.0,8122100000.0,-23700000.0,6025400000.0,6025400000.0,6025400000.0,0.0,0.0,0.282,2333400000.0,9069800000.0,988200000.0,0.595,-18.126,24.699,24.857,37421200000.0,0.0,197.61,6.966,7.012,2224200000.0,52930500000.0,21364400000.0,21364400000.0,0.0,0.13,-0.799,0.108,0.428,109600000.0,1966900000.0,1.0,753093326.0,758100000.0,764900000.0,28.182,44833400000.0,0.0,1992700000.0,4163200000.0,59.139,-63100000.0
7,MCD,MRT,2019-09-30,2019-09-30,2019-09-30,2021-09-07,-2663100000.0,45805000000.0,42820650000.0,3604900000.0,42200100000.0,0.498,-11.366,-2398700000.0,1177300000.0,1177300000.0,9924600000.0,5868500000.0,0.843,-6.327,45435200000.0,703300000.0,44731900000.0,45435200000.0,640100000.0,1583300000.0,0.0,0.022,4.64,8835700000.0,10419000000.0,0.488,10419000000.0,8835700000.0,7742700000.0,7.7,7.62,7.7,-8599200000.0,-7054325000.0,-8599200000.0,207218858600.0,23.0,19.889,5345700000.0,7.065,1.0,11407300000.0,0.535,2541800000.0,1093000000.0,83245500000.0,77317100000.0,42600000.0,1245400000.0,0.0,1245400000.0,54404200000.0,4275600000.0,50128600000.0,163060258600.0,-1397200000.0,-119700000.0,-3967800000.0,1674200000.0,-3539200000.0,-5864200000.0,-3148000000.0,0.0,7744400000.0,-129400000.0,5868500000.0,5868500000.0,5868500000.0,0.0,0.0,0.275,2630600000.0,8776700000.0,849500000.0,0.603,-18.962,27.786,27.884,35790900000.0,0.0,214.71,7.644,7.615,2005300000.0,51359500000.0,21331900000.0,21331900000.0,0.0,0.137,-0.832,0.114,0.414,115500000.0,1777200000.0,1.0,759444174.0,756600000.0,763900000.0,28.194,43263200000.0,0.0,1874200000.0,4306100000.0,57.181,-670700000.0
8,MCD,MRT,2019-06-30,2019-06-30,2019-06-30,2021-09-07,-2496600000.0,46199800000.0,39882825000.0,3915400000.0,42284400000.0,0.532,-8.938,-2563600000.0,1134500000.0,1134500000.0,9944700000.0,5897900000.0,1.208,-7.785,45293100000.0,743400000.0,44549700000.0,45293100000.0,639600000.0,1545000000.0,0.0,0.022,4.49,8811700000.0,10356700000.0,0.489,10356700000.0,8811700000.0,7749200000.0,7.69,7.61,7.69,-6808800000.0,-6602675000.0,-6808800000.0,201560417248.0,23.0,19.462,5365200000.0,7.043,1.0,11254300000.0,0.531,2580500000.0,1062500000.0,84537900000.0,70856400000.0,44200000.0,1227300000.0,0.0,1227300000.0,53008600000.0,3240000000.0,49768600000.0,158560117248.0,-489000000.0,-58800000.0,-3544900000.0,1956400000.0,-3442100000.0,-5054600000.0,-3276500000.0,0.0,7928800000.0,-86700000.0,5897900000.0,5897900000.0,5897900000.0,0.0,0.0,0.278,2469200000.0,8785100000.0,796800000.0,0.584,-23.288,26.884,27.004,36027000000.0,0.0,207.66,7.48,7.462,2055000000.0,51562500000.0,21199000000.0,21199000000.0,0.0,0.148,-0.893,0.124,0.416,121900000.0,1817800000.0,1.0,763556377.0,761800000.0,768700000.0,27.828,43619300000.0,0.0,1851300000.0,4148800000.0,57.258,675400000.0
9,MCD,MRT,2019-03-31,2019-03-31,2019-03-31,2021-09-07,-2520100000.0,46466600000.0,36509975000.0,4964400000.0,41502200000.0,0.579,-8.564,-2593200000.0,2289100000.0,2289100000.0,10047300000.0,5877300000.0,1.469,-8.093,45289400000.0,767900000.0,44521500000.0,45289400000.0,629800000.0,1511700000.0,0.0,0.023,4.34,8778000000.0,10289700000.0,0.487,10289700000.0,8778000000.0,7759500000.0,7.62,7.54,7.62,-6550900000.0,-6363225000.0,-6550900000.0,175543061347.0,20.0,17.06,4748900000.0,6.209,1.0,11095800000.0,0.525,2317800000.0,1018500000.0,83769500000.0,63908750000.0,40800000.0,1190200000.0,0.0,1190200000.0,53017500000.0,3379600000.0,49637900000.0,145333761347.0,-178900000.0,389000000.0,-4132400000.0,3081000000.0,-3345200000.0,-4422700000.0,-2867300000.0,0.0,7342100000.0,-231000000.0,5877300000.0,5877300000.0,5877300000.0,0.0,0.0,0.278,2322300000.0,8773500000.0,823600000.0,0.57,-22.185,24.728,24.921,35608700000.0,0.0,189.9,6.874,6.87,1992700000.0,50928600000.0,21143100000.0,21143100000.0,0.0,0.161,-0.924,0.137,0.415,116900000.0,1890000000.0,1.0,765317332.0,764900000.0,771600000.0,27.642,44148800000.0,0.0,1882200000.0,4061400000.0,57.718,1584800000.0
10,MCD,MRT,2018-12-31,2018-12-31,2018-12-31,2021-09-07,-2609500000.0,32811200000.0,33324050000.0,4053200000.0,28758000000.0,0.638,-8.042,-2581300000.0,866000000.0,866000000.0,10239200000.0,5924300000.0,1.363,-6.243,31075300000.0,0.0,31075300000.0,31075300000.0,627800000.0,1482000000.0,0.0,0.024,4.19,8797300000.0,10279300000.0,0.484,10279300000.0,8797300000.0,7816100000.0,7.61,7.54,7.61,-6258400000.0,-5905200000.0,-6258400000.0,166211233092.0,19.0,16.17,4385400000.0,5.635,1.0,11018700000.0,0.518,2331500000.0,981200000.0,57715500000.0,57190925000.0,51100000.0,1202800000.0,0.0,1202800000.0,39069600000.0,2973500000.0,36096100000.0,136890533092.0,-1597800000.0,429100000.0,-4804500000.0,2130800000.0,-3255900000.0,-5949600000.0,-2455100000.0,0.0,6966700000.0,-159800000.0,5924300000.0,5924300000.0,5924300000.0,0.0,0.0,0.279,2196100000.0,8822600000.0,1207900000.0,0.551,-21.873,23.107,23.334,22842700000.0,0.0,177.57,6.44,6.5,2441500000.0,50487000000.0,21257900000.0,21257900000.0,0.0,0.178,-1.003,0.154,0.414,125100000.0,1985400000.0,1.0,770910250.0,778200000.0,785600000.0,27.317,30479700000.0,0.0,1891800000.0,3778700000.0,39.167,1079700000.0
11,MCD,MRT,2018-09-30,2018-09-30,2018-09-30,2021-09-07,-2508300000.0,34053700000.0,33572175000.0,5553100000.0,28500600000.0,0.632,-8.79,-2359000000.0,2574500000.0,2574500000.0,10447600000.0,5207700000.0,1.531,-6.013,31895200000.0,0.0,31895200000.0,31895200000.0,617000000.0,1445800000.0,0.0,0.024,4.04,8912000000.0,10357800000.0,0.489,10357800000.0,8912000000.0,7949800000.0,6.67,6.61,6.67,-6792600000.0,-5157600000.0,-6792600000.0,159140050422.0,18.0,15.364,4205400000.0,5.442,1.0,10754800000.0,0.507,2345000000.0,962200000.0,57402700000.0,56663550000.0,41900000.0,1135500000.0,0.0,1135500000.0,40846300000.0,3626700000.0,37219600000.0,129783650422.0,-96700000.0,448800000.0,-4709200000.0,3520400000.0,-3165200000.0,-4385500000.0,-2175200000.0,0.0,6564400000.0,-100400000.0,5207700000.0,5207700000.0,5207700000.0,0.0,0.0,0.246,1787500000.0,8967300000.0,932800000.0,0.606,-19.107,24.921,25.081,22613600000.0,0.0,167.29,6.121,6.098,2266800000.0,49076200000.0,21202400000.0,21202400000.0,0.0,0.155,-1.01,0.157,0.42,133700000.0,2208000000.0,1.0,775800409.0,772800000.0,779600000.0,27.436,31708700000.0,0.0,2742100000.0,3994600000.0,41.031,1926400000.0
12,MCD,MRT,2018-06-30,2018-06-30,2018-06-30,2021-09-07,-2435000000.0,32708400000.0,33198650000.0,4355600000.0,28352800000.0,0.65,-7.501,-2024200000.0,1623500000.0,1623500000.0,10837400000.0,5454100000.0,1.466,-6.59,30979900000.0,292200000.0,30687700000.0,30979900000.0,606700000.0,1426500000.0,0.0,0.025,3.97,9559400000.0,10985900000.0,0.509,10985900000.0,9559400000.0,8610600000.0,6.89,6.83,6.89,-5851000000.0,-4328850000.0,-5851000000.0,151430946493.0,16.0,13.784,3753600000.0,4.812,1.0,10750200000.0,0.498,2347200000.0,948800000.0,56747300000.0,55411200000.0,49600000.0,1127600000.0,0.0,1127600000.0,38559400000.0,2970300000.0,35589100000.0,123029446493.0,-922300000.0,1957600000.0,-5736900000.0,2472800000.0,-3140700000.0,-6427500000.0,-279200000.0,0.0,5777800000.0,6600000.0,5454100000.0,5454100000.0,5454100000.0,0.0,0.0,0.253,1121200000.0,9629000000.0,917900000.0,0.576,-21.027,22.557,22.742,22361200000.0,0.0,156.69,5.699,5.662,2217200000.0,49106700000.0,21587600000.0,21587600000.0,0.0,0.164,-1.26,0.173,0.443,137200000.0,2259800000.0,1.0,785177398.0,780000000.0,787100000.0,27.676,30361200000.0,0.0,3156500000.0,3650400000.0,38.925,1385300000.0
13,MCD,MRT,2018-03-31,2018-03-31,2018-03-31,2021-09-07,-2146500000.0,33722900000.0,33217850000.0,4909300000.0,28813600000.0,0.671,-5.966,-1805600000.0,2468000000.0,2468000000.0,11564300000.0,5352900000.0,1.74,-8.146,30869500000.0,0.0,30869500000.0,30869500000.0,607400000.0,1401000000.0,0.0,0.025,3.9,9593400000.0,10994400000.0,0.493,10994400000.0,9593400000.0,8653900000.0,6.69,6.63,6.69,-4718800000.0,-3366250000.0,-4718800000.0,151316178474.0,16.0,13.763,3846800000.0,4.864,1.0,10719100000.0,0.481,2404800000.0,939500000.0,56898200000.0,54640650000.0,53800000.0,1147400000.0,0.0,1147400000.0,38441700000.0,2821400000.0,35620300000.0,124243578474.0,-79000000.0,2115100000.0,-5154700000.0,2260200000.0,-3116100000.0,-6029800000.0,64800000.0,0.0,5652400000.0,233600000.0,5352900000.0,5352900000.0,5352900000.0,0.0,0.0,0.24,1057300000.0,9661800000.0,779900000.0,0.583,-26.329,23.211,23.375,22704000000.0,0.0,156.38,5.576,5.55,1951600000.0,48396500000.0,22283400000.0,22283400000.0,0.0,0.161,-1.59,0.176,0.431,134600000.0,2243100000.0,1.0,794497880.0,790900000.0,798700000.0,28.175,31318100000.0,0.0,3301000000.0,3760100000.0,39.598,2087900000.0
14,MCD,MRT,2017-12-31,2017-12-31,2017-12-31,2021-09-07,-2178400000.0,33803700000.0,32817200000.0,5327200000.0,28476500000.0,0.695,-4.048,-1686900000.0,2463800000.0,2463800000.0,12199600000.0,5192300000.0,1.843,-11.344,29536400000.0,0.0,29536400000.0,29536400000.0,0.0,1363400000.0,0.0,0.022,3.83,9494800000.0,10858200000.0,0.476,10858200000.0,9494800000.0,8573500000.0,6.43,6.37,6.43,-3268000000.0,-2694250000.0,-3268000000.0,163158783407.0,17.0,15.026,3864300000.0,4.786,1.0,10620800000.0,0.465,2379700000.0,921300000.0,55606000000.0,53264925000.0,58800000.0,1085700000.0,0.0,1085700000.0,37071700000.0,2890600000.0,34181100000.0,137211583407.0,1066400000.0,2494800000.0,-4228900000.0,2027800000.0,-3089200000.0,-5310800000.0,562000000.0,0.0,5551200000.0,264000000.0,5192300000.0,5192300000.0,5192300000.0,0.0,0.0,0.228,1068100000.0,9552700000.0,924800000.0,0.596,-41.986,26.426,26.768,22448300000.0,0.0,172.12,6.013,6.09,1976200000.0,48325800000.0,22820400000.0,22820400000.0,0.0,0.158,-1.927,0.178,0.416,117500000.0,2231300000.0,1.0,797185588.0,807400000.0,815500000.0,28.264,31424000000.0,0.0,3381200000.0,4031500000.0,38.92,2436600000.0
15,MCD,MRT,2017-09-30,2017-09-30,2017-09-30,2021-09-07,-2236700000.0,32559600000.0,32122250000.0,4790300000.0,27769300000.0,0.732,-4.318,-1703800000.0,2671200000.0,2671200000.0,12995600000.0,5687000000.0,1.281,-10.363,28618400000.0,215800000.0,28402600000.0,28618400000.0,0.0,1399500000.0,0.0,0.024,3.76,9330700000.0,10730200000.0,0.456,10730200000.0,9330700000.0,8423300000.0,6.99,6.92,6.99,-3477600000.0,-2428325000.0,-3477600000.0,152878669325.0,16.0,14.248,3553000000.0,4.412,1.0,10513500000.0,0.447,2373300000.0,907400000.0,52393300000.0,51851275000.0,54200000.0,999800000.0,0.0,999800000.0,36037200000.0,3740200000.0,32297000000.0,126910269325.0,404500000.0,2909900000.0,-5023600000.0,2149300000.0,-3060400000.0,-5934900000.0,995100000.0,0.0,5256800000.0,87500000.0,5687000000.0,5687000000.0,5687000000.0,0.0,0.0,0.242,1136000000.0,9377500000.0,685200000.0,0.538,-36.494,22.316,22.415,21978600000.0,0.0,156.68,5.398,5.367,1569000000.0,47631500000.0,23509100000.0,23509100000.0,0.0,0.177,-2.342,0.18,0.397,112700000.0,2241200000.0,1.0,809996613.0,805300000.0,813500000.0,29.193,30186300000.0,0.0,2736300000.0,2241500000.0,37.485,1050100000.0
16,MCD,MRT,2017-06-30,2017-06-30,2017-06-30,2021-09-07,-2486400000.0,32785200000.0,32104075000.0,5892500000.0,26892700000.0,0.753,-2.465,-1734600000.0,2392400000.0,2392400000.0,13735600000.0,5078700000.0,2.148,-17.388,28360800000.0,209900000.0,28150900000.0,28360800000.0,0.0,1414300000.0,0.0,0.024,3.71,8400400000.0,9814700000.0,0.406,9814700000.0,8400400000.0,7508300000.0,6.17,6.1,6.17,-2000600000.0,-1964950000.0,-2000600000.0,149631046931.0,18.0,15.246,4088800000.0,5.038,1.0,10443000000.0,0.432,2345200000.0,892100000.0,53665100000.0,51064400000.0,56700000.0,779700000.0,0.0,779700000.0,34785800000.0,2743300000.0,32042500000.0,124836146931.0,-582200000.0,1418900000.0,-4958100000.0,2123200000.0,-3050200000.0,-5900600000.0,-530700000.0,0.0,5823400000.0,25700000.0,5078700000.0,5078700000.0,5078700000.0,0.0,0.0,0.21,2007600000.0,8435400000.0,536000000.0,0.601,-62.399,24.58,24.823,21689300000.0,0.0,153.16,5.163,5.141,1457300000.0,47300600000.0,24178600000.0,24178600000.0,0.0,0.158,-2.585,0.165,0.347,107500000.0,2257100000.0,1.0,815070168.0,811600000.0,819200000.0,29.791,30440000000.0,0.0,2429600000.0,2159500000.0,37.506,3149200000.0
17,MCD,MRT,2017-03-31,2017-03-31,2017-03-31,2021-09-07,-2705000000.0,32120300000.0,32194400000.0,5907200000.0,26213100000.0,0.758,-2.48,-1721900000.0,2412200000.0,2412200000.0,14073300000.0,4776500000.0,1.834,-16.817,27207100000.0,222900000.0,26984200000.0,27207100000.0,0.0,1458100000.0,0.0,0.028,3.66,7982200000.0,9440300000.0,0.387,9440300000.0,7982200000.0,7097100000.0,5.72,5.65,5.72,-2030800000.0,-1304800000.0,-2030800000.0,130882006319.0,16.0,13.864,4136500000.0,5.052,1.0,10320600000.0,0.423,2299200000.0,885100000.0,51395300000.0,50363800000.0,56800000.0,766500000.0,0.0,766500000.0,34151100000.0,3220700000.0,30930400000.0,106149706319.0,-763100000.0,1274200000.0,-7323000000.0,4514500000.0,-3048000000.0,-5870900000.0,-587600000.0,0.0,5858400000.0,-163000000.0,4776500000.0,4776500000.0,4776500000.0,0.0,0.0,0.196,2322400000.0,7998200000.0,678400000.0,0.64,-52.27,22.223,22.659,21214100000.0,0.0,129.61,4.351,4.35,1336700000.0,46666900000.0,24393900000.0,24393900000.0,0.0,0.148,-3.661,0.158,0.327,113500000.0,2327800000.0,1.0,818993182.0,818800000.0,825200000.0,29.792,29821100000.0,0.0,2320600000.0,2579900000.0,36.42,2686500000.0
18,MCD,MRT,2016-12-31,2016-12-31,2016-12-31,2021-09-07,-3092900000.0,31023900000.0,32613175000.0,4848600000.0,26175300000.0,0.755,-2.58,-1738200000.0,1223400000.0,1223400000.0,14417200000.0,4686500000.0,1.398,-15.074,25955700000.0,77200000.0,25878500000.0,25955700000.0,0.0,1516500000.0,0.0,0.03,3.61,7750800000.0,9267300000.0,0.376,9267300000.0,7750800000.0,6866000000.0,5.49,5.44,5.49,-2204300000.0,168650000.0,-2204300000.0,124821898278.0,16.0,13.469,4321400000.0,5.058,1.0,10204700000.0,0.414,2336500000.0,884800000.0,49951400000.0,49617325000.0,58900000.0,725900000.0,0.0,725900000.0,33228200000.0,3468300000.0,29759900000.0,101081598278.0,-6288100000.0,866100000.0,-10871600000.0,2670400000.0,-3058200000.0,-11262400000.0,-981600000.0,0.0,6059600000.0,-103700000.0,4686500000.0,4686500000.0,4686500000.0,0.0,0.0,0.19,2460200000.0,7744500000.0,756000000.0,0.658,-45.857,21.569,22.171,21257600000.0,0.0,121.72,4.105,4.224,1474100000.0,46222700000.0,24621900000.0,24621900000.0,0.0,0.144,27.788,0.156,0.315,131300000.0,2384500000.0,1.0,830443627.0,854400000.0,861200000.0,28.818,28687400000.0,0.0,2179500000.0,3361200000.0,33.576,1380300000.0
19,MCD,MRT,2016-09-30,2016-09-30,2016-09-30,2021-09-07,-2622600000.0,32486900000.0,34341875000.0,4302100000.0,28184800000.0,0.726,-1.93,-1474000000.0,2266700000.0,2266700000.0,14781300000.0,4699300000.0,0.961,-21.003,26007000000.0,0.0,26007000000.0,26007000000.0,0.0,1527300000.0,0.0,0.031,3.56,7686400000.0,9213700000.0,0.37,9213700000.0,7686400000.0,6841900000.0,5.37,5.31,5.37,-1624100000.0,2491700000.0,-1624100000.0,121325838936.0,16.0,13.168,5149400000.0,6.12,1.0,10153000000.0,0.407,2504700000.0,844500000.0,49245800000.0,49356625000.0,90500000.0,878000000.0,0.0,878000000.0,34111000000.0,4476700000.0,29634300000.0,98443838936.0,-185800000.0,429800000.0,-10811100000.0,8257700000.0,-3099100000.0,-5671600000.0,-1116500000.0,0.0,6623400000.0,-21100000.0,4699300000.0,4699300000.0,4699300000.0,0.0,0.0,0.188,2497100000.0,7655900000.0,852200000.0,0.663,-60.614,20.949,21.482,22985700000.0,0.0,115.36,3.948,3.893,1349800000.0,45030000000.0,24934300000.0,24934300000.0,0.0,0.137,1.886,0.156,0.308,135400000.0,2432100000.0,1.0,853361988.0,841400000.0,847700000.0,29.634,29982200000.0,0.0,2142600000.0,2235400000.0,35.634,-174600000.0
20,MCD,MRT,2016-06-30,2016-06-30,2016-06-30,2021-09-07,-2674800000.0,33146500000.0,34460025000.0,5046600000.0,28099900000.0,0.729,0.741,-1498200000.0,3128000000.0,3128000000.0,15128000000.0,4733100000.0,1.892,50.791,26010000000.0,0.0,26010000000.0,26010000000.0,0.0,1544400000.0,0.0,0.029,3.52,7599800000.0,9144200000.0,0.364,9144200000.0,7599800000.0,6815800000.0,5.26,5.21,5.26,640000000.0,4975175000.0,640000000.0,125683875281.0,17.0,13.745,4821500000.0,5.58,1.0,9997300000.0,0.398,2498600000.0,784000000.0,50862700000.0,47785025000.0,87400000.0,852100000.0,0.0,852100000.0,32506500000.0,2667200000.0,29839300000.0,105641375281.0,-870500000.0,380900000.0,-11234000000.0,8508200000.0,-3143100000.0,-5874500000.0,-1183900000.0,0.0,6319700000.0,-131800000.0,4733100000.0,4733100000.0,4733100000.0,0.0,0.0,0.188,2448400000.0,7548900000.0,574600000.0,0.669,165.065,22.32,22.878,22849900000.0,0.0,120.34,4.205,4.138,1267100000.0,45272500000.0,25125300000.0,25125300000.0,0.0,0.137,0.951,0.159,0.302,130100000.0,2433200000.0,1.0,877857531.0,864000000.0,871200000.0,29.08,30647900000.0,0.0,2082700000.0,2142700000.0,35.472,2379400000.0
21,MCD,MRT,2016-03-31,2016-03-31,2016-03-31,2021-09-07,-2402600000.0,33795400000.0,34910375000.0,5051600000.0,28743800000.0,0.726,4.346,-1586900000.0,3310100000.0,3310100000.0,15456300000.0,4842600000.0,1.767,7.748,23352600000.0,0.0,23352600000.0,23352600000.0,0.0,1553300000.0,0.0,0.028,3.48,7587300000.0,9140600000.0,0.36,9140600000.0,7587300000.0,6878000000.0,5.25,5.22,5.25,3863000000.0,7455400000.0,3863000000.0,129750679364.0,17.0,14.195,4997900000.0,5.623,1.0,9901700000.0,0.39,2569800000.0,709300000.0,48409400000.0,45935025000.0,93700000.0,820100000.0,0.0,820100000.0,29932400000.0,2858700000.0,27073700000.0,113314079364.0,1675300000.0,287500000.0,-9454600000.0,9022600000.0,-3194800000.0,-3650100000.0,-1326700000.0,0.0,6584800000.0,67300000.0,4842600000.0,4842600000.0,4842600000.0,0.0,0.0,0.191,2361400000.0,7540300000.0,654500000.0,0.663,29.333,23.399,23.939,23421800000.0,0.0,125.68,4.469,4.406,1162100000.0,44912400000.0,25358000000.0,25358000000.0,0.0,0.139,0.65,0.165,0.299,130500000.0,2429500000.0,1.0,901607888.0,888900000.0,896300000.0,28.527,31225600000.0,0.0,2035400000.0,2301500000.0,35.128,2192900000.0
22,MCD,MRT,2015-12-31,2015-12-31,2015-12-31,2021-09-07,-2879800000.0,37938700000.0,34500425000.0,9643000000.0,28295700000.0,0.737,7.545,-1600800000.0,7685500000.0,7685500000.0,15623800000.0,4529300000.0,3.268,4.353,24122100000.0,0.0,24122100000.0,24122100000.0,0.0,1555700000.0,0.0,0.029,3.44,7194000000.0,8749700000.0,0.344,8749700000.0,7194000000.0,6555700000.0,4.82,4.8,4.82,7087900000.0,9340475000.0,7087900000.0,124017671289.0,17.0,14.174,4938300000.0,5.257,1.0,9789200000.0,0.385,2516300000.0,638300000.0,48908600000.0,43699475000.0,100100000.0,792700000.0,0.0,792700000.0,30850800000.0,2950400000.0,27900400000.0,108479671289.0,5607600000.0,200500000.0,-5782000000.0,9755200000.0,-3230300000.0,735300000.0,-1420000000.0,0.0,6539100000.0,-246800000.0,4529300000.0,4529300000.0,4529300000.0,0.0,0.0,0.178,2643700000.0,7145500000.0,874700000.0,0.714,15.305,23.951,24.51,23117600000.0,0.0,118.14,4.269,4.367,1298700000.0,44594500000.0,25413000000.0,25413000000.0,0.0,0.131,0.485,0.165,0.283,110000000.0,2434300000.0,1.0,918229823.0,939400000.0,944600000.0,27.052,35422400000.0,0.0,2026400000.0,2168100000.0,37.707,6692600000.0
23,MCD,MRT,2015-09-30,2015-09-30,2015-09-30,2021-09-07,-2607500000.0,32959500000.0,33572600000.0,4492600000.0,28466900000.0,0.764,8.932,-1900500000.0,2452500000.0,2452500000.0,15887100000.0,4420600000.0,1.52,2.966,17990500000.0,0.0,17990500000.0,17990500000.0,0.0,1573500000.0,0.0,0.035,3.4,7052100000.0,8625600000.0,0.336,8625600000.0,7052100000.0,6441000000.0,4.64,4.63,4.64,8309800000.0,10781850000.0,8309800000.0,106699662652.0,15.0,12.37,4763000000.0,5.12,1.0,9756800000.0,0.38,2581600000.0,611100000.0,42959400000.0,41872825000.0,99300000.0,846700000.0,0.0,846700000.0,24649700000.0,2956500000.0,21693200000.0,92796562652.0,-373300000.0,139600000.0,-5460300000.0,3431300000.0,-3237200000.0,-5256100000.0,-1413200000.0,0.0,6663500000.0,-367500000.0,4420600000.0,4420600000.0,4420600000.0,0.0,0.0,0.172,2740000000.0,7016800000.0,802600000.0,0.733,11.167,20.992,21.235,23239400000.0,0.0,98.53,3.619,3.574,1136200000.0,44202000000.0,25643900000.0,25643900000.0,0.0,0.132,0.41,0.168,0.275,114400000.0,2421700000.0,1.0,941810237.0,930300000.0,934800000.0,27.565,30377900000.0,0.0,2020400000.0,2136700000.0,32.654,1536100000.0
24,MCD,MRT,2015-06-30,2015-06-30,2015-06-30,2021-09-07,-2110000000.0,34947900000.0,34337925000.0,5972200000.0,28975700000.0,0.758,11.079,-2146700000.0,3998500000.0,3998500000.0,16169200000.0,4179800000.0,2.163,2.309,17901600000.0,0.0,17901600000.0,17901600000.0,0.0,1599200000.0,0.0,0.035,3.36,7083200000.0,8682400000.0,0.334,8682400000.0,7083200000.0,6483700000.0,4.32,4.32,4.32,10560900000.0,12110875000.0,10560900000.0,103783010592.0,15.0,11.953,4402300000.0,4.618,1.0,9846700000.0,0.378,2627500000.0,599500000.0,43462700000.0,41466575000.0,102300000.0,860300000.0,0.0,860300000.0,24387000000.0,2760800000.0,21626200000.0,91126010592.0,327900000.0,173300000.0,-4008500000.0,3413500000.0,-3241100000.0,-3819900000.0,-1777300000.0,0.0,6549000000.0,-623900000.0,4179800000.0,4179800000.0,4179800000.0,0.0,0.0,0.161,2787700000.0,7059000000.0,840100000.0,0.778,8.629,21.802,22.007,23691200000.0,0.0,95.07,3.503,3.483,1178600000.0,43681600000.0,26015900000.0,26015900000.0,0.0,0.122,0.345,0.171,0.272,108700000.0,2413500000.0,1.0,958514890.0,953200000.0,957600000.0,27.293,32320400000.0,0.0,2303900000.0,2023200000.0,33.907,3211400000.0
25,MCD,MRT,2015-03-31,2015-03-31,2015-03-31,2021-09-07,-2482000000.0,32155600000.0,35046100000.0,3592800000.0,28562800000.0,0.762,11.871,-2320400000.0,1634800000.0,1634800000.0,16559300000.0,4364500000.0,1.306,1.82,14291800000.0,0.0,14291800000.0,14291800000.0,0.0,1620200000.0,0.0,0.034,3.32,7431000000.0,9051200000.0,0.339,9051200000.0,7431000000.0,6842800000.0,4.46,4.46,4.46,11403300000.0,13509375000.0,11403300000.0,106563203107.0,14.0,11.773,4202100000.0,4.374,1.0,10140600000.0,0.38,2593500000.0,588200000.0,39467200000.0,41412550000.0,98800000.0,900500000.0,0.0,900500000.0,20752300000.0,2751900000.0,18000400000.0,93651403107.0,-1109000000.0,201500000.0,-3117900000.0,1448200000.0,-3230700000.0,-4856500000.0,-2045900000.0,0.0,6522500000.0,-729100000.0,4364500000.0,4364500000.0,4364500000.0,0.0,0.0,0.163,2741900000.0,7398700000.0,702000000.0,0.744,8.213,21.458,21.848,23301700000.0,0.0,97.44,3.508,3.506,1091800000.0,43290000000.0,26699900000.0,26699900000.0,0.0,0.125,0.323,0.179,0.278,107500000.0,2450300000.0,1.0,961118669.0,960600000.0,965500000.0,27.795,29562100000.0,0.0,2478300000.0,2400100000.0,30.775,840900000.0
26,MCD,MRT,2014-12-31,2014-12-31,2014-12-31,2021-09-07,-1519700000.0,34227400000.0,36099475000.0,4185500000.0,30041900000.0,0.76,13.109,-2496600000.0,2077900000.0,2077900000.0,16985600000.0,4757800000.0,1.523,1.663,14935700000.0,0.0,14935700000.0,14935700000.0,0.0,1644500000.0,0.0,0.035,3.28,7948400000.0,9592900000.0,0.35,9592900000.0,7948400000.0,7372000000.0,4.85,4.82,4.85,12853400000.0,14695475000.0,12853400000.0,103493579475.0,13.0,10.789,4233700000.0,4.318,1.0,10455700000.0,0.381,2735300000.0,576400000.0,41602000000.0,41935600000.0,110000000.0,1004500000.0,0.0,1004500000.0,21374000000.0,2747900000.0,18626100000.0,91189179475.0,-720800000.0,232600000.0,-2963200000.0,1502900000.0,-3216100000.0,-4618300000.0,-2304900000.0,0.0,6730300000.0,-527900000.0,4757800000.0,4757800000.0,4757800000.0,0.0,0.0,0.173,2506500000.0,7949200000.0,860100000.0,0.676,7.095,19.166,19.32,24557500000.0,0.0,93.7,3.323,3.348,1214400000.0,43294500000.0,27441300000.0,27441300000.0,0.0,0.132,0.324,0.19,0.29,112800000.0,2487900000.0,1.0,973203623.0,980500000.0,986300000.0,27.987,31492100000.0,0.0,2614200000.0,2121300000.0,32.118,1437600000.0
27,MCD,MRT,2014-09-30,2014-09-30,2014-09-30,2021-09-07,-596300000.0,36020800000.0,36699200000.0,5210400000.0,30810400000.0,0.762,13.922,-2721300000.0,2825800000.0,2825800000.0,17237900000.0,5057300000.0,1.247,1.644,15130200000.0,613300000.0,14516900000.0,15130200000.0,0.0,1645600000.0,0.0,0.034,3.24,8393200000.0,10038800000.0,0.359,10038800000.0,8393200000.0,7831100000.0,5.11,5.09,5.11,13625900000.0,15484550000.0,13625900000.0,104856716080.0,12.0,10.445,4379400000.0,4.475,1.0,10724400000.0,0.384,2811200000.0,562100000.0,41334400000.0,42013775000.0,105000000.0,1513900000.0,407500000.0,1106400000.0,22394900000.0,4179600000.0,18215300000.0,93096716080.0,281500000.0,362200000.0,-2361100000.0,2005700000.0,-3199100000.0,-3494000000.0,-3013500000.0,0.0,7100700000.0,-311700000.0,5057300000.0,5057300000.0,5057300000.0,0.0,0.0,0.181,2326500000.0,8397900000.0,847300000.0,0.634,6.832,18.408,18.554,24985300000.0,0.0,94.81,3.329,3.318,1226700000.0,42201800000.0,27962300000.0,27962300000.0,0.0,0.138,0.327,0.2,0.3,95300000.0,2453200000.0,1.0,981929291.0,978700000.0,983800000.0,28.571,33209600000.0,0.0,2773800000.0,2018200000.0,33.932,1030800000.0
28,MCD,MRT,2014-06-30,2014-06-30,2014-06-30,2021-09-07,551900000.0,37780600000.0,36581825000.0,5913700000.0,31866900000.0,0.774,16.361,-2749500000.0,3670600000.0,3670600000.0,17344800000.0,5511100000.0,1.744,1.339,15430600000.0,539200000.0,14891400000.0,15430600000.0,0.0,1626700000.0,0.0,0.032,3.2,8725900000.0,10352600000.0,0.366,10352600000.0,8725900000.0,8182600000.0,5.55,5.52,5.55,16154900000.0,15869300000.0,16154900000.0,110756152858.0,13.0,10.698,4568800000.0,4.627,1.0,10953800000.0,0.387,2902300000.0,543300000.0,43246600000.0,41634850000.0,110700000.0,1231600000.0,0.0,1231600000.0,21625700000.0,3391700000.0,18234000000.0,99573152858.0,1392200000.0,367400000.0,-1932200000.0,1790300000.0,-3173600000.0,-3253200000.0,-2816500000.0,0.0,7318300000.0,143600000.0,5511100000.0,5511100000.0,5511100000.0,0.0,0.0,0.195,2211700000.0,8742100000.0,965100000.0,0.577,6.164,18.068,18.151,25877300000.0,0.0,100.74,3.519,3.515,1294500000.0,42741500000.0,28298600000.0,28298600000.0,0.0,0.151,0.347,0.21,0.308,94700000.0,2431700000.0,1.0,988417241.0,987400000.0,993200000.0,28.66,34878300000.0,0.0,2671500000.0,2080600000.0,35.323,2522000000.0
29,MCD,MRT,2014-03-31,2014-03-31,2014-03-31,2021-09-07,444300000.0,36369100000.0,35750025000.0,4836300000.0,31532800000.0,0.789,16.317,-2759300000.0,2743800000.0,2743800000.0,17266000000.0,5520500000.0,1.559,1.252,13926800000.0,101400000.0,13825400000.0,13926800000.0,0.0,1604400000.0,0.0,0.032,3.16,8706200000.0,10310600000.0,0.366,10310600000.0,8706200000.0,8171000000.0,5.54,5.5,5.54,16147700000.0,15623250000.0,16147700000.0,108369171093.0,12.0,10.51,4581800000.0,4.63,1.0,10934700000.0,0.388,2891500000.0,535200000.0,41559400000.0,40813500000.0,106200000.0,1223800000.0,0.0,1223800000.0,20221400000.0,3101200000.0,17120200000.0,97038071093.0,874500000.0,292300000.0,-1671100000.0,922600000.0,-3144100000.0,-3829200000.0,-2757500000.0,0.0,7341100000.0,120100000.0,5520500000.0,5520500000.0,5520500000.0,0.0,0.0,0.196,2183900000.0,8750800000.0,828100000.0,0.57,6.009,17.578,17.695,25650000000.0,0.0,98.03,3.441,3.44,1229700000.0,42154700000.0,28200700000.0,28200700000.0,0.0,0.154,0.353,0.213,0.309,91600000.0,2409500000.0,1.0,989881374.0,989600000.0,995900000.0,28.497,33477600000.0,0.0,2650500000.0,2409400000.0,33.829,1735100000.0
30,MCD,MRT,2013-12-31,2013-12-31,2013-12-31,2021-09-07,427600000.0,36626300000.0,35188700000.0,5050100000.0,31576200000.0,0.799,16.035,-2824700000.0,2798700000.0,2798700000.0,17203000000.0,5585900000.0,1.593,1.288,14129800000.0,0.0,14129800000.0,14129800000.0,0.0,1585100000.0,0.0,0.032,3.12,8732300000.0,10317400000.0,0.367,10317400000.0,8732300000.0,8204500000.0,5.59,5.55,5.59,16009700000.0,15393375000.0,16009700000.0,107491276813.0,12.0,10.418,4296000000.0,4.303,1.0,10902700000.0,0.388,2872700000.0,527800000.0,41914700000.0,40235100000.0,123700000.0,1209100000.0,0.0,1209100000.0,20616600000.0,3170000000.0,17446600000.0,96547776813.0,462600000.0,259100000.0,-1544500000.0,535300000.0,-3114600000.0,-4043000000.0,-2673800000.0,0.0,7120700000.0,58700000.0,5585900000.0,5585900000.0,5585900000.0,0.0,0.0,0.199,2138400000.0,8764300000.0,1086000000.0,0.558,6.031,17.284,17.358,25747300000.0,0.0,97.03,3.435,3.447,1319800000.0,41751200000.0,28105700000.0,28105700000.0,0.0,0.159,0.363,0.217,0.311,89100000.0,2385600000.0,1.0,995030164.0,998400000.0,1006000000.0,28.151,33753600000.0,0.0,2618600000.0,2246300000.0,33.808,1880100000.0
31,MCD,MRT,2013-09-30,2013-09-30,2013-09-30,2021-09-07,516600000.0,35551300000.0,34878750000.0,4734100000.0,30817200000.0,0.802,15.206,-2916300000.0,2544300000.0,2544300000.0,17076400000.0,5585000000.0,1.239,1.344,13487800000.0,0.0,13487800000.0,13487800000.0,0.0,1562500000.0,0.0,0.032,3.08,8735300000.0,10297800000.0,0.368,10297800000.0,8735300000.0,8217300000.0,5.58,5.54,5.58,15164900000.0,15214350000.0,15164900000.0,107267317704.0,12.0,10.417,4181000000.0,4.192,1.0,10888200000.0,0.389,2853800000.0,518000000.0,39818700000.0,39875375000.0,113100000.0,1262500000.0,0.0,1262500000.0,20386400000.0,3822300000.0,16564100000.0,96175917704.0,365800000.0,252200000.0,-1354800000.0,322400000.0,-3082000000.0,-4002100000.0,-2826800000.0,0.0,7097300000.0,97400000.0,5585000000.0,5585000000.0,5585000000.0,0.0,0.0,0.2,2126500000.0,8761700000.0,858300000.0,0.552,6.342,17.22,17.242,25081500000.0,0.0,96.21,3.439,3.431,1285300000.0,40354600000.0,27964600000.0,27964600000.0,0.0,0.16,0.367,0.219,0.312,92100000.0,2382300000.0,1.0,999645751.0,997300000.0,1004200000.0,28.04,32697500000.0,0.0,2632300000.0,2225000000.0,32.786,911800000.0
32,MCD,MRT,2013-06-30,2013-06-30,2013-06-30,2021-09-07,29200000.0,34453400000.0,34447050000.0,4632100000.0,29821300000.0,0.807,15.149,-2982400000.0,2278400000.0,2278400000.0,16961400000.0,5517800000.0,1.651,1.271,13369800000.0,0.0,13369800000.0,13369800000.0,0.0,1539900000.0,0.0,0.03,3.01,8613900000.0,10153800000.0,0.365,10153800000.0,8613900000.0,8098300000.0,5.5,5.45,5.5,15170700000.0,14894150000.0,15170700000.0,110180943179.0,13.0,10.851,4063800000.0,4.058,1.0,10832200000.0,0.39,2778600000.0,515600000.0,39961200000.0,39424350000.0,107800000.0,1239800000.0,0.0,1239800000.0,19282700000.0,2805000000.0,16477700000.0,99252343179.0,-206200000.0,222900000.0,-1446600000.0,10900000.0,-3018300000.0,-4318600000.0,-2964900000.0,0.0,7046200000.0,31100000.0,5517800000.0,5517800000.0,5517800000.0,0.0,0.0,0.199,2200000000.0,8632200000.0,805200000.0,0.547,6.542,17.988,18.0,24280400000.0,0.0,99.0,3.571,3.567,1301900000.0,40402400000.0,27793600000.0,27793600000.0,0.0,0.16,0.37,0.218,0.31,91900000.0,2448900000.0,1.0,1002548921.0,1001400000.0,1008700000.0,27.755,31674800000.0,0.0,2580500000.0,2270600000.0,31.631,1827100000.0
33,MCD,MRT,2013-03-31,2013-03-31,2013-03-31,2021-09-07,393800000.0,34123800000.0,34166800000.0,4191200000.0,29932600000.0,0.809,15.187,-3095000000.0,1869300000.0,1869300000.0,16842800000.0,5468300000.0,1.389,1.241,12797900000.0,0.0,12797900000.0,12797900000.0,0.0,1514900000.0,0.0,0.029,2.94,8564100000.0,10079000000.0,0.365,10079000000.0,8564100000.0,8048300000.0,5.44,5.39,5.44,15228200000.0,14610250000.0,15228200000.0,111264711452.0,13.0,11.039,3924500000.0,3.914,1.0,10782900000.0,0.39,2789500000.0,515800000.0,39245800000.0,38963575000.0,105200000.0,1290400000.0,0.0,1290400000.0,18895600000.0,3017100000.0,15878500000.0,99968311452.0,-419800000.0,272000000.0,-1784800000.0,315000000.0,-2956500000.0,-4287300000.0,-3094400000.0,0.0,7019500000.0,-57600000.0,5468300000.0,5468300000.0,5468300000.0,0.0,0.0,0.198,2193400000.0,8589500000.0,831600000.0,0.54,6.565,18.281,18.325,24290100000.0,0.0,99.69,3.619,3.618,1230000000.0,39776400000.0,27625700000.0,27625700000.0,0.0,0.16,0.374,0.22,0.31,89700000.0,2459200000.0,1.0,1002791769.0,1002700000.0,1010800000.0,27.551,31334300000.0,0.0,2580000000.0,2534900000.0,31.25,1174100000.0
34,MCD,MRT,2012-12-31,2012-12-31,2012-12-31,2021-09-07,796400000.0,35386500000.0,33969400000.0,4922100000.0,30464400000.0,0.812,15.141,-3049200000.0,2336100000.0,2336100000.0,16750700000.0,5464800000.0,1.446,1.314,13632500000.0,0.0,13632500000.0,13632500000.0,0.0,1488500000.0,0.0,0.033,2.87,8595600000.0,10084100000.0,0.366,10084100000.0,8595600000.0,8079000000.0,5.41,5.36,5.41,15293600000.0,14468325000.0,15293600000.0,99646378797.0,12.0,9.882,3916900000.0,3.878,1.0,10816300000.0,0.392,2804000000.0,516600000.0,40475800000.0,38517000000.0,121700000.0,1380500000.0,0.0,1380500000.0,20092900000.0,3403100000.0,16689800000.0,88560778797.0,400000.0,236200000.0,-2286500000.0,1204600000.0,-2896600000.0,-3849800000.0,-3167300000.0,0.0,6966100000.0,51400000.0,5464800000.0,5464800000.0,5464800000.0,0.0,0.0,0.198,2211700000.0,8604600000.0,1141900000.0,0.53,5.791,16.206,16.305,24677200000.0,0.0,88.21,3.213,3.232,1375300000.0,39278000000.0,27567000000.0,27567000000.0,0.0,0.161,0.378,0.223,0.312,93400000.0,2455200000.0,1.0,1003976633.0,1010100000.0,1020200000.0,27.291,32582500000.0,0.0,2614200000.0,2200500000.0,32.257,1519000000.0
35,MCD,MRT,2012-09-30,2012-09-30,2012-09-30,2021-09-07,609500000.0,33824500000.0,33370250000.0,4207900000.0,29616600000.0,0.822,13.8,-2992000000.0,2178500000.0,2178500000.0,16636000000.0,5445300000.0,1.014,1.436,13264100000.0,512100000.0,12752000000.0,13264100000.0,0.0,1470000000.0,0.0,0.031,2.8,8508600000.0,9978600000.0,0.364,9978600000.0,8508600000.0,7994700000.0,5.37,5.31,5.37,13884100000.0,14242475000.0,13884100000.0,103612273243.0,12.0,10.383,3908600000.0,3.885,1.0,10801600000.0,0.394,2744200000.0,513900000.0,38014600000.0,37646100000.0,109100000.0,1460300000.0,0.0,1460300000.0,19940400000.0,4151300000.0,15789100000.0,92523573243.0,-210300000.0,182900000.0,-2302300000.0,859500000.0,-2840800000.0,-4160200000.0,-2905500000.0,0.0,6900600000.0,-45200000.0,5445300000.0,5445300000.0,5445300000.0,0.0,0.0,0.198,2274800000.0,8526800000.0,833600000.0,0.521,6.664,16.991,17.086,23751700000.0,0.0,91.75,3.372,3.364,1277300000.0,37882500000.0,27437600000.0,27437600000.0,0.0,0.163,0.382,0.226,0.31,91100000.0,2491900000.0,1.0,1008431316.0,1006100000.0,1015400000.0,27.271,31080300000.0,0.0,2549400000.0,1978200000.0,30.892,56600000.0
36,MCD,MRT,2012-06-30,2012-06-30,2012-06-30,2021-09-07,284800000.0,33332400000.0,32983500000.0,4500100000.0,28832300000.0,0.832,13.844,-2931100000.0,2484600000.0,2484600000.0,16597700000.0,5497600000.0,1.242,1.375,13573300000.0,852900000.0,12720400000.0,13573300000.0,0.0,1456400000.0,0.0,0.031,2.71,8614100000.0,10070500000.0,0.367,10070500000.0,8614100000.0,8104300000.0,5.39,5.33,5.39,14035100000.0,14106000000.0,14035100000.0,100458959226.0,12.0,9.976,4139700000.0,4.083,1.0,10853800000.0,0.395,2680700000.0,509800000.0,38118100000.0,36817875000.0,111700000.0,1411100000.0,0.0,1411100000.0,19297300000.0,3622300000.0,15675000000.0,89968159226.0,414600000.0,189200000.0,-2529900000.0,1659000000.0,-2764200000.0,-3520400000.0,-2881600000.0,0.0,7070800000.0,-254200000.0,5497600000.0,5497600000.0,5497600000.0,0.0,0.0,0.2,2219500000.0,8634300000.0,823400000.0,0.503,6.41,16.365,16.425,23067800000.0,0.0,88.53,3.277,3.269,1290600000.0,37900800000.0,27451500000.0,27451500000.0,0.0,0.167,0.39,0.234,0.314,89800000.0,2451900000.0,1.0,1016244880.0,1013800000.0,1023900000.0,27.078,30651700000.0,0.0,2606700000.0,1982600000.0,30.234,877800000.0
37,MCD,MRT,2012-03-31,2012-03-31,2012-03-31,2021-09-07,799200000.0,33334200000.0,32858650000.0,4254800000.0,29079400000.0,0.835,14.398,-2809500000.0,2289100000.0,2289100000.0,16577500000.0,5560800000.0,1.167,1.274,12779900000.0,724200000.0,12055700000.0,12779900000.0,0.0,1440600000.0,0.0,0.027,2.62,8662400000.0,10103000000.0,0.368,10103000000.0,8662400000.0,8160800000.0,5.42,5.36,5.42,14660500000.0,14335425000.0,14660500000.0,110085012012.0,13.0,10.896,4421000000.0,4.342,1.0,10863500000.0,0.396,2719100000.0,501600000.0,37459500000.0,36381100000.0,111700000.0,1366000000.0,0.0,1366000000.0,18673700000.0,3646400000.0,15027300000.0,99920312012.0,349200000.0,343500000.0,-2448400000.0,841800000.0,-2686900000.0,-4152100000.0,-2649100000.0,0.0,7230500000.0,-80100000.0,5560800000.0,5560800000.0,5560800000.0,0.0,0.0,0.203,2195100000.0,8668400000.0,708300000.0,0.483,6.816,17.969,18.1,23304500000.0,0.0,98.1,3.641,3.64,1234400000.0,37262500000.0,27441000000.0,27441000000.0,0.0,0.169,0.388,0.238,0.316,88700000.0,2422600000.0,1.0,1018555678.0,1018200000.0,1030000000.0,26.951,30615100000.0,0.0,2600000000.0,2248900000.0,30.068,608400000.0
38,MCD,MRT,2011-12-31,2011-12-31,2011-12-31,2021-09-07,449700000.0,32989900000.0,32545150000.0,4403000000.0,28586900000.0,0.83,13.943,-2729800000.0,2335700000.0,2335700000.0,16319400000.0,5503100000.0,1.255,1.293,12500400000.0,366600000.0,12133800000.0,12500400000.0,0.0,1415000000.0,0.0,0.025,2.53,8505000000.0,9920000000.0,0.367,9920000000.0,8505000000.0,8012200000.0,5.33,5.27,5.33,14390200000.0,14283700000.0,14390200000.0,112800293745.0,13.0,11.371,4420300000.0,4.283,1.0,10686600000.0,0.396,2653200000.0,492800000.0,36992200000.0,35830550000.0,116800000.0,1427000000.0,0.0,1427000000.0,18599700000.0,3509200000.0,15090500000.0,102659493745.0,-51300000.0,325000000.0,-3029100000.0,1003900000.0,-2609700000.0,-4533000000.0,-2570900000.0,0.0,7150100000.0,-97500000.0,5503100000.0,5503100000.0,5503100000.0,0.0,0.0,0.204,2156900000.0,8529700000.0,961300000.0,0.475,7.134,18.655,18.824,22834500000.0,0.0,100.33,3.801,3.834,1334700000.0,36707500000.0,27006000000.0,27006000000.0,0.0,0.169,0.385,0.237,0.315,86200000.0,2393700000.0,1.0,1023218317.0,1032100000.0,1044900000.0,26.166,30336700000.0,0.0,2509100000.0,1944400000.0,29.393,893800000.0
39,MCD,MRT,2011-09-30,2011-09-30,2011-09-30,2021-09-07,548500000.0,32277500000.0,32291475000.0,4421900000.0,27855600000.0,0.817,12.965,-2607500000.0,2388800000.0,2388800000.0,15949900000.0,5368800000.0,0.871,1.42,12529600000.0,1541500000.0,10988100000.0,12529600000.0,0.0,1381600000.0,0.0,0.028,2.44,8245000000.0,9626600000.0,0.365,9626600000.0,8245000000.0,7762100000.0,5.17,5.11,5.17,13338200000.0,14344700000.0,13338200000.0,100820632713.0,12.0,10.473,4483800000.0,4.358,1.0,10447500000.0,0.396,2638400000.0,482900000.0,34701700000.0,35478175000.0,115000000.0,1392100000.0,0.0,1392100000.0,18939300000.0,5078200000.0,13861100000.0,90608432713.0,-106200000.0,290300000.0,-3169900000.0,970800000.0,-2537800000.0,-4626100000.0,-2501000000.0,0.0,7091300000.0,-70400000.0,5368800000.0,5368800000.0,5368800000.0,0.0,0.0,0.203,2180600000.0,8266900000.0,750100000.0,0.472,6.793,16.877,16.986,22337900000.0,0.0,87.82,3.432,3.423,1203900000.0,35329800000.0,26397400000.0,26397400000.0,0.0,0.166,0.374,0.232,0.312,83700000.0,2398300000.0,1.0,1031751682.0,1028800000.0,1041300000.0,25.658,29639100000.0,0.0,2393300000.0,1916900000.0,28.809,-656300000.0
40,MCD,MRT,2011-06-30,2011-06-30,2011-06-30,2021-09-07,1544400000.0,32833000000.0,32014225000.0,4025400000.0,28807600000.0,0.798,14.439,-2438300000.0,2070000000.0,2070000000.0,15388800000.0,5249900000.0,1.019,1.196,12282200000.0,1219400000.0,11062800000.0,12282200000.0,0.0,1336000000.0,0.0,0.028,2.38,7947100000.0,9283100000.0,0.364,9283100000.0,7947100000.0,7473400000.0,5.01,4.95,5.01,14952800000.0,14419600000.0,14952800000.0,97589268862.0,12.0,10.513,4427800000.0,4.276,1.0,10147200000.0,0.397,2725400000.0,473700000.0,36371000000.0,35383175000.0,115000000.0,1355600000.0,0.0,1355600000.0,17880200000.0,3948800000.0,13931400000.0,87488468862.0,404500000.0,322500000.0,-3065600000.0,1029500000.0,-2494100000.0,-4435700000.0,-2247200000.0,0.0,6866100000.0,221300000.0,5249900000.0,5249900000.0,5249900000.0,0.0,0.0,0.206,2178500000.0,7968700000.0,709900000.0,0.475,5.851,16.665,16.83,23015800000.0,0.0,84.32,3.426,3.42,1249100000.0,35165000000.0,25536000000.0,25536000000.0,0.0,0.164,0.364,0.225,0.311,82500000.0,2373700000.0,1.0,1037576718.0,1035600000.0,1047700000.0,24.658,30107600000.0,0.0,2223500000.0,1866100000.0,29.073,76600000.0
41,MCD,MRT,2011-03-31,2011-03-31,2011-03-31,2021-09-07,1254200000.0,32080200000.0,30974825000.0,3824200000.0,28256000000.0,0.793,13.866,-2242400000.0,1939900000.0,1939900000.0,14758100000.0,5065500000.0,0.899,1.22,12040700000.0,1516400000.0,10524300000.0,12040700000.0,0.0,1297400000.0,0.0,0.03,2.32,7602300000.0,8899700000.0,0.362,8899700000.0,7602300000.0,7142300000.0,4.79,4.73,4.79,14453600000.0,13964350000.0,14453600000.0,88502916421.0,12.0,9.944,4229600000.0,4.058,1.0,9818000000.0,0.399,2669600000.0,460000000.0,35257300000.0,34450275000.0,111500000.0,1317500000.0,0.0,1317500000.0,17626600000.0,4254100000.0,13372500000.0,79384616421.0,-67400000.0,150900000.0,-3227800000.0,1167500000.0,-2451200000.0,-4432600000.0,-2184800000.0,0.0,6472000000.0,78000000.0,5065500000.0,5065500000.0,5065500000.0,0.0,0.0,0.206,2193100000.0,7624900000.0,700900000.0,0.484,5.492,15.672,15.885,22644800000.0,0.0,76.09,3.23,3.227,1160300000.0,34386200000.0,24576100000.0,24576100000.0,0.0,0.164,0.363,0.221,0.309,81200000.0,2350600000.0,1.0,1043298941.0,1042400000.0,1054600000.0,23.576,29410600000.0,0.0,2076800000.0,1980100000.0,28.214,-429900000.0
42,MCD,MRT,2010-12-31,2010-12-31,2010-12-31,2021-09-07,752900000.0,31975200000.0,30411175000.0,4368500000.0,27606700000.0,0.792,13.728,-2135500000.0,2387000000.0,2387000000.0,14437300000.0,4946300000.0,1.494,1.185,11505300000.0,8300000.0,11497000000.0,11505300000.0,0.0,1276200000.0,0.0,0.029,2.26,7451200000.0,8727400000.0,0.363,8727400000.0,7451200000.0,7000300000.0,4.64,4.58,4.64,14634200000.0,13880150000.0,14634200000.0,90038455367.0,12.0,10.317,4206100000.0,3.946,1.0,9637300000.0,0.4,2586100000.0,450900000.0,35582700000.0,33955600000.0,109900000.0,1335300000.0,0.0,1335300000.0,17341000000.0,2924700000.0,14416300000.0,81097455367.0,591000000.0,194500000.0,-2235400000.0,787400000.0,-2408100000.0,-3728700000.0,-2056000000.0,0.0,6341600000.0,34100000.0,4946300000.0,4946300000.0,4946300000.0,0.0,0.0,0.205,2164200000.0,7473100000.0,943900000.0,0.487,5.542,16.396,16.543,22060600000.0,0.0,76.76,3.369,3.399,1179100000.0,33811700000.0,24074600000.0,24074600000.0,0.0,0.163,0.356,0.219,0.31,83100000.0,2333300000.0,1.0,1056506714.0,1066000000.0,1080300000.0,22.584,29389100000.0,0.0,2054000000.0,1719300000.0,27.57,1443800000.0
43,MCD,MRT,2010-09-30,2010-09-30,2010-09-30,2021-09-07,703800000.0,31168500000.0,29973600000.0,4176500000.0,26992000000.0,0.795,12.854,-1952600000.0,2495000000.0,2495000000.0,14317700000.0,4920800000.0,1.279,1.285,11436000000.0,78900000.0,11357100000.0,11436000000.0,0.0,1259800000.0,0.0,0.03,2.2,7416800000.0,8676600000.0,0.364,8676600000.0,7416800000.0,6967700000.0,4.59,4.53,4.59,13637800000.0,13730075000.0,13637800000.0,88264555376.0,12.0,10.173,4041200000.0,3.809,1.0,9516200000.0,0.399,2521500000.0,449100000.0,34321700000.0,33458275000.0,103600000.0,1295900000.0,0.0,1295900000.0,17530700000.0,3266300000.0,14264400000.0,79303855376.0,294000000.0,296900000.0,-2042700000.0,326400000.0,-2357700000.0,-3925900000.0,-1769600000.0,0.0,5993800000.0,-4300000.0,4920800000.0,4920800000.0,4920800000.0,0.0,0.0,0.206,2074000000.0,7442200000.0,596500000.0,0.479,5.815,16.116,16.233,21477500000.0,0.0,74.51,3.327,3.317,1013600000.0,32568900000.0,23833900000.0,23833900000.0,0.0,0.164,0.358,0.222,0.311,91700000.0,2323300000.0,1.0,1064338416.0,1061000000.0,1074900000.0,22.464,28647000000.0,0.0,2046900000.0,1715200000.0,27.0,910200000.0
44,MCD,MRT,2010-06-30,2010-06-30,2010-06-30,2021-09-07,-278900000.0,28675400000.0,29699575000.0,3166500000.0,25508900000.0,0.794,12.249,-1900300000.0,1665500000.0,1665500000.0,14257700000.0,4793400000.0,1.226,1.184,10626200000.0,334900000.0,10291300000.0,10626200000.0,0.0,1259000000.0,0.0,0.033,2.15,7266900000.0,8525900000.0,0.362,8525900000.0,7266900000.0,6814800000.0,4.44,4.39,4.44,13131800000.0,13618025000.0,13131800000.0,79356153857.0,11.0,9.308,3971300000.0,3.704,1.0,9318000000.0,0.395,2413900000.0,452100000.0,32639400000.0,33129100000.0,94400000.0,1212500000.0,0.0,1212500000.0,15543600000.0,2582800000.0,12960800000.0,70862753857.0,-495100000.0,252700000.0,-2079900000.0,-251500000.0,-2315400000.0,-4526100000.0,-1764900000.0,9800000.0,5871600000.0,-75700000.0,4793400000.0,4793400000.0,4793400000.0,0.0,0.0,0.203,2039500000.0,7278500000.0,578000000.0,0.484,5.396,14.783,14.836,20293000000.0,0.0,65.87,3.006,2.995,964100000.0,32406700000.0,23575700000.0,23575700000.0,0.0,0.161,0.352,0.219,0.308,97600000.0,2316600000.0,1.0,1075797083.0,1072100000.0,1085900000.0,21.99,26261500000.0,0.0,2021400000.0,1517900000.0,24.495,583700000.0
45,MCD,MRT,2010-03-31,2010-03-31,2010-03-31,2021-09-07,512900000.0,29825600000.0,29832500000.0,3472300000.0,26353300000.0,0.78,13.12,-1940200000.0,2007300000.0,2007300000.0,14185900000.0,4661300000.0,1.351,1.113,10500700000.0,18100000.0,10482600000.0,10500700000.0,0.0,1251900000.0,0.0,0.031,2.1,7134800000.0,8386700000.0,0.36,8386700000.0,7134800000.0,6671500000.0,4.3,4.24,4.3,14116800000.0,13646225000.0,14116800000.0,80570504509.0,11.0,9.607,4102800000.0,3.813,1.0,9091500000.0,0.391,2471100000.0,463300000.0,33278600000.0,33185275000.0,99300000.0,1157200000.0,0.0,1157200000.0,15708800000.0,2569300000.0,13139500000.0,71788104509.0,28600000.0,241000000.0,-2006800000.0,-198600000.0,-2274100000.0,-4409700000.0,-1677100000.0,135100000.0,6043000000.0,72400000.0,4661300000.0,4661300000.0,4661300000.0,0.0,0.0,0.2,1976800000.0,7114700000.0,472100000.0,0.488,5.085,15.401,15.516,21070000000.0,0.0,66.72,3.084,3.084,930000000.0,31769300000.0,23277400000.0,23277400000.0,0.0,0.156,0.342,0.215,0.307,108400000.0,2283200000.0,1.0,1075960799.0,1076000000.0,1090100000.0,21.633,27354500000.0,0.0,2010200000.0,1873200000.0,25.422,903000000.0
46,MCD,MRT,2009-12-31,2009-12-31,2009-12-31,2021-09-07,747400000.0,30224900000.0,29328750000.0,3416300000.0,26808600000.0,0.776,12.849,-1952100000.0,1796000000.0,1796000000.0,13952900000.0,4551000000.0,1.143,1.154,10578400000.0,18100000.0,10560300000.0,10578400000.0,0.0,1216200000.0,0.0,0.033,2.05,6960200000.0,8176400000.0,0.359,8176400000.0,6960200000.0,6487000000.0,4.17,4.11,4.17,14033900000.0,13287800000.0,14033900000.0,76265612178.0,11.0,9.328,3798900000.0,3.478,1.0,8791800000.0,0.387,2425200000.0,473200000.0,33593400000.0,32830650000.0,106200000.0,1212700000.0,0.0,1212700000.0,16191000000.0,2988700000.0,13202300000.0,67384412178.0,-267400000.0,260300000.0,-2465300000.0,219300000.0,-2235500000.0,-4421000000.0,-1655300000.0,144900000.0,5751000000.0,57900000.0,4551000000.0,4551000000.0,4551000000.0,0.0,0.0,0.2,1950800000.0,6841000000.0,636000000.0,0.492,4.802,14.807,14.974,21531500000.0,0.0,62.44,2.963,2.998,1060400000.0,31270800000.0,22744700000.0,22744700000.0,0.0,0.155,0.342,0.212,0.306,112900000.0,2234200000.0,1.0,1079186614.0,1092200000.0,1107400000.0,20.825,27799700000.0,0.0,1936000000.0,1758700000.0,25.453,427600000.0
47,MCD,MRT,2009-09-30,2009-09-30,2009-09-30,2021-09-07,892100000.0,30072400000.0,28887900000.0,3602800000.0,26469600000.0,0.773,12.162,-2032600000.0,2201000000.0,2201000000.0,13822100000.0,4319500000.0,1.018,1.28,11082200000.0,424300000.0,10657900000.0,11082200000.0,0.0,1176300000.0,0.0,0.035,2.0,6657300000.0,7833600000.0,0.351,7833600000.0,6657300000.0,6183100000.0,3.93,3.87,3.93,13189600000.0,13124975000.0,13189600000.0,71123149821.0,11.0,9.079,3810700000.0,3.514,1.0,8514200000.0,0.381,2408200000.0,474200000.0,33005000000.0,32392450000.0,106800000.0,1228700000.0,0.0,1228700000.0,16882800000.0,3540400000.0,13342400000.0,62283249821.0,713800000.0,225800000.0,-2219200000.0,953100000.0,-2200100000.0,-3405900000.0,-1748500000.0,144900000.0,5843300000.0,24900000.0,4319500000.0,4319500000.0,4319500000.0,0.0,0.0,0.193,1997300000.0,6516900000.0,515600000.0,0.509,4.722,14.419,14.522,21350300000.0,0.0,57.07,2.788,2.771,879400000.0,30056000000.0,22336300000.0,22336300000.0,0.0,0.15,0.329,0.206,0.298,111200000.0,2200700000.0,1.0,1091348341.0,1084500000.0,1098200000.0,20.596,27664200000.0,0.0,1863600000.0,1543500000.0,25.509,62400000.0
48,MCD,MRT,2009-06-30,2009-06-30,2009-06-30,2021-09-07,395200000.0,29207100000.0,28403400000.0,3597000000.0,25610100000.0,0.794,12.07,-2096700000.0,2160600000.0,2160600000.0,14087800000.0,4249800000.0,1.265,1.205,11000500000.0,507600000.0,10492900000.0,11000500000.0,0.0,1175400000.0,0.0,0.033,1.875,6548400000.0,7723800000.0,0.342,7723800000.0,6548400000.0,6060400000.0,3.84,3.77,3.84,13244600000.0,13090475000.0,13244600000.0,71885861399.0,11.0,9.307,3630800000.0,3.309,1.0,8469100000.0,0.375,2339400000.0,488000000.0,32864100000.0,31987525000.0,102600000.0,1129200000.0,0.0,1129200000.0,15962500000.0,2843500000.0,13119000000.0,63425461399.0,-181900000.0,228700000.0,-2307300000.0,269800000.0,-2076600000.0,-3986000000.0,-1804300000.0,135100000.0,5727500000.0,-119100000.0,4249800000.0,4249800000.0,4249800000.0,0.0,0.0,0.188,2061300000.0,6407800000.0,489800000.0,0.488,4.789,14.924,14.971,20754100000.0,0.0,57.49,2.812,2.797,930500000.0,29927300000.0,22556900000.0,22556900000.0,0.0,0.15,0.325,0.205,0.29,111700000.0,2233200000.0,1.0,1103243371.0,1097300000.0,1111400000.0,20.557,26867700000.0,0.0,1810600000.0,1446400000.0,24.485,753500000.0
49,MCD,MRT,2009-03-31,2009-03-31,2009-03-31,2021-09-07,-303600000.0,27810600000.0,28731950000.0,3450400000.0,24360200000.0,0.8,11.43,-2144300000.0,1978700000.0,1978700000.0,14461000000.0,4346600000.0,1.559,1.193,10439100000.0,19000000.0,10420100000.0,10439100000.0,0.0,1185300000.0,0.0,0.032,1.75,6682200000.0,7867500000.0,0.342,7867500000.0,6682200000.0,6167200000.0,3.89,3.83,3.89,12683100000.0,13434725000.0,12683100000.0,68924738734.0,10.0,8.761,3425100000.0,3.087,1.0,8524000000.0,0.371,2198000000.0,515000000.0,31860100000.0,32229400000.0,99200000.0,1101700000.0,0.0,1101700000.0,15127500000.0,2212900000.0,12914600000.0,60770338734.0,-943500000.0,313500000.0,-2243400000.0,-582700000.0,-1950400000.0,-4652800000.0,-1675800000.0,239200000.0,5569400000.0,-184300000.0,4346600000.0,4346600000.0,4346600000.0,0.0,0.0,0.189,2143500000.0,6380500000.0,488800000.0,0.45,4.791,13.981,14.028,19754200000.0,0.0,54.57,2.644,2.634,903400000.0,29380700000.0,22985000000.0,22985000000.0,0.0,0.151,0.324,0.207,0.291,107800000.0,2300400000.0,1.0,1113621747.0,1109600000.0,1124400000.0,20.715,25612600000.0,0.0,1820600000.0,1435300000.0,23.083,1237500000.0
50,MCD,MRT,2008-12-31,2008-12-31,2008-12-31,2021-09-07,101300000.0,28461500000.0,29509800000.0,3517600000.0,24943900000.0,0.797,11.879,-2135700000.0,2063400000.0,2063400000.0,14883200000.0,4313200000.0,1.386,1.127,10217800000.0,31800000.0,10186000000.0,10217800000.0,0.0,1207800000.0,0.0,0.026,1.625,6680600000.0,7888400000.0,0.335,7888400000.0,6680600000.0,6158000000.0,3.83,3.76,3.83,13382600000.0,13867500000.0,13382600000.0,77704946585.0,12.0,9.851,3781500000.0,3.357,1.0,8639200000.0,0.367,2237400000.0,522600000.0,31840600000.0,32684100000.0,111500000.0,1222300000.0,0.0,1222300000.0,15078900000.0,2537900000.0,12541000000.0,69313546585.0,82100000.0,331800000.0,-3371100000.0,1045700000.0,-1823400000.0,-4114500000.0,-1624700000.0,229400000.0,5917200000.0,-95900000.0,4313200000.0,4313200000.0,4313200000.0,0.0,0.0,0.183,2196300000.0,6442900000.0,620400000.0,0.424,5.179,16.07,16.238,20254500000.0,0.0,62.19,2.947,2.979,931200000.0,28953900000.0,23522400000.0,23522400000.0,0.0,0.146,0.311,0.204,0.284,112500000.0,2355500000.0,1.0,1114544888.0,1126600000.0,1146000000.0,20.879,26224100000.0,0.0,1844800000.0,1197600000.0,23.277,979700000.0
51,MCD,MRT,2008-09-30,2008-09-30,2008-09-30,2021-09-07,763600000.0,28134400000.0,29742350000.0,2811600000.0,25322800000.0,0.797,11.689,-2146500000.0,1487200000.0,1487200000.0,15087000000.0,4601100000.0,0.98,1.156,9878600000.0,18000000.0,9860600000.0,9878600000.0,0.0,1232500000.0,0.0,0.043,2.625,6564800000.0,7797300000.0,0.329,7797300000.0,6564800000.0,6045200000.0,4.03,3.96,4.03,13051600000.0,14341800000.0,13051600000.0,78110636549.0,12.0,10.018,3585100000.0,3.211,1.0,8624000000.0,0.364,2272000000.0,519600000.0,31385300000.0,32201875000.0,114700000.0,1126000000.0,0.0,1126000000.0,15082800000.0,2868500000.0,12214300000.0,69392636549.0,-1505300000.0,342300000.0,-4594300000.0,2261800000.0,-3031300000.0,-5472300000.0,-1747800000.0,229400000.0,5731600000.0,-16800000.0,4601100000.0,4601100000.0,4601100000.0,0.0,0.0,0.194,2328700000.0,6295300000.0,481000000.0,0.651,5.317,15.082,15.31,20596900000.0,0.0,61.7,2.927,2.906,856800000.0,27968300000.0,23711000000.0,23711000000.0,0.0,0.155,0.321,0.204,0.277,122000000.0,2393700000.0,1.0,1124678064.0,1116600000.0,1136000000.0,21.235,25862400000.0,0.0,1444100000.0,1246900000.0,23.162,-56900000.0
52,MCD,MRT,2008-06-30,2008-06-30,2008-06-30,2021-09-07,1813000000.0,30521300000.0,30127150000.0,3883300000.0,26638000000.0,0.775,12.952,-2011400000.0,2342500000.0,2342500000.0,14962600000.0,4481000000.0,1.284,1.087,11060500000.0,621400000.0,10439100000.0,11060500000.0,0.0,1218500000.0,0.0,0.04,2.25,6353300000.0,7571800000.0,0.324,7571800000.0,6353300000.0,5867400000.0,3.86,3.8,3.86,14621600000.0,14820875000.0,14621600000.0,72538505297.0,11.0,9.58,3594700000.0,3.184,1.0,8382000000.0,0.359,2382500000.0,485900000.0,33831600000.0,31337650000.0,115100000.0,1128800000.0,0.0,1128800000.0,15899700000.0,3025200000.0,12874500000.0,63726805297.0,209600000.0,1157500000.0,-4398300000.0,2389200000.0,-2613600000.0,-4754000000.0,-791000000.0,229400000.0,5606100000.0,148500000.0,4481000000.0,4481000000.0,4481000000.0,-67500000.0,0.0,0.192,2385600000.0,5996400000.0,601400000.0,0.583,4.358,14.222,14.565,21741200000.0,0.0,56.22,2.73,2.719,1030600000.0,27751300000.0,23344600000.0,23344600000.0,0.0,0.149,0.302,0.203,0.272,131100000.0,2381000000.0,1.0,1133525530.0,1128900000.0,1148800000.0,20.679,28138800000.0,0.0,1386400000.0,1333100000.0,24.926,858100000.0
53,MCD,MRT,2008-03-31,2008-03-31,2008-03-31,2021-09-07,1775800000.0,30922000000.0,29745550000.0,4325600000.0,26596400000.0,0.777,12.582,-1942800000.0,2922200000.0,2922200000.0,14951800000.0,2578800000.0,1.174,1.145,11733900000.0,1290300000.0,10443600000.0,11733900000.0,0.0,1207300000.0,0.0,0.034,1.875,4340100000.0,5547400000.0,0.24,5547400000.0,4340100000.0,3898700000.0,2.21,2.16,2.21,14414200000.0,14936900000.0,14414200000.0,71546951860.0,16.0,12.897,3483600000.0,3.041,1.0,8156900000.0,0.353,2371500000.0,441400000.0,33678900000.0,30229400000.0,114500000.0,1256600000.0,0.0,1256600000.0,16507800000.0,3683300000.0,12824500000.0,64227151860.0,493600000.0,1048000000.0,-4110100000.0,2337900000.0,-2192000000.0,-4040300000.0,-1062100000.0,0.0,5426400000.0,169600000.0,2578800000.0,2578800000.0,2578800000.0,-64200000.0,0.0,0.112,3996400000.0,4160500000.0,579600000.0,0.848,4.456,24.906,25.235,21589300000.0,0.0,55.77,2.779,2.765,895900000.0,26981800000.0,23108700000.0,23108700000.0,0.0,0.087,0.173,0.144,0.188,140500000.0,2374200000.0,1.0,1151643390.0,1145600000.0,1165300000.0,20.172,28550500000.0,0.0,1319900000.0,1343200000.0,24.922,642300000.0
54,MCD,MRT,2007-12-31,2007-12-31,2007-12-31,2021-09-07,1337400000.0,29391700000.0,29383425000.0,3581900000.0,25809800000.0,0.775,12.859,-1946600000.0,1981300000.0,1981300000.0,14881400000.0,2395100000.0,0.796,0.924,9301100000.0,1991100000.0,7310000000.0,9301100000.0,0.0,1214100000.0,0.0,0.025,1.5,4042300000.0,5256400000.0,0.231,5256400000.0,4042300000.0,3632200000.0,2.02,1.98,2.02,15279800000.0,15275100000.0,15279800000.0,74430847801.0,18.0,14.16,2929700000.0,2.465,1.0,7905200000.0,0.347,2301300000.0,410100000.0,29911700000.0,29442100000.0,125300000.0,1156400000.0,0.0,1156400000.0,14111900000.0,4498500000.0,9613400000.0,69676247801.0,-146800000.0,977500000.0,-2805400000.0,572600000.0,-1765600000.0,-3996300000.0,-1150100000.0,0.0,4876300000.0,123300000.0,2395100000.0,2395100000.0,2395100000.0,-60100000.0,0.0,0.105,4026200000.0,3879000000.0,624100000.0,0.743,4.56,29.091,29.163,20984700000.0,0.0,58.91,3.058,3.072,1053800000.0,26461500000.0,22786600000.0,22786600000.0,0.0,0.082,0.157,0.137,0.177,142400000.0,2367000000.0,1.0,1182757559.0,1188300000.0,1211800000.0,19.176,27090400000.0,0.0,1237100000.0,1208900000.0,22.798,-916600000.0
55,MCD,MRT,2007-09-30,2007-09-30,2007-09-30,2021-09-07,1226300000.0,29673600000.0,29279125000.0,4444500000.0,25229100000.0,0.768,12.631,-1877200000.0,2992500000.0,2992500000.0,14809500000.0,2363400000.0,1.056,0.982,7747100000.0,61200000.0,7685900000.0,7747100000.0,0.0,1227100000.0,0.0,0.018,1.0,4273800000.0,5500900000.0,0.245,5500900000.0,4273800000.0,3877900000.0,1.94,1.91,1.94,14967900000.0,15319725000.0,14967900000.0,70947424598.0,17.0,12.897,3051000000.0,2.575,1.0,7668800000.0,0.341,2290500000.0,395900000.0,27928400000.0,29521375000.0,117000000.0,1124600000.0,0.0,1124600000.0,14705700000.0,4209300000.0,10496400000.0,64915824598.0,-1122500000.0,956900000.0,-2332600000.0,-1878400000.0,-1216500000.0,-5319700000.0,-915300000.0,0.0,4928200000.0,184300000.0,2363400000.0,2363400000.0,2363400000.0,-549900000.0,0.0,0.105,4036500000.0,3632300000.0,624200000.0,0.515,4.337,27.467,28.077,20490300000.0,0.0,54.47,2.888,2.872,788000000.0,25172900000.0,22478300000.0,22478300000.0,0.0,0.081,0.154,0.145,0.19,137300000.0,2361100000.0,1.0,1191772069.0,1185000000.0,1207100000.0,18.969,27383100000.0,0.0,1514500000.0,1219800000.0,23.108,235200000.0
56,MCD,MRT,2007-06-30,2007-06-30,2007-06-30,2021-09-07,63600000.0,28994900000.0,29568025000.0,4361400000.0,24633500000.0,0.747,12.638,-1892800000.0,2142100000.0,2142100000.0,14657800000.0,2135500000.0,1.272,0.922,8173700000.0,288200000.0,7885500000.0,8173700000.0,0.0,1244100000.0,0.0,0.02,1.0,3976300000.0,5220400000.0,0.236,5220400000.0,3976300000.0,3575400000.0,1.73,1.7,1.73,15085700000.0,15459325000.0,15085700000.0,66976127537.0,17.0,12.83,2965100000.0,2.484,1.0,7422800000.0,0.336,2198300000.0,400900000.0,29398600000.0,29789950000.0,120200000.0,1060100000.0,0.0,1060100000.0,13909200000.0,3429600000.0,10479600000.0,60601127537.0,-1006500000.0,67400000.0,-1487700000.0,-1536300000.0,-1216500000.0,-4164800000.0,-1815800000.0,0.0,4857900000.0,116200000.0,2135500000.0,2135500000.0,2135500000.0,-484000000.0,0.0,0.097,4027000000.0,3395800000.0,516700000.0,0.578,4.017,28.378,29.341,20106600000.0,0.0,50.76,2.745,2.744,784600000.0,25881200000.0,22080600000.0,22080600000.0,0.0,0.072,0.138,0.133,0.18,128200000.0,2346800000.0,1.0,1193875641.0,1193700000.0,1193700000.0,18.498,26796600000.0,0.0,1439900000.0,1205600000.0,22.448,931800000.0
57,MCD,MRT,2007-03-31,2007-03-31,2007-03-31,2021-09-07,-201500000.0,29473500000.0,29762550000.0,3879400000.0,25594100000.0,0.726,13.126,-1861600000.0,2438400000.0,2438400000.0,14446800000.0,3681300000.0,1.266,0.869,8813400000.0,613500000.0,8199900000.0,8813400000.0,0.0,1256000000.0,0.0,0.022,1.0,5429100000.0,6685100000.0,0.309,6685100000.0,5429100000.0,5032300000.0,3.01,2.97,3.01,15767000000.0,15597575000.0,15767000000.0,60514574676.0,11.0,9.052,2793500000.0,2.326,1.0,7161800000.0,0.331,2254300000.0,396800000.0,30529700000.0,30008250000.0,143700000.0,1064400000.0,0.0,1064400000.0,13706500000.0,3064500000.0,10642000000.0,54216774676.0,-1232100000.0,333100000.0,-1849900000.0,-1610800000.0,-1216500000.0,-4650400000.0,-1474600000.0,0.0,4655100000.0,237800000.0,3681300000.0,3681300000.0,3681300000.0,-623100000.0,0.0,0.17,2460700000.0,4701100000.0,669200000.0,0.332,3.439,14.728,14.967,20975200000.0,0.0,45.05,2.509,2.504,848000000.0,26592500000.0,21608600000.0,21608600000.0,0.0,0.124,0.236,0.181,0.251,120600000.0,2331100000.0,1.0,1203480015.0,1201200000.0,1222300000.0,17.989,27219200000.0,0.0,1351000000.0,1368700000.0,22.66,814900000.0
58,MCD,MRT,2006-12-31,2006-12-31,2006-12-31,2021-09-07,-296700000.0,28974500000.0,29794500000.0,5192200000.0,23782300000.0,0.701,12.527,-1741900000.0,2128100000.0,2128100000.0,13963200000.0,3544200000.0,1.759,0.874,8407600000.0,17700000.0,8389900000.0,8407600000.0,0.0,1249900000.0,0.0,0.023,1.0,5234400000.0,6484300000.0,0.31,6484300000.0,5234400000.0,4832500000.0,2.87,2.83,2.87,15458300000.0,15447575000.0,15458300000.0,59730962335.0,11.0,9.212,2599600000.0,2.107,1.0,6932000000.0,0.332,2073600000.0,401900000.0,30228800000.0,29868225000.0,112400000.0,1035400000.0,0.0,1035400000.0,13516200000.0,2951600000.0,10564600000.0,54825062335.0,-2124900000.0,358100000.0,-1983700000.0,-2264700000.0,-1216500000.0,-5459900000.0,-1274100000.0,0.0,4341500000.0,267600000.0,3544200000.0,3544200000.0,3544200000.0,-678100000.0,0.0,0.17,2499000000.0,4433000000.0,668700000.0,0.348,3.547,15.469,15.446,19438100000.0,0.0,44.33,2.624,2.618,806900000.0,25845600000.0,20895200000.0,20895200000.0,0.0,0.119,0.229,0.175,0.251,122500000.0,2295700000.0,1.0,1236748530.0,1234000000.0,1251700000.0,16.933,26900900000.0,0.0,1288300000.0,1521400000.0,21.8,2240600000.0
59,MCD,MRT,2006-09-30,2006-09-30,2006-09-30,2021-09-07,-374900000.0,30829200000.0,30048075000.0,5835700000.0,24993500000.0,0.655,12.619,-1649000000.0,4282700000.0,4282700000.0,13064100000.0,2911200000.0,1.275,0.986,9188600000.0,619200000.0,8569400000.0,9188600000.0,0.0,1251400000.0,0.0,0.017,0.67,4529500000.0,5780900000.0,0.294,5780900000.0,4529500000.0,4135100000.0,2.35,2.32,2.35,15526300000.0,15369525000.0,15526300000.0,54190007780.0,12.0,9.374,2483900000.0,2.019,1.0,6612100000.0,0.336,2156100000.0,394400000.0,29002700000.0,29769250000.0,144500000.0,1032300000.0,0.0,1032300000.0,15302900000.0,4576300000.0,10726600000.0,47973907780.0,1826600000.0,179700000.0,-1117500000.0,881400000.0,-842000000.0,-984100000.0,-1435700000.0,0.0,4132900000.0,113500000.0,2911200000.0,2911200000.0,2911200000.0,-213900000.0,0.0,0.148,2390900000.0,4221200000.0,603400000.0,0.285,3.09,16.479,16.647,20526200000.0,0.0,39.12,2.438,2.446,812500000.0,24585700000.0,19676200000.0,19676200000.0,0.0,0.097,0.189,0.152,0.23,125800000.0,2180100000.0,1.0,1226326886.0,1230400000.0,1245700000.0,15.992,28673100000.0,0.0,1223900000.0,1543600000.0,23.304,1259400000.0
60,MCD,MRT,2006-06-30,2006-06-30,2006-06-30,2021-09-07,-366200000.0,29773000000.0,29301675000.0,4861000000.0,24912000000.0,0.665,12.662,-1687500000.0,3290400000.0,3290400000.0,13082600000.0,2803300000.0,1.353,0.904,9506500000.0,1155100000.0,8351400000.0,9506500000.0,0.0,1246900000.0,0.0,0.02,0.67,4380400000.0,5627300000.0,0.289,5627300000.0,4380400000.0,4002300000.0,2.25,2.22,2.25,15638700000.0,15117000000.0,15638700000.0,47976462067.0,11.0,8.526,2398100000.0,1.942,1.0,6417500000.0,0.329,2125500000.0,378100000.0,30271800000.0,29404100000.0,141900000.0,1040400000.0,0.0,1040400000.0,14134300000.0,3591800000.0,10542500000.0,41868162067.0,1587500000.0,209000000.0,-1179100000.0,787400000.0,-842000000.0,-1134000000.0,-1476800000.0,0.0,4085600000.0,112700000.0,2803300000.0,2803300000.0,2803300000.0,-212300000.0,0.0,0.144,2324800000.0,4092700000.0,556700000.0,0.298,2.677,14.935,14.933,20539300000.0,0.0,33.6,2.147,2.128,858000000.0,24976100000.0,19500100000.0,19500100000.0,0.0,0.096,0.185,0.149,0.225,134500000.0,2172300000.0,1.0,1246076252.0,1235100000.0,1248000000.0,15.788,27647500000.0,0.0,1199000000.0,1468400000.0,22.385,1269200000.0
61,MCD,MRT,2006-03-31,2006-03-31,2006-03-31,2021-09-07,-636900000.0,29601300000.0,28603500000.0,5268300000.0,24333000000.0,0.672,12.094,-1644800000.0,3803100000.0,3803100000.0,12970300000.0,2499600000.0,1.425,0.952,9911400000.0,1202500000.0,8708900000.0,9911400000.0,0.0,1238400000.0,0.0,0.019,0.67,4119300000.0,5357700000.0,0.279,5357700000.0,4119300000.0,3750600000.0,1.99,1.97,1.99,15167000000.0,14797475000.0,15167000000.0,49058022578.0,12.0,9.157,2513800000.0,2.004,1.0,6258100000.0,0.325,2043200000.0,368700000.0,29969600000.0,29104625000.0,138500000.0,1018000000.0,0.0,1018000000.0,14434300000.0,3696800000.0,10737500000.0,43178322578.0,2312900000.0,-56200000.0,-980700000.0,1646800000.0,-842000000.0,-74000000.0,-1736300000.0,0.0,4158600000.0,-35400000.0,2499600000.0,2499600000.0,2499600000.0,-76500000.0,0.0,0.13,2272300000.0,3985800000.0,586300000.0,0.337,2.847,17.274,17.266,20064000000.0,0.0,34.36,2.246,2.241,742400000.0,24141600000.0,19228400000.0,19228400000.0,0.0,0.087,0.169,0.142,0.214,142800000.0,2133700000.0,1.0,1256645011.0,1254100000.0,1271200000.0,15.332,27558100000.0,0.0,1251000000.0,1538500000.0,21.974,1571500000.0
62,MCD,MRT,2005-12-31,2005-12-31,2005-12-31,2021-09-07,-733100000.0,29988800000.0,28011675000.0,6219000000.0,23769800000.0,0.682,12.017,-1606800000.0,4260600000.0,4260600000.0,12940000000.0,2602200000.0,1.514,0.98,10136800000.0,1202500000.0,8934300000.0,10136800000.0,0.0,1249500000.0,0.0,0.02,0.67,4041000000.0,5290500000.0,0.277,5290500000.0,4041000000.0,3684800000.0,2.06,2.04,2.06,15146100000.0,14665125000.0,15146100000.0,48206831081.0,12.0,9.112,2730000000.0,2.166,1.0,6177300000.0,0.323,1924400000.0,356200000.0,29832900000.0,29125050000.0,144300000.0,1035400000.0,0.0,1035400000.0,14842700000.0,4107700000.0,10735000000.0,42439031081.0,2880600000.0,-84400000.0,-433900000.0,1612300000.0,-842000000.0,441800000.0,-1817800000.0,0.0,4336800000.0,-80200000.0,2602200000.0,2602200000.0,2602200000.0,-24600000.0,0.0,0.136,2193300000.0,3984000000.0,678000000.0,0.325,2.802,16.309,16.369,19573300000.0,0.0,33.72,2.22,2.223,793900000.0,23516000000.0,19117300000.0,19117300000.0,0.0,0.093,0.177,0.139,0.211,152000000.0,2118400000.0,1.0,1258571503.0,1260400000.0,1274200000.0,15.168,28064400000.0,0.0,1082600000.0,1751900000.0,22.266,2111300000.0
63,MCD,MRT,2005-09-30,2005-09-30,2005-09-30,2021-09-07,-591500000.0,27843600000.0,27473850000.0,3801800000.0,24041800000.0,0.719,11.577,-1763200000.0,2297100000.0,2297100000.0,13575400000.0,2391600000.0,0.919,0.918,8064900000.0,714700000.0,7350200000.0,8064900000.0,0.0,1250900000.0,0.0,0.016,0.55,3779000000.0,5029900000.0,0.254,5029900000.0,3779000000.0,3423800000.0,1.9,1.87,1.9,14516200000.0,14428975000.0,14516200000.0,48860431164.0,13.0,9.714,2393000000.0,1.908,1.0,6189800000.0,0.313,1934600000.0,355200000.0,27542100000.0,29248925000.0,141700000.0,1049800000.0,0.0,1049800000.0,13327400000.0,4134700000.0,9192700000.0,41864131164.0,740200000.0,156600000.0,-284400000.0,-642800000.0,-695000000.0,-1646700000.0,-1769300000.0,0.0,4156200000.0,0.0,2391600000.0,2391600000.0,2391600000.0,-1000000.0,0.0,0.121,2489000000.0,3700800000.0,524100000.0,0.289,2.884,17.505,17.626,19751900000.0,0.0,33.49,2.118,2.125,755400000.0,22907500000.0,19765200000.0,19765200000.0,0.0,0.087,0.166,0.129,0.191,121100000.0,2115500000.0,1.0,1250048706.0,1253900000.0,1271600000.0,15.763,25909000000.0,0.0,1032200000.0,1681900000.0,20.663,-332900000.0
64,MCD,MRT,2005-06-30,2005-06-30,2005-06-30,2021-09-07,-623600000.0,26980300000.0,27097525000.0,3041600000.0,23938700000.0,0.715,11.402,-1606700000.0,1560600000.0,1560600000.0,13268100000.0,2434600000.0,0.989,0.879,8556900000.0,793200000.0,7763700000.0,8556900000.0,0.0,1234600000.0,0.0,0.02,0.55,3700200000.0,4934800000.0,0.255,4934800000.0,3700200000.0,3343500000.0,1.93,1.9,1.93,14360600000.0,14040075000.0,14360600000.0,42474801763.0,11.0,8.607,2357000000.0,1.871,1.0,6095700000.0,0.315,1827500000.0,356700000.0,29073900000.0,29597675000.0,139100000.0,1073600000.0,0.0,1073600000.0,12619700000.0,3075200000.0,9544500000.0,35172501763.0,629800000.0,156600000.0,-446500000.0,-578300000.0,-695000000.0,-1735400000.0,-1598500000.0,0.0,3963700000.0,0.0,2434600000.0,2434600000.0,2434600000.0,-1000000.0,0.0,0.126,2455800000.0,3639900000.0,528700000.0,0.285,2.449,14.447,14.378,19728500000.0,0.0,27.75,1.816,1.805,756500000.0,23014800000.0,19363800000.0,19363800000.0,0.0,0.09,0.173,0.125,0.191,88000000.0,2042800000.0,1.0,1267477541.0,1259500000.0,1269700000.0,15.374,25152800000.0,0.0,908900000.0,1455000000.0,19.97,-33600000.0
65,MCD,MRT,2005-03-31,2005-03-31,2005-03-31,2021-09-07,-301900000.0,27234000000.0,26720750000.0,2797500000.0,24436500000.0,0.711,11.539,-1527400000.0,1356500000.0,1356500000.0,12982900000.0,2494900000.0,1.048,0.861,8658800000.0,503600000.0,8155200000.0,8658800000.0,0.0,1220300000.0,0.0,0.018,0.55,3630600000.0,4850900000.0,0.255,4850900000.0,3630600000.0,3274100000.0,1.98,1.95,1.98,14637600000.0,13615500000.0,14637600000.0,47453433127.0,13.0,9.782,2304100000.0,1.816,1.0,6014200000.0,0.317,1815800000.0,356500000.0,30051300000.0,29808375000.0,137700000.0,1136600000.0,0.0,1136600000.0,12596400000.0,2669200000.0,9927200000.0,39613733127.0,386900000.0,156600000.0,-58200000.0,-1162100000.0,-695000000.0,-1923600000.0,-1521000000.0,0.0,3831500000.0,0.0,2494900000.0,2494900000.0,2494900000.0,-1000000.0,0.0,0.131,2425100000.0,3589100000.0,495400000.0,0.278,2.706,15.878,15.727,20182900000.0,0.0,31.14,2.085,2.079,686300000.0,22484000000.0,18997100000.0,18997100000.0,0.0,0.093,0.183,0.122,0.191,56800000.0,2001700000.0,1.0,1272117313.0,1268500000.0,1289000000.0,14.976,25418200000.0,0.0,779200000.0,1290400000.0,20.038,128300000.0
66,MCD,MRT,2004-12-31,2004-12-31,2004-12-31,2021-09-07,-96000000.0,27837500000.0,26366725000.0,2857800000.0,24979700000.0,0.705,11.274,-1419300000.0,1379800000.0,1379800000.0,12690600000.0,2278500000.0,0.812,0.96,9219500000.0,862200000.0,8357300000.0,9219500000.0,0.0,1201000000.0,0.0,0.017,0.55,3560100000.0,4761100000.0,0.256,4761100000.0,3560100000.0,3201700000.0,1.81,1.79,1.81,14201500000.0,13048200000.0,14201500000.0,47612404355.0,13.0,10.0,2484300000.0,1.972,1.0,5903400000.0,0.317,1828300000.0,358400000.0,30328400000.0,29863850000.0,147500000.0,1109900000.0,0.0,1109900000.0,13636000000.0,3520500000.0,10115500000.0,40306004355.0,887000000.0,156600000.0,-40500000.0,-815500000.0,-695000000.0,-1633500000.0,-1383100000.0,0.0,3903600000.0,0.0,2278500000.0,2278500000.0,2278500000.0,-1000000.0,0.0,0.123,2365500000.0,3537900000.0,714300000.0,0.304,2.838,17.69,17.713,20703100000.0,0.0,32.06,2.168,2.172,745500000.0,21755800000.0,18594000000.0,18594000000.0,0.0,0.086,0.175,0.119,0.191,11000000.0,1939100000.0,1.0,1257205376.0,1259700000.0,1273700000.0,14.761,26009200000.0,0.0,923200000.0,1357900000.0,20.647,-662700000.0
67,MCD,MRT,2004-09-30,2004-09-30,2004-09-30,2021-09-07,-644000000.0,26338300000.0,25866850000.0,2907800000.0,23430500000.0,0.719,10.313,-1149000000.0,1556900000.0,1556900000.0,12803600000.0,2006300000.0,0.985,1.032,8863300000.0,170600000.0,8692700000.0,8863300000.0,0.0,1198200000.0,0.0,0.014,0.4,3255300000.0,4453500000.0,0.239,4453500000.0,3255300000.0,2896700000.0,1.6,1.58,1.6,12960600000.0,12493300000.0,12960600000.0,43425914303.0,13.0,9.751,2807800000.0,2.234,1.0,5806200000.0,0.312,1755600000.0,358600000.0,28937100000.0,29947275000.0,140400000.0,1054200000.0,0.0,1054200000.0,13377700000.0,2952000000.0,10425700000.0,35212514303.0,909500000.0,14800000.0,-357000000.0,-749600000.0,-503500000.0,-1838100000.0,-1209200000.0,0.0,3956800000.0,0.0,2006300000.0,2006300000.0,2006300000.0,0.0,0.0,0.108,2515500000.0,3290700000.0,529400000.0,0.25,2.717,17.551,17.519,19650600000.0,0.0,28.03,1.892,1.893,648700000.0,21362800000.0,18609800000.0,18609800000.0,0.0,0.078,0.161,0.109,0.175,16000000.0,1942500000.0,1.0,1256243821.0,1256700000.0,1268400000.0,14.808,24582700000.0,0.0,890400000.0,1328800000.0,19.561,-44200000.0
68,MCD,MRT,2004-06-30,2004-06-30,2004-06-30,2021-09-07,-837300000.0,25473200000.0,25590800000.0,2330500000.0,23142700000.0,0.711,10.081,-1099200000.0,930800000.0,930800000.0,12541000000.0,1775300000.0,1.123,1.012,9144200000.0,154000000.0,8990200000.0,9144200000.0,0.0,1179900000.0,0.0,0.015,0.4,3078600000.0,4258500000.0,0.234,4258500000.0,3078600000.0,2714300000.0,1.41,1.4,1.41,12662300000.0,12165300000.0,12662300000.0,41524110288.0,13.0,9.751,2617000000.0,2.084,1.0,5647700000.0,0.311,1695100000.0,364300000.0,29916700000.0,30112300000.0,129800000.0,1049700000.0,0.0,1049700000.0,12810900000.0,2074800000.0,10736100000.0,32744610288.0,410400000.0,14800000.0,-497400000.0,-938100000.0,-503500000.0,-2143200000.0,-1162600000.0,0.0,3716200000.0,0.0,1775300000.0,1775300000.0,1775300000.0,0.0,0.0,0.098,2492000000.0,3155700000.0,537400000.0,0.284,2.586,18.445,18.44,19458700000.0,0.0,26.0,1.8,1.795,694400000.0,21275100000.0,18188700000.0,18188700000.0,0.0,0.069,0.146,0.102,0.169,14000000.0,1924200000.0,1.0,1259408088.0,1256000000.0,1268000000.0,14.481,23778100000.0,0.0,939000000.0,1301900000.0,18.932,255700000.0
69,MCD,MRT,2004-03-31,2004-03-31,2004-03-31,2021-09-07,-654300000.0,25817900000.0,25495725000.0,2315300000.0,23502600000.0,0.696,9.803,-1124500000.0,969600000.0,969600000.0,12284800000.0,1655500000.0,0.881,1.087,9749100000.0,634900000.0,9114200000.0,9749100000.0,0.0,1158200000.0,0.0,0.014,0.4,2934500000.0,4092700000.0,0.231,4092700000.0,2934500000.0,2556600000.0,1.31,1.3,1.31,12368400000.0,11915725000.0,12368400000.0,45285861073.0,15.0,11.065,2457300000.0,1.948,1.0,5455700000.0,0.308,1696900000.0,377900000.0,30273200000.0,30202625000.0,122300000.0,1100100000.0,0.0,1100100000.0,13449500000.0,2627300000.0,10822200000.0,36048161073.0,481600000.0,14800000.0,-387100000.0,-856400000.0,-503500000.0,-1945000000.0,-1155200000.0,0.0,3581800000.0,0.0,1655500000.0,1655500000.0,1655500000.0,0.0,0.0,0.093,2439700000.0,3016000000.0,492700000.0,0.305,2.915,21.775,21.809,19712200000.0,0.0,28.57,2.032,2.032,655000000.0,20684100000.0,17740500000.0,17740500000.0,0.0,0.065,0.139,0.097,0.165,9400000.0,1894100000.0,1.0,1261748725.0,1261700000.0,1275500000.0,14.061,24121000000.0,0.0,901100000.0,1393300000.0,19.118,-312000000.0
70,MCD,MRT,2003-12-31,2003-12-31,2003-12-31,2021-09-07,-635500000.0,25838000000.0,25143725000.0,1885400000.0,23952600000.0,0.682,9.436,-1307400000.0,492800000.0,492800000.0,11943700000.0,1471400000.0,0.686,1.156,9730500000.0,388000000.0,9342500000.0,9730500000.0,0.0,1148200000.0,0.0,0.016,0.4,2697600000.0,3845800000.0,0.224,3845800000.0,2697600000.0,2309600000.0,1.16,1.15,1.16,11981900000.0,11529050000.0,11981900000.0,40273439637.0,15.0,10.472,1961400000.0,1.545,1.0,5196800000.0,0.303,1665100000.0,388000000.0,30662100000.0,30122425000.0,129400000.0,1089600000.0,0.0,1089600000.0,13856100000.0,2748500000.0,11107600000.0,31513339637.0,162400000.0,14800000.0,-219800000.0,-891600000.0,-503500000.0,-1736800000.0,-1369600000.0,0.0,3268800000.0,0.0,1471400000.0,1471400000.0,1471400000.0,0.0,0.0,0.086,2364600000.0,2832200000.0,577400000.0,0.345,2.63,21.417,21.405,19924700000.0,0.0,24.83,1.839,1.839,734500000.0,20172300000.0,17140500000.0,17140500000.0,0.0,0.059,0.128,0.09,0.157,7100000.0,1833000000.0,1.0,1269163900.0,1269800000.0,1276500000.0,13.499,24172900000.0,0.0,838200000.0,1621500000.0,19.037,-863100000.0
71,MCD,MRT,2003-09-30,2003-09-30,2003-09-30,2021-09-07,-1018700000.0,25234100000.0,24676850000.0,1938500000.0,23295600000.0,0.668,9.161,-1452200000.0,647400000.0,647400000.0,11559800000.0,1001900000.0,0.736,1.166,9407500000.0,115800000.0,9291700000.0,9407500000.0,0.0,1095700000.0,0.0,0.01,0.235,2112400000.0,3208100000.0,0.195,3208100000.0,2112400000.0,1720500000.0,0.79,0.8,0.79,11648600000.0,11103800000.0,11648600000.0,39285966149.0,19.0,12.246,1502400000.0,1.182,1.0,4924500000.0,0.299,1763600000.0,391900000.0,29597200000.0,29866575000.0,116200000.0,1092200000.0,0.0,1092200000.0,13585500000.0,2633400000.0,10952100000.0,29952366149.0,224000000.0,-178900000.0,-34800000.0,-666600000.0,-297400000.0,-968900000.0,-1761700000.0,0.0,2954600000.0,0.0,1001900000.0,1001900000.0,1001900000.0,0.0,0.0,0.061,2663200000.0,2261300000.0,507000000.0,0.297,2.571,29.896,29.797,19398600000.0,0.0,23.54,1.817,1.816,703000000.0,20043300000.0,16484300000.0,16484300000.0,0.0,0.041,0.09,0.071,0.128,0.0,1805900000.0,1.0,1272402980.0,1271500000.0,1281000000.0,12.964,23470500000.0,0.0,718600000.0,1326500000.0,18.459,-694900000.0
72,MCD,MRT,2003-06-30,2003-06-30,2003-06-30,2021-09-07,-1067300000.0,25092900000.0,24266700000.0,1904000000.0,23188900000.0,0.66,9.166,-1759200000.0,520400000.0,520400000.0,11282200000.0,941200000.0,0.783,1.151,9854000000.0,406900000.0,9447100000.0,9854000000.0,0.0,1101800000.0,0.0,0.011,0.235,2004600000.0,3106400000.0,0.194,3106400000.0,2004600000.0,1612700000.0,0.74,0.75,0.74,11664000000.0,10852025000.0,11664000000.0,37585240443.0,19.0,12.099,1165700000.0,0.916,1.0,4744500000.0,0.296,1717600000.0,391900000.0,30278000000.0,29824500000.0,111500000.0,1036400000.0,0.0,1036400000.0,13428900000.0,2430900000.0,10998000000.0,28067240443.0,44500000.0,-178900000.0,-44400000.0,-382200000.0,-297400000.0,-746200000.0,-2134200000.0,0.0,2924900000.0,0.0,941200000.0,941200000.0,941200000.0,0.0,0.0,0.059,2617300000.0,2127200000.0,533400000.0,0.318,2.406,29.821,29.811,19332100000.0,0.0,22.06,1.751,1.752,807100000.0,20003500000.0,16026700000.0,16026700000.0,0.0,0.039,0.087,0.067,0.125,0.0,1787800000.0,1.0,1272313710.0,1272500000.0,1277500000.0,12.595,23375300000.0,0.0,671500000.0,1255500000.0,18.37,-526900000.0
73,MCD,MRT,2003-03-31,2003-03-31,2003-03-31,2021-09-07,-1442500000.0,24409900000.0,23825725000.0,1841800000.0,22568100000.0,0.655,8.524,-1948200000.0,488000000.0,488000000.0,10967100000.0,967800000.0,0.793,1.256,10006000000.0,319100000.0,9686900000.0,10006000000.0,0.0,1084000000.0,0.0,0.016,0.235,2019300000.0,3103300000.0,0.199,3103300000.0,2019300000.0,1635700000.0,0.76,0.77,0.76,10821700000.0,10523425000.0,10821700000.0,27995992340.0,14.0,9.021,953400000.0,0.751,1.0,4640900000.0,0.297,1652000000.0,383600000.0,29952400000.0,29483100000.0,103700000.0,1050700000.0,0.0,1050700000.0,13588200000.0,2323500000.0,11264700000.0,18346992340.0,50300000.0,-178900000.0,-152400000.0,-57400000.0,-297400000.0,-433500000.0,-2417800000.0,0.0,2901600000.0,0.0,967800000.0,967800000.0,967800000.0,0.0,0.0,0.062,2494700000.0,2146200000.0,488000000.0,0.309,1.695,18.957,19.026,18816700000.0,0.0,14.46,1.175,1.176,816700000.0,19532300000.0,15608000000.0,15608000000.0,0.0,0.041,0.092,0.068,0.129,0.0,1724300000.0,1.0,1268809982.0,1269600000.0,1270300000.0,12.294,22757900000.0,0.0,667900000.0,1274800000.0,17.925,-481700000.0
74,MCD,MRT,2002-12-31,2002-12-31,2002-12-31,2021-09-07,-1601300000.0,23970500000.0,23272150000.0,1715400000.0,22255100000.0,0.662,8.075,-2003800000.0,330400000.0,330400000.0,10746700000.0,893500000.0,0.708,1.332,9979400000.0,275800000.0,9703600000.0,9979400000.0,0.0,1050800000.0,0.0,0.015,0.235,1937600000.0,2988400000.0,0.194,2988400000.0,1937600000.0,1563500000.0,0.7,0.7,0.7,10280900000.0,10212225000.0,10280900000.0,29542149760.0,15.0,9.886,886300000.0,0.696,1.0,4659000000.0,0.302,1558500000.0,374100000.0,29638700000.0,28799900000.0,111700000.0,1037700000.0,0.0,1037700000.0,13689600000.0,2422300000.0,11267300000.0,20410549760.0,-87700000.0,-178900000.0,-475200000.0,145500000.0,-297400000.0,-511200000.0,-2466600000.0,0.0,2890100000.0,0.0,893500000.0,893500000.0,893500000.0,0.0,0.0,0.058,2546100000.0,2112900000.0,635800000.0,0.336,1.985,22.843,22.971,18583400000.0,0.0,16.08,1.325,1.329,855300000.0,19204400000.0,15405700000.0,15405700000.0,0.0,0.038,0.087,0.067,0.126,0.0,1712800000.0,1.0,1269312796.0,1273100000.0,1281500000.0,12.101,22412000000.0,0.0,670000000.0,1211800000.0,17.604,-706900000.0
75,MCD,MRT,2002-09-30,2002-09-30,2002-09-30,2021-09-07,-1855300000.0,23593500000.0,22913150000.0,1788900000.0,21804600000.0,0.667,8.359,-2016400000.0,423400000.0,423400000.0,10601100000.0,1509200000.0,0.959,1.217,9555000000.0,70200000.0,9484800000.0,9555000000.0,0.0,1064400000.0,0.0,0.013,0.225,2637900000.0,3702300000.0,0.242,3702300000.0,2637900000.0,2254600000.0,1.18,1.18,1.18,10641500000.0,10014100000.0,10641500000.0,31611045489.0,12.0,8.538,804100000.0,0.632,1.0,4676900000.0,0.306,1430300000.0,383300000.0,29428900000.0,28256650000.0,102000000.0,1086400000.0,0.0,1086400000.0,12952000000.0,1865900000.0,11086100000.0,22521245489.0,-52200000.0,44300000.0,-778300000.0,330100000.0,-287700000.0,-602000000.0,-2270700000.0,0.0,2820500000.0,0.0,1509200000.0,1509200000.0,1509200000.0,0.0,0.0,0.099,1877900000.0,2799000000.0,503300000.0,0.191,2.116,14.923,14.966,17940100000.0,0.0,17.66,1.474,1.472,840000000.0,19846300000.0,15278000000.0,15278000000.0,0.0,0.066,0.151,0.093,0.173,0.0,1659400000.0,1.0,1275268714.0,1273100000.0,1280500000.0,12.001,22163200000.0,0.0,745400000.0,1374500000.0,17.409,-77000000.0
76,MCD,MRT,2002-06-30,2002-06-30,2002-06-30,2021-09-07,-1688800000.0,23329000000.0,22591100000.0,1950900000.0,21378100000.0,0.669,8.129,-1849900000.0,475900000.0,475900000.0,10446300000.0,1568000000.0,0.916,1.254,9565700000.0,449400000.0,9116300000.0,9565700000.0,0.0,1054300000.0,0.0,0.008,0.225,2689900000.0,3744200000.0,0.248,3744200000.0,2689900000.0,2289800000.0,1.22,1.22,1.22,10349600000.0,9795025000.0,10349600000.0,44733528354.0,17.0,11.947,958200000.0,0.753,1.0,4664000000.0,0.309,1376100000.0,400100000.0,28912400000.0,28110850000.0,99100000.0,1089000000.0,0.0,1089000000.0,12979400000.0,2130300000.0,10849100000.0,36187828354.0,62600000.0,44300000.0,-801200000.0,186700000.0,-287700000.0,-679400000.0,-2066100000.0,0.0,2808100000.0,0.0,1568000000.0,1568000000.0,1568000000.0,0.0,0.0,0.104,1948200000.0,2715800000.0,541300000.0,0.184,3.497,23.079,23.32,17857200000.0,0.0,28.45,2.395,2.397,903500000.0,19359400000.0,15110300000.0,15110300000.0,0.0,0.069,0.16,0.096,0.178,0.0,1637100000.0,1.0,1271979907.0,1273200000.0,1290600000.0,11.868,21952900000.0,0.0,721800000.0,1270900000.0,17.242,-179400000.0
77,MCD,MRT,2002-03-31,2002-03-31,2002-03-31,2021-09-07,-1849200000.0,22195600000.0,22105275000.0,1853900000.0,20341700000.0,0.677,7.498,-1835200000.0,437700000.0,437700000.0,10325900000.0,1511400000.0,0.819,1.318,8983400000.0,566000000.0,8417400000.0,8983400000.0,0.0,1070400000.0,0.0,0.008,0.225,2636100000.0,3706500000.0,0.248,3706500000.0,2636100000.0,2212300000.0,1.17,1.17,1.17,9576900000.0,9518500000.0,9576900000.0,44056290074.0,17.0,11.886,887300000.0,0.695,1.0,4629800000.0,0.31,1258100000.0,423800000.0,27219600000.0,27848725000.0,98100000.0,972700000.0,0.0,972700000.0,12618700000.0,2263600000.0,10355100000.0,35556390074.0,34700000.0,44300000.0,-1006100000.0,406300000.0,-287700000.0,-699200000.0,-1988600000.0,0.0,2722500000.0,0.0,1511400000.0,1511400000.0,1511400000.0,0.0,0.0,0.101,1986700000.0,2643100000.0,531300000.0,0.192,3.713,23.525,23.718,17120500000.0,0.0,27.75,2.377,2.37,859800000.0,18861600000.0,14955700000.0,14955700000.0,0.0,0.068,0.159,0.095,0.176,0.0,1648800000.0,1.0,1281311354.0,1277200000.0,1292700000.0,11.71,20937500000.0,0.0,700900000.0,1395100000.0,16.393,-409700000.0
78,MCD,MRT,2001-12-31,2001-12-31,2001-12-31,2021-09-07,-1708800000.0,22534500000.0,21918675000.0,1819300000.0,20715200000.0,0.678,7.357,-1906200000.0,418100000.0,418100000.0,10253900000.0,1636600000.0,0.809,1.375,8918000000.0,362500000.0,8555500000.0,8918000000.0,0.0,1086300000.0,0.0,0.009,0.225,2782100000.0,3868400000.0,0.26,3868400000.0,2782100000.0,2329700000.0,1.27,1.25,1.27,9488400000.0,9356975000.0,9488400000.0,42237855987.0,15.0,10.919,782100000.0,0.606,1.0,4616100000.0,0.31,1320400000.0,452400000.0,27465700000.0,27877875000.0,105500000.0,990200000.0,0.0,990200000.0,13046100000.0,2248300000.0,10797800000.0,34025655987.0,-3600000.0,44300000.0,-1068100000.0,527300000.0,-287700000.0,-623700000.0,-2068200000.0,0.0,2688300000.0,0.0,1636600000.0,1636600000.0,1636600000.0,0.0,0.0,0.11,1919100000.0,2697000000.0,689500000.0,0.177,3.586,20.79,20.843,17289500000.0,0.0,26.47,2.288,2.296,881900000.0,18608300000.0,14870000000.0,14870000000.0,0.0,0.075,0.175,0.1,0.187,0.0,1661700000.0,1.0,1285442236.0,1289700000.0,1309300000.0,11.53,21214100000.0,0.0,693100000.0,1313000000.0,16.449,-429000000.0
79,MCD,MRT,2001-09-30,2001-09-30,2001-09-30,2021-09-07,-1630900000.0,22305300000.0,21705925000.0,1769900000.0,20535400000.0,0.677,7.593,-1885200000.0,475600000.0,475600000.0,10088300000.0,1816700000.0,1.059,1.284,8687800000.0,2500000.0,8685300000.0,8687800000.0,0.0,1040800000.0,0.0,0.008,0.215,3078200000.0,4119000000.0,0.28,4119000000.0,3078200000.0,2617700000.0,1.39,1.39,1.39,9765200000.0,9285975000.0,9765200000.0,43091517341.0,14.0,10.462,801700000.0,0.623,1.0,4599800000.0,0.313,0.0,460500000.0,28845700000.0,27535600000.0,98100000.0,0.0,0.0,0.0,12540100000.0,1671800000.0,10868300000.0,34933417341.0,125600000.0,-122700000.0,-1200600000.0,911900000.0,-280700000.0,-399700000.0,-2161600000.0,0.0,2686900000.0,0.0,1816700000.0,1816700000.0,1816700000.0,0.0,0.0,0.124,1611500000.0,2988300000.0,520700000.0,0.155,3.577,19.229,19.525,17003900000.0,0.0,27.14,2.378,2.376,790200000.0,18624700000.0,14688100000.0,14688100000.0,0.0,0.084,0.196,0.112,0.21,0.0,1635400000.0,1.0,1287156129.0,1286100000.0,1305800000.0,11.421,22305300000.0,0.0,801000000.0,1415700000.0,17.343,98100000.0
80,MCD,MRT,2001-06-30,2001-06-30,2001-06-30,2021-09-07,-1625400000.0,21385700000.0,21350250000.0,1667900000.0,19717800000.0,0.682,7.167,-1961800000.0,413300000.0,413300000.0,9933700000.0,1819700000.0,0.993,1.314,8571400000.0,377400000.0,8194000000.0,8571400000.0,0.0,1020100000.0,0.0,0.025,0.684,3117600000.0,4137700000.0,0.284,4137700000.0,3117600000.0,2656300000.0,1.39,1.38,1.39,9243500000.0,9046200000.0,9243500000.0,43153745273.0,14.0,10.429,538200000.0,0.417,1.0,4624100000.0,0.318,0.0,461300000.0,27863900000.0,26537075000.0,92300000.0,0.0,0.0,0.0,12142200000.0,1679900000.0,10462300000.0,34996345273.0,2200000.0,-122700000.0,-1453100000.0,1328600000.0,-280700000.0,-273300000.0,-2224500000.0,0.0,2500000000.0,0.0,1819700000.0,1819700000.0,1819700000.0,0.0,0.0,0.125,1471600000.0,3152500000.0,338000000.0,0.492,3.786,19.232,19.468,16675600000.0,0.0,27.06,2.404,2.397,767000000.0,18079100000.0,14557800000.0,14557800000.0,0.0,0.085,0.201,0.117,0.214,0.0,1628700000.0,1.0,1293286965.0,1289700000.0,1311100000.0,11.288,21385700000.0,0.0,836600000.0,1386900000.0,16.582,-12000000.0
81,MCD,MRT,2001-03-31,2001-03-31,2001-03-31,2021-09-07,-1632300000.0,21449200000.0,21306550000.0,1667400000.0,19781800000.0,0.676,6.866,-2027900000.0,403000000.0,403000000.0,9735800000.0,1904700000.0,0.734,1.402,8560400000.0,684500000.0,7875900000.0,8560400000.0,0.0,1024800000.0,0.0,0.026,0.684,3226000000.0,4250800000.0,0.295,4250800000.0,3226000000.0,2775600000.0,1.45,1.43,1.45,8930800000.0,8985100000.0,8930800000.0,42697307691.0,13.0,10.045,562900000.0,0.433,1.0,4675100000.0,0.324,0.0,450400000.0,27336200000.0,25840400000.0,87200000.0,0.0,0.0,0.0,12518400000.0,2270400000.0,10248000000.0,34645107691.0,35000000.0,-122700000.0,-1829500000.0,1713000000.0,-280700000.0,-270500000.0,-2285300000.0,0.0,2590800000.0,0.0,1904700000.0,1904700000.0,1904700000.0,0.0,0.0,0.132,1418800000.0,3256300000.0,570600000.0,0.472,3.879,18.189,18.31,16644500000.0,0.0,26.55,2.404,2.396,793900000.0,17637900000.0,14410900000.0,14410900000.0,0.0,0.089,0.212,0.125,0.224,0.0,1607500000.0,1.0,1304900478.0,1300700000.0,1325300000.0,11.079,21449200000.0,0.0,870900000.0,1468100000.0,16.491,-603000000.0
82,MCD,MRT,2000-12-31,2000-12-31,2000-12-31,2021-09-07,-1287300000.0,21683500000.0,21151775000.0,1662400000.0,20021100000.0,0.673,6.956,-1945100000.0,421700000.0,421700000.0,9522400000.0,1977300000.0,0.704,1.356,8473900000.0,630000000.0,7843900000.0,8473900000.0,0.0,1010700000.0,0.0,0.02,0.684,3312200000.0,4322900000.0,0.304,4322900000.0,3312200000.0,2882300000.0,1.49,1.46,1.49,9204400000.0,9105175000.0,9204400000.0,51901396724.0,16.0,12.006,806400000.0,0.609,1.0,4720600000.0,0.331,1278200000.0,429900000.0,26096600000.0,25282200000.0,99300000.0,824200000.0,0.0,824200000.0,12479100000.0,2360900000.0,10118200000.0,44584396724.0,2200000.0,-122700000.0,-2023400000.0,1678500000.0,-280700000.0,-536700000.0,-2212600000.0,0.0,2751500000.0,0.0,1977300000.0,1977300000.0,1977300000.0,0.0,0.0,0.139,1390900000.0,3329700000.0,684900000.0,0.459,4.844,22.548,22.819,17047600000.0,0.0,34.0,3.13,3.159,796500000.0,17259400000.0,14243000000.0,14243000000.0,0.0,0.093,0.217,0.131,0.233,0.0,1587300000.0,1.0,1311305786.0,1323200000.0,1356500000.0,10.764,20405300000.0,0.0,905000000.0,1372600000.0,15.421,-698500000.0
83,MCD,MRT,2000-09-30,2000-09-30,2000-09-30,2021-09-07,-1345700000.0,20882600000.0,20976700000.0,1585300000.0,19297300000.0,0.669,6.694,-1848800000.0,350000000.0,350000000.0,9260600000.0,2011500000.0,0.474,1.371,7667000000.0,1475500000.0,6191500000.0,7667000000.0,0.0,1015400000.0,0.0,0.017,0.517,3351300000.0,4366700000.0,0.311,4366700000.0,3351300000.0,2935100000.0,1.52,1.48,1.52,8806100000.0,9213850000.0,8806100000.0,47428724476.0,14.0,10.861,923100000.0,0.702,1.0,4765700000.0,0.34,0.0,416200000.0,24851600000.0,24578025000.0,84700000.0,0.0,0.0,0.0,12076500000.0,3348000000.0,8728500000.0,39872024476.0,-74800000.0,-78300000.0,-1966100000.0,1092800000.0,-66000000.0,-770800000.0,-2075900000.0,0.0,2771900000.0,0.0,2011500000.0,2011500000.0,2011500000.0,0.0,0.0,0.143,1393200000.0,3372500000.0,701700000.0,0.34,4.528,19.822,19.862,16381600000.0,0.0,30.19,2.843,2.832,701000000.0,16805900000.0,14026300000.0,14026300000.0,0.0,0.096,0.218,0.136,0.239,0.0,1584400000.0,1.0,1320703030.0,1315600000.0,1346000000.0,10.662,20882600000.0,0.0,923600000.0,1560900000.0,15.873,-1762700000.0
84,MCD,MRT,2000-06-30,2000-06-30,2000-06-30,2021-09-07,-1106900000.0,21210900000.0,20872750000.0,1675100000.0,19535800000.0,0.657,6.781,-1965600000.0,411100000.0,411100000.0,8973400000.0,2003900000.0,0.454,1.357,7967800000.0,2181500000.0,5786300000.0,7967800000.0,0.0,1013800000.0,0.0,0.003,0.098,3346500000.0,4360300000.0,0.318,4360300000.0,3346500000.0,2946300000.0,1.5,1.46,1.5,8999100000.0,9386450000.0,8999100000.0,51057672566.0,15.0,11.71,895400000.0,0.675,1.0,4748100000.0,0.346,0.0,400200000.0,25077200000.0,24567200000.0,85700000.0,0.0,0.0,0.0,12211800000.0,3690400000.0,8521400000.0,44015572566.0,3300000.0,-78300000.0,-1744200000.0,1190700000.0,-132400000.0,-596800000.0,-2260900000.0,0.0,2861000000.0,0.0,2003900000.0,2003900000.0,2003900000.0,0.0,0.0,0.146,1378700000.0,3369400000.0,451200000.0,0.065,4.891,21.965,21.96,16567800000.0,0.0,32.94,3.208,3.186,746900000.0,16539400000.0,13721500000.0,13721500000.0,0.0,0.096,0.213,0.136,0.244,0.0,1543200000.0,1.0,1336234747.0,1327100000.0,1365500000.0,10.339,21210900000.0,0.0,942400000.0,1536400000.0,15.983,-2015300000.0
85,MCD,MRT,2000-03-31,2000-03-31,2000-03-31,2021-09-07,-1002900000.0,20830100000.0,20531375000.0,1505000000.0,19325100000.0,0.661,7.005,-1814100000.0,368000000.0,368000000.0,8797400000.0,1996100000.0,0.544,1.213,7410100000.0,1278900000.0,6131200000.0,7410100000.0,0.0,978000000.0,0.0,0.004,0.146,3337600000.0,4315600000.0,0.318,4315600000.0,3337600000.0,2946100000.0,1.47,1.44,1.47,9411100000.0,9400925000.0,9411100000.0,57288923127.0,17.0,13.275,1145000000.0,0.852,1.0,4770600000.0,0.352,0.0,391500000.0,25103400000.0,24328225000.0,79600000.0,0.0,0.0,0.0,11419000000.0,2768800000.0,8650200000.0,50456123127.0,-192200000.0,-78300000.0,-1312400000.0,262000000.0,-198400000.0,-1116100000.0,-2035200000.0,0.0,2959100000.0,0.0,1996100000.0,1996100000.0,1996100000.0,0.0,0.0,0.147,1394000000.0,3376600000.0,411400000.0,0.099,5.361,25.277,25.429,16383900000.0,0.0,37.38,3.719,3.701,664300000.0,16013500000.0,13568000000.0,13568000000.0,0.0,0.097,0.212,0.137,0.246,0.0,1515300000.0,1.0,1349816028.0,1343400000.0,1383800000.0,10.1,20830100000.0,0.0,950000000.0,1588400000.0,15.506,-1263800000.0
86,MCD,MRT,1999-12-31,1999-12-31,1999-12-31,2021-09-07,-886800000.0,20983200000.0,20304775000.0,1572300000.0,19410900000.0,0.653,7.112,-1867800000.0,419500000.0,419500000.0,8567300000.0,1947900000.0,0.48,1.177,7252300000.0,1619900000.0,5632400000.0,7252300000.0,0.0,956300000.0,0.0,0.005,0.195,3280400000.0,4236700000.0,0.32,4236700000.0,3280400000.0,2884100000.0,1.44,1.39,1.44,9639100000.0,9321500000.0,9639100000.0,61276824150.0,19.0,14.463,1141100000.0,0.842,1.0,4692000000.0,0.354,1261800000.0,396300000.0,23279900000.0,24055325000.0,82700000.0,1002200000.0,0.0,1002200000.0,11344100000.0,3274300000.0,8069800000.0,54580524150.0,120300000.0,-78300000.0,-891500000.0,336400000.0,-264700000.0,-626800000.0,-2261800000.0,0.0,3008900000.0,0.0,1947900000.0,1947900000.0,1947900000.0,0.0,0.0,0.147,1372400000.0,3319600000.0,585700000.0,0.135,5.662,28.02,27.993,16324500000.0,0.0,40.31,4.116,4.12,708100000.0,15562800000.0,13259300000.0,13259300000.0,0.0,0.096,0.209,0.136,0.247,0.0,1477600000.0,1.0,1354019453.0,1355300000.0,1404200000.0,9.783,19721400000.0,0.0,936200000.0,1450900000.0,14.551,-1702000000.0
87,MCD,MRT,1999-09-30,1999-09-30,1999-09-30,2021-09-07,-796300000.0,20466800000.0,20005075000.0,1393600000.0,19073200000.0,0.655,7.01,-1941500000.0,424800000.0,424800000.0,8432500000.0,1810200000.0,0.592,1.155,7121100000.0,832300000.0,6288800000.0,7121100000.0,0.0,953200000.0,0.0,0.004,0.191,3089800000.0,4043000000.0,0.308,4043000000.0,3089800000.0,2689900000.0,1.33,1.3,1.33,9496500000.0,9277900000.0,9496500000.0,65096528017.0,21.0,16.101,1200500000.0,0.886,1.0,4674600000.0,0.357,0.0,399900000.0,24808300000.0,23999950000.0,76000000.0,0.0,0.0,0.0,10970300000.0,2354800000.0,8615500000.0,58590228017.0,120500000.0,60500000.0,-684600000.0,-29900000.0,-258700000.0,-829100000.0,-2192400000.0,0.0,3142000000.0,0.0,1810200000.0,1810200000.0,1810200000.0,0.0,0.0,0.138,1534600000.0,3140000000.0,448800000.0,0.144,6.17,32.367,32.519,16140100000.0,0.0,43.25,4.47,4.47,607900000.0,15142500000.0,13107100000.0,13107100000.0,0.0,0.09,0.195,0.129,0.236,0.0,1465500000.0,1.0,1354687353.0,1354700000.0,1403100000.0,9.675,20466800000.0,0.0,879700000.0,1368200000.0,15.108,-961200000.0
88,MCD,MRT,1999-06-30,1999-06-30,1999-06-30,2021-09-07,-841600000.0,19845400000.0,19693800000.0,1420500000.0,18424900000.0,0.654,6.682,-1829500000.0,407800000.0,407800000.0,8270300000.0,1751500000.0,0.637,1.191,6914100000.0,711000000.0,6203100000.0,6914100000.0,0.0,932400000.0,0.0,0.005,0.188,3014200000.0,3946600000.0,0.306,3946600000.0,3014200000.0,2606900000.0,1.28,1.25,1.28,9057000000.0,9138775000.0,9057000000.0,62551069529.0,21.0,15.849,1224200000.0,0.903,1.0,4607600000.0,0.358,0.0,407300000.0,24121300000.0,23746925000.0,71900000.0,0.0,0.0,0.0,10788400000.0,2230400000.0,8558000000.0,55852369529.0,82900000.0,60500000.0,-1026300000.0,53200000.0,-253500000.0,-976200000.0,-1994600000.0,0.0,3053700000.0,0.0,1751500000.0,1751500000.0,1751500000.0,0.0,0.0,0.136,1540100000.0,3067500000.0,422000000.0,0.147,6.167,31.888,32.133,15708000000.0,0.0,41.13,4.337,4.329,643600000.0,14667900000.0,12877900000.0,12877900000.0,0.0,0.089,0.192,0.127,0.234,0.0,1456000000.0,1.0,1357947229.0,1355500000.0,1405600000.0,9.5,19845400000.0,0.0,855400000.0,1440000000.0,14.641,-809900000.0
89,MCD,MRT,1999-03-31,1999-03-31,1999-03-31,2021-09-07,-783100000.0,19923700000.0,19444850000.0,1560900000.0,18362800000.0,0.651,6.7,-1906400000.0,560200000.0,560200000.0,8114900000.0,1590600000.0,0.598,1.191,7258900000.0,1130500000.0,6128400000.0,7258900000.0,0.0,911300000.0,0.0,0.004,0.184,2784100000.0,3695400000.0,0.292,3695400000.0,2784100000.0,2367900000.0,1.17,1.13,1.17,9093400000.0,9087450000.0,9093400000.0,68273027684.0,25.0,18.475,1055400000.0,0.778,1.0,4536700000.0,0.359,0.0,416200000.0,24011800000.0,23520275000.0,69600000.0,0.0,0.0,0.0,10830300000.0,2610600000.0,8219700000.0,61528827684.0,206400000.0,60500000.0,-1146900000.0,557400000.0,-249200000.0,-594600000.0,-2160800000.0,0.0,2961800000.0,0.0,1590600000.0,1590600000.0,1590600000.0,0.0,0.0,0.126,1705900000.0,2830800000.0,496400000.0,0.157,6.766,38.683,38.726,15686100000.0,0.0,45.31,4.863,4.861,629000000.0,14215600000.0,12651600000.0,12651600000.0,0.0,0.082,0.175,0.118,0.22,0.0,1455400000.0,1.0,1357952498.0,1357300000.0,1409200000.0,9.321,19923700000.0,0.0,777300000.0,1333200000.0,14.679,-1049700000.0
90,MCD,MRT,1998-12-31,1998-12-31,1998-12-31,2021-09-07,-522500000.0,19784400000.0,19067975000.0,1309400000.0,18475000000.0,0.651,6.932,-1879300000.0,299200000.0,299200000.0,7939600000.0,1550100000.0,0.524,1.09,7043400000.0,854800000.0,6188600000.0,7043400000.0,0.0,881100000.0,0.0,0.005,0.177,2721200000.0,3602300000.0,0.29,3602300000.0,2721200000.0,2307400000.0,1.14,1.1,1.14,9464700000.0,9094600000.0,9464700000.0,58711969446.0,22.0,16.298,887000000.0,0.65,1.0,4481800000.0,0.361,973100000.0,413800000.0,23058400000.0,23177100000.0,77300000.0,854100000.0,0.0,854100000.0,10319700000.0,2497100000.0,7822600000.0,51966469446.0,-42200000.0,60500000.0,-1089800000.0,262400000.0,-239500000.0,-860300000.0,-1948200000.0,0.0,2766300000.0,0.0,1550100000.0,1550100000.0,1550100000.0,0.0,0.0,0.125,1719900000.0,2761900000.0,621300000.0,0.155,5.491,33.525,33.689,16041600000.0,0.0,38.405,4.184,4.221,609400000.0,13879600000.0,12421400000.0,12421400000.0,0.0,0.081,0.17,0.117,0.219,0.0,1458500000.0,1.0,1353117288.0,1365300000.0,1405700000.0,9.098,18811300000.0,0.0,757300000.0,1319600000.0,13.778,-1187700000.0
91,MCD,MRT,1998-09-30,1998-09-30,1998-09-30,2021-09-07,-552100000.0,19221700000.0,18682250000.0,1250200000.0,17971500000.0,0.651,6.563,-1983300000.0,304300000.0,304300000.0,7758800000.0,1612500000.0,0.576,1.15,7049800000.0,664400000.0,6385400000.0,7049800000.0,0.0,885100000.0,0.0,0.006,0.173,2786800000.0,3671900000.0,0.302,3671900000.0,2786800000.0,2380700000.0,1.16,1.145,1.16,8940000000.0,8941325000.0,8940000000.0,47276090386.0,17.0,12.875,736200000.0,0.54,1.0,4394500000.0,0.362,0.0,406100000.0,23796200000.0,22550400000.0,71600000.0,0.0,0.0,0.0,10281700000.0,2171000000.0,8110700000.0,40865490386.0,-5900000.0,-86400000.0,-1235800000.0,976600000.0,-240900000.0,-654200000.0,-2071200000.0,0.0,2719500000.0,0.0,1612500000.0,1612500000.0,1612500000.0,0.0,0.0,0.133,1574600000.0,2819900000.0,423400000.0,0.149,4.571,25.343,25.728,15695800000.0,0.0,29.845,3.363,3.345,549400000.0,13591900000.0,12153300000.0,12153300000.0,0.0,0.086,0.18,0.124,0.229,0.0,1460200000.0,1.0,1369257510.0,1362100000.0,1404700000.0,8.922,19221700000.0,0.0,768200000.0,1400000000.0,14.112,-920800000.0
92,MCD,MRT,1998-06-30,1998-06-30,1998-06-30,2021-09-07,-583500000.0,18849600000.0,18369875000.0,1318500000.0,17531100000.0,0.65,6.451,-2011300000.0,324900000.0,324900000.0,7628600000.0,1579200000.0,0.645,1.129,6735500000.0,652600000.0,6082900000.0,6735500000.0,0.0,827700000.0,0.0,0.005,0.17,2719900000.0,3547600000.0,0.297,3547600000.0,2719900000.0,2322500000.0,1.13,1.12,1.13,8851700000.0,8997450000.0,8851700000.0,53539580281.0,20.0,15.092,650600000.0,0.474,1.0,4315700000.0,0.361,0.0,397400000.0,23214700000.0,21775775000.0,71900000.0,0.0,0.0,0.0,9997900000.0,2045500000.0,7952400000.0,47432680281.0,22700000.0,-86400000.0,-789500000.0,687700000.0,-243500000.0,-485800000.0,-2153400000.0,0.0,2661900000.0,0.0,1579200000.0,1579200000.0,1579200000.0,0.0,0.0,0.132,1575600000.0,2740100000.0,404000000.0,0.15,5.359,30.036,30.531,15200700000.0,0.0,34.5,3.971,3.963,571300000.0,13170600000.0,11944300000.0,11944300000.0,0.0,0.086,0.176,0.125,0.228,0.0,1477200000.0,1.0,1374860298.0,1372100000.0,1415100000.0,8.705,18849600000.0,0.0,743300000.0,1361900000.0,13.738,-727000000.0
93,MCD,MRT,1998-03-31,1998-03-31,1998-03-31,2021-09-07,-510200000.0,18416200000.0,18047975000.0,1180500000.0,17235700000.0,0.643,6.645,-2047600000.0,353800000.0,353800000.0,7409600000.0,1660200000.0,0.627,1.019,6460700000.0,612200000.0,5848500000.0,6460700000.0,0.0,805800000.0,0.0,0.006,0.166,2809000000.0,3614800000.0,0.312,3614800000.0,2809000000.0,2431800000.0,1.185,1.175,1.185,9122000000.0,8974600000.0,9122000000.0,47273305620.0,17.0,13.078,384200000.0,0.28,1.0,4186500000.0,0.361,0.0,377200000.0,22639100000.0,20905350000.0,67200000.0,0.0,0.0,0.0,9294200000.0,1884000000.0,7410200000.0,41151205620.0,54000000.0,-86400000.0,-559400000.0,788400000.0,-245600000.0,-218500000.0,-2159300000.0,0.0,2431800000.0,0.0,1660200000.0,1660200000.0,1660200000.0,0.0,0.0,0.143,1349700000.0,2836800000.0,404400000.0,0.14,4.511,24.787,25.316,14998100000.0,0.0,30.0,3.549,3.552,498500000.0,12874800000.0,11596100000.0,11596100000.0,0.0,0.092,0.185,0.134,0.242,0.0,1459500000.0,1.0,1371706854.0,1372800000.0,1403900000.0,8.447,18416200000.0,0.0,771600000.0,1357600000.0,13.415,-703500000.0
94,MCD,MRT,1997-12-31,1997-12-31,1997-12-31,2021-09-07,-470500000.0,18241500000.0,17758350000.0,1142300000.0,17099200000.0,0.642,6.42,-2084300000.0,341400000.0,341400000.0,7263500000.0,1642500000.0,0.383,1.061,6463500000.0,1629400000.0,4834100000.0,6463500000.0,0.0,793800000.0,0.0,0.007,0.162,2771700000.0,3565500000.0,0.313,3565500000.0,2771700000.0,2407300000.0,1.17,1.15,1.17,8851600000.0,8848450000.0,8851600000.0,38669403612.0,14.0,10.845,358000000.0,0.26,1.0,4145300000.0,0.363,827500000.0,364400000.0,20551600000.0,20164325000.0,70500000.0,701800000.0,0.0,701800000.0,9389900000.0,2984500000.0,6405400000.0,32889103612.0,11500000.0,-86400000.0,-755100000.0,1001500000.0,-247700000.0,-213600000.0,-2217200000.0,0.0,2442300000.0,0.0,1642500000.0,1642500000.0,1642500000.0,0.0,0.0,0.144,1337000000.0,2808300000.0,650600000.0,0.138,3.716,20.024,20.406,14961400000.0,0.0,23.875,2.883,2.885,483500000.0,12569000000.0,11408800000.0,11408800000.0,0.0,0.092,0.186,0.137,0.243,0.0,1450500000.0,1.0,1377554078.0,1378700000.0,1410200000.0,8.275,17414000000.0,0.0,764800000.0,1264500000.0,12.631,-1842200000.0
95,MCD,MRT,1997-09-30,1997-09-30,1997-09-30,2021-09-07,-326300000.0,17972200000.0,17544475000.0,1074600000.0,16897600000.0,0.643,6.655,-2180100000.0,310200000.0,310200000.0,7165300000.0,1641600000.0,0.484,0.961,6090500000.0,850200000.0,5240300000.0,6090500000.0,0.0,753200000.0,0.0,0.007,0.158,2701900000.0,3455100000.0,0.306,3455100000.0,2701900000.0,2341400000.0,1.175,,1.175,9164500000.0,8815100000.0,9164500000.0,38210635945.0,14.0,11.059,278600000.0,0.202,1.0,4112500000.0,0.365,834000000.0,360500000.0,20697700000.0,20040225000.0,62300000.0,7700000.0,7700000.0,0.0,8807700000.0,2220800000.0,6586900000.0,32770235945.0,54700000.0,46700000.0,-772800000.0,731300000.0,-245700000.0,-68100000.0,-2335900000.0,0.0,2458700000.0,0.0,1641600000.0,1641600000.0,1641600000.0,0.0,0.0,0.146,1385400000.0,2727100000.0,490900000.0,0.134,3.576,19.962,20.268,14731400000.0,0.0,23.815,2.906,2.908,427600000.0,12219100000.0,11277800000.0,11277800000.0,0.0,0.094,0.186,0.135,0.24,0.0,1437700000.0,1.0,1376033422.0,1377000000.0,,8.19,17138200000.0,0.0,699800000.0,1263000000.0,12.446,-1146200000.0
96,MCD,MRT,1997-06-30,1997-06-30,1997-06-30,2021-09-07,-328100000.0,17562000000.0,,1076900000.0,16485100000.0,,6.351,-2297300000.0,302200000.0,302200000.0,6979600000.0,1633300000.0,0.435,1.005,5742600000.0,1109800000.0,4632800000.0,5742600000.0,0.0,757900000.0,0.0,0.006,0.154,2683300000.0,3441200000.0,0.312,3441200000.0,2683300000.0,2332200000.0,1.165,,1.165,8760300000.0,,8760300000.0,38604605635.0,14.0,11.218,118700000.0,0.086,1.0,4066000000.0,0.368,791600000.0,351100000.0,19733000000.0,,61600000.0,16900000.0,16900000.0,0.0,8801700000.0,2477800000.0,6323900000.0,33373805635.0,-43500000.0,66700000.0,-830800000.0,962500000.0,-242500000.0,38500000.0,-2498000000.0,0.0,2416000000.0,0.0,1633300000.0,1633300000.0,1633300000.0,0.0,0.0,0.148,1350300000.0,2715700000.0,503500000.0,0.132,3.81,20.433,20.764,14426300000.0,0.0,24.19,3.021,3.021,454200000.0,11833700000.0,11045600000.0,11045600000.0,0.0,,,,0.243,0.0,1410100000.0,1.0,1379652982.0,1379400000.0,,8.008,16770400000.0,0.0,698900000.0,1142000000.0,12.158,-1400900000.0
97,MCD,MRT,1997-03-31,1997-03-31,1997-03-31,2021-09-07,-266600000.0,17257700000.0,,1010100000.0,16247600000.0,,6.23,-2327100000.0,299800000.0,299800000.0,6852200000.0,1615500000.0,0.495,1.003,5530600000.0,726500000.0,4804100000.0,5530600000.0,0.0,748200000.0,0.0,0.006,0.15,2662300000.0,3410500000.0,0.314,3410500000.0,2662300000.0,2314600000.0,1.145,,1.145,8617400000.0,,8617400000.0,37886688437.0,14.0,11.109,191500000.0,0.138,1.0,4025900000.0,0.37,773700000.0,347700000.0,19675000000.0,,60400000.0,21100000.0,21100000.0,0.0,8640300000.0,2039800000.0,6600500000.0,32693188437.0,-29700000.0,79500000.0,-756300000.0,842500000.0,-237200000.0,17100000.0,-2565400000.0,0.0,2518600000.0,0.0,1615500000.0,1615500000.0,1615500000.0,0.0,0.0,0.149,1341600000.0,2684300000.0,478500000.0,0.131,3.794,20.237,20.633,14251300000.0,0.0,23.625,3.005,3.004,429000000.0,11458900000.0,10878100000.0,10878100000.0,0.0,,,,0.245,0.0,1389200000.0,1.0,1383838664.0,1383200000.0,,7.864,16484000000.0,0.0,699100000.0,1242100000.0,11.917,-1029700000.0
98,MCD,MRT,1996-12-31,1996-12-31,1996-12-31,2021-09-07,-175100000.0,17386000000.0,16400300000.0,1102500000.0,16283500000.0,0.652,6.243,-2339800000.0,329900000.0,329900000.0,6733300000.0,1572600000.0,0.516,0.994,5881400000.0,693300000.0,5188100000.0,5881400000.0,0.0,742900000.0,0.0,0.006,0.146,2593500000.0,3336400000.0,0.312,3336400000.0,2593500000.0,2251000000.0,1.11,1.08,1.11,8718200000.0,8289750000.0,8718200000.0,,,,121200000.0,0.087,1.0,3953200000.0,0.37,747000000.0,342500000.0,20055200000.0,18820650000.0,69600000.0,779300000.0,0.0,779300000.0,8667800000.0,2135300000.0,6532500000.0,31399299286.0,-4900000.0,61100000.0,-599900000.0,779300000.0,-232000000.0,104400000.0,-2570300000.0,0.0,2461000000.0,0.0,1572600000.0,1572600000.0,1572600000.0,0.0,0.0,0.147,1320600000.0,2632600000.0,638000000.0,0.132,3.602,19.966,20.441,14352100000.0,0.0,22.69,2.938,2.965,495400000.0,11173000000.0,10686500000.0,10686500000.0,0.0,0.096,0.19,0.138,0.243,0.0,1366400000.0,1.0,1383838664.0,1396400000.0,1433300000.0,7.653,16639000000.0,0.0,678400000.0,1135100000.0,11.916,-1032800000.0
99,MCD,MRT,1996-09-30,1996-09-30,1996-09-30,2021-09-07,,,,,,,,,,,,,,,,,,,,,,0.006,0.143,,,,,,,,,,,,,,,,,,1.0,,,,,,,,,,,,,,,,,,,,,,,,,,,,,,,,,,,,,,,,23.69,,,,,,,,,,,,,,1.0,,1395600000.0,,,,,,,,
100,MCD,MRT,1996-06-30,1996-06-30,1996-06-30,2021-09-07,,,,,,,,,,,,,,,,,,,,,,0.006,0.14,,,,,,,,,,,,,,,,,,1.0,,,,,,,,,,,,,,,,,,,,,,,,,,,,,,,,,,,,,,,,23.25,,,,,,,,,,,,,,1.0,,1398200000.0,,,,,,,,
101,MCD,MRT,1996-03-31,1996-03-31,1996-03-31,2021-09-07,,,,,,,,,,,,,,,,,,,,,,0.006,0.136,,,,,,,,,,,,,,,,,,1.0,,,,,,,,,,,,,,,,,,,,,,,,,,,,,,,,,,,,,,,,24.688,,,,,,,,,,,,,,1.0,,1401000000.0,,,,,,,,
102,MCD,MRT,1995-12-31,1995-12-31,1995-12-31,2021-09-07,-87100000.0,15414600000.0,,955800000.0,14458800000.0,,5.603,-1997500000.0,334800000.0,334800000.0,6062600000.0,1427300000.0,0.533,0.961,4836000000.0,578200000.0,4257800000.0,4836000000.0,0.0,709000000.0,0.0,0.006,0.132,2509300000.0,3218300000.0,0.329,3218300000.0,2509300000.0,2169100000.0,0.985,0.965,0.985,7861300000.0,,7861300000.0,,,,298700000.0,0.213,1.0,3731900000.0,0.381,534800000.0,340200000.0,17586100000.0,,58000000.0,791700000.0,36300000.0,755400000.0,7553300000.0,1794900000.0,5758400000.0,,154900000.0,41500000.0,-314500000.0,445100000.0,-226500000.0,-32300000.0,-2109000000.0,0.0,2296200000.0,0.0,1427300000.0,1427300000.0,1427300000.0,0.0,0.0,0.146,1130600000.0,2601300000.0,564300000.0,0.134,,,22.909,12811300000.0,0.0,22.565,,3.232,377300000.0,9831300000.0,9794500000.0,9794500000.0,0.0,,,,0.256,0.0,1236300000.0,1.0,,1403000000.0,1435400000.0,6.981,14879800000.0,0.0,741800000.0,1018400000.0,10.606,-839100000.0
103,MCD,MRT,1994-12-31,1994-12-31,1994-12-31,2021-09-07,,,,,,,,-1472600000.0,,,5080500000.0,1224400000.0,,,,,,,,628600000.0,,0.008,0.117,2192300000.0,2820900000.0,0.339,2820900000.0,2192300000.0,1886600000.0,0.84,,0.84,,,,,,,453600000.0,,1.0,3240300000.0,0.389,,305700000.0,,,,,,,,,,,-5900000.0,17700000.0,-495600000.0,245700000.0,-215700000.0,-426200000.0,-1505900000.0,41600000.0,1926200000.0,0.0,1224400000.0,1224400000.0,1224400000.0,0.0,0.0,0.147,999100000.0,2241200000.0,,0.139,,,17.411,,0.0,14.625,,,,,8320800000.0,8320800000.0,0.0,,,,0.263,0.0,1083000000.0,1.0,,,,,,,662200000.0,,,
