None,ticker,dimension,calendardate,datekey,reportperiod,lastupdated,accoci,assets,assetsavg,assetsc,assetsnc,assetturnover,bvps,capex,cashneq,cashnequsd,cor,consolinc,currentratio,de,debt,debtc,debtnc,debtusd,deferredrev,depamor,deposits,divyield,dps,ebit,ebitda,ebitdamargin,ebitdausd,ebitusd,ebt,eps,epsdil,epsusd,equity,equityavg,equityusd,ev,evebit,evebitda,fcf,fcfps,fxusd,gp,grossmargin,intangibles,intexp,invcap,invcapavg,inventory,investments,investmentsc,investmentsnc,liabilities,liabilitiesc,liabilitiesnc,marketcap,ncf,ncfbus,ncfcommon,ncfdebt,ncfdiv,ncff,ncfi,ncfinv,ncfo,ncfx,netinc,netinccmn,netinccmnusd,netincdis,netincnci,netmargin,opex,opinc,payables,payoutratio,pb,pe,pe1,ppnenet,prefdivis,price,ps,ps1,receivables,retearn,revenue,revenueusd,rnd,roa,roe,roic,ros,sbcomp,sgna,sharefactor,sharesbas,shareswa,shareswadil,sps,tangibles,taxassets,taxexp,taxliabilities,tbvps,workingcapital
0,JNJ,MRY,2020-12-31,2021-01-03,2021-01-03,2021-07-29,-15242000000.0,174894000000.0,164746000000.0,51237000000.0,123657000000.0,0.501,24.034,-3347000000.0,13985000000.0,13985000000.0,28427000000.0,14714000000.0,1.206,1.764,35266000000.0,2631000000.0,32635000000.0,35266000000.0,0.0,7231000000.0,0.0,0.025,3.98,16698000000.0,23929000000.0,0.29,23929000000.0,16698000000.0,16497000000.0,5.59,5.51,5.59,63278000000.0,63005750000.0,63278000000.0,433102565719.0,26.0,18.099,20189000000.0,7.668,1.0,54157000000.0,0.656,89795000000.0,201000000.0,63887000000.0,61327500000.0,9344000000.0,11200000000.0,11200000000.0,0.0,111616000000.0,42493000000.0,69123000000.0,414309565719.0,-3320000000.0,-7018000000.0,-2107000000.0,6762000000.0,-10481000000.0,-6120000000.0,-20825000000.0,-9939000000.0,23536000000.0,89000000.0,14714000000.0,14714000000.0,14714000000.0,0.0,0.0,0.178,34671000000.0,19486000000.0,9505000000.0,0.712,6.547,28.158,28.154,18766000000.0,0.0,157.38,5.017,5.017,13576000000.0,113890000000.0,82584000000.0,82584000000.0,12159000000.0,0.089,0.234,0.272,0.202,1005000000.0,22084000000.0,1.0,2632542672.0,2632800000.0,2670700000.0,31.367,85099000000.0,8534000000.0,1783000000.0,15165000000.0,32.323,8744000000.0
1,JNJ,MRY,2019-12-31,2019-12-29,2019-12-29,2021-07-29,-15891000000.0,157728000000.0,154598250000.0,45274000000.0,112454000000.0,0.531,22.483,-3498000000.0,17305000000.0,17305000000.0,27556000000.0,15119000000.0,1.259,1.652,27696000000.0,1202000000.0,26494000000.0,27696000000.0,0.0,7009000000.0,0.0,0.026,3.75,17646000000.0,24655000000.0,0.3,24655000000.0,17646000000.0,17328000000.0,5.72,5.63,5.72,59471000000.0,59355250000.0,59471000000.0,396564402154.0,22.0,16.085,19918000000.0,7.53,1.0,54503000000.0,0.664,81282000000.0,318000000.0,50873000000.0,54019750000.0,9020000000.0,1982000000.0,1982000000.0,0.0,98257000000.0,35964000000.0,62293000000.0,383595402154.0,-802000000.0,-2545000000.0,-5792000000.0,-2781000000.0,-9917000000.0,-18015000000.0,-6194000000.0,-195000000.0,23416000000.0,-9000000.0,15119000000.0,15119000000.0,15119000000.0,0.0,0.0,0.184,34689000000.0,19814000000.0,8544000000.0,0.656,6.45,25.372,25.481,17658000000.0,0.0,145.75,4.675,4.698,14481000000.0,110659000000.0,82059000000.0,82059000000.0,11355000000.0,0.098,0.255,0.327,0.215,977000000.0,22178000000.0,1.0,2631872399.0,2645100000.0,2684300000.0,31.023,76446000000.0,7819000000.0,2209000000.0,15668000000.0,28.901,9310000000.0
2,JNJ,MRY,2018-12-31,2018-12-30,2018-12-30,2021-07-29,-15222000000.0,152954000000.0,155161750000.0,46033000000.0,106921000000.0,0.526,22.283,-3670000000.0,18107000000.0,18107000000.0,27091000000.0,15297000000.0,1.474,1.56,30480000000.0,2796000000.0,27684000000.0,30480000000.0,0.0,6929000000.0,0.0,0.028,3.54,19004000000.0,25933000000.0,0.318,25933000000.0,19004000000.0,17999000000.0,5.7,5.61,5.7,59752000000.0,62630500000.0,59752000000.0,356532336115.0,19.0,13.748,18531000000.0,6.911,1.0,54490000000.0,0.668,78064000000.0,1005000000.0,56033000000.0,61517500000.0,8599000000.0,1580000000.0,1580000000.0,0.0,93202000000.0,31230000000.0,61972000000.0,341335336115.0,283000000.0,2304000000.0,-4919000000.0,-3924000000.0,-9494000000.0,-18510000000.0,-3167000000.0,-1337000000.0,22201000000.0,-241000000.0,15297000000.0,15297000000.0,15297000000.0,0.0,0.0,0.188,34692000000.0,19798000000.0,7537000000.0,0.621,5.713,22.314,22.328,17035000000.0,0.0,127.27,4.184,4.183,14098000000.0,106216000000.0,81581000000.0,81581000000.0,10775000000.0,0.099,0.244,0.309,0.233,978000000.0,22540000000.0,1.0,2681977969.0,2681500000.0,2728700000.0,30.424,74890000000.0,7640000000.0,2702000000.0,16566000000.0,27.928,14803000000.0
3,JNJ,MRY,2017-12-31,2017-12-31,2017-12-31,2021-07-29,-13199000000.0,157303000000.0,152671500000.0,43088000000.0,114215000000.0,0.501,22.348,-3279000000.0,17824000000.0,17824000000.0,25439000000.0,1300000000.0,1.411,1.615,34581000000.0,3906000000.0,30675000000.0,34581000000.0,0.0,5642000000.0,0.0,0.024,3.32,18607000000.0,24249000000.0,0.317,24249000000.0,18607000000.0,17673000000.0,0.48,0.47,0.48,60160000000.0,69100500000.0,60160000000.0,394805581386.0,21.0,16.281,17777000000.0,6.604,1.0,51011000000.0,0.667,85134000000.0,934000000.0,58389000000.0,63123000000.0,8765000000.0,472000000.0,472000000.0,0.0,97143000000.0,30537000000.0,66606000000.0,375360581386.0,-1148000000.0,-33319000000.0,-5296000000.0,6754000000.0,-8943000000.0,-7673000000.0,-14868000000.0,21964000000.0,21056000000.0,337000000.0,1300000000.0,1300000000.0,1300000000.0,0.0,0.0,0.017,32831000000.0,18180000000.0,7310000000.0,6.917,6.239,288.739,291.083,17005000000.0,0.0,139.72,4.91,4.92,13490000000.0,101793000000.0,76450000000.0,76450000000.0,10594000000.0,0.009,0.019,0.295,0.243,962000000.0,21520000000.0,1.0,2686520050.0,2692000000.0,2745300000.0,28.399,72169000000.0,7105000000.0,16373000000.0,18694000000.0,26.809,12551000000.0
4,JNJ,MRY,2016-12-31,2017-01-01,2017-01-01,2021-07-29,-14901000000.0,141208000000.0,139405500000.0,65032000000.0,76176000000.0,0.516,25.725,-3226000000.0,18972000000.0,18972000000.0,21789000000.0,16540000000.0,2.474,1.005,27126000000.0,4684000000.0,22442000000.0,27126000000.0,0.0,3754000000.0,0.0,0.027,3.15,20529000000.0,24283000000.0,0.338,24283000000.0,20529000000.0,19803000000.0,6.04,5.93,6.04,70418000000.0,72076750000.0,70418000000.0,322216460383.0,16.0,13.269,15541000000.0,5.677,1.0,50101000000.0,0.697,49681000000.0,726000000.0,73394000000.0,75621000000.0,8144000000.0,22935000000.0,22935000000.0,0.0,70790000000.0,26287000000.0,44503000000.0,313432460383.0,5240000000.0,-3242000000.0,-7790000000.0,7875000000.0,-8621000000.0,-8551000000.0,-4761000000.0,1830000000.0,18767000000.0,-215000000.0,16540000000.0,16540000000.0,16540000000.0,0.0,0.0,0.23,29730000000.0,20371000000.0,6918000000.0,0.522,4.451,18.95,19.075,15912000000.0,0.0,115.21,4.36,4.387,11699000000.0,110551000000.0,71890000000.0,71890000000.0,9143000000.0,0.119,0.229,0.271,0.286,878000000.0,20067000000.0,1.0,2720531728.0,2737300000.0,2788900000.0,26.263,91527000000.0,6148000000.0,3263000000.0,3881000000.0,33.437,38745000000.0
5,JNJ,MRY,2015-12-31,2016-01-03,2016-01-03,2021-07-29,-13165000000.0,133411000000.0,131825750000.0,60210000000.0,73201000000.0,0.532,25.669,-3463000000.0,13732000000.0,13732000000.0,21536000000.0,15409000000.0,2.17,0.875,19861000000.0,7004000000.0,12857000000.0,19861000000.0,0.0,3746000000.0,0.0,0.029,2.95,19748000000.0,23494000000.0,0.335,23494000000.0,19748000000.0,19196000000.0,5.56,5.48,5.56,71150000000.0,70428250000.0,71150000000.0,290331449571.0,15.0,12.358,16106000000.0,5.811,1.0,48538000000.0,0.693,47393000000.0,552000000.0,64400000000.0,65577750000.0,8053000000.0,24644000000.0,24644000000.0,0.0,62261000000.0,27747000000.0,34514000000.0,284220449571.0,-791000000.0,2510000000.0,-4285000000.0,1379000000.0,-8173000000.0,-11136000000.0,-7735000000.0,-6679000000.0,19569000000.0,-1489000000.0,15409000000.0,15409000000.0,15409000000.0,0.0,0.0,0.22,30982000000.0,17556000000.0,6668000000.0,0.531,3.995,18.445,18.475,15905000000.0,0.0,102.72,4.056,4.063,10734000000.0,103879000000.0,70074000000.0,70074000000.0,9046000000.0,0.117,0.219,0.301,0.282,874000000.0,21203000000.0,1.0,2766943629.0,2771800000.0,2812900000.0,25.281,86018000000.0,5490000000.0,3787000000.0,3312000000.0,31.033,32463000000.0
6,JNJ,MRY,2014-12-31,2014-12-28,2014-12-28,2021-07-29,-10722000000.0,130358000000.0,132746250000.0,55744000000.0,74614000000.0,0.56,24.777,-3714000000.0,14523000000.0,14523000000.0,22746000000.0,16323000000.0,2.227,0.869,18760000000.0,3638000000.0,15122000000.0,18760000000.0,0.0,3895000000.0,0.0,0.026,2.76,21096000000.0,24991000000.0,0.336,24991000000.0,21096000000.0,20563000000.0,5.8,5.7,5.8,69752000000.0,75243250000.0,69752000000.0,295523534632.0,14.0,11.825,14996000000.0,5.327,1.0,51585000000.0,0.694,49054000000.0,533000000.0,60510000000.0,61247250000.0,8184000000.0,18566000000.0,18566000000.0,0.0,60606000000.0,25031000000.0,35575000000.0,294074534632.0,-6404000000.0,2502000000.0,-5581000000.0,850000000.0,-7768000000.0,-12499000000.0,-12305000000.0,-10794000000.0,18710000000.0,-310000000.0,16323000000.0,16323000000.0,16323000000.0,0.0,0.0,0.22,30626000000.0,20959000000.0,7633000000.0,0.476,4.216,18.016,18.114,16126000000.0,0.0,105.06,3.956,3.979,10985000000.0,97245000000.0,74331000000.0,74331000000.0,8494000000.0,0.123,0.217,0.344,0.284,792000000.0,21954000000.0,1.0,2799110362.0,2815200000.0,2863900000.0,26.403,81304000000.0,6202000000.0,4240000000.0,2893000000.0,28.88,30713000000.0
7,JNJ,MRY,2013-12-31,2013-12-29,2013-12-29,2021-07-29,-2860000000.0,132683000000.0,126369250000.0,56407000000.0,76276000000.0,0.564,26.361,-3595000000.0,20927000000.0,20927000000.0,22342000000.0,13831000000.0,2.197,0.792,18180000000.0,4852000000.0,13328000000.0,18180000000.0,0.0,4104000000.0,0.0,0.028,2.59,15953000000.0,20057000000.0,0.281,20057000000.0,15953000000.0,15471000000.0,4.92,4.81,4.92,74053000000.0,70094250000.0,74053000000.0,258462838364.0,16.0,12.886,13819000000.0,4.919,1.0,48970000000.0,0.687,50745000000.0,482000000.0,53516000000.0,49770250000.0,7878000000.0,8279000000.0,8279000000.0,0.0,58630000000.0,25675000000.0,32955000000.0,260559838364.0,6016000000.0,-377000000.0,-889000000.0,2028000000.0,-7286000000.0,-6091000000.0,-5103000000.0,-865000000.0,17414000000.0,-204000000.0,13831000000.0,13831000000.0,13831000000.0,0.0,0.0,0.194,30593000000.0,18377000000.0,6266000000.0,0.526,3.519,18.839,18.77,16710000000.0,0.0,92.35,3.654,3.638,11713000000.0,89493000000.0,71312000000.0,71312000000.0,8183000000.0,0.109,0.197,0.321,0.224,728000000.0,21830000000.0,1.0,2821438423.0,2809200000.0,2877000000.0,25.385,81938000000.0,7479000000.0,1640000000.0,4759000000.0,29.168,30732000000.0
8,JNJ,MRY,2012-12-31,2012-12-30,2012-12-30,2021-07-29,-5810000000.0,121347000000.0,118060500000.0,46116000000.0,75231000000.0,0.569,23.545,-2934000000.0,14911000000.0,14911000000.0,21658000000.0,10514000000.0,1.901,0.872,16165000000.0,4676000000.0,11489000000.0,16165000000.0,0.0,3666000000.0,0.0,0.035,2.4,14646000000.0,18312000000.0,0.272,18312000000.0,14646000000.0,14114000000.0,3.94,3.86,3.94,64826000000.0,62596750000.0,64826000000.0,193912254648.0,13.0,10.589,12462000000.0,4.526,1.0,45566000000.0,0.678,51176000000.0,532000000.0,47163000000.0,46868250000.0,7495000000.0,6178000000.0,6178000000.0,0.0,56521000000.0,24262000000.0,32259000000.0,192547254648.0,-9631000000.0,-2977000000.0,-10199000000.0,-3666000000.0,-6614000000.0,-20562000000.0,-4510000000.0,1363000000.0,15396000000.0,45000000.0,10853000000.0,10853000000.0,10853000000.0,0.0,-339000000.0,0.161,29697000000.0,15869000000.0,5831000000.0,0.609,2.97,17.741,17.635,16097000000.0,0.0,69.48,2.864,2.846,11309000000.0,85992000000.0,67224000000.0,67224000000.0,7665000000.0,0.092,0.173,0.312,0.218,662000000.0,20869000000.0,1.0,2771261581.0,2753300000.0,2812600000.0,24.416,70171000000.0,7680000000.0,3261000000.0,4200000000.0,25.486,21854000000.0
9,JNJ,MRY,2011-12-31,2012-01-01,2012-01-01,2021-07-29,-5632000000.0,113644000000.0,111432250000.0,54316000000.0,59328000000.0,0.584,20.863,-2893000000.0,24542000000.0,24542000000.0,20360000000.0,9672000000.0,2.381,0.991,19627000000.0,6658000000.0,12969000000.0,19627000000.0,0.0,3158000000.0,0.0,0.034,2.25,12932000000.0,16090000000.0,0.247,16090000000.0,12932000000.0,12361000000.0,3.54,3.49,3.54,57080000000.0,60150500000.0,57080000000.0,181829078600.0,14.0,11.301,11405000000.0,4.168,1.0,44670000000.0,0.687,34276000000.0,571000000.0,51642000000.0,53825750000.0,6285000000.0,7719000000.0,7719000000.0,0.0,56564000000.0,22811000000.0,33753000000.0,179089078600.0,5187000000.0,-1455000000.0,-1279000000.0,2983000000.0,-6156000000.0,-4452000000.0,-4612000000.0,514000000.0,14298000000.0,-47000000.0,9672000000.0,9672000000.0,9672000000.0,0.0,0.0,0.149,29086000000.0,15584000000.0,5725000000.0,0.636,3.138,18.516,18.525,14739000000.0,0.0,65.58,2.754,2.759,10581000000.0,81251000000.0,65030000000.0,65030000000.0,7548000000.0,0.087,0.161,0.24,0.199,621000000.0,20969000000.0,1.0,2730849018.0,2736000000.0,2775300000.0,23.768,79368000000.0,9096000000.0,2689000000.0,2654000000.0,29.009,31505000000.0
10,JNJ,MRY,2010-12-31,2011-01-02,2011-01-02,2021-07-29,-3531000000.0,102908000000.0,96724000000.0,47307000000.0,55601000000.0,0.637,20.564,-2384000000.0,19355000000.0,19355000000.0,18792000000.0,13334000000.0,2.05,0.819,16773000000.0,7617000000.0,9156000000.0,16773000000.0,0.0,2939000000.0,0.0,0.034,2.11,17402000000.0,20341000000.0,0.33,20341000000.0,17402000000.0,16947000000.0,4.85,4.78,4.85,56579000000.0,54908750000.0,56579000000.0,167542790850.0,10.0,8.237,14001000000.0,5.089,1.0,42795000000.0,0.695,32010000000.0,455000000.0,45244000000.0,43958750000.0,5378000000.0,8303000000.0,8303000000.0,0.0,46329000000.0,23072000000.0,23257000000.0,169855790850.0,3545000000.0,-745000000.0,-1571000000.0,2395000000.0,-5804000000.0,-4980000000.0,-7854000000.0,-4687000000.0,16385000000.0,-6000000.0,13334000000.0,13334000000.0,13334000000.0,0.0,0.0,0.217,26268000000.0,16527000000.0,5623000000.0,0.435,3.002,12.739,12.753,14553000000.0,0.0,61.85,2.758,2.763,9774000000.0,77773000000.0,61587000000.0,61587000000.0,6844000000.0,0.138,0.243,0.396,0.283,614000000.0,19424000000.0,1.0,2746253692.0,2751400000.0,2788800000.0,22.384,70898000000.0,7320000000.0,3613000000.0,2025000000.0,25.768,24235000000.0
11,JNJ,MRY,2009-12-31,2010-01-03,2010-01-03,2021-07-29,-3058000000.0,94682000000.0,89944500000.0,39541000000.0,55141000000.0,0.688,18.332,-2365000000.0,15810000000.0,15810000000.0,18447000000.0,12266000000.0,1.82,0.872,14541000000.0,6318000000.0,8223000000.0,14541000000.0,0.0,2774000000.0,0.0,0.03,1.93,16206000000.0,18980000000.0,0.307,18980000000.0,16206000000.0,15755000000.0,4.45,4.4,4.45,50588000000.0,47752500000.0,50588000000.0,177457613352.0,11.0,9.35,14206000000.0,5.148,1.0,43450000000.0,0.702,31185000000.0,451000000.0,40497000000.0,39711500000.0,5180000000.0,3615000000.0,3615000000.0,0.0,44094000000.0,21731000000.0,22363000000.0,177713613352.0,5042000000.0,-2316000000.0,-1248000000.0,2483000000.0,-5327000000.0,-4092000000.0,-7598000000.0,-2808000000.0,16571000000.0,161000000.0,12266000000.0,12266000000.0,12266000000.0,0.0,0.0,0.198,27860000000.0,15590000000.0,5541000000.0,0.434,3.513,14.488,14.474,14759000000.0,0.0,64.41,2.871,2.872,9646000000.0,70306000000.0,61897000000.0,61897000000.0,6986000000.0,0.136,0.257,0.408,0.262,628000000.0,19801000000.0,1.0,2759099726.0,2759500000.0,2789100000.0,22.431,63497000000.0,8300000000.0,3489000000.0,1866000000.0,23.01,17810000000.0
12,JNJ,MRY,2008-12-31,2008-12-28,2008-12-28,2021-07-29,-4955000000.0,84912000000.0,86686000000.0,34377000000.0,50535000000.0,0.735,15.169,-3066000000.0,10768000000.0,10768000000.0,18511000000.0,12949000000.0,1.649,0.997,11852000000.0,3732000000.0,8120000000.0,11852000000.0,0.0,2832000000.0,0.0,0.031,1.795,17364000000.0,20196000000.0,0.317,20196000000.0,17364000000.0,16929000000.0,4.62,4.57,4.62,42511000000.0,45076250000.0,42511000000.0,163100708346.0,9.0,8.076,11906000000.0,4.248,1.0,45236000000.0,0.71,27695000000.0,435000000.0,37449000000.0,37068500000.0,5052000000.0,2041000000.0,2041000000.0,0.0,42401000000.0,20852000000.0,21549000000.0,162478708346.0,2998000000.0,-429000000.0,-5165000000.0,2725000000.0,-5024000000.0,-7464000000.0,-4187000000.0,-609000000.0,14972000000.0,-323000000.0,12949000000.0,12949000000.0,12949000000.0,0.0,0.0,0.203,29248000000.0,15988000000.0,7503000000.0,0.389,3.822,12.548,12.675,14365000000.0,0.0,58.56,2.549,2.574,9719000000.0,63379000000.0,63747000000.0,63747000000.0,7577000000.0,0.149,0.287,0.468,0.272,627000000.0,21490000000.0,1.0,2774568107.0,2802500000.0,2835600000.0,22.746,57217000000.0,9271000000.0,3980000000.0,1849000000.0,20.416,13525000000.0
13,JNJ,MRY,2007-12-31,2007-12-30,2007-12-30,2021-07-29,-693000000.0,80954000000.0,76842000000.0,29945000000.0,51009000000.0,0.795,15.026,-2942000000.0,7770000000.0,7770000000.0,17751000000.0,10576000000.0,1.51,0.869,9537000000.0,2463000000.0,7074000000.0,9537000000.0,0.0,2777000000.0,0.0,0.024,1.62,13579000000.0,16356000000.0,0.268,16356000000.0,13579000000.0,13283000000.0,3.67,3.63,3.67,43319000000.0,42735500000.0,43319000000.0,194081709003.0,14.0,11.866,12080000000.0,4.19,1.0,43344000000.0,0.709,28763000000.0,296000000.0,34121000000.0,29586000000.0,5110000000.0,1547000000.0,1545000000.0,2000000.0,37635000000.0,19837000000.0,17798000000.0,192824709003.0,3687000000.0,-931000000.0,-4045000000.0,3017000000.0,-4670000000.0,-5698000000.0,-5912000000.0,-1671000000.0,15022000000.0,275000000.0,10576000000.0,10576000000.0,10576000000.0,0.0,0.0,0.173,29683000000.0,13661000000.0,6909000000.0,0.441,4.451,18.232,18.36,14185000000.0,0.0,67.38,3.156,3.179,9444000000.0,55280000000.0,61095000000.0,61095000000.0,7680000000.0,0.138,0.247,0.459,0.222,698000000.0,20451000000.0,1.0,2861749911.0,2882900000.0,2910700000.0,21.192,52191000000.0,7498000000.0,2707000000.0,1716000000.0,18.104,10108000000.0
14,JNJ,MRY,2006-12-31,2006-12-31,2006-12-31,2021-07-29,-2118000000.0,70556000000.0,63729250000.0,22975000000.0,47581000000.0,0.837,13.561,-2666000000.0,4083000000.0,4083000000.0,15057000000.0,11053000000.0,1.199,0.794,6593000000.0,4579000000.0,2014000000.0,6593000000.0,0.0,2177000000.0,0.0,0.022,1.455,14650000000.0,16827000000.0,0.316,16827000000.0,14650000000.0,14587000000.0,3.76,3.73,3.76,39318000000.0,40439000000.0,39318000000.0,179293428984.0,12.0,10.655,11582000000.0,3.995,1.0,38267000000.0,0.718,28688000000.0,63000000.0,25217000000.0,23620750000.0,4889000000.0,17000000.0,1000000.0,16000000.0,31238000000.0,19161000000.0,12077000000.0,191415428984.0,-11972000000.0,-17512000000.0,-5587000000.0,3745000000.0,-4267000000.0,-6109000000.0,-20291000000.0,-41000000.0,14248000000.0,180000000.0,11053000000.0,11053000000.0,11053000000.0,0.0,0.0,0.207,25117000000.0,13150000000.0,5691000000.0,0.387,4.868,17.318,17.559,13044000000.0,0.0,66.02,3.59,3.59,8712000000.0,49290000000.0,53324000000.0,53324000000.0,7125000000.0,0.173,0.273,0.62,0.275,659000000.0,17433000000.0,1.0,2899355180.0,2899355180.0,,18.392,41868000000.0,5304000000.0,3534000000.0,2043000000.0,14.44,3814000000.0
15,JNJ,MRY,2005-12-31,2006-01-01,2006-01-01,2021-07-29,-755000000.0,58864000000.0,56109250000.0,31480000000.0,27384000000.0,0.9,13.012,-2632000000.0,16055000000.0,16055000000.0,14010000000.0,10060000000.0,2.491,0.521,2685000000.0,668000000.0,2017000000.0,2685000000.0,0.0,2093000000.0,0.0,0.021,1.275,13170000000.0,15263000000.0,0.302,15263000000.0,13170000000.0,13116000000.0,3.38,3.35,3.38,38710000000.0,36095000000.0,38710000000.0,166385291498.0,13.0,10.901,9167000000.0,3.081,1.0,36504000000.0,0.723,12175000000.0,54000000.0,20684000000.0,21449500000.0,3959000000.0,103000000.0,83000000.0,20000000.0,20154000000.0,12635000000.0,7519000000.0,178793291498.0,6852000000.0,-833000000.0,-943000000.0,293000000.0,-3793000000.0,-4443000000.0,-279000000.0,3527000000.0,11799000000.0,-225000000.0,10060000000.0,10060000000.0,10060000000.0,0.0,0.0,0.199,24035000000.0,12469000000.0,4315000000.0,0.377,4.619,17.773,17.781,10830000000.0,0.0,60.1,3.539,3.539,7010000000.0,42310000000.0,50514000000.0,50514000000.0,6462000000.0,0.179,0.279,0.614,0.261,540000000.0,17211000000.0,1.0,2974929975.0,2974929975.0,,16.98,46689000000.0,3069000000.0,3056000000.0,1151000000.0,15.694,18845000000.0
16,JNJ,MRY,2004-12-31,2005-01-02,2005-01-02,2021-07-29,-515000000.0,53317000000.0,51111250000.0,27320000000.0,25997000000.0,0.926,10.72,-2175000000.0,9203000000.0,9203000000.0,13474000000.0,8180000000.0,1.962,0.676,2845000000.0,280000000.0,2565000000.0,2845000000.0,0.0,2124000000.0,0.0,0.017,1.095,12518000000.0,14642000000.0,0.309,14642000000.0,12518000000.0,12331000000.0,2.76,2.74,2.76,31813000000.0,30468000000.0,31813000000.0,184280195794.0,15.0,12.586,8914000000.0,3.004,1.0,33874000000.0,0.715,11842000000.0,187000000.0,21190000000.0,23065000000.0,3744000000.0,3727000000.0,3681000000.0,46000000.0,21504000000.0,13927000000.0,7577000000.0,188213195794.0,3826000000.0,-343000000.0,-700000000.0,-1155000000.0,-3251000000.0,-5106000000.0,-2347000000.0,444000000.0,11089000000.0,190000000.0,8180000000.0,8180000000.0,8180000000.0,0.0,0.0,0.173,21536000000.0,12338000000.0,5227000000.0,0.397,5.916,23.009,22.978,10436000000.0,0.0,63.42,3.975,3.975,6831000000.0,35223000000.0,47348000000.0,47348000000.0,5344000000.0,0.16,0.268,0.543,0.264,507000000.0,16174000000.0,1.0,2967726203.0,2967726203.0,,15.954,41475000000.0,2288000000.0,4151000000.0,1909000000.0,13.975,13393000000.0
17,JNJ,MRY,2003-12-31,2003-12-28,2003-12-28,2021-07-29,-590000000.0,48263000000.0,45642250000.0,22995000000.0,25268000000.0,0.917,9.052,-2262000000.0,5377000000.0,5377000000.0,12176000000.0,7197000000.0,1.71,0.796,4094000000.0,1139000000.0,2955000000.0,4094000000.0,0.0,1869000000.0,0.0,0.018,0.925,10515000000.0,12384000000.0,0.296,12384000000.0,10515000000.0,10308000000.0,2.42,2.4,2.42,26869000000.0,25270000000.0,26869000000.0,151570395977.0,14.0,12.239,8333000000.0,2.807,1.0,29686000000.0,0.709,11539000000.0,207000000.0,21993000000.0,23057250000.0,3588000000.0,4230000000.0,4146000000.0,84000000.0,21394000000.0,13448000000.0,7946000000.0,150247395977.0,2483000000.0,-2477000000.0,-872000000.0,-245000000.0,-2746000000.0,-3863000000.0,-4526000000.0,472000000.0,10595000000.0,277000000.0,7197000000.0,7197000000.0,7197000000.0,0.0,0.0,0.172,19733000000.0,9953000000.0,4966000000.0,0.382,5.592,20.876,20.917,9846000000.0,0.0,50.62,3.589,3.589,6574000000.0,30503000000.0,41862000000.0,41862000000.0,4684000000.0,0.158,0.285,0.456,0.251,0.0,14131000000.0,1.0,2968142947.0,2968142947.0,,14.104,36724000000.0,2218000000.0,3111000000.0,944000000.0,12.373,9547000000.0
18,JNJ,MRY,2002-12-31,2002-12-29,2002-12-29,2021-07-29,-842000000.0,40556000000.0,38966500000.0,19266000000.0,21290000000.0,0.932,7.641,-2099000000.0,2894000000.0,2894000000.0,10447000000.0,6597000000.0,1.683,0.787,4139000000.0,2117000000.0,2022000000.0,4139000000.0,0.0,1662000000.0,0.0,0.015,0.795,9451000000.0,11113000000.0,0.306,11113000000.0,9451000000.0,9291000000.0,2.2,2.16,2.2,22697000000.0,22599000000.0,22697000000.0,159089581075.0,17.0,14.316,6077000000.0,2.046,1.0,25851000000.0,0.712,9246000000.0,160000000.0,21106000000.0,20522500000.0,3303000000.0,4702000000.0,4581000000.0,121000000.0,17859000000.0,11449000000.0,6410000000.0,157767581075.0,-864000000.0,-322000000.0,-6148000000.0,1576000000.0,-2381000000.0,-6953000000.0,-2197000000.0,430000000.0,8176000000.0,110000000.0,6597000000.0,6597000000.0,6597000000.0,0.0,0.0,0.182,16362000000.0,9489000000.0,3621000000.0,0.361,6.951,23.915,24.141,8710000000.0,0.0,53.11,4.346,4.346,5399000000.0,26571000000.0,36298000000.0,36298000000.0,3957000000.0,0.169,0.292,0.461,0.26,0.0,12216000000.0,1.0,2970581455.0,2970581455.0,,12.219,31310000000.0,1655000000.0,2694000000.0,710000000.0,10.54,7817000000.0
19,JNJ,MRY,2001-12-31,2001-12-30,2001-12-30,2021-07-29,-530000000.0,38488000000.0,36366500000.0,18473000000.0,20015000000.0,0.889,7.95,-1731000000.0,3758000000.0,3758000000.0,9581000000.0,5668000000.0,2.296,0.588,2782000000.0,565000000.0,2217000000.0,2782000000.0,0.0,1605000000.0,0.0,0.012,0.7,8051000000.0,9656000000.0,0.299,9656000000.0,8051000000.0,7898000000.0,1.87,1.84,1.87,24233000000.0,22314000000.0,24233000000.0,180217647146.0,22.0,18.664,7133000000.0,2.34,1.0,22736000000.0,0.704,9077000000.0,153000000.0,20391000000.0,20110000000.0,2992000000.0,5183000000.0,4214000000.0,969000000.0,14255000000.0,8044000000.0,6211000000.0,182457647146.0,-520000000.0,-62000000.0,-2056000000.0,-1148000000.0,-2047000000.0,-5251000000.0,-4093000000.0,-2221000000.0,8864000000.0,-40000000.0,5668000000.0,5668000000.0,5668000000.0,0.0,0.0,0.175,14956000000.0,7780000000.0,2838000000.0,0.374,7.529,32.191,32.011,7719000000.0,0.0,59.86,5.646,5.646,4630000000.0,23066000000.0,32317000000.0,32317000000.0,3591000000.0,0.156,0.254,0.4,0.249,0.0,11260000000.0,1.0,3048072956.0,3048072956.0,,10.602,29411000000.0,1480000000.0,2230000000.0,537000000.0,9.649,10429000000.0
20,JNJ,MRY,2000-12-31,2000-12-31,2000-12-31,2021-07-29,-461000000.0,34245000000.0,,16691000000.0,17554000000.0,,,-1689000000.0,4278000000.0,4278000000.0,8957000000.0,4953000000.0,2.301,0.679,4652000000.0,1489000000.0,3163000000.0,4652000000.0,0.0,1592000000.0,0.0,0.01,0.52,7072000000.0,8664000000.0,0.297,8664000000.0,7072000000.0,6868000000.0,1.65,1.61,1.65,20395000000.0,,20395000000.0,,,,5214000000.0,,1.0,20215000000.0,0.693,7535000000.0,204000000.0,19829000000.0,,2905000000.0,3136000000.0,2479000000.0,657000000.0,13850000000.0,7255000000.0,6595000000.0,,1766000000.0,15000000.0,-586000000.0,-115000000.0,-1724000000.0,-2425000000.0,-2665000000.0,-849000000.0,6903000000.0,-47000000.0,4953000000.0,4953000000.0,4953000000.0,0.0,0.0,0.17,13666000000.0,6549000000.0,2122000000.0,0.315,,,31.848,7409000000.0,0.0,52.55,,,4601000000.0,18113000000.0,29172000000.0,29172000000.0,3105000000.0,,,,0.242,0.0,10495000000.0,1.0,,,,,26710000000.0,1414000000.0,1915000000.0,322000000.0,,9436000000.0
21,JNJ,MRY,1999-12-31,1999-12-30,1999-12-30,2021-07-29,,,,,,,,-1822000000.0,,,8498000000.0,4273000000.0,,,,,,,,1510000000.0,,0.012,0.545,6132000000.0,7642000000.0,0.273,7642000000.0,6132000000.0,5877000000.0,1.43,1.39,1.43,,,,,,,4098000000.0,,1.0,19509000000.0,0.697,,255000000.0,,,,,,,,,,,408000000.0,-216000000.0,-619000000.0,-249000000.0,-1479000000.0,-2347000000.0,-3093000000.0,-775000000.0,5920000000.0,-72000000.0,4273000000.0,4273000000.0,4273000000.0,0.0,0.0,0.153,13524000000.0,5985000000.0,,0.381,,,32.692,,0.0,46.75,,,,,28007000000.0,28007000000.0,2768000000.0,,,,0.219,0.0,10756000000.0,1.0,,,,,,,1604000000.0,,,
0,JNJ,MRQ,2021-06-30,2021-07-04,2021-07-04,2021-07-29,-15100000000.0,176440000000.0,,53769000000.0,122671000000.0,,26.431,-813000000.0,14332000000.0,14332000000.0,7587000000.0,6278000000.0,1.389,1.536,33483000000.0,3173000000.0,30310000000.0,33483000000.0,0.0,1839000000.0,0.0,0.024,1.06,6702000000.0,8541000000.0,0.366,8541000000.0,6702000000.0,6662000000.0,2.38,2.35,2.38,69580000000.0,,69580000000.0,465933256587.0,23.0,16.722,4501000000.0,1.71,1.0,15725000000.0,0.675,86063000000.0,40000000.0,70807000000.0,,10100000000.0,10974000000.0,10974000000.0,0.0,106860000000.0,38721000000.0,68139000000.0,444991256587.0,1661000000.0,51000000.0,-324000000.0,-271000000.0,-2791000000.0,-3279000000.0,-419000000.0,640000000.0,5314000000.0,45000000.0,6278000000.0,6278000000.0,6278000000.0,0.0,0.0,0.269,9523000000.0,6202000000.0,8704000000.0,0.445,6.395,25.046,25.071,18632000000.0,0.0,168.98,4.989,4.988,14871000000.0,120154000000.0,23312000000.0,23312000000.0,3394000000.0,,,,,354000000.0,6073000000.0,1.0,2633396003.0,2632500000.0,2671600000.0,8.855,90377000000.0,10804000000.0,384000000.0,15938000000.0,34.331,15048000000.0
1,JNJ,MRQ,2021-03-31,2021-04-04,2021-04-04,2021-07-29,-15328000000.0,172557000000.0,,52533000000.0,120024000000.0,,25.017,-677000000.0,12671000000.0,12671000000.0,7063000000.0,6197000000.0,1.283,1.621,33613000000.0,3350000000.0,30263000000.0,33613000000.0,0.0,1894000000.0,0.0,0.025,1.01,7492000000.0,9386000000.0,0.421,9386000000.0,7492000000.0,7429000000.0,2.35,2.32,2.35,65834000000.0,,65834000000.0,449308935742.0,25.0,17.948,3397000000.0,1.291,1.0,15258000000.0,0.684,86798000000.0,63000000.0,65769000000.0,,9952000000.0,11948000000.0,11948000000.0,0.0,106723000000.0,40932000000.0,65791000000.0,428027935742.0,-1314000000.0,603000000.0,-1202000000.0,-1240000000.0,-2659000000.0,-5125000000.0,-185000000.0,-10000000.0,4074000000.0,-78000000.0,6197000000.0,6197000000.0,6197000000.0,0.0,0.0,0.278,8663000000.0,6595000000.0,8503000000.0,0.43,6.502,28.318,28.368,18367000000.0,0.0,162.83,5.083,5.088,14938000000.0,116508000000.0,22321000000.0,22321000000.0,3178000000.0,,,,,307000000.0,5432000000.0,1.0,2628679824.0,2631600000.0,2672700000.0,8.482,85759000000.0,8321000000.0,1232000000.0,14952000000.0,32.588,11601000000.0
2,JNJ,MRQ,2020-12-31,2021-01-03,2021-01-03,2021-07-29,-15242000000.0,174894000000.0,,51237000000.0,123657000000.0,,24.04,-1323000000.0,13985000000.0,13985000000.0,7814000000.0,1738000000.0,1.206,1.764,35266000000.0,2631000000.0,32635000000.0,35266000000.0,0.0,1940000000.0,0.0,0.025,1.01,1734000000.0,3674000000.0,0.163,3674000000.0,1734000000.0,1647000000.0,0.66,0.65,0.66,63278000000.0,,63278000000.0,433102565719.0,26.0,18.099,7020000000.0,2.667,1.0,14661000000.0,0.652,89795000000.0,87000000.0,63887000000.0,,9344000000.0,11200000000.0,11200000000.0,0.0,111616000000.0,42493000000.0,69123000000.0,414309565719.0,-4980000000.0,-6169000000.0,-129000000.0,-3132000000.0,-2658000000.0,-5644000000.0,-7903000000.0,-406000000.0,8343000000.0,224000000.0,1738000000.0,1738000000.0,1738000000.0,0.0,0.0,0.077,10586000000.0,4075000000.0,9505000000.0,1.53,6.547,28.158,28.154,18766000000.0,0.0,157.38,5.017,5.017,13576000000.0,113890000000.0,22475000000.0,22475000000.0,4032000000.0,,,,,160000000.0,6457000000.0,1.0,2632542672.0,2632200000.0,2670400000.0,8.538,85099000000.0,8534000000.0,-91000000.0,15165000000.0,32.33,8744000000.0
3,JNJ,MRQ,2020-09-30,2020-09-27,2020-09-27,2021-07-29,-14938000000.0,170693000000.0,,57578000000.0,113115000000.0,,24.487,-737000000.0,18965000000.0,18965000000.0,6972000000.0,3554000000.0,1.482,1.648,37758000000.0,5078000000.0,32680000000.0,37758000000.0,0.0,1818000000.0,0.0,0.027,1.01,4445000000.0,6263000000.0,0.297,6263000000.0,4445000000.0,4401000000.0,1.35,1.33,1.35,64473000000.0,,64473000000.0,402717067368.0,21.0,15.269,7646000000.0,2.904,1.0,14110000000.0,0.669,81313000000.0,44000000.0,69326000000.0,,9599000000.0,11816000000.0,11816000000.0,0.0,106220000000.0,38847000000.0,67373000000.0,383497067368.0,7791000000.0,13000000.0,-269000000.0,7204000000.0,-2659000000.0,4196000000.0,-4819000000.0,-4071000000.0,8383000000.0,31000000.0,3554000000.0,3554000000.0,3554000000.0,0.0,0.0,0.169,8477000000.0,5633000000.0,7044000000.0,0.748,5.948,22.577,22.548,17855000000.0,0.0,145.66,4.743,4.743,14579000000.0,114831000000.0,21082000000.0,21082000000.0,2840000000.0,,,,,256000000.0,5431000000.0,1.0,2632823475.0,2633000000.0,2670800000.0,8.007,89380000000.0,7816000000.0,847000000.0,14026000000.0,33.946,18731000000.0
4,JNJ,MRQ,2020-06-30,2020-06-28,2020-06-28,2021-07-29,-15533000000.0,158380000000.0,,45892000000.0,112488000000.0,,23.92,-662000000.0,11174000000.0,11174000000.0,6579000000.0,3626000000.0,1.248,1.515,30394000000.0,5332000000.0,25062000000.0,30394000000.0,0.0,1726000000.0,0.0,0.028,1.01,3985000000.0,5711000000.0,0.311,5711000000.0,3985000000.0,3940000000.0,1.38,1.36,1.38,62978000000.0,,62978000000.0,375126472868.0,23.0,15.94,2790000000.0,1.06,1.0,11757000000.0,0.641,81303000000.0,45000000.0,59525000000.0,,9424000000.0,7961000000.0,7961000000.0,0.0,95402000000.0,36772000000.0,58630000000.0,363073472868.0,-4356000000.0,60000000.0,-330000000.0,2709000000.0,-2659000000.0,-357000000.0,-7522000000.0,-6685000000.0,3452000000.0,71000000.0,3626000000.0,3626000000.0,3626000000.0,0.0,0.0,0.198,7767000000.0,3990000000.0,6765000000.0,0.732,5.765,23.91,23.843,17598000000.0,0.0,137.81,4.51,4.507,14645000000.0,113898000000.0,18336000000.0,18336000000.0,2707000000.0,,,,,326000000.0,4993000000.0,1.0,2634594535.0,2632900000.0,2665500000.0,6.964,77077000000.0,7805000000.0,314000000.0,13755000000.0,29.275,9120000000.0
5,JNJ,MRQ,2020-03-31,2020-03-29,2020-03-29,2021-07-29,-16243000000.0,155017000000.0,,44226000000.0,110791000000.0,,23.273,-625000000.0,15530000000.0,15530000000.0,7062000000.0,5796000000.0,1.313,1.529,27583000000.0,2190000000.0,25393000000.0,27583000000.0,0.0,1747000000.0,0.0,0.031,0.95,6534000000.0,8281000000.0,0.4,8281000000.0,6534000000.0,6509000000.0,2.2,2.17,2.2,61294000000.0,,61294000000.0,334883270012.0,17.0,12.566,2733000000.0,1.038,1.0,13629000000.0,0.659,80809000000.0,25000000.0,52572000000.0,,8868000000.0,2494000000.0,2494000000.0,0.0,93723000000.0,33689000000.0,60034000000.0,324492270012.0,-1775000000.0,-922000000.0,-1379000000.0,-19000000.0,-2505000000.0,-4315000000.0,-581000000.0,1223000000.0,3358000000.0,-237000000.0,5796000000.0,5796000000.0,5796000000.0,0.0,0.0,0.28,7841000000.0,5788000000.0,7411000000.0,0.432,5.294,18.903,18.919,17401000000.0,0.0,123.16,3.922,3.921,14874000000.0,112901000000.0,20691000000.0,20691000000.0,2580000000.0,,,,,263000000.0,5203000000.0,1.0,2634721257.0,2633700000.0,2671000000.0,7.856,74208000000.0,7539000000.0,713000000.0,15098000000.0,28.176,10537000000.0
6,JNJ,MRQ,2019-12-31,2019-12-29,2019-12-29,2021-07-29,-15891000000.0,157728000000.0,,45274000000.0,112454000000.0,,22.596,-1260000000.0,17305000000.0,17305000000.0,7134000000.0,4010000000.0,1.259,1.652,27696000000.0,1202000000.0,26494000000.0,27696000000.0,0.0,1816000000.0,0.0,0.026,0.95,4303000000.0,6119000000.0,0.295,6119000000.0,4303000000.0,4218000000.0,1.53,1.5,1.53,59471000000.0,,59471000000.0,396564402154.0,22.0,16.085,5138000000.0,1.952,1.0,13613000000.0,0.656,81282000000.0,85000000.0,50873000000.0,,9020000000.0,1982000000.0,1982000000.0,0.0,98257000000.0,35964000000.0,62293000000.0,383595402154.0,1056000000.0,-86000000.0,-52000000.0,-1835000000.0,-2500000000.0,-4072000000.0,-1344000000.0,30000000.0,6398000000.0,74000000.0,4010000000.0,4010000000.0,4010000000.0,0.0,0.0,0.193,9375000000.0,4238000000.0,8544000000.0,0.621,6.45,25.372,25.481,17658000000.0,0.0,145.75,4.675,4.698,14481000000.0,110659000000.0,20747000000.0,20747000000.0,3232000000.0,,,,,160000000.0,6039000000.0,1.0,2631872399.0,2631900000.0,2672900000.0,7.883,76446000000.0,7819000000.0,208000000.0,15668000000.0,29.046,9310000000.0
7,JNJ,MRQ,2019-09-30,2019-09-29,2019-09-29,2021-07-29,-15533000000.0,155521000000.0,,44333000000.0,111188000000.0,,22.09,-745000000.0,16249000000.0,16249000000.0,6867000000.0,1753000000.0,1.261,1.672,29218000000.0,2299000000.0,26919000000.0,29218000000.0,0.0,1727000000.0,0.0,0.029,0.95,1695000000.0,3422000000.0,0.165,3422000000.0,1695000000.0,1647000000.0,0.67,0.66,0.67,58210000000.0,,58210000000.0,354438686772.0,21.0,14.991,6782000000.0,2.574,1.0,13862000000.0,0.669,81137000000.0,48000000.0,52191000000.0,,9173000000.0,1696000000.0,1696000000.0,0.0,97311000000.0,35162000000.0,62149000000.0,339396686772.0,1873000000.0,-131000000.0,-1511000000.0,55000000.0,-2499000000.0,-3893000000.0,-1645000000.0,-840000000.0,7527000000.0,-116000000.0,1753000000.0,1753000000.0,1753000000.0,0.0,0.0,0.085,8042000000.0,5820000000.0,7491000000.0,1.418,5.831,23.984,24.173,17048000000.0,0.0,128.6,4.154,4.147,14801000000.0,109242000000.0,20729000000.0,20729000000.0,2599000000.0,,,,,245000000.0,5374000000.0,1.0,2639165527.0,2635100000.0,2670300000.0,7.866,74384000000.0,7696000000.0,-106000000.0,16524000000.0,28.228,9171000000.0
8,JNJ,MRQ,2019-06-30,2019-06-30,2019-06-30,2021-07-29,-14969000000.0,155117000000.0,,41799000000.0,113318000000.0,,22.916,-837000000.0,14376000000.0,14376000000.0,6940000000.0,5607000000.0,1.333,1.552,29418000000.0,1719000000.0,27699000000.0,29418000000.0,0.0,1705000000.0,0.0,0.026,0.95,7124000000.0,8829000000.0,0.429,8829000000.0,7124000000.0,7041000000.0,2.11,2.08,2.11,60785000000.0,,60785000000.0,384430197869.0,20.0,14.442,5111000000.0,1.927,1.0,13622000000.0,0.662,82993000000.0,83000000.0,55813000000.0,,9263000000.0,902000000.0,902000000.0,0.0,94332000000.0,31353000000.0,62979000000.0,369796197869.0,-358000000.0,-898000000.0,-2117000000.0,4000000.0,-2522000000.0,-4534000000.0,-1788000000.0,-150000000.0,5948000000.0,16000000.0,5607000000.0,5607000000.0,5607000000.0,0.0,0.0,0.273,8269000000.0,5353000000.0,6912000000.0,0.45,6.084,22.642,22.758,17248000000.0,0.0,139.28,4.547,4.543,14653000000.0,109809000000.0,20562000000.0,20562000000.0,2666000000.0,,,,,314000000.0,5546000000.0,1.0,2655055987.0,2652500000.0,2691700000.0,7.752,72124000000.0,7647000000.0,1434000000.0,16969000000.0,27.191,10446000000.0
9,JNJ,MRQ,2019-03-31,2019-03-31,2019-03-31,2021-07-29,-15517000000.0,150027000000.0,,41987000000.0,108040000000.0,,22.157,-656000000.0,14734000000.0,14734000000.0,6615000000.0,3749000000.0,1.442,1.545,29368000000.0,1708000000.0,27660000000.0,29368000000.0,0.0,1761000000.0,0.0,0.026,0.9,4524000000.0,6285000000.0,0.314,6285000000.0,4524000000.0,4422000000.0,1.41,1.39,1.41,58955000000.0,,58955000000.0,384653141958.0,22.0,15.553,2887000000.0,1.085,1.0,13406000000.0,0.67,78348000000.0,102000000.0,57202000000.0,,9086000000.0,602000000.0,602000000.0,0.0,91072000000.0,29111000000.0,61961000000.0,372280141958.0,-3373000000.0,-1430000000.0,-2112000000.0,-1005000000.0,-2396000000.0,-5516000000.0,-1417000000.0,765000000.0,3543000000.0,17000000.0,3749000000.0,3749000000.0,3749000000.0,0.0,0.0,0.187,9003000000.0,4403000000.0,6923000000.0,0.638,6.315,25.361,25.509,17000000000.0,0.0,139.79,4.563,4.559,14115000000.0,106650000000.0,20021000000.0,20021000000.0,2858000000.0,,,,,258000000.0,5219000000.0,1.0,2663138579.0,2660800000.0,2698800000.0,7.524,71679000000.0,7533000000.0,673000000.0,16493000000.0,26.939,12876000000.0
10,JNJ,MRQ,2018-12-31,2018-12-30,2018-12-30,2021-07-29,-15222000000.0,152954000000.0,,46033000000.0,106921000000.0,,22.311,-1318000000.0,18107000000.0,18107000000.0,6961000000.0,3042000000.0,1.474,1.56,30480000000.0,2796000000.0,27684000000.0,30480000000.0,0.0,1735000000.0,0.0,0.028,0.9,3372000000.0,5107000000.0,0.25,5107000000.0,3372000000.0,3122000000.0,1.13,1.12,1.13,59752000000.0,,59752000000.0,356532336115.0,19.0,13.748,4926000000.0,1.839,1.0,13433000000.0,0.659,78064000000.0,250000000.0,56033000000.0,,8599000000.0,1580000000.0,1580000000.0,0.0,93202000000.0,31230000000.0,61972000000.0,341335336115.0,2051000000.0,2306000000.0,-3339000000.0,-695000000.0,-2411000000.0,-6389000000.0,2228000000.0,1656000000.0,6244000000.0,-32000000.0,3042000000.0,3042000000.0,3042000000.0,0.0,0.0,0.149,9279000000.0,4154000000.0,7537000000.0,0.796,5.713,22.314,22.328,17035000000.0,0.0,127.27,4.184,4.183,14098000000.0,106216000000.0,20394000000.0,20394000000.0,3224000000.0,,,,,156000000.0,5991000000.0,1.0,2681977969.0,2678200000.0,2726000000.0,7.615,74890000000.0,7640000000.0,80000000.0,16566000000.0,27.963,14803000000.0
11,JNJ,MRQ,2018-09-30,2018-09-30,2018-09-30,2021-07-29,-14647000000.0,155703000000.0,,47194000000.0,108509000000.0,,24.084,-819000000.0,16056000000.0,16056000000.0,6589000000.0,3934000000.0,1.72,1.409,31253000000.0,1773000000.0,29480000000.0,31253000000.0,0.0,1731000000.0,0.0,0.025,0.9,4666000000.0,6397000000.0,0.314,6397000000.0,4666000000.0,4423000000.0,1.47,1.44,1.47,64626000000.0,,64626000000.0,385190404948.0,21.0,15.088,5453000000.0,2.032,1.0,13759000000.0,0.676,79339000000.0,243000000.0,64124000000.0,,8678000000.0,3308000000.0,3308000000.0,0.0,91077000000.0,27437000000.0,63640000000.0,370676404948.0,-1513000000.0,-650000000.0,-153000000.0,-817000000.0,-2415000000.0,-3477000000.0,-4269000000.0,-2785000000.0,6272000000.0,-39000000.0,3934000000.0,3934000000.0,3934000000.0,0.0,0.0,0.193,9265000000.0,4494000000.0,7000000000.0,0.612,5.736,240.387,234.186,16629000000.0,0.0,138.17,4.555,4.556,14048000000.0,107617000000.0,20348000000.0,20348000000.0,2508000000.0,,,,,242000000.0,5543000000.0,1.0,2682756061.0,2683400000.0,2731800000.0,7.583,76364000000.0,8076000000.0,489000000.0,17344000000.0,28.458,19757000000.0
12,JNJ,MRQ,2018-06-30,2018-07-01,2018-07-01,2021-07-29,-14777000000.0,155365000000.0,,45438000000.0,109927000000.0,,23.447,-875000000.0,17569000000.0,17569000000.0,6927000000.0,3954000000.0,1.653,1.47,32083000000.0,2678000000.0,29405000000.0,32083000000.0,0.0,1717000000.0,0.0,0.028,0.9,5226000000.0,6943000000.0,0.333,6943000000.0,5226000000.0,4973000000.0,1.47,1.45,1.47,62889000000.0,,62889000000.0,343346076632.0,18.0,13.276,5204000000.0,1.94,1.0,13903000000.0,0.667,80402000000.0,253000000.0,61989000000.0,,8810000000.0,570000000.0,570000000.0,0.0,92476000000.0,27488000000.0,64988000000.0,325452076632.0,2930000000.0,710000000.0,-49000000.0,52000000.0,-2415000000.0,-2674000000.0,-201000000.0,-1000000.0,6079000000.0,-274000000.0,3954000000.0,3954000000.0,3954000000.0,0.0,0.0,0.19,8439000000.0,5464000000.0,6516000000.0,0.612,5.175,237.21,233.346,16632000000.0,0.0,121.34,4.034,4.034,14111000000.0,106123000000.0,20830000000.0,20830000000.0,2639000000.0,,,,,312000000.0,5743000000.0,1.0,2682149964.0,2682200000.0,2725100000.0,7.766,74963000000.0,8472000000.0,1019000000.0,17241000000.0,27.948,17950000000.0
13,JNJ,MRQ,2018-03-31,2018-04-01,2018-04-01,2021-07-29,-12608000000.0,156625000000.0,,42768000000.0,113857000000.0,,23.583,-658000000.0,14639000000.0,14639000000.0,6614000000.0,4367000000.0,1.579,1.476,32533000000.0,2696000000.0,29837000000.0,32533000000.0,0.0,1746000000.0,0.0,0.026,0.84,5740000000.0,7486000000.0,0.374,7486000000.0,5740000000.0,5481000000.0,1.63,1.6,1.63,63255000000.0,,63255000000.0,360570834017.0,19.0,14.397,2948000000.0,1.099,1.0,13395000000.0,0.669,83514000000.0,259000000.0,63924000000.0,,9014000000.0,565000000.0,565000000.0,0.0,93370000000.0,27081000000.0,66289000000.0,343813834017.0,-3185000000.0,-62000000.0,-1378000000.0,-2464000000.0,-2253000000.0,-5970000000.0,-925000000.0,-207000000.0,3606000000.0,104000000.0,4367000000.0,4367000000.0,4367000000.0,0.0,0.0,0.218,7709000000.0,5686000000.0,6443000000.0,0.515,5.435,276.156,272.66,17040000000.0,0.0,128.15,4.369,4.368,14166000000.0,104339000000.0,20009000000.0,20009000000.0,2404000000.0,,,,,268000000.0,5263000000.0,1.0,2682901553.0,2682200000.0,2731900000.0,7.46,73111000000.0,8785000000.0,1114000000.0,19069000000.0,27.258,15687000000.0
14,JNJ,MRQ,2017-12-31,2017-12-31,2017-12-31,2021-07-29,-13199000000.0,157303000000.0,,43088000000.0,114215000000.0,,22.408,-1240000000.0,17824000000.0,17824000000.0,7328000000.0,-10713000000.0,1.411,1.615,34581000000.0,3906000000.0,30675000000.0,34581000000.0,0.0,1869000000.0,0.0,0.024,0.84,2834000000.0,4703000000.0,0.233,4703000000.0,2834000000.0,2560000000.0,-3.98,-3.9,-3.98,60160000000.0,,60160000000.0,394805581386.0,21.0,16.281,4865000000.0,1.812,1.0,12867000000.0,0.637,85134000000.0,274000000.0,58389000000.0,,8765000000.0,472000000.0,472000000.0,0.0,97143000000.0,30537000000.0,66606000000.0,375360581386.0,2103000000.0,601000000.0,-607000000.0,-511000000.0,-2256000000.0,-3537000000.0,-505000000.0,251000000.0,6105000000.0,40000000.0,-10713000000.0,-10713000000.0,-10713000000.0,0.0,0.0,-0.53,10352000000.0,2515000000.0,7310000000.0,-0.211,6.239,288.739,291.083,17005000000.0,0.0,139.72,4.91,4.92,13490000000.0,101793000000.0,20195000000.0,20195000000.0,3675000000.0,,,,,204000000.0,6125000000.0,1.0,2686520050.0,2684800000.0,2742000000.0,7.522,72169000000.0,7105000000.0,13273000000.0,18694000000.0,26.881,12551000000.0
15,JNJ,MRQ,2017-09-30,2017-10-01,2017-10-01,2021-07-29,-12747000000.0,155658000000.0,,41829000000.0,113829000000.0,,27.557,-790000000.0,15721000000.0,15721000000.0,6925000000.0,3764000000.0,1.315,1.104,35166000000.0,8491000000.0,26675000000.0,35166000000.0,0.0,1711000000.0,0.0,0.025,0.84,5019000000.0,6730000000.0,0.342,6730000000.0,5019000000.0,4790000000.0,1.4,1.37,1.4,73979000000.0,,73979000000.0,370920804637.0,18.0,14.772,5476000000.0,2.04,1.0,12725000000.0,0.648,85877000000.0,229000000.0,57420000000.0,,9521000000.0,510000000.0,510000000.0,0.0,81679000000.0,31806000000.0,49873000000.0,348946804637.0,3123000000.0,27000000.0,-176000000.0,361000000.0,-2254000000.0,-2069000000.0,-1180000000.0,-380000000.0,6266000000.0,106000000.0,3764000000.0,3764000000.0,3764000000.0,0.0,0.0,0.192,8077000000.0,4648000000.0,6390000000.0,0.6,4.717,22.048,22.224,16628000000.0,0.0,130.01,4.693,4.694,13155000000.0,114805000000.0,19650000000.0,19650000000.0,2585000000.0,,,,,236000000.0,5423000000.0,1.0,2683999728.0,2684600000.0,2737700000.0,7.32,69781000000.0,6303000000.0,1026000000.0,5593000000.0,25.993,10023000000.0
16,JNJ,MRQ,2017-06-30,2017-07-02,2017-07-02,2021-07-29,-13234000000.0,152807000000.0,,38789000000.0,114018000000.0,,26.718,-689000000.0,12598000000.0,12598000000.0,5846000000.0,3827000000.0,1.343,1.125,34572000000.0,7209000000.0,27363000000.0,34572000000.0,0.0,1150000000.0,0.0,0.024,0.84,4975000000.0,6125000000.0,0.325,6125000000.0,4975000000.0,4748000000.0,1.42,1.4,1.42,71922000000.0,,71922000000.0,367828178285.0,18.0,14.856,5083000000.0,1.888,1.0,12993000000.0,0.69,86176000000.0,227000000.0,59733000000.0,,9699000000.0,255000000.0,255000000.0,0.0,80885000000.0,28872000000.0,52013000000.0,356367178285.0,-8311000000.0,-29126000000.0,-1573000000.0,1918000000.0,-2262000000.0,-1917000000.0,-12247000000.0,17649000000.0,5772000000.0,81000000.0,3827000000.0,3827000000.0,3827000000.0,0.0,0.0,0.203,7596000000.0,5397000000.0,6135000000.0,0.592,4.955,21.816,22.012,16458000000.0,0.0,132.29,4.913,4.91,13283000000.0,113208000000.0,18839000000.0,18839000000.0,2296000000.0,,,,,293000000.0,5289000000.0,1.0,2693833081.0,2691900000.0,2741500000.0,6.998,66631000000.0,6111000000.0,921000000.0,5605000000.0,24.752,9917000000.0
17,JNJ,MRQ,2017-03-31,2017-04-02,2017-04-02,2021-07-29,-14522000000.0,144918000000.0,,63347000000.0,81571000000.0,,25.989,-560000000.0,20909000000.0,20909000000.0,5409000000.0,4422000000.0,2.522,1.06,32370000000.0,5355000000.0,27015000000.0,32370000000.0,0.0,912000000.0,0.0,0.026,0.8,5779000000.0,6691000000.0,0.377,6691000000.0,5779000000.0,5575000000.0,1.63,1.61,1.63,70341000000.0,,70341000000.0,346101319279.0,17.0,14.053,2353000000.0,0.869,1.0,12357000000.0,0.696,54310000000.0,204000000.0,76950000000.0,,8878000000.0,18434000000.0,18434000000.0,0.0,74577000000.0,25119000000.0,49458000000.0,337947319279.0,1937000000.0,-4821000000.0,-2940000000.0,4986000000.0,-2171000000.0,-150000000.0,-936000000.0,4444000000.0,2913000000.0,110000000.0,4422000000.0,4422000000.0,4422000000.0,0.0,0.0,0.249,6918000000.0,5439000000.0,6082000000.0,0.491,4.804,20.475,20.587,16191000000.0,0.0,124.55,4.682,4.671,12300000000.0,111643000000.0,17766000000.0,17766000000.0,2070000000.0,,,,,229000000.0,4763000000.0,1.0,2713346602.0,2706600000.0,2754500000.0,6.564,90608000000.0,6380000000.0,1153000000.0,4441000000.0,33.477,38228000000.0
18,JNJ,MRQ,2016-12-31,2017-01-01,2017-01-01,2021-07-29,-14901000000.0,141208000000.0,,65032000000.0,76176000000.0,,25.941,-1093000000.0,18972000000.0,18972000000.0,5638000000.0,3814000000.0,2.474,1.005,27126000000.0,4684000000.0,22442000000.0,27126000000.0,0.0,1055000000.0,0.0,0.027,0.8,4508000000.0,5563000000.0,0.307,5563000000.0,4508000000.0,4324000000.0,1.4,1.38,1.4,70418000000.0,,70418000000.0,322216460383.0,16.0,13.269,5560000000.0,2.048,1.0,12468000000.0,0.689,49681000000.0,184000000.0,73394000000.0,,8144000000.0,22935000000.0,22935000000.0,0.0,70790000000.0,26287000000.0,44503000000.0,313432460383.0,767000000.0,-65000000.0,-1948000000.0,654000000.0,-2170000000.0,-3464000000.0,-2174000000.0,-930000000.0,6653000000.0,-248000000.0,3814000000.0,3814000000.0,3814000000.0,0.0,0.0,0.211,8314000000.0,4154000000.0,6918000000.0,0.571,4.451,18.95,19.075,15912000000.0,0.0,115.21,4.36,4.387,11699000000.0,110551000000.0,18106000000.0,18106000000.0,2688000000.0,,,,,174000000.0,5431000000.0,1.0,2720531728.0,2714500000.0,2765800000.0,6.67,91527000000.0,6148000000.0,510000000.0,3881000000.0,33.718,38745000000.0
19,JNJ,MRQ,2016-09-30,2016-10-02,2016-10-02,2021-07-29,-12715000000.0,140369000000.0,,63319000000.0,77050000000.0,,26.511,-737000000.0,18205000000.0,18205000000.0,5486000000.0,4272000000.0,2.726,0.929,26989000000.0,3443000000.0,23546000000.0,26989000000.0,0.0,908000000.0,0.0,0.026,0.8,5473000000.0,6381000000.0,0.358,6381000000.0,5473000000.0,5281000000.0,1.56,1.53,1.56,72769000000.0,,72769000000.0,330792131464.0,17.0,13.975,4624000000.0,1.685,1.0,12334000000.0,0.692,50813000000.0,192000000.0,75110000000.0,,8488000000.0,22228000000.0,22228000000.0,0.0,67600000000.0,23230000000.0,44370000000.0,323189131464.0,-435000000.0,-3132000000.0,-2020000000.0,775000000.0,-2185000000.0,-3445000000.0,-2372000000.0,1496000000.0,5361000000.0,21000000.0,4272000000.0,4272000000.0,4272000000.0,0.0,0.0,0.24,7012000000.0,5322000000.0,5971000000.0,0.513,4.441,20.274,20.332,16095000000.0,0.0,118.13,4.514,4.529,11798000000.0,108860000000.0,17820000000.0,17820000000.0,2178000000.0,,,,,225000000.0,4772000000.0,1.0,2735876843.0,2744900000.0,2796600000.0,6.492,89556000000.0,5897000000.0,1009000000.0,3991000000.0,32.626,40089000000.0
20,JNJ,MRQ,2016-06-30,2016-07-03,2016-07-03,2021-07-29,-12707000000.0,139814000000.0,,66291000000.0,73523000000.0,,26.398,-757000000.0,18640000000.0,18640000000.0,5336000000.0,3997000000.0,3.078,0.929,26243000000.0,1708000000.0,24535000000.0,26243000000.0,0.0,900000000.0,0.0,0.025,0.8,5094000000.0,5994000000.0,0.324,5994000000.0,5094000000.0,4904000000.0,1.46,1.43,1.46,72473000000.0,,72473000000.0,343113645692.0,18.0,15.274,3807000000.0,1.387,1.0,13146000000.0,0.711,47798000000.0,190000000.0,78083000000.0,,8523000000.0,23944000000.0,23944000000.0,0.0,67341000000.0,21536000000.0,45805000000.0,333625645692.0,4779000000.0,-65000000.0,-1943000000.0,3102000000.0,-2197000000.0,-1038000000.0,1322000000.0,2181000000.0,4564000000.0,-69000000.0,3997000000.0,3997000000.0,3997000000.0,0.0,0.0,0.216,7583000000.0,5563000000.0,6061000000.0,0.548,4.603,22.202,22.214,15972000000.0,0.0,121.29,4.707,4.698,12062000000.0,106738000000.0,18482000000.0,18482000000.0,2264000000.0,,,,,274000000.0,5176000000.0,1.0,2750644288.0,2745400000.0,2794200000.0,6.732,92016000000.0,5776000000.0,907000000.0,3539000000.0,33.516,44755000000.0
21,JNJ,MRQ,2016-03-31,2016-04-03,2016-04-03,2021-07-29,-12391000000.0,136231000000.0,,62738000000.0,73493000000.0,,26.348,-639000000.0,13861000000.0,13861000000.0,5329000000.0,4457000000.0,2.834,0.875,23349000000.0,3116000000.0,20233000000.0,23349000000.0,0.0,891000000.0,0.0,0.027,0.75,5454000000.0,6345000000.0,0.363,6345000000.0,5454000000.0,5294000000.0,1.62,1.59,1.62,72647000000.0,,72647000000.0,307423430174.0,16.0,13.233,1550000000.0,0.562,1.0,12153000000.0,0.695,47688000000.0,160000000.0,75897000000.0,,8170000000.0,25994000000.0,25994000000.0,0.0,63584000000.0,22134000000.0,41450000000.0,301294430174.0,129000000.0,20000000.0,-1879000000.0,3344000000.0,-2069000000.0,-604000000.0,-1537000000.0,-917000000.0,2189000000.0,81000000.0,4457000000.0,4457000000.0,4457000000.0,0.0,0.0,0.255,6821000000.0,5332000000.0,5965000000.0,0.463,4.147,19.381,19.394,15964000000.0,0.0,109.19,4.293,4.29,11406000000.0,104990000000.0,17482000000.0,17482000000.0,2013000000.0,,,,,205000000.0,4688000000.0,1.0,2759359192.0,2757200000.0,2803800000.0,6.34,88543000000.0,5678000000.0,837000000.0,3845000000.0,32.113,40604000000.0
22,JNJ,MRQ,2015-12-31,2016-01-03,2016-01-03,2021-07-29,-13165000000.0,133411000000.0,,60210000000.0,73201000000.0,,25.669,-1366000000.0,13732000000.0,13732000000.0,5673000000.0,3215000000.0,2.17,0.875,19861000000.0,7004000000.0,12857000000.0,19861000000.0,0.0,1033000000.0,0.0,0.029,0.75,3918000000.0,4951000000.0,0.278,4951000000.0,3918000000.0,3758000000.0,1.17,1.14,1.17,71150000000.0,,71150000000.0,290331449571.0,15.0,12.358,3719000000.0,1.342,1.0,12138000000.0,0.681,47393000000.0,160000000.0,64400000000.0,,8053000000.0,24644000000.0,24644000000.0,0.0,62261000000.0,27747000000.0,34514000000.0,284220449571.0,93000000.0,1123000000.0,-1441000000.0,226000000.0,-2072000000.0,-3294000000.0,-1391000000.0,-1080000000.0,5085000000.0,-307000000.0,3215000000.0,3215000000.0,3215000000.0,0.0,0.0,0.181,9478000000.0,2660000000.0,6668000000.0,0.641,3.995,18.445,18.475,15905000000.0,0.0,102.72,4.056,4.063,10734000000.0,103879000000.0,17811000000.0,17811000000.0,2864000000.0,,,,,197000000.0,5891000000.0,1.0,2766943629.0,2771800000.0,2812900000.0,6.426,86018000000.0,5490000000.0,543000000.0,3312000000.0,31.033,32463000000.0
23,JNJ,MRQ,2015-09-30,2015-09-27,2015-09-27,2021-07-29,-12861000000.0,133266000000.0,,63494000000.0,69772000000.0,,25.847,-789000000.0,13639000000.0,13639000000.0,5224000000.0,3358000000.0,2.514,0.862,19750000000.0,5677000000.0,14073000000.0,19750000000.0,0.0,929000000.0,0.0,0.032,0.75,4245000000.0,5174000000.0,0.303,5174000000.0,4245000000.0,4122000000.0,1.21,1.2,1.21,71554000000.0,,71554000000.0,260656667567.0,14.0,11.649,5351000000.0,1.933,1.0,11878000000.0,0.695,47267000000.0,123000000.0,66850000000.0,,8206000000.0,23667000000.0,23667000000.0,0.0,61712000000.0,25260000000.0,36452000000.0,251988667567.0,3000000000.0,427000000.0,-256000000.0,492000000.0,-2076000000.0,-1840000000.0,-1001000000.0,-615000000.0,6140000000.0,-299000000.0,3358000000.0,3358000000.0,3358000000.0,0.0,0.0,0.196,7245000000.0,4633000000.0,5928000000.0,0.62,3.522,17.125,17.17,15551000000.0,0.0,91.0,3.573,3.573,11366000000.0,102748000000.0,17102000000.0,17102000000.0,2154000000.0,,,,,203000000.0,5081000000.0,1.0,2769106237.0,2768400000.0,2807200000.0,6.178,85999000000.0,6756000000.0,764000000.0,4492000000.0,31.065,38234000000.0
24,JNJ,MRQ,2015-06-30,2015-06-28,2015-06-28,2021-07-29,-12054000000.0,132036000000.0,,61001000000.0,71035000000.0,,25.658,-765000000.0,10639000000.0,10639000000.0,5357000000.0,4516000000.0,2.489,0.856,19307000000.0,5222000000.0,14085000000.0,19307000000.0,0.0,889000000.0,0.0,0.029,0.75,5872000000.0,6761000000.0,0.38,6761000000.0,5872000000.0,5741000000.0,1.63,1.61,1.63,71131000000.0,,71131000000.0,283301238774.0,13.0,11.295,4707000000.0,1.698,1.0,12430000000.0,0.699,48510000000.0,131000000.0,67682000000.0,,8298000000.0,23315000000.0,23315000000.0,0.0,60905000000.0,24512000000.0,36393000000.0,276306238774.0,-1349000000.0,1083000000.0,-974000000.0,278000000.0,-2079000000.0,-2775000000.0,-3554000000.0,-3872000000.0,5472000000.0,-492000000.0,4516000000.0,4516000000.0,4516000000.0,0.0,0.0,0.254,7513000000.0,4917000000.0,6140000000.0,0.46,3.884,17.155,17.239,15583000000.0,0.0,99.64,3.844,3.843,11968000000.0,101352000000.0,17787000000.0,17787000000.0,2129000000.0,,,,,270000000.0,5384000000.0,1.0,2773045351.0,2772300000.0,2812000000.0,6.416,83526000000.0,6810000000.0,1225000000.0,4618000000.0,30.129,36489000000.0
25,JNJ,MRQ,2015-03-31,2015-03-29,2015-03-29,2021-07-29,-13300000000.0,128590000000.0,,58192000000.0,70398000000.0,,24.394,-543000000.0,11988000000.0,11988000000.0,5282000000.0,4320000000.0,2.441,0.894,18983000000.0,4045000000.0,14938000000.0,18983000000.0,0.0,895000000.0,0.0,0.028,0.7,5713000000.0,6608000000.0,0.38,6608000000.0,5713000000.0,5575000000.0,1.55,1.53,1.55,67878000000.0,,67878000000.0,283231236961.0,13.0,11.317,2329000000.0,0.837,1.0,12092000000.0,0.696,48370000000.0,138000000.0,63379000000.0,,8085000000.0,19331000000.0,19331000000.0,0.0,60712000000.0,23836000000.0,36876000000.0,278994236961.0,-2535000000.0,-123000000.0,-1614000000.0,383000000.0,-1946000000.0,-3227000000.0,-1789000000.0,-1112000000.0,2872000000.0,-391000000.0,4320000000.0,4320000000.0,4320000000.0,0.0,0.0,0.249,6746000000.0,5346000000.0,6719000000.0,0.452,4.11,17.529,17.665,15364000000.0,0.0,100.34,3.791,3.794,11533000000.0,98656000000.0,17374000000.0,17374000000.0,1899000000.0,,,,,204000000.0,4847000000.0,1.0,2780488708.0,2782600000.0,2826000000.0,6.244,80220000000.0,6583000000.0,1255000000.0,4827000000.0,28.829,34356000000.0
26,JNJ,MRQ,2014-12-31,2014-12-28,2014-12-28,2021-07-29,-10722000000.0,130358000000.0,,55744000000.0,74614000000.0,,24.777,-1496000000.0,14523000000.0,14523000000.0,5853000000.0,2521000000.0,2.227,0.869,18760000000.0,3638000000.0,15122000000.0,18760000000.0,0.0,991000000.0,0.0,0.026,0.7,2842000000.0,3833000000.0,0.21,3833000000.0,2842000000.0,2703000000.0,0.91,0.89,0.91,69752000000.0,,69752000000.0,295523534632.0,14.0,11.825,3108000000.0,1.104,1.0,12401000000.0,0.679,49054000000.0,139000000.0,60510000000.0,,8184000000.0,18566000000.0,18566000000.0,0.0,60606000000.0,25031000000.0,35575000000.0,294074534632.0,705000000.0,-1688000000.0,-2606000000.0,3704000000.0,-1956000000.0,-858000000.0,-2922000000.0,414000000.0,4604000000.0,-119000000.0,2521000000.0,2521000000.0,2521000000.0,0.0,0.0,0.138,8613000000.0,3788000000.0,7633000000.0,0.769,4.216,18.016,18.114,16126000000.0,0.0,105.06,3.956,3.979,10985000000.0,97245000000.0,18254000000.0,18254000000.0,2635000000.0,,,,,146000000.0,5822000000.0,1.0,2799110362.0,2815200000.0,2863900000.0,6.484,81304000000.0,6202000000.0,182000000.0,2893000000.0,28.88,30713000000.0
27,JNJ,MRQ,2014-09-30,2014-09-28,2014-09-28,2021-07-29,-5382000000.0,132097000000.0,,59973000000.0,72124000000.0,,27.214,-751000000.0,13818000000.0,13818000000.0,5399000000.0,4749000000.0,2.61,0.725,15267000000.0,2115000000.0,13152000000.0,15267000000.0,0.0,939000000.0,0.0,0.025,0.7,6940000000.0,7879000000.0,0.427,7879000000.0,6940000000.0,6810000000.0,1.69,1.66,1.69,76591000000.0,,76591000000.0,304938772615.0,14.0,12.128,3903000000.0,1.387,1.0,13068000000.0,0.708,47940000000.0,130000000.0,62624000000.0,,8419000000.0,19187000000.0,19187000000.0,0.0,55506000000.0,22982000000.0,32524000000.0,302052772615.0,-418000000.0,3617000000.0,-2057000000.0,-1692000000.0,-1967000000.0,-5716000000.0,735000000.0,-2078000000.0,4654000000.0,-91000000.0,4749000000.0,4749000000.0,4749000000.0,0.0,0.0,0.257,7491000000.0,5577000000.0,6603000000.0,0.414,3.944,17.439,17.443,15804000000.0,0.0,107.1,4.058,4.05,11615000000.0,96560000000.0,18467000000.0,18467000000.0,2023000000.0,,,,,206000000.0,5468000000.0,1.0,2820287326.0,2814400000.0,2864300000.0,6.562,84157000000.0,7174000000.0,2061000000.0,5598000000.0,29.902,36991000000.0
28,JNJ,MRQ,2014-06-30,2014-06-29,2014-06-29,2021-07-29,-3007000000.0,135200000000.0,,60119000000.0,75081000000.0,,27.614,-837000000.0,14236000000.0,14236000000.0,6039000000.0,4326000000.0,2.468,0.732,17122000000.0,3819000000.0,13303000000.0,17122000000.0,0.0,952000000.0,0.0,0.026,0.7,5754000000.0,6706000000.0,0.344,6706000000.0,5754000000.0,5626000000.0,1.53,1.51,1.53,78048000000.0,,78048000000.0,294597183067.0,16.0,13.383,4692000000.0,1.66,1.0,13456000000.0,0.69,49111000000.0,128000000.0,64616000000.0,,8155000000.0,17388000000.0,17388000000.0,0.0,57152000000.0,24359000000.0,32793000000.0,297027183067.0,-5486000000.0,538000000.0,-730000000.0,-160000000.0,-1978000000.0,-2868000000.0,-8092000000.0,-7780000000.0,5529000000.0,-55000000.0,4326000000.0,4326000000.0,4326000000.0,0.0,0.0,0.222,7490000000.0,5966000000.0,6193000000.0,0.458,3.806,19.097,19.054,16155000000.0,0.0,104.99,4.039,4.035,12257000000.0,93745000000.0,19495000000.0,19495000000.0,2005000000.0,,,,,242000000.0,5481000000.0,1.0,2829099753.0,2826400000.0,2874200000.0,6.897,86089000000.0,7481000000.0,1300000000.0,5546000000.0,30.459,35760000000.0
29,JNJ,MRQ,2014-03-31,2014-03-30,2014-03-30,2021-07-29,-2645000000.0,133330000000.0,,57369000000.0,75961000000.0,,27.091,-630000000.0,19722000000.0,19722000000.0,5455000000.0,4727000000.0,2.406,0.741,17292000000.0,3949000000.0,13343000000.0,17292000000.0,0.0,1013000000.0,0.0,0.027,0.66,5560000000.0,6573000000.0,0.363,6573000000.0,5560000000.0,5424000000.0,1.67,1.64,1.67,76582000000.0,,76582000000.0,272901181063.0,16.0,12.868,3293000000.0,1.165,1.0,12660000000.0,0.699,49821000000.0,136000000.0,57239000000.0,,8009000000.0,9670000000.0,9670000000.0,0.0,56748000000.0,23840000000.0,32908000000.0,275648181063.0,-1205000000.0,35000000.0,-188000000.0,-1002000000.0,-1867000000.0,-3057000000.0,-2026000000.0,-1350000000.0,3923000000.0,-45000000.0,4727000000.0,4727000000.0,4727000000.0,0.0,0.0,0.261,7032000000.0,5628000000.0,6113000000.0,0.395,3.599,18.302,18.247,15996000000.0,0.0,97.44,3.833,3.83,12116000000.0,91387000000.0,18115000000.0,18115000000.0,1831000000.0,,,,,198000000.0,5183000000.0,1.0,2828901694.0,2826800000.0,2874700000.0,6.408,83509000000.0,7605000000.0,697000000.0,5456000000.0,29.542,33529000000.0
30,JNJ,MRQ,2013-12-31,2013-12-29,2013-12-29,2021-07-29,-2860000000.0,132683000000.0,,56407000000.0,76276000000.0,,26.361,-1429000000.0,20927000000.0,20927000000.0,5955000000.0,3519000000.0,2.197,0.792,18180000000.0,4852000000.0,13328000000.0,18180000000.0,0.0,1102000000.0,0.0,0.028,0.66,2884000000.0,3986000000.0,0.217,3986000000.0,2884000000.0,2750000000.0,1.25,1.22,1.25,74053000000.0,,74053000000.0,258462838364.0,16.0,12.886,2710000000.0,0.965,1.0,12400000000.0,0.676,50745000000.0,134000000.0,53516000000.0,,7878000000.0,8279000000.0,8279000000.0,0.0,58630000000.0,25675000000.0,32955000000.0,260559838364.0,3723000000.0,250000000.0,-110000000.0,3154000000.0,-1862000000.0,1182000000.0,-1578000000.0,-173000000.0,4139000000.0,-20000000.0,3519000000.0,3519000000.0,3519000000.0,0.0,0.0,0.192,8666000000.0,3734000000.0,6266000000.0,0.528,3.519,18.839,18.77,16710000000.0,0.0,92.35,3.654,3.638,11713000000.0,89493000000.0,18355000000.0,18355000000.0,2411000000.0,,,,,144000000.0,5917000000.0,1.0,2821438423.0,2809200000.0,2877000000.0,6.534,81938000000.0,7479000000.0,-769000000.0,4759000000.0,29.168,30732000000.0
31,JNJ,MRQ,2013-09-30,2013-09-29,2013-09-29,2021-07-29,-5346000000.0,126933000000.0,,52176000000.0,74757000000.0,,24.767,-809000000.0,17204000000.0,17204000000.0,5344000000.0,2982000000.0,2.02,0.818,15107000000.0,5359000000.0,9748000000.0,15107000000.0,0.0,976000000.0,0.0,0.029,0.66,3772000000.0,4748000000.0,0.27,4748000000.0,3772000000.0,3667000000.0,1.06,1.04,1.06,69804000000.0,,69804000000.0,242086546138.0,15.0,11.917,5138000000.0,1.823,1.0,12231000000.0,0.696,51319000000.0,105000000.0,47682000000.0,,8124000000.0,8024000000.0,8024000000.0,0.0,57129000000.0,25835000000.0,31294000000.0,244411546138.0,-103000000.0,-600000000.0,-2621000000.0,-36000000.0,-1862000000.0,-4519000000.0,-1553000000.0,-120000000.0,5947000000.0,22000000.0,2982000000.0,2982000000.0,2982000000.0,0.0,0.0,0.17,7534000000.0,4697000000.0,6055000000.0,0.623,3.501,18.978,18.895,16127000000.0,0.0,86.73,3.466,3.466,12027000000.0,87703000000.0,17575000000.0,17575000000.0,2042000000.0,,,,,161000000.0,5314000000.0,1.0,2818073863.0,2818400000.0,2881200000.0,6.236,75614000000.0,8081000000.0,685000000.0,5324000000.0,26.829,26341000000.0
32,JNJ,MRQ,2013-06-30,2013-06-30,2013-06-30,2021-07-29,-6810000000.0,124325000000.0,,51273000000.0,73052000000.0,,24.794,-771000000.0,17307000000.0,17307000000.0,5489000000.0,3833000000.0,2.157,0.785,14982000000.0,5339000000.0,9643000000.0,14982000000.0,0.0,990000000.0,0.0,0.029,0.66,4911000000.0,5901000000.0,0.33,5901000000.0,4911000000.0,4793000000.0,1.36,1.33,1.36,69665000000.0,,69665000000.0,242208034557.0,15.0,11.735,4280000000.0,1.523,1.0,12388000000.0,0.693,50041000000.0,118000000.0,48192000000.0,,7822000000.0,7822000000.0,7822000000.0,0.0,54660000000.0,23767000000.0,30893000000.0,241171034557.0,2452000000.0,35000000.0,719000000.0,-866000000.0,-1856000000.0,-1977000000.0,-569000000.0,179000000.0,5051000000.0,-53000000.0,3833000000.0,3833000000.0,3833000000.0,0.0,0.0,0.214,7322000000.0,5066000000.0,5687000000.0,0.485,3.462,18.746,18.625,15794000000.0,0.0,85.86,3.446,3.447,11614000000.0,89449000000.0,17877000000.0,17877000000.0,1946000000.0,,,,,229000000.0,5376000000.0,1.0,2808886962.0,2809700000.0,2893000000.0,6.363,74284000000.0,8023000000.0,960000000.0,4641000000.0,26.438,27506000000.0
33,JNJ,MRQ,2013-03-31,2013-03-31,2013-03-31,2021-07-29,-6689000000.0,121536000000.0,,47228000000.0,74308000000.0,,23.961,-586000000.0,14855000000.0,14855000000.0,5554000000.0,3497000000.0,2.097,0.818,15892000000.0,4529000000.0,11363000000.0,15892000000.0,0.0,1036000000.0,0.0,0.03,0.61,4386000000.0,5422000000.0,0.31,5422000000.0,4386000000.0,4261000000.0,1.25,1.22,1.25,66855000000.0,,66855000000.0,229156367609.0,17.0,12.896,1691000000.0,0.606,1.0,11951000000.0,0.683,50358000000.0,125000000.0,49691000000.0,,7691000000.0,6813000000.0,6813000000.0,0.0,54681000000.0,22524000000.0,32157000000.0,227902367609.0,-56000000.0,-62000000.0,1123000000.0,-224000000.0,-1706000000.0,-777000000.0,-1403000000.0,-751000000.0,2277000000.0,-153000000.0,3497000000.0,3497000000.0,3497000000.0,0.0,0.0,0.2,7071000000.0,4880000000.0,5372000000.0,0.488,3.409,21.83,21.684,15721000000.0,0.0,81.53,3.323,3.317,11515000000.0,87242000000.0,17505000000.0,17505000000.0,1784000000.0,,,,,194000000.0,5223000000.0,1.0,2795319117.0,2790200000.0,2858800000.0,6.274,71178000000.0,7600000000.0,764000000.0,4797000000.0,25.51,24704000000.0
34,JNJ,MRQ,2012-12-31,2012-12-30,2012-12-30,2021-07-29,-5810000000.0,121347000000.0,,46116000000.0,75231000000.0,,23.387,-1152000000.0,14911000000.0,14911000000.0,6003000000.0,2567000000.0,1.901,0.872,16165000000.0,4676000000.0,11489000000.0,16165000000.0,0.0,1036000000.0,0.0,0.035,0.61,3207000000.0,4243000000.0,0.242,4243000000.0,3207000000.0,3100000000.0,0.92,0.9,0.92,64826000000.0,,64826000000.0,193912254648.0,13.0,10.589,2224000000.0,0.802,1.0,11555000000.0,0.658,51176000000.0,107000000.0,47163000000.0,,7495000000.0,6178000000.0,6178000000.0,0.0,56521000000.0,24262000000.0,32259000000.0,192547254648.0,-575000000.0,541000000.0,903000000.0,-712000000.0,-1690000000.0,-1471000000.0,-2503000000.0,-1934000000.0,3376000000.0,23000000.0,2567000000.0,2567000000.0,2567000000.0,0.0,0.0,0.146,8047000000.0,3508000000.0,5831000000.0,0.663,2.97,17.741,17.635,16097000000.0,0.0,69.48,2.864,2.846,11309000000.0,85992000000.0,17558000000.0,17558000000.0,2331000000.0,,,,,147000000.0,5661000000.0,1.0,2771261581.0,2771900000.0,2835400000.0,6.334,70171000000.0,7680000000.0,533000000.0,4200000000.0,25.315,21854000000.0
35,JNJ,MRQ,2012-09-30,2012-09-30,2012-09-30,2021-07-29,-4925000000.0,118951000000.0,,44791000000.0,74160000000.0,,23.124,-682000000.0,15486000000.0,15486000000.0,5597000000.0,2629000000.0,1.871,0.866,16851000000.0,5423000000.0,11428000000.0,16851000000.0,0.0,1005000000.0,0.0,0.034,0.61,4069000000.0,5074000000.0,0.298,5074000000.0,4069000000.0,3934000000.0,1.08,1.05,1.08,63761000000.0,,63761000000.0,193510705164.0,16.0,12.555,4298000000.0,1.559,1.0,11455000000.0,0.672,50567000000.0,135000000.0,45814000000.0,,7809000000.0,4285000000.0,4285000000.0,0.0,55190000000.0,23935000000.0,31255000000.0,189987705164.0,1444000000.0,116000000.0,669000000.0,-688000000.0,-1683000000.0,-1653000000.0,-1937000000.0,-1375000000.0,4980000000.0,54000000.0,2968000000.0,2968000000.0,2968000000.0,0.0,-339000000.0,0.174,7830000000.0,3625000000.0,5344000000.0,0.565,2.98,22.341,22.158,15845000000.0,0.0,68.91,2.882,2.882,11175000000.0,84880000000.0,17052000000.0,17052000000.0,1923000000.0,,,,,146000000.0,5228000000.0,1.0,2757041143.0,2757400000.0,2818100000.0,6.184,68384000000.0,7474000000.0,966000000.0,4218000000.0,24.8,20856000000.0
36,JNJ,MRQ,2012-06-30,2012-07-01,2012-07-01,2021-07-29,-6204000000.0,115750000000.0,,41615000000.0,74135000000.0,,21.997,-598000000.0,14042000000.0,14042000000.0,5143000000.0,1408000000.0,1.745,0.915,17565000000.0,6040000000.0,11525000000.0,17565000000.0,0.0,852000000.0,0.0,0.034,0.61,2178000000.0,3030000000.0,0.184,3030000000.0,2178000000.0,2035000000.0,0.51,0.5,0.51,60434000000.0,,60434000000.0,174726892590.0,14.0,11.37,3647000000.0,1.327,1.0,11332000000.0,0.688,50611000000.0,143000000.0,44814000000.0,,7697000000.0,2873000000.0,2873000000.0,0.0,55316000000.0,23848000000.0,31468000000.0,185544892590.0,-16225000000.0,-3992000000.0,-12584000000.0,-1995000000.0,-1676000000.0,-16255000000.0,-4126000000.0,470000000.0,4245000000.0,-89000000.0,1408000000.0,1408000000.0,1408000000.0,0.0,0.0,0.085,7160000000.0,4172000000.0,5145000000.0,1.196,3.07,21.234,21.113,15622000000.0,0.0,67.56,2.86,2.861,10992000000.0,83530000000.0,16475000000.0,16475000000.0,1766000000.0,,,,,196000000.0,4965000000.0,1.0,2746372004.0,2747400000.0,2798200000.0,5.997,65139000000.0,7128000000.0,627000000.0,3535000000.0,23.709,17767000000.0
37,JNJ,MRQ,2012-03-31,2012-04-01,2012-04-01,2021-07-29,-4540000000.0,116194000000.0,,57007000000.0,59187000000.0,,22.422,-502000000.0,30267000000.0,30267000000.0,4915000000.0,3910000000.0,2.689,0.893,19449000000.0,6439000000.0,13010000000.0,19449000000.0,0.0,773000000.0,0.0,0.035,0.57,5192000000.0,5965000000.0,0.37,5965000000.0,5192000000.0,5045000000.0,1.43,1.41,1.43,61366000000.0,,61366000000.0,176150389139.0,13.0,10.57,2293000000.0,0.838,1.0,11224000000.0,0.695,34496000000.0,147000000.0,49682000000.0,,6800000000.0,3580000000.0,3580000000.0,0.0,54828000000.0,21198000000.0,33630000000.0,181065389139.0,5725000000.0,358000000.0,813000000.0,-271000000.0,-1565000000.0,-1183000000.0,4056000000.0,4202000000.0,2795000000.0,57000000.0,3910000000.0,3910000000.0,3910000000.0,0.0,0.0,0.242,6660000000.0,4564000000.0,5085000000.0,0.399,2.951,17.917,17.827,14824000000.0,0.0,65.96,2.786,2.777,10982000000.0,83103000000.0,16139000000.0,16139000000.0,1645000000.0,,,,,173000000.0,5015000000.0,1.0,2745078671.0,2736900000.0,2774900000.0,5.897,81698000000.0,8606000000.0,1135000000.0,2760000000.0,29.851,35809000000.0
38,JNJ,MRQ,2011-12-31,2012-01-01,2012-01-01,2021-07-29,-5632000000.0,113644000000.0,,54316000000.0,59328000000.0,,20.92,-1128000000.0,24542000000.0,24542000000.0,5338000000.0,218000000.0,2.381,0.991,19627000000.0,6658000000.0,12969000000.0,19627000000.0,0.0,843000000.0,0.0,0.034,0.57,501000000.0,1344000000.0,0.083,1344000000.0,501000000.0,318000000.0,0.09,0.09,0.09,57080000000.0,,57080000000.0,181829078600.0,14.0,11.301,2323000000.0,0.851,1.0,10917000000.0,0.672,34276000000.0,183000000.0,51642000000.0,,6285000000.0,7719000000.0,7719000000.0,0.0,56564000000.0,22811000000.0,33753000000.0,179089078600.0,8925000000.0,293000000.0,-553000000.0,1352000000.0,-1555000000.0,-756000000.0,6238000000.0,7520000000.0,3451000000.0,-8000000.0,218000000.0,218000000.0,218000000.0,0.0,0.0,0.013,7593000000.0,3324000000.0,5725000000.0,6.333,3.138,18.516,18.525,14739000000.0,0.0,65.58,2.754,2.759,10581000000.0,81251000000.0,16255000000.0,16255000000.0,2155000000.0,,,,,137000000.0,5458000000.0,1.0,2730849018.0,2728500000.0,2768400000.0,5.957,79368000000.0,9096000000.0,100000000.0,2654000000.0,29.089,31505000000.0
39,JNJ,MRQ,2011-09-30,2011-10-02,2011-10-02,2021-07-29,-3068000000.0,111821000000.0,,53443000000.0,58378000000.0,,22.467,-711000000.0,15617000000.0,15617000000.0,5072000000.0,3202000000.0,2.464,0.817,18357000000.0,5326000000.0,13031000000.0,18357000000.0,0.0,783000000.0,0.0,0.035,0.57,4245000000.0,5028000000.0,0.314,5028000000.0,4245000000.0,4111000000.0,1.17,1.15,1.17,61527000000.0,,61527000000.0,178285153521.0,12.0,9.971,3911000000.0,1.428,1.0,10933000000.0,0.683,34274000000.0,134000000.0,58601000000.0,,6428000000.0,15310000000.0,15310000000.0,0.0,50294000000.0,21686000000.0,28608000000.0,174533153521.0,643000000.0,158000000.0,-514000000.0,-160000000.0,-1558000000.0,-2232000000.0,-1590000000.0,-768000000.0,4622000000.0,-157000000.0,3202000000.0,3202000000.0,3202000000.0,0.0,0.0,0.2,7013000000.0,3920000000.0,5730000000.0,0.487,2.837,15.315,15.273,14635000000.0,0.0,63.69,2.709,2.708,10552000000.0,82634000000.0,16005000000.0,16005000000.0,1773000000.0,,,,,145000000.0,5240000000.0,1.0,2740354114.0,2738500000.0,2777600000.0,5.844,77547000000.0,8044000000.0,909000000.0,3225000000.0,28.317,31757000000.0
40,JNJ,MRQ,2011-06-30,2011-07-03,2011-07-03,2021-07-29,-1192000000.0,112114000000.0,,52673000000.0,59441000000.0,,22.672,-618000000.0,14974000000.0,14974000000.0,5172000000.0,2776000000.0,2.51,0.804,18726000000.0,5046000000.0,13680000000.0,18726000000.0,0.0,777000000.0,0.0,0.033,0.57,3551000000.0,4328000000.0,0.261,4328000000.0,3551000000.0,3422000000.0,1.01,1.0,1.01,62132000000.0,,62132000000.0,179952952637.0,12.0,10.05,3291000000.0,1.201,1.0,11425000000.0,0.688,34621000000.0,129000000.0,60260000000.0,,6413000000.0,14708000000.0,14708000000.0,0.0,49982000000.0,20985000000.0,28997000000.0,184478952637.0,-7382000000.0,22000000.0,38000000.0,886000000.0,-1563000000.0,-639000000.0,-10700000000.0,-10099000000.0,3909000000.0,48000000.0,2776000000.0,2776000000.0,2776000000.0,0.0,0.0,0.167,7686000000.0,3739000000.0,5689000000.0,0.564,2.969,15.888,15.873,14974000000.0,0.0,67.3,2.91,2.909,10982000000.0,80836000000.0,16597000000.0,16597000000.0,1882000000.0,,,,,187000000.0,5215000000.0,1.0,2741143427.0,2740500000.0,2781300000.0,6.056,77493000000.0,7959000000.0,646000000.0,2696000000.0,28.277,31688000000.0
41,JNJ,MRQ,2011-03-31,2011-04-03,2011-04-03,2021-07-29,-2020000000.0,108150000000.0,,49221000000.0,58929000000.0,,21.861,-436000000.0,22356000000.0,22356000000.0,4778000000.0,3476000000.0,2.05,0.807,17830000000.0,8575000000.0,9255000000.0,17830000000.0,0.0,755000000.0,0.0,0.036,0.54,4635000000.0,5390000000.0,0.333,5390000000.0,4635000000.0,4510000000.0,1.27,1.25,1.27,59863000000.0,,59863000000.0,160135864143.0,10.0,8.605,1880000000.0,0.687,1.0,11395000000.0,0.705,34813000000.0,125000000.0,44800000000.0,,6200000000.0,4511000000.0,4511000000.0,0.0,48287000000.0,24011000000.0,24276000000.0,162717864143.0,3001000000.0,-1928000000.0,-250000000.0,905000000.0,-1480000000.0,-825000000.0,1440000000.0,3861000000.0,2316000000.0,70000000.0,3476000000.0,3476000000.0,3476000000.0,0.0,0.0,0.215,6794000000.0,4601000000.0,5701000000.0,0.425,2.718,13.246,13.279,15084000000.0,0.0,59.49,2.619,2.622,10861000000.0,79515000000.0,16173000000.0,16173000000.0,1738000000.0,,,,,152000000.0,5056000000.0,1.0,2735213719.0,2738400000.0,2772700000.0,5.906,73337000000.0,7599000000.0,1034000000.0,2902000000.0,26.781,25210000000.0
42,JNJ,MRQ,2010-12-31,2011-01-02,2011-01-02,2021-07-29,-3531000000.0,102908000000.0,,47307000000.0,55601000000.0,,20.564,-959000000.0,19355000000.0,19355000000.0,5040000000.0,1942000000.0,2.05,0.819,16773000000.0,7617000000.0,9156000000.0,16773000000.0,0.0,769000000.0,0.0,0.034,0.54,2366000000.0,3135000000.0,0.2,3135000000.0,2366000000.0,2228000000.0,0.72,0.7,0.72,56579000000.0,,56579000000.0,167542790850.0,10.0,8.237,2865000000.0,1.041,1.0,10604000000.0,0.678,32010000000.0,138000000.0,45244000000.0,,5378000000.0,8303000000.0,8303000000.0,0.0,46329000000.0,23072000000.0,23257000000.0,169855790850.0,5017000000.0,200000000.0,-744000000.0,4831000000.0,-1481000000.0,2606000000.0,-1404000000.0,-677000000.0,3824000000.0,-9000000.0,1942000000.0,1942000000.0,1942000000.0,0.0,0.0,0.124,7162000000.0,3442000000.0,5623000000.0,0.75,3.002,12.739,12.753,14553000000.0,0.0,61.85,2.758,2.763,9774000000.0,77773000000.0,15644000000.0,15644000000.0,1982000000.0,,,,,140000000.0,5180000000.0,1.0,2746253692.0,2751400000.0,2788800000.0,5.686,70898000000.0,7320000000.0,286000000.0,2025000000.0,25.768,24235000000.0
43,JNJ,MRQ,2010-09-30,2010-10-03,2010-10-03,2021-07-29,-2924000000.0,98247000000.0,,42717000000.0,55530000000.0,,20.821,-528000000.0,14338000000.0,14338000000.0,4594000000.0,3417000000.0,2.453,0.715,12025000000.0,2843000000.0,9182000000.0,12025000000.0,0.0,725000000.0,0.0,0.033,0.54,4327000000.0,5052000000.0,0.337,5052000000.0,4327000000.0,4219000000.0,1.24,1.23,1.24,57291000000.0,,57291000000.0,169025958496.0,10.0,8.186,4506000000.0,1.638,1.0,10388000000.0,0.693,32443000000.0,108000000.0,46077000000.0,,5409000000.0,7788000000.0,7788000000.0,0.0,40956000000.0,17414000000.0,23542000000.0,170086958496.0,1625000000.0,-183000000.0,-433000000.0,218000000.0,-1484000000.0,-1699000000.0,-1875000000.0,-1115000000.0,5034000000.0,165000000.0,3417000000.0,3417000000.0,3417000000.0,0.0,0.0,0.228,6366000000.0,4022000000.0,5477000000.0,0.435,2.969,12.508,12.5,14360000000.0,0.0,61.75,2.722,2.719,10290000000.0,77272000000.0,14982000000.0,14982000000.0,1657000000.0,,,,,169000000.0,4709000000.0,1.0,2754444672.0,2751600000.0,2786400000.0,5.445,65804000000.0,7593000000.0,802000000.0,2506000000.0,23.915,25303000000.0
44,JNJ,MRQ,2010-06-30,2010-07-04,2010-07-04,2021-07-29,-5705000000.0,92300000000.0,,39023000000.0,53277000000.0,,19.173,-500000000.0,12713000000.0,12713000000.0,4630000000.0,3449000000.0,2.274,0.746,11652000000.0,3715000000.0,7937000000.0,11652000000.0,0.0,711000000.0,0.0,0.034,0.54,4321000000.0,5032000000.0,0.328,5032000000.0,4321000000.0,4220000000.0,1.25,1.23,1.25,52851000000.0,,52851000000.0,161306749664.0,9.0,7.809,3337000000.0,1.211,1.0,10700000000.0,0.698,31087000000.0,101000000.0,42988000000.0,,5071000000.0,6188000000.0,6188000000.0,0.0,39449000000.0,17164000000.0,22285000000.0,162946749664.0,-1030000000.0,-92000000.0,-258000000.0,-318000000.0,-1489000000.0,-2065000000.0,-2693000000.0,-2089000000.0,3837000000.0,-109000000.0,3449000000.0,3449000000.0,3449000000.0,0.0,0.0,0.225,6404000000.0,4296000000.0,4871000000.0,0.432,3.083,12.047,12.033,13881000000.0,0.0,59.08,2.603,2.602,9629000000.0,75252000000.0,15330000000.0,15330000000.0,1648000000.0,,,,,148000000.0,4756000000.0,1.0,2758069561.0,2756600000.0,2796000000.0,5.561,61213000000.0,7359000000.0,771000000.0,2460000000.0,22.206,21859000000.0
45,JNJ,MRQ,2010-03-31,2010-04-04,2010-04-04,2021-07-29,-3837000000.0,93441000000.0,,38861000000.0,54580000000.0,,19.204,-397000000.0,13743000000.0,13743000000.0,4528000000.0,4526000000.0,2.101,0.766,12103000000.0,4044000000.0,8059000000.0,12103000000.0,0.0,734000000.0,0.0,0.03,0.49,6388000000.0,7122000000.0,0.456,7122000000.0,6388000000.0,6280000000.0,1.64,1.62,1.64,52914000000.0,,52914000000.0,179725242868.0,10.0,8.692,3293000000.0,1.195,1.0,11103000000.0,0.71,31776000000.0,108000000.0,41526000000.0,,5308000000.0,4267000000.0,4267000000.0,0.0,40527000000.0,18499000000.0,22028000000.0,180994242868.0,-2067000000.0,-670000000.0,-136000000.0,-2336000000.0,-1350000000.0,-3822000000.0,-1882000000.0,-806000000.0,3690000000.0,-53000000.0,4526000000.0,4526000000.0,4526000000.0,0.0,0.0,0.29,6336000000.0,4767000000.0,5126000000.0,0.299,3.421,13.624,13.645,14277000000.0,0.0,65.77,2.896,2.899,10018000000.0,73184000000.0,15631000000.0,15631000000.0,1557000000.0,,,,,157000000.0,4779000000.0,1.0,2751927062.0,2755400000.0,2797300000.0,5.673,61665000000.0,7137000000.0,1754000000.0,3045000000.0,22.38,20362000000.0
46,JNJ,MRQ,2009-12-31,2010-01-03,2010-01-03,2021-07-29,-3058000000.0,94682000000.0,,39541000000.0,55141000000.0,,18.342,-844000000.0,15810000000.0,15810000000.0,5312000000.0,2206000000.0,1.82,0.872,14541000000.0,6318000000.0,8223000000.0,14541000000.0,0.0,744000000.0,0.0,0.03,0.49,2697000000.0,3441000000.0,0.208,3441000000.0,2697000000.0,2604000000.0,0.81,0.79,0.81,50588000000.0,,50588000000.0,177457613352.0,11.0,9.35,4443000000.0,1.611,1.0,11239000000.0,0.679,31185000000.0,93000000.0,40497000000.0,,5180000000.0,3615000000.0,3615000000.0,0.0,44094000000.0,21731000000.0,22363000000.0,177713613352.0,3954000000.0,9000000.0,-376000000.0,2807000000.0,-1353000000.0,1078000000.0,-2364000000.0,-1583000000.0,5287000000.0,-47000000.0,2206000000.0,2206000000.0,2206000000.0,0.0,0.0,0.133,8915000000.0,2324000000.0,5541000000.0,0.605,3.513,14.488,14.474,14759000000.0,0.0,64.41,2.871,2.872,9646000000.0,70306000000.0,16551000000.0,16551000000.0,2213000000.0,,,,,129000000.0,5629000000.0,1.0,2759099726.0,2758000000.0,2792700000.0,6.001,63497000000.0,8300000000.0,398000000.0,1866000000.0,23.023,17810000000.0
47,JNJ,MRQ,2009-09-30,2009-09-27,2009-09-27,2021-07-29,-2661000000.0,91558000000.0,,35602000000.0,55956000000.0,,18.28,-519000000.0,11856000000.0,11856000000.0,4434000000.0,3345000000.0,1.85,0.817,11600000000.0,3341000000.0,8259000000.0,11600000000.0,0.0,675000000.0,0.0,0.031,0.49,4387000000.0,5062000000.0,0.336,5062000000.0,4387000000.0,4245000000.0,1.21,1.2,1.21,50384000000.0,,50384000000.0,168985436496.0,10.0,8.5,4575000000.0,1.66,1.0,10647000000.0,0.706,31653000000.0,142000000.0,40404000000.0,,5568000000.0,2500000000.0,2481000000.0,19000000.0,41174000000.0,19245000000.0,21929000000.0,167057436496.0,170000000.0,-1046000000.0,177000000.0,-2068000000.0,-1351000000.0,-3242000000.0,-1855000000.0,-211000000.0,5094000000.0,173000000.0,3345000000.0,3345000000.0,3345000000.0,0.0,0.0,0.222,6384000000.0,4263000000.0,6419000000.0,0.405,3.316,13.078,13.121,14815000000.0,0.0,60.62,2.76,2.76,10279000000.0,69471000000.0,15081000000.0,15081000000.0,1617000000.0,,,,,158000000.0,4767000000.0,1.0,2755813865.0,2756300000.0,2793000000.0,5.471,59905000000.0,8538000000.0,900000000.0,2534000000.0,21.734,16357000000.0
48,JNJ,MRQ,2009-06-30,2009-06-28,2009-06-28,2021-07-29,-4481000000.0,87438000000.0,,35494000000.0,51944000000.0,,16.779,-567000000.0,11686000000.0,11686000000.0,4450000000.0,3208000000.0,1.785,0.891,13614000000.0,5435000000.0,8179000000.0,13614000000.0,0.0,679000000.0,0.0,0.033,0.49,4373000000.0,5052000000.0,0.332,5052000000.0,4373000000.0,4263000000.0,1.16,1.15,1.16,46247000000.0,,46247000000.0,157450022356.0,9.0,7.873,2796000000.0,1.014,1.0,10789000000.0,0.708,28872000000.0,110000000.0,40608000000.0,,5472000000.0,3048000000.0,3030000000.0,18000000.0,41191000000.0,19886000000.0,21305000000.0,155965022356.0,-903000000.0,6000000.0,-242000000.0,-468000000.0,-1350000000.0,-2060000000.0,-2303000000.0,-1724000000.0,3363000000.0,97000000.0,3208000000.0,3208000000.0,3208000000.0,0.0,0.0,0.211,6435000000.0,4354000000.0,5832000000.0,0.422,3.372,12.243,12.304,14502000000.0,0.0,56.6,2.541,2.542,10133000000.0,67408000000.0,15239000000.0,15239000000.0,1638000000.0,,,,,182000000.0,4797000000.0,1.0,2755565766.0,2756200000.0,2782000000.0,5.529,58566000000.0,8324000000.0,1055000000.0,1991000000.0,21.249,15608000000.0
49,JNJ,MRQ,2009-03-31,2009-03-29,2009-03-29,2021-07-29,-5169000000.0,86100000000.0,,34839000000.0,51261000000.0,,15.832,-435000000.0,12589000000.0,12589000000.0,4251000000.0,3507000000.0,1.634,0.966,14074000000.0,6022000000.0,8052000000.0,14074000000.0,0.0,676000000.0,0.0,0.035,0.46,4749000000.0,5425000000.0,0.361,5425000000.0,4749000000.0,4643000000.0,1.27,1.26,1.27,43791000000.0,,43791000000.0,147201449463.0,9.0,7.32,2392000000.0,0.865,1.0,10775000000.0,0.717,28923000000.0,106000000.0,37337000000.0,,5359000000.0,1361000000.0,1344000000.0,17000000.0,42309000000.0,21325000000.0,20984000000.0,146117449463.0,1821000000.0,-1285000000.0,-807000000.0,2212000000.0,-1273000000.0,132000000.0,-1076000000.0,710000000.0,2827000000.0,-62000000.0,3507000000.0,3507000000.0,3507000000.0,0.0,0.0,0.233,6126000000.0,4649000000.0,6395000000.0,0.362,3.337,11.364,11.435,14253000000.0,0.0,52.83,2.335,2.335,9831000000.0,65398000000.0,15026000000.0,15026000000.0,1518000000.0,,,,,159000000.0,4608000000.0,1.0,2765804457.0,2765900000.0,2789800000.0,5.433,57177000000.0,7821000000.0,1136000000.0,2192000000.0,20.672,13514000000.0
50,JNJ,MRQ,2008-12-31,2008-12-28,2008-12-28,2021-07-29,-4955000000.0,84912000000.0,,34377000000.0,50535000000.0,,15.323,-1128000000.0,10768000000.0,10768000000.0,4372000000.0,2714000000.0,1.649,0.997,11852000000.0,3732000000.0,8120000000.0,11852000000.0,0.0,715000000.0,0.0,0.031,0.46,3627000000.0,4342000000.0,0.286,4342000000.0,3627000000.0,3517000000.0,0.98,0.97,0.98,42511000000.0,,42511000000.0,163100708346.0,9.0,8.076,2873000000.0,1.036,1.0,10810000000.0,0.712,27695000000.0,110000000.0,37449000000.0,,5052000000.0,2041000000.0,2041000000.0,0.0,42401000000.0,20852000000.0,21549000000.0,162478708346.0,-3250000000.0,-85000000.0,-752000000.0,-2444000000.0,-1274000000.0,-4470000000.0,-2514000000.0,-1254000000.0,4001000000.0,-267000000.0,2714000000.0,2714000000.0,2714000000.0,0.0,0.0,0.179,7914000000.0,2896000000.0,7503000000.0,0.469,3.822,12.548,12.675,14365000000.0,0.0,58.56,2.549,2.574,9719000000.0,63379000000.0,15182000000.0,15182000000.0,2108000000.0,,,,,103000000.0,5665000000.0,1.0,2774568107.0,2774300000.0,2799000000.0,5.472,57217000000.0,9271000000.0,803000000.0,1849000000.0,20.624,13525000000.0
51,JNJ,MRQ,2008-09-30,2008-09-28,2008-09-28,2021-07-29,-930000000.0,87724000000.0,,36590000000.0,51134000000.0,,16.264,-772000000.0,14018000000.0,14018000000.0,4774000000.0,3310000000.0,1.61,0.918,14640000000.0,6245000000.0,8395000000.0,14640000000.0,0.0,768000000.0,0.0,0.025,0.46,4412000000.0,5180000000.0,0.325,5180000000.0,4412000000.0,4290000000.0,1.19,1.17,1.19,45734000000.0,,45734000000.0,195217996583.0,12.0,10.192,4121000000.0,1.466,1.0,11147000000.0,0.7,28571000000.0,122000000.0,37045000000.0,,5473000000.0,783000000.0,781000000.0,2000000.0,41990000000.0,22730000000.0,19260000000.0,193937996583.0,1372000000.0,-345000000.0,-1406000000.0,994000000.0,-1284000000.0,-1696000000.0,-1561000000.0,-454000000.0,4893000000.0,-264000000.0,3310000000.0,3310000000.0,3310000000.0,0.0,0.0,0.208,7056000000.0,4091000000.0,6384000000.0,0.387,4.241,15.381,15.526,14355000000.0,0.0,69.4,3.006,3.024,10156000000.0,61878000000.0,15921000000.0,15921000000.0,1861000000.0,,,,,168000000.0,5195000000.0,1.0,2794495628.0,2811900000.0,2847800000.0,5.662,59153000000.0,7775000000.0,980000000.0,1842000000.0,21.037,13860000000.0
52,JNJ,MRQ,2008-06-30,2008-06-29,2008-06-29,2021-07-29,561000000.0,88113000000.0,,35817000000.0,52296000000.0,,16.526,-687000000.0,12646000000.0,12646000000.0,4751000000.0,3327000000.0,1.644,0.898,13926000000.0,5156000000.0,8770000000.0,13926000000.0,0.0,683000000.0,0.0,0.027,0.46,4480000000.0,5163000000.0,0.314,5163000000.0,4480000000.0,4375000000.0,1.18,1.17,1.18,46435000000.0,,46435000000.0,180029443953.0,12.0,10.046,2155000000.0,0.767,1.0,11699000000.0,0.711,29201000000.0,105000000.0,38412000000.0,,5700000000.0,415000000.0,412000000.0,3000000.0,41678000000.0,21780000000.0,19898000000.0,179152443953.0,2107000000.0,-25000000.0,-1484000000.0,2588000000.0,-1292000000.0,-188000000.0,-564000000.0,172000000.0,2842000000.0,17000000.0,3327000000.0,3327000000.0,3327000000.0,0.0,0.0,0.202,7443000000.0,4256000000.0,6623000000.0,0.39,3.858,15.122,15.245,14627000000.0,0.0,63.57,2.818,2.81,10539000000.0,59960000000.0,16450000000.0,16450000000.0,1896000000.0,,,,,193000000.0,5507000000.0,1.0,2818191662.0,2809800000.0,2844800000.0,5.855,58912000000.0,8034000000.0,1048000000.0,1839000000.0,20.967,14037000000.0
53,JNJ,MRQ,2008-03-31,2008-03-30,2008-03-30,2021-07-29,509000000.0,85995000000.0,,33818000000.0,52177000000.0,,16.109,-479000000.0,10539000000.0,10539000000.0,4614000000.0,3598000000.0,1.532,0.885,11416000000.0,4250000000.0,7166000000.0,11416000000.0,0.0,666000000.0,0.0,0.026,0.415,4845000000.0,5511000000.0,0.34,5511000000.0,4845000000.0,4747000000.0,1.27,1.26,1.27,45625000000.0,,45625000000.0,183563423893.0,12.0,10.471,2757000000.0,0.973,1.0,11580000000.0,0.715,29433000000.0,98000000.0,35368000000.0,,5575000000.0,608000000.0,605000000.0,3000000.0,40370000000.0,22071000000.0,18299000000.0,181796423893.0,2769000000.0,26000000.0,-1523000000.0,1587000000.0,-1174000000.0,-1110000000.0,452000000.0,927000000.0,3236000000.0,191000000.0,3598000000.0,3598000000.0,3598000000.0,0.0,0.0,0.222,6835000000.0,4745000000.0,7487000000.0,0.327,3.985,15.671,15.847,14486000000.0,0.0,64.18,2.92,2.92,10384000000.0,57811000000.0,16194000000.0,16194000000.0,1712000000.0,,,,,163000000.0,5123000000.0,1.0,2832602429.0,2832300000.0,2866300000.0,5.718,56562000000.0,7731000000.0,1149000000.0,2153000000.0,19.97,11747000000.0
54,JNJ,MRQ,2007-12-31,2007-12-30,2007-12-30,2021-07-29,-693000000.0,80954000000.0,,29945000000.0,51009000000.0,,15.17,-1238000000.0,7770000000.0,7770000000.0,4734000000.0,2374000000.0,1.51,0.869,9537000000.0,2463000000.0,7074000000.0,9537000000.0,0.0,875000000.0,0.0,0.024,0.415,2425000000.0,3300000000.0,0.207,3300000000.0,2425000000.0,2332000000.0,0.83,0.82,0.83,43319000000.0,,43319000000.0,194081709003.0,14.0,11.866,2859000000.0,1.001,1.0,11223000000.0,0.703,28763000000.0,93000000.0,34121000000.0,,5110000000.0,1547000000.0,1545000000.0,2000000.0,37635000000.0,19837000000.0,17798000000.0,192824709003.0,1130000000.0,233000000.0,-2425000000.0,1761000000.0,-1184000000.0,-1848000000.0,-1174000000.0,98000000.0,4097000000.0,55000000.0,2374000000.0,2374000000.0,2374000000.0,0.0,0.0,0.149,8049000000.0,3174000000.0,6909000000.0,0.5,4.451,18.232,18.36,14185000000.0,0.0,67.38,3.156,3.179,9444000000.0,55280000000.0,15957000000.0,15957000000.0,2328000000.0,,,,,161000000.0,5721000000.0,1.0,2861749911.0,2855600000.0,2884900000.0,5.588,52191000000.0,7498000000.0,-42000000.0,1716000000.0,18.277,10108000000.0
55,JNJ,MRQ,2007-09-30,2007-09-30,2007-09-30,2021-07-29,-1534000000.0,78665000000.0,,28941000000.0,49724000000.0,,15.067,-659000000.0,6640000000.0,6640000000.0,4274000000.0,2548000000.0,1.497,0.805,7897000000.0,3264000000.0,4633000000.0,7897000000.0,0.0,597000000.0,0.0,0.024,0.415,3350000000.0,3947000000.0,0.264,3947000000.0,3350000000.0,3268000000.0,0.89,0.88,0.89,43573000000.0,,43573000000.0,191081273822.0,14.0,11.683,3532000000.0,1.221,1.0,10696000000.0,0.714,29508000000.0,82000000.0,31086000000.0,,5414000000.0,1688000000.0,1680000000.0,8000000.0,35092000000.0,19328000000.0,15764000000.0,190169273822.0,1069000000.0,-10000000.0,-1445000000.0,1414000000.0,-1199000000.0,-1230000000.0,-2027000000.0,-1306000000.0,4191000000.0,135000000.0,2548000000.0,2548000000.0,2548000000.0,0.0,0.0,0.17,7478000000.0,3218000000.0,5963000000.0,0.466,4.364,18.338,18.352,13613000000.0,0.0,65.7,3.233,3.23,9384000000.0,54197000000.0,14970000000.0,14970000000.0,1834000000.0,,,,,177000000.0,4899000000.0,1.0,2894509495.0,2892000000.0,2919300000.0,5.176,49157000000.0,6402000000.0,720000000.0,2418000000.0,16.998,9613000000.0
56,JNJ,MRQ,2007-06-30,2007-07-01,2007-07-01,2021-07-29,-1898000000.0,74683000000.0,,25804000000.0,48879000000.0,,14.895,-599000000.0,5571000000.0,5571000000.0,4358000000.0,3081000000.0,1.359,0.732,6483000000.0,4470000000.0,2013000000.0,6483000000.0,0.0,683000000.0,0.0,0.025,0.415,4090000000.0,4773000000.0,0.315,4773000000.0,4090000000.0,4031000000.0,1.06,1.05,1.06,43122000000.0,,43122000000.0,180004928731.0,13.0,10.829,2298000000.0,0.794,1.0,10773000000.0,0.712,29166000000.0,59000000.0,27446000000.0,,5155000000.0,417000000.0,400000000.0,17000000.0,31561000000.0,18983000000.0,12578000000.0,178485928731.0,396000000.0,0.0,-114000000.0,-219000000.0,-1202000000.0,-1535000000.0,-1025000000.0,-417000000.0,2897000000.0,59000000.0,3081000000.0,3081000000.0,3081000000.0,0.0,0.0,0.204,6895000000.0,3878000000.0,5458000000.0,0.392,4.139,16.867,16.929,13385000000.0,0.0,61.62,3.124,3.122,9470000000.0,52819000000.0,15131000000.0,15131000000.0,1866000000.0,,,,,196000000.0,5029000000.0,1.0,2896558402.0,2895100000.0,2922500000.0,5.226,45517000000.0,5769000000.0,950000000.0,2244000000.0,15.722,6821000000.0
57,JNJ,MRQ,2007-03-31,2007-04-01,2007-04-01,2021-07-29,-2124000000.0,73066000000.0,,24673000000.0,48393000000.0,,14.141,-446000000.0,5175000000.0,5175000000.0,4385000000.0,2573000000.0,1.255,0.785,6694000000.0,4682000000.0,2012000000.0,6694000000.0,0.0,622000000.0,0.0,0.025,0.375,3714000000.0,4336000000.0,0.288,4336000000.0,3714000000.0,3652000000.0,0.89,0.88,0.89,40928000000.0,,40928000000.0,176907422357.0,13.0,11.049,3391000000.0,1.172,1.0,10652000000.0,0.708,29231000000.0,62000000.0,25691000000.0,,5047000000.0,30000000.0,16000000.0,14000000.0,32138000000.0,19663000000.0,12475000000.0,174397422357.0,1092000000.0,-1154000000.0,-61000000.0,61000000.0,-1085000000.0,-1085000000.0,-1686000000.0,-46000000.0,3837000000.0,26000000.0,2573000000.0,2573000000.0,2573000000.0,0.0,0.0,0.171,7261000000.0,3391000000.0,5643000000.0,0.421,4.261,16.897,17.023,13180000000.0,0.0,60.26,3.15,3.15,9293000000.0,50850000000.0,15037000000.0,15037000000.0,1652000000.0,,,,,164000000.0,4802000000.0,1.0,2894082681.0,2894200000.0,2924300000.0,5.196,43835000000.0,5361000000.0,1079000000.0,2753000000.0,15.146,5010000000.0
58,JNJ,MRQ,2006-12-31,2006-12-31,2006-12-31,2021-07-29,-2118000000.0,70556000000.0,,22975000000.0,47581000000.0,,13.561,-1059000000.0,4083000000.0,4083000000.0,4007000000.0,2168000000.0,1.199,0.794,6593000000.0,4579000000.0,2014000000.0,6593000000.0,0.0,571000000.0,0.0,0.022,0.375,2729000000.0,3300000000.0,0.241,3300000000.0,2729000000.0,2708000000.0,0.74,0.74,0.74,39318000000.0,,39318000000.0,179293428984.0,12.0,10.655,3224000000.0,1.112,1.0,9675000000.0,0.707,28688000000.0,21000000.0,25217000000.0,,4889000000.0,17000000.0,1000000.0,16000000.0,31238000000.0,19161000000.0,12077000000.0,191415428984.0,-10408000000.0,-16137000000.0,-908000000.0,4296000000.0,-1085000000.0,2303000000.0,-17057000000.0,87000000.0,4283000000.0,63000000.0,2168000000.0,2168000000.0,2168000000.0,0.0,0.0,0.158,7062000000.0,2613000000.0,5691000000.0,0.507,4.868,17.318,17.559,13044000000.0,0.0,66.02,3.59,3.59,8712000000.0,49290000000.0,13682000000.0,13682000000.0,2046000000.0,,,,,148000000.0,4696000000.0,1.0,2899355180.0,2899355180.0,,4.719,41868000000.0,5304000000.0,540000000.0,2043000000.0,14.44,3814000000.0
59,JNJ,MRQ,2006-09-30,2006-10-01,2006-10-01,2021-07-29,-539000000.0,61238000000.0,,31286000000.0,29952000000.0,,13.895,-573000000.0,14491000000.0,14491000000.0,3650000000.0,2760000000.0,2.594,0.509,2369000000.0,362000000.0,2007000000.0,2369000000.0,0.0,539000000.0,0.0,0.022,0.375,3674000000.0,4213000000.0,0.317,4213000000.0,3674000000.0,3661000000.0,0.95,0.94,0.95,40573000000.0,,40573000000.0,177938917835.0,12.0,10.759,3562000000.0,1.22,1.0,9637000000.0,0.725,13331000000.0,13000000.0,23722000000.0,,4449000000.0,217000000.0,201000000.0,16000000.0,20665000000.0,12063000000.0,8602000000.0,189950917835.0,-156000000.0,-158000000.0,-2043000000.0,-318000000.0,-1093000000.0,-3454000000.0,-872000000.0,-54000000.0,4135000000.0,35000000.0,2760000000.0,2760000000.0,2760000000.0,0.0,0.0,0.208,6125000000.0,3512000000.0,3964000000.0,0.395,4.682,17.3,17.457,11462000000.0,0.0,64.94,3.635,3.629,7978000000.0,48210000000.0,13287000000.0,13287000000.0,1719000000.0,,,,,171000000.0,4291000000.0,1.0,2925021833.0,2920000000.0,2948100000.0,4.55,47907000000.0,3866000000.0,901000000.0,1308000000.0,16.407,19223000000.0
60,JNJ,MRQ,2006-06-30,2006-07-02,2006-07-02,2021-07-29,-550000000.0,60990000000.0,,31514000000.0,29476000000.0,,13.792,-588000000.0,14647000000.0,14647000000.0,3788000000.0,2820000000.0,2.585,0.497,2635000000.0,654000000.0,1981000000.0,2635000000.0,0.0,546000000.0,0.0,0.023,0.375,3616000000.0,4162000000.0,0.311,4162000000.0,3616000000.0,3603000000.0,0.96,0.95,0.96,40742000000.0,,40742000000.0,163410654371.0,12.0,10.031,1768000000.0,0.599,1.0,9575000000.0,0.717,13274000000.0,13000000.0,23515000000.0,,4313000000.0,99000000.0,78000000.0,21000000.0,20248000000.0,12189000000.0,8059000000.0,177424654371.0,-2175000000.0,-407000000.0,-2235000000.0,-316000000.0,-1107000000.0,-2630000000.0,-785000000.0,184000000.0,2356000000.0,48000000.0,2820000000.0,2820000000.0,2820000000.0,0.0,0.0,0.211,6266000000.0,3309000000.0,4089000000.0,0.391,4.355,16.492,16.552,11287000000.0,0.0,59.92,3.46,3.452,8162000000.0,46530000000.0,13363000000.0,13363000000.0,1828000000.0,,,,,187000000.0,4351000000.0,1.0,2961025607.0,2954000000.0,2974400000.0,4.524,47716000000.0,3774000000.0,783000000.0,1549000000.0,16.153,19325000000.0
61,JNJ,MRQ,2006-03-31,2006-04-02,2006-04-02,2021-07-29,-633000000.0,62133000000.0,,33752000000.0,28381000000.0,,13.825,-446000000.0,16822000000.0,16822000000.0,3612000000.0,3305000000.0,2.559,0.511,2808000000.0,828000000.0,1980000000.0,2808000000.0,0.0,521000000.0,0.0,0.022,0.33,4631000000.0,5152000000.0,0.397,5152000000.0,4631000000.0,4615000000.0,1.11,1.1,1.11,41123000000.0,,41123000000.0,162872804759.0,12.0,10.206,3028000000.0,1.018,1.0,9380000000.0,0.722,12898000000.0,16000000.0,22029000000.0,,4240000000.0,383000000.0,363000000.0,20000000.0,21010000000.0,13192000000.0,7818000000.0,176242804759.0,767000000.0,-810000000.0,-401000000.0,83000000.0,-982000000.0,-2328000000.0,-1577000000.0,-258000000.0,3474000000.0,34000000.0,3305000000.0,3305000000.0,3305000000.0,0.0,0.0,0.254,5664000000.0,3716000000.0,3939000000.0,0.297,4.286,16.744,16.776,10951000000.0,0.0,59.22,3.478,3.476,7671000000.0,44713000000.0,12992000000.0,12992000000.0,1532000000.0,,,,,153000000.0,4095000000.0,1.0,2976068976.0,2974500000.0,2992700000.0,4.368,49235000000.0,3264000000.0,1310000000.0,2234000000.0,16.552,20560000000.0
62,JNJ,MRQ,2005-12-31,2006-01-01,2006-01-01,2021-07-29,-755000000.0,58864000000.0,,31480000000.0,27384000000.0,,13.012,-1142000000.0,16055000000.0,16055000000.0,3638000000.0,2095000000.0,2.491,0.521,2685000000.0,668000000.0,2017000000.0,2685000000.0,0.0,507000000.0,0.0,0.021,0.33,2505000000.0,3012000000.0,0.239,3012000000.0,2505000000.0,2503000000.0,0.7,0.7,0.7,38710000000.0,,38710000000.0,166385291498.0,13.0,10.901,2021000000.0,0.679,1.0,8972000000.0,0.711,12175000000.0,2000000.0,20684000000.0,,3959000000.0,103000000.0,83000000.0,20000000.0,20154000000.0,12635000000.0,7519000000.0,178793291498.0,1230000000.0,-238000000.0,-371000000.0,550000000.0,-983000000.0,-804000000.0,-1128000000.0,298000000.0,3163000000.0,-1000000.0,2095000000.0,2095000000.0,2095000000.0,0.0,0.0,0.166,6668000000.0,2304000000.0,4315000000.0,0.471,4.619,17.773,17.781,10830000000.0,0.0,60.1,3.539,3.539,7010000000.0,42310000000.0,12610000000.0,12610000000.0,2014000000.0,,,,,135000000.0,4645000000.0,1.0,2974929975.0,2974929975.0,,4.239,46689000000.0,3069000000.0,408000000.0,1151000000.0,15.694,18845000000.0
63,JNJ,MRQ,2005-09-30,2005-10-02,2005-10-02,2021-07-29,-751000000.0,56574000000.0,,30576000000.0,25998000000.0,,12.387,-616000000.0,14825000000.0,14825000000.0,3354000000.0,2538000000.0,2.538,0.535,2417000000.0,278000000.0,2139000000.0,2417000000.0,0.0,523000000.0,0.0,0.019,0.33,3442000000.0,3965000000.0,0.322,3965000000.0,3442000000.0,3420000000.0,0.85,0.85,0.85,36847000000.0,,36847000000.0,178715642268.0,14.0,11.877,3371000000.0,1.133,1.0,8956000000.0,0.728,12086000000.0,22000000.0,20033000000.0,,4015000000.0,398000000.0,354000000.0,44000000.0,19727000000.0,12047000000.0,7680000000.0,188238642268.0,2669000000.0,21000000.0,-39000000.0,-278000000.0,-981000000.0,-1298000000.0,9000000.0,617000000.0,3987000000.0,-29000000.0,2538000000.0,2538000000.0,2538000000.0,0.0,0.0,0.206,5700000000.0,3256000000.0,3684000000.0,0.388,5.109,21.263,21.235,10227000000.0,0.0,63.28,3.716,3.716,7154000000.0,40422000000.0,12310000000.0,12310000000.0,1539000000.0,,,,,134000000.0,4161000000.0,1.0,2974694094.0,2974600000.0,3006200000.0,4.138,44488000000.0,2471000000.0,882000000.0,1657000000.0,14.956,18529000000.0
64,JNJ,MRQ,2005-06-30,2005-07-03,2005-07-03,2021-07-29,-805000000.0,54553000000.0,,28720000000.0,25833000000.0,,11.827,-477000000.0,12156000000.0,12156000000.0,3522000000.0,2588000000.0,2.467,0.551,2633000000.0,304000000.0,2329000000.0,2633000000.0,0.0,548000000.0,0.0,0.018,0.33,3281000000.0,3829000000.0,0.3,3829000000.0,3281000000.0,3266000000.0,0.87,0.86,0.87,35169000000.0,,35169000000.0,187370719822.0,15.0,12.605,1537000000.0,0.517,1.0,9240000000.0,0.724,12195000000.0,15000000.0,21195000000.0,,3963000000.0,1054000000.0,1005000000.0,49000000.0,19384000000.0,11640000000.0,7744000000.0,193131719822.0,3617000000.0,-693000000.0,-164000000.0,5000000.0,-982000000.0,-1141000000.0,2854000000.0,4096000000.0,2014000000.0,-110000000.0,2588000000.0,2588000000.0,2588000000.0,0.0,0.0,0.203,6156000000.0,3084000000.0,3949000000.0,0.379,5.492,22.312,22.243,10091000000.0,0.0,64.95,3.87,3.871,7379000000.0,38853000000.0,12762000000.0,12762000000.0,1525000000.0,,,,,136000000.0,4278000000.0,1.0,2973544570.0,2973700000.0,3024700000.0,4.292,42358000000.0,2193000000.0,678000000.0,1030000000.0,14.244,17080000000.0
65,JNJ,MRQ,2005-03-31,2005-04-03,2005-04-03,2021-07-29,-648000000.0,54446000000.0,,28766000000.0,25680000000.0,,11.323,-397000000.0,8539000000.0,8539000000.0,3496000000.0,2839000000.0,2.216,0.618,2778000000.0,319000000.0,2459000000.0,2778000000.0,0.0,515000000.0,0.0,0.017,0.285,3942000000.0,4457000000.0,0.347,4457000000.0,3942000000.0,3927000000.0,0.96,0.94,0.96,33654000000.0,,33654000000.0,192431603118.0,15.0,12.788,2238000000.0,0.753,1.0,9336000000.0,0.728,11818000000.0,15000000.0,23886000000.0,,3814000000.0,5159000000.0,5111000000.0,48000000.0,20792000000.0,12981000000.0,7811000000.0,198789603118.0,-664000000.0,77000000.0,-369000000.0,16000000.0,-847000000.0,-1200000000.0,-2014000000.0,-1484000000.0,2635000000.0,-85000000.0,2839000000.0,2839000000.0,2839000000.0,0.0,0.0,0.221,5511000000.0,3825000000.0,4038000000.0,0.297,5.907,23.316,23.212,10237000000.0,0.0,66.85,4.089,4.086,7336000000.0,37300000000.0,12832000000.0,12832000000.0,1384000000.0,,,,,135000000.0,4127000000.0,1.0,2973666464.0,2972100000.0,3023700000.0,4.317,42628000000.0,2147000000.0,1088000000.0,2126000000.0,14.343,15785000000.0
66,JNJ,MRQ,2004-12-31,2005-01-02,2005-01-02,2021-07-29,-515000000.0,53317000000.0,,27320000000.0,25997000000.0,,10.72,-1033000000.0,9203000000.0,9203000000.0,3758000000.0,888000000.0,1.962,0.676,2845000000.0,280000000.0,2565000000.0,2845000000.0,0.0,618000000.0,0.0,0.017,0.285,2178000000.0,2796000000.0,0.219,2796000000.0,2178000000.0,2118000000.0,0.3,0.31,0.3,31813000000.0,,31813000000.0,184280195794.0,15.0,12.586,1386000000.0,0.467,1.0,8994000000.0,0.705,11842000000.0,60000000.0,21190000000.0,,3744000000.0,3727000000.0,3681000000.0,46000000.0,21504000000.0,13927000000.0,7577000000.0,188213195794.0,1855000000.0,-248000000.0,-149000000.0,-369000000.0,-847000000.0,-1365000000.0,594000000.0,2057000000.0,2419000000.0,207000000.0,888000000.0,888000000.0,888000000.0,0.0,0.0,0.07,6838000000.0,2156000000.0,5227000000.0,0.95,5.916,23.009,22.978,10436000000.0,0.0,63.42,3.975,3.975,6831000000.0,35223000000.0,12752000000.0,12752000000.0,1869000000.0,,,,,507000000.0,4969000000.0,1.0,2967726203.0,2967726203.0,,4.297,41475000000.0,2288000000.0,1230000000.0,1909000000.0,13.975,13393000000.0
67,JNJ,MRQ,2004-09-30,2004-09-26,2004-09-26,2021-07-29,-491000000.0,52089000000.0,,26816000000.0,25273000000.0,,10.617,-428000000.0,7348000000.0,7348000000.0,3187000000.0,2341000000.0,2.175,0.653,3415000000.0,454000000.0,2961000000.0,3415000000.0,0.0,479000000.0,0.0,0.019,0.285,3304000000.0,3783000000.0,0.327,3783000000.0,3304000000.0,3274000000.0,0.79,0.78,0.79,31513000000.0,,31513000000.0,165618454582.0,13.0,11.201,3461000000.0,1.166,1.0,8366000000.0,0.724,11728000000.0,30000000.0,24099000000.0,,3669000000.0,5808000000.0,5746000000.0,62000000.0,20576000000.0,12329000000.0,8247000000.0,167846454582.0,1667000000.0,-28000000.0,-102000000.0,-222000000.0,-845000000.0,-1169000000.0,-1077000000.0,-643000000.0,3889000000.0,24000000.0,2341000000.0,2341000000.0,2341000000.0,0.0,0.0,0.203,5070000000.0,3296000000.0,3646000000.0,0.361,5.326,18.37,18.42,9595000000.0,0.0,56.55,3.661,3.661,6939000000.0,35022000000.0,11553000000.0,11553000000.0,1198000000.0,,,,,0.0,3854000000.0,1.0,2968107066.0,2968100000.0,3009000000.0,3.892,40361000000.0,2617000000.0,933000000.0,1428000000.0,13.598,14487000000.0
68,JNJ,MRQ,2004-06-30,2004-06-27,2004-06-27,2021-07-29,-526000000.0,50171000000.0,,24657000000.0,25514000000.0,,10.125,-422000000.0,5681000000.0,5681000000.0,3162000000.0,2458000000.0,2.044,0.669,3453000000.0,491000000.0,2962000000.0,3453000000.0,0.0,525000000.0,0.0,0.018,0.285,3487000000.0,4012000000.0,0.349,4012000000.0,3487000000.0,3435000000.0,0.83,0.82,0.83,30052000000.0,,30052000000.0,159706878488.0,13.0,11.01,1704000000.0,0.574,1.0,8322000000.0,0.725,11805000000.0,52000000.0,24076000000.0,,3528000000.0,5167000000.0,5105000000.0,62000000.0,20119000000.0,12062000000.0,8057000000.0,161788878488.0,44000000.0,-116000000.0,-167000000.0,-56000000.0,-846000000.0,-1069000000.0,-1014000000.0,-379000000.0,2126000000.0,1000000.0,2458000000.0,2458000000.0,2458000000.0,0.0,0.0,0.214,4893000000.0,3429000000.0,3829000000.0,0.343,5.384,18.244,18.289,9557000000.0,0.0,54.5,3.615,3.615,7142000000.0,33627000000.0,11484000000.0,11484000000.0,1182000000.0,,,,,0.0,3711000000.0,1.0,2968603275.0,2968200000.0,3005300000.0,3.869,38366000000.0,2594000000.0,977000000.0,1330000000.0,12.926,12595000000.0
69,JNJ,MRQ,2004-03-31,2004-03-28,2004-03-28,2021-07-29,-598000000.0,48868000000.0,,24364000000.0,24504000000.0,,9.601,-292000000.0,5637000000.0,5637000000.0,3367000000.0,2493000000.0,1.957,0.715,3555000000.0,594000000.0,2961000000.0,3555000000.0,0.0,502000000.0,0.0,0.019,0.24,3549000000.0,4051000000.0,0.35,4051000000.0,3549000000.0,3504000000.0,0.84,0.83,0.84,28494000000.0,,28494000000.0,147494820303.0,13.0,11.327,2363000000.0,0.796,1.0,8192000000.0,0.709,11442000000.0,45000000.0,22895000000.0,,3522000000.0,4794000000.0,4724000000.0,70000000.0,20374000000.0,12449000000.0,7925000000.0,148777820303.0,260000000.0,49000000.0,-282000000.0,-508000000.0,-713000000.0,-1503000000.0,-850000000.0,-591000000.0,2655000000.0,-42000000.0,2493000000.0,2493000000.0,2493000000.0,0.0,0.0,0.216,4735000000.0,3457000000.0,3782000000.0,0.286,5.221,19.525,19.582,9669000000.0,0.0,50.13,3.412,3.412,6772000000.0,32153000000.0,11559000000.0,11559000000.0,1095000000.0,,,,,0.0,3640000000.0,1.0,2967840022.0,2967800000.0,3004600000.0,3.895,37426000000.0,2380000000.0,1011000000.0,1860000000.0,12.611,11915000000.0
70,JNJ,MRQ,2003-12-31,2003-12-28,2003-12-28,2021-07-29,-590000000.0,48263000000.0,,22995000000.0,25268000000.0,,9.052,-790000000.0,5377000000.0,5377000000.0,3508000000.0,1845000000.0,1.71,0.796,4094000000.0,1139000000.0,2955000000.0,4094000000.0,0.0,522000000.0,0.0,0.018,0.24,2418000000.0,2940000000.0,0.261,2940000000.0,2418000000.0,2374000000.0,0.61,0.62,0.61,26869000000.0,,26869000000.0,151570395977.0,14.0,12.239,2762000000.0,0.931,1.0,7746000000.0,0.688,11539000000.0,44000000.0,21993000000.0,,3588000000.0,4230000000.0,4146000000.0,84000000.0,21394000000.0,13448000000.0,7946000000.0,150247395977.0,1527000000.0,-30000000.0,-171000000.0,-1162000000.0,-713000000.0,-2046000000.0,-112000000.0,863000000.0,3552000000.0,133000000.0,1845000000.0,1845000000.0,1845000000.0,0.0,0.0,0.164,5543000000.0,2203000000.0,4966000000.0,0.393,5.592,20.876,20.917,9846000000.0,0.0,50.62,3.589,3.589,6574000000.0,30503000000.0,11254000000.0,11254000000.0,1489000000.0,,,,,0.0,4054000000.0,1.0,2968142947.0,2968142947.0,,3.792,36724000000.0,2218000000.0,529000000.0,944000000.0,12.373,9547000000.0
71,JNJ,MRQ,2003-09-30,2003-09-28,2003-09-28,2021-07-29,-728000000.0,46659000000.0,,22146000000.0,24513000000.0,,8.672,-558000000.0,3850000000.0,3850000000.0,2980000000.0,2072000000.0,1.733,0.813,5173000000.0,2024000000.0,3149000000.0,5173000000.0,0.0,479000000.0,0.0,0.018,0.24,3024000000.0,3503000000.0,0.335,3503000000.0,3024000000.0,2949000000.0,0.7,0.69,0.7,25738000000.0,,25738000000.0,149417102027.0,15.0,12.745,2792000000.0,0.941,1.0,7475000000.0,0.715,11679000000.0,75000000.0,23521000000.0,,3739000000.0,5118000000.0,4998000000.0,120000000.0,20921000000.0,12782000000.0,8139000000.0,145967102027.0,882000000.0,1000000.0,-54000000.0,-1054000000.0,-712000000.0,-1820000000.0,-668000000.0,-103000000.0,3350000000.0,20000000.0,2072000000.0,2072000000.0,2072000000.0,0.0,0.0,0.198,4605000000.0,2870000000.0,3660000000.0,0.343,5.671,21.67,21.29,9245000000.0,0.0,49.18,3.648,3.648,6399000000.0,29500000000.0,10455000000.0,10455000000.0,1177000000.0,,,,,0.0,3428000000.0,1.0,2968017528.0,2968000000.0,3008300000.0,3.523,34980000000.0,1888000000.0,877000000.0,1120000000.0,11.786,9364000000.0
72,JNJ,MRQ,2003-06-30,2003-06-29,2003-06-29,2021-07-29,-690000000.0,45653000000.0,,21375000000.0,24278000000.0,,8.234,-506000000.0,2968000000.0,2968000000.0,2966000000.0,1210000000.0,1.665,0.868,6418000000.0,3254000000.0,3164000000.0,6418000000.0,0.0,422000000.0,0.0,0.017,0.24,2106000000.0,2528000000.0,0.245,2528000000.0,2106000000.0,2056000000.0,0.41,0.4,0.41,24437000000.0,,24437000000.0,154059022331.0,16.0,13.885,1151000000.0,0.388,1.0,7366000000.0,0.713,11710000000.0,50000000.0,24557000000.0,,3680000000.0,5018000000.0,4894000000.0,124000000.0,21216000000.0,12836000000.0,8380000000.0,153013022331.0,-93000000.0,-2193000000.0,-398000000.0,2122000000.0,-712000000.0,1012000000.0,-2849000000.0,-71000000.0,1657000000.0,87000000.0,1210000000.0,1210000000.0,1210000000.0,0.0,0.0,0.117,5378000000.0,1988000000.0,3589000000.0,0.585,6.262,23.949,23.642,9064000000.0,0.0,51.54,3.96,3.959,6426000000.0,28200000000.0,10332000000.0,10332000000.0,1082000000.0,,,,,0.0,3396000000.0,1.0,2968820767.0,2967700000.0,3015900000.0,3.481,33943000000.0,1834000000.0,846000000.0,661000000.0,11.437,8539000000.0
73,JNJ,MRQ,2003-03-31,2003-03-30,2003-03-30,2021-07-29,-818000000.0,41994000000.0,,20471000000.0,21523000000.0,,8.097,-408000000.0,3061000000.0,3061000000.0,2722000000.0,2070000000.0,1.787,0.747,4107000000.0,2103000000.0,2004000000.0,4107000000.0,0.0,446000000.0,0.0,0.014,0.205,2967000000.0,3413000000.0,0.348,3413000000.0,2967000000.0,2929000000.0,0.7,0.69,0.7,24036000000.0,,24036000000.0,171662014304.0,18.0,14.981,1628000000.0,0.548,1.0,7099000000.0,0.723,9425000000.0,38000000.0,22158000000.0,,3541000000.0,4907000000.0,4786000000.0,121000000.0,17958000000.0,11457000000.0,6501000000.0,170417014304.0,167000000.0,-255000000.0,-249000000.0,-151000000.0,-609000000.0,-1009000000.0,-897000000.0,-217000000.0,2036000000.0,37000000.0,2070000000.0,2070000000.0,2070000000.0,0.0,0.0,0.211,4207000000.0,2892000000.0,3077000000.0,0.293,7.09,24.94,24.84,8799000000.0,0.0,57.38,4.56,4.557,5836000000.0,27852000000.0,9821000000.0,9821000000.0,936000000.0,,,,,0.0,3253000000.0,1.0,2969972365.0,2968400000.0,3018500000.0,3.309,32569000000.0,1674000000.0,859000000.0,1338000000.0,10.972,9014000000.0
74,JNJ,MRQ,2002-12-31,2002-12-29,2002-12-29,2021-07-29,-842000000.0,40556000000.0,,19266000000.0,21290000000.0,,7.641,-800000000.0,2894000000.0,2894000000.0,2797000000.0,1384000000.0,1.683,0.787,4139000000.0,2117000000.0,2022000000.0,4139000000.0,0.0,388000000.0,0.0,0.015,0.205,1892000000.0,2280000000.0,0.242,2280000000.0,1892000000.0,1849000000.0,0.5,0.46,0.5,22697000000.0,,22697000000.0,159089581075.0,17.0,14.316,1327000000.0,0.447,1.0,6606000000.0,0.703,9246000000.0,43000000.0,21106000000.0,,3303000000.0,4702000000.0,4581000000.0,121000000.0,17859000000.0,11449000000.0,6410000000.0,157767581075.0,-267000000.0,5000000.0,-250000000.0,-203000000.0,-609000000.0,-1062000000.0,-1357000000.0,-485000000.0,2127000000.0,25000000.0,1384000000.0,1384000000.0,1384000000.0,0.0,0.0,0.147,4592000000.0,2014000000.0,3621000000.0,0.41,6.951,23.915,24.141,8710000000.0,0.0,53.11,4.346,4.346,5399000000.0,26571000000.0,9403000000.0,9403000000.0,1242000000.0,,,,,0.0,3350000000.0,1.0,2970581455.0,2970581455.0,,3.165,31310000000.0,1655000000.0,465000000.0,710000000.0,10.54,7817000000.0
75,JNJ,MRQ,2002-09-30,2002-09-29,2002-09-29,2021-07-29,-714000000.0,38663000000.0,,19001000000.0,19662000000.0,,7.425,-497000000.0,3161000000.0,3161000000.0,2611000000.0,1725000000.0,1.776,0.751,4483000000.0,2381000000.0,2102000000.0,4483000000.0,0.0,442000000.0,0.0,0.014,0.205,2432000000.0,2874000000.0,0.317,2874000000.0,2432000000.0,2393000000.0,0.57,0.57,0.57,22085000000.0,,22085000000.0,166004211409.0,18.0,15.555,2059000000.0,0.692,1.0,6468000000.0,0.712,9273000000.0,39000000.0,20011000000.0,,3255000000.0,4267000000.0,4084000000.0,183000000.0,16578000000.0,10701000000.0,5877000000.0,163941211409.0,555000000.0,11000000.0,-870000000.0,-195000000.0,-609000000.0,-1764000000.0,-303000000.0,99000000.0,2556000000.0,-24000000.0,1725000000.0,1725000000.0,1725000000.0,0.0,0.0,0.19,3958000000.0,2510000000.0,2503000000.0,0.36,7.423,25.948,26.364,8175000000.0,0.0,55.1,4.668,4.667,5395000000.0,25804000000.0,9079000000.0,9079000000.0,952000000.0,,,,,0.0,3006000000.0,1.0,2975339590.0,2974400000.0,3026700000.0,3.052,29390000000.0,1483000000.0,668000000.0,996000000.0,9.881,8300000000.0
76,JNJ,MRQ,2002-06-30,2002-06-30,2002-06-30,2021-07-29,-646000000.0,38351000000.0,,18854000000.0,19497000000.0,,7.289,-452000000.0,2606000000.0,2606000000.0,2582000000.0,1654000000.0,1.784,0.752,4669000000.0,2540000000.0,2129000000.0,4669000000.0,0.0,420000000.0,0.0,0.014,0.205,2472000000.0,2892000000.0,0.319,2892000000.0,2472000000.0,2428000000.0,0.54,0.54,0.54,21891000000.0,,21891000000.0,156822585424.0,18.0,15.105,1106000000.0,0.368,1.0,6491000000.0,0.715,9265000000.0,44000000.0,20582000000.0,,3352000000.0,4427000000.0,4251000000.0,176000000.0,16460000000.0,10567000000.0,5893000000.0,157365585424.0,-831000000.0,-328000000.0,-3293000000.0,1853000000.0,-614000000.0,-1964000000.0,-453000000.0,482000000.0,1558000000.0,118000000.0,1654000000.0,1654000000.0,1654000000.0,0.0,0.0,0.182,4138000000.0,2353000000.0,2883000000.0,0.38,7.189,25.705,25.871,8048000000.0,0.0,52.26,4.615,4.603,5408000000.0,24813000000.0,9073000000.0,9073000000.0,932000000.0,,,,,0.0,3017000000.0,1.0,3011205232.0,3003400000.0,3069300000.0,3.021,29086000000.0,1420000000.0,774000000.0,801000000.0,9.684,8287000000.0
77,JNJ,MRQ,2002-03-31,2002-03-31,2002-03-31,2021-07-29,-643000000.0,38296000000.0,,18415000000.0,19881000000.0,,7.798,-350000000.0,3437000000.0,3437000000.0,2457000000.0,1834000000.0,2.218,0.614,2894000000.0,669000000.0,2225000000.0,2894000000.0,0.0,412000000.0,0.0,0.011,0.18,2655000000.0,3067000000.0,0.351,3067000000.0,2655000000.0,2621000000.0,0.59,0.59,0.59,23723000000.0,,23723000000.0,196936228826.0,23.0,19.574,1585000000.0,0.521,1.0,6286000000.0,0.719,9061000000.0,34000000.0,20391000000.0,,3103000000.0,4913000000.0,3976000000.0,937000000.0,14573000000.0,8301000000.0,6272000000.0,197912228826.0,-321000000.0,-10000000.0,-1735000000.0,121000000.0,-549000000.0,-2163000000.0,-84000000.0,334000000.0,1935000000.0,-9000000.0,1834000000.0,1834000000.0,1834000000.0,0.0,0.0,0.21,3674000000.0,2612000000.0,2358000000.0,0.305,8.343,33.263,33.138,7655000000.0,0.0,64.95,5.96,5.95,4740000000.0,24059000000.0,8743000000.0,8743000000.0,831000000.0,,,,,0.0,2843000000.0,1.0,3047147480.0,3042000000.0,3115400000.0,2.874,29235000000.0,1562000000.0,787000000.0,1180000000.0,9.61,10114000000.0
78,JNJ,MRQ,2001-12-31,2001-12-30,2001-12-30,2021-07-29,-530000000.0,38488000000.0,,18473000000.0,20015000000.0,,7.95,-753000000.0,3758000000.0,3758000000.0,2502000000.0,1105000000.0,2.296,0.588,2782000000.0,565000000.0,2217000000.0,2782000000.0,0.0,364000000.0,0.0,0.012,0.18,1475000000.0,1839000000.0,0.224,1839000000.0,1475000000.0,1444000000.0,0.39,0.36,0.39,24233000000.0,,24233000000.0,180217647146.0,22.0,18.664,2043000000.0,0.67,1.0,5723000000.0,0.696,9077000000.0,31000000.0,20391000000.0,,2992000000.0,5183000000.0,4214000000.0,969000000.0,14255000000.0,8044000000.0,6211000000.0,182457647146.0,-1308000000.0,-172000000.0,-1424000000.0,-88000000.0,-549000000.0,-2061000000.0,-2006000000.0,-1056000000.0,2796000000.0,-37000000.0,1105000000.0,1105000000.0,1105000000.0,0.0,0.0,0.134,4298000000.0,1425000000.0,2838000000.0,0.462,7.529,32.191,32.011,7719000000.0,0.0,59.86,5.646,5.646,4630000000.0,23066000000.0,8225000000.0,8225000000.0,1104000000.0,,,,,0.0,3089000000.0,1.0,3048072956.0,3048072956.0,,2.698,29411000000.0,1480000000.0,339000000.0,537000000.0,9.649,10429000000.0
79,JNJ,MRQ,2001-09-30,2001-09-30,2001-09-30,2021-07-29,-494000000.0,37053000000.0,,19079000000.0,17974000000.0,,7.834,-407000000.0,5066000000.0,5066000000.0,2396000000.0,1529000000.0,2.543,0.561,2826000000.0,639000000.0,2187000000.0,2826000000.0,0.0,437000000.0,0.0,0.01,0.18,2147000000.0,2584000000.0,0.321,2584000000.0,2147000000.0,2108000000.0,0.5,0.5,0.5,23734000000.0,,23734000000.0,171532277159.0,,,1735000000.0,0.573,1.0,5662000000.0,0.703,7532000000.0,39000000.0,19777000000.0,,3007000000.0,4294000000.0,3148000000.0,1146000000.0,13319000000.0,7504000000.0,5815000000.0,172839277159.0,344000000.0,74000000.0,-297000000.0,-299000000.0,-548000000.0,-1144000000.0,-702000000.0,-384000000.0,2142000000.0,48000000.0,1529000000.0,1529000000.0,1529000000.0,0.0,0.0,0.19,3602000000.0,2060000000.0,2173000000.0,0.36,7.282,,,7338000000.0,0.0,55.4,,,4960000000.0,21441000000.0,8058000000.0,8058000000.0,899000000.0,,,,,0.0,2703000000.0,1.0,3119842548.0,3029700000.0,3096500000.0,2.66,29521000000.0,1461000000.0,579000000.0,838000000.0,9.744,11575000000.0
80,JNJ,MRQ,2001-06-30,2001-07-01,2001-07-01,2021-07-29,-552000000.0,36101000000.0,,18191000000.0,17910000000.0,,7.497,-300000000.0,4722000000.0,4722000000.0,2372000000.0,1482000000.0,2.476,0.59,3415000000.0,924000000.0,2491000000.0,3415000000.0,0.0,392000000.0,0.0,0.011,0.18,2179000000.0,2571000000.0,0.314,2571000000.0,2179000000.0,2129000000.0,0.48,0.48,0.48,22711000000.0,,22711000000.0,,,,1966000000.0,0.649,1.0,5807000000.0,0.71,7616000000.0,50000000.0,19832000000.0,,2913000000.0,3940000000.0,2797000000.0,1143000000.0,13390000000.0,7346000000.0,6044000000.0,155867333698.0,382000000.0,24000000.0,-174000000.0,-217000000.0,-503000000.0,-894000000.0,-971000000.0,-703000000.0,2266000000.0,-19000000.0,1482000000.0,1482000000.0,1482000000.0,0.0,0.0,0.181,3631000000.0,2176000000.0,2049000000.0,0.375,6.863,,,7203000000.0,0.0,49.96,,,4805000000.0,20469000000.0,8179000000.0,8179000000.0,829000000.0,,,,,0.0,2802000000.0,1.0,3119842548.0,3029300000.0,3110500000.0,2.7,28485000000.0,1360000000.0,647000000.0,485000000.0,9.403,10845000000.0
81,JNJ,MRQ,2001-03-31,2001-04-01,2001-04-01,2021-07-29,,,,,,,,-271000000.0,,,2311000000.0,1552000000.0,,,,,,,,412000000.0,,0.012,0.16,2250000000.0,2662000000.0,0.339,2662000000.0,2250000000.0,2217000000.0,0.5,0.5,0.5,,,,,,,1389000000.0,0.46,1.0,5544000000.0,0.706,,33000000.0,,,,,,,,,,,62000000.0,12000000.0,-161000000.0,-544000000.0,-447000000.0,-1152000000.0,-414000000.0,-78000000.0,1660000000.0,-32000000.0,1552000000.0,1552000000.0,1552000000.0,0.0,0.0,0.198,3425000000.0,2119000000.0,,0.32,,,,,0.0,43.735,,,,,7855000000.0,7855000000.0,759000000.0,,,,,0.0,2666000000.0,1.0,,3020400000.0,3106900000.0,2.601,,,665000000.0,,,
82,JNJ,MRQ,2000-12-31,2000-12-31,2000-12-31,2021-07-29,-461000000.0,34245000000.0,,16691000000.0,17554000000.0,,,-619000000.0,4278000000.0,4278000000.0,,,2.301,0.679,4652000000.0,1489000000.0,3163000000.0,4652000000.0,0.0,353000000.0,0.0,0.01,0.06,,,,,,,,,,20395000000.0,,20395000000.0,,,,834000000.0,,1.0,,,7535000000.0,,19829000000.0,,2905000000.0,3136000000.0,2479000000.0,657000000.0,13850000000.0,7255000000.0,6595000000.0,,-117000000.0,-8000000.0,-232000000.0,195000000.0,-445000000.0,-482000000.0,-1114000000.0,-449000000.0,1453000000.0,26000000.0,,,,,,,,,2122000000.0,,,,31.848,7409000000.0,,52.55,,,4601000000.0,18113000000.0,,,,,,,,0.0,,1.0,,,,,26710000000.0,1414000000.0,,322000000.0,,9436000000.0
83,JNJ,MRQ,2000-09-30,2000-10-01,2000-10-01,2021-07-29,,,,,,,,-380000000.0,,,2191000000.0,1323000000.0,,,,,,,,407000000.0,,0.013,0.16,1879000000.0,2286000000.0,0.307,2286000000.0,1879000000.0,1834000000.0,0.44,0.43,0.44,,,,,,,1771000000.0,0.591,1.0,5247000000.0,0.705,,45000000.0,,,,,,,,,,,1274000000.0,-1000000.0,-211000000.0,630000000.0,-453000000.0,-34000000.0,-795000000.0,-402000000.0,2151000000.0,-48000000.0,1323000000.0,1323000000.0,1323000000.0,0.0,0.0,0.178,3506000000.0,1741000000.0,,0.364,,,,,0.0,46.97,,,,,7438000000.0,7438000000.0,739000000.0,,,,,0.0,2767000000.0,1.0,,2998400000.0,3113400000.0,2.481,,,511000000.0,,,
84,JNJ,MRQ,2000-06-30,2000-07-02,2000-07-02,2021-07-29,,,,,,,,,,,2261000000.0,1363000000.0,,,,,,,,,,0.011,0.16,1966000000.0,,,,1966000000.0,1913000000.0,0.46,0.44,0.46,,,,,,,,,1.0,5409000000.0,0.705,,53000000.0,,,,,,,,,,,,,,,,,,,,,1363000000.0,1363000000.0,1363000000.0,0.0,0.0,0.178,3542000000.0,1867000000.0,,0.348,,,,,0.0,50.95,,,,,7670000000.0,7670000000.0,713000000.0,,,,,,2829000000.0,1.0,,2983000000.0,3094900000.0,2.571,,,550000000.0,,,
0,JNJ,MRT,2021-06-30,2021-07-04,2021-07-04,2021-07-29,-15100000000.0,176440000000.0,173646000000.0,53769000000.0,122671000000.0,0.514,26.431,-3550000000.0,14332000000.0,14332000000.0,29436000000.0,17767000000.0,1.389,1.536,33483000000.0,3173000000.0,30310000000.0,33483000000.0,0.0,7491000000.0,0.0,0.024,4.09,20373000000.0,27864000000.0,0.312,27864000000.0,20373000000.0,20139000000.0,6.74,6.65,6.74,69580000000.0,65791250000.0,69580000000.0,465933256587.0,23.0,16.722,22564000000.0,8.571,1.0,59754000000.0,0.67,86063000000.0,234000000.0,70807000000.0,67447250000.0,10100000000.0,10974000000.0,10974000000.0,0.0,106860000000.0,38721000000.0,68139000000.0,444991256587.0,3158000000.0,-5502000000.0,-1924000000.0,2561000000.0,-10767000000.0,-9852000000.0,-13326000000.0,-3847000000.0,26114000000.0,222000000.0,17767000000.0,17767000000.0,17767000000.0,0.0,0.0,0.199,37249000000.0,22505000000.0,8704000000.0,0.607,6.395,25.046,25.071,18632000000.0,0.0,168.98,4.989,4.988,14871000000.0,120154000000.0,89190000000.0,89190000000.0,13444000000.0,0.102,0.27,0.302,0.228,1077000000.0,23393000000.0,1.0,2633396003.0,2632500000.0,2671600000.0,33.88,90377000000.0,10804000000.0,2372000000.0,15938000000.0,34.331,15048000000.0
1,JNJ,MRT,2021-03-31,2021-04-04,2021-04-04,2021-07-29,-15328000000.0,172557000000.0,169131000000.0,52533000000.0,120024000000.0,0.498,25.017,-3399000000.0,12671000000.0,12671000000.0,28428000000.0,15115000000.0,1.283,1.621,33613000000.0,3350000000.0,30263000000.0,33613000000.0,0.0,7378000000.0,0.0,0.025,4.04,17656000000.0,25034000000.0,0.297,25034000000.0,17656000000.0,17417000000.0,5.74,5.66,5.74,65834000000.0,64140750000.0,65834000000.0,449308935742.0,25.0,17.948,20853000000.0,7.924,1.0,55786000000.0,0.662,86798000000.0,239000000.0,65769000000.0,64626750000.0,9952000000.0,11948000000.0,11948000000.0,0.0,106723000000.0,40932000000.0,65791000000.0,428027935742.0,-2859000000.0,-5493000000.0,-1930000000.0,5541000000.0,-10635000000.0,-6930000000.0,-20429000000.0,-11172000000.0,24252000000.0,248000000.0,15115000000.0,15115000000.0,15115000000.0,0.0,0.0,0.179,35493000000.0,20293000000.0,8503000000.0,0.704,6.502,28.318,28.368,18367000000.0,0.0,162.83,5.083,5.088,14938000000.0,116508000000.0,84214000000.0,84214000000.0,12757000000.0,0.089,0.236,0.273,0.21,1049000000.0,22313000000.0,1.0,2628679824.0,2631600000.0,2672700000.0,32.001,85759000000.0,8321000000.0,2302000000.0,14952000000.0,32.588,11601000000.0
2,JNJ,MRT,2020-12-31,2021-01-03,2021-01-03,2021-07-29,-15242000000.0,174894000000.0,164746000000.0,51237000000.0,123657000000.0,0.501,24.034,-3347000000.0,13985000000.0,13985000000.0,28427000000.0,14714000000.0,1.206,1.764,35266000000.0,2631000000.0,32635000000.0,35266000000.0,0.0,7231000000.0,0.0,0.025,3.98,16698000000.0,23929000000.0,0.29,23929000000.0,16698000000.0,16497000000.0,5.59,5.51,5.59,63278000000.0,63005750000.0,63278000000.0,433102565719.0,26.0,18.099,20189000000.0,7.668,1.0,54157000000.0,0.656,89795000000.0,201000000.0,63887000000.0,61327500000.0,9344000000.0,11200000000.0,11200000000.0,0.0,111616000000.0,42493000000.0,69123000000.0,414309565719.0,-3320000000.0,-7018000000.0,-2107000000.0,6762000000.0,-10481000000.0,-6120000000.0,-20825000000.0,-9939000000.0,23536000000.0,89000000.0,14714000000.0,14714000000.0,14714000000.0,0.0,0.0,0.178,34671000000.0,19486000000.0,9505000000.0,0.712,6.547,28.158,28.154,18766000000.0,0.0,157.38,5.017,5.017,13576000000.0,113890000000.0,82584000000.0,82584000000.0,12159000000.0,0.089,0.234,0.272,0.202,1005000000.0,22084000000.0,1.0,2632542672.0,2632800000.0,2670700000.0,31.367,85099000000.0,8534000000.0,1783000000.0,15165000000.0,32.323,8744000000.0
3,JNJ,MRT,2020-09-30,2020-09-27,2020-09-27,2021-07-29,-14938000000.0,170693000000.0,160454500000.0,57578000000.0,113115000000.0,0.504,24.487,-3284000000.0,18965000000.0,18965000000.0,27747000000.0,16986000000.0,1.482,1.648,37758000000.0,5078000000.0,32680000000.0,37758000000.0,0.0,7107000000.0,0.0,0.027,3.92,19267000000.0,26374000000.0,0.326,26374000000.0,19267000000.0,19068000000.0,6.46,6.36,6.46,64473000000.0,62054000000.0,64473000000.0,402717067368.0,21.0,15.269,18307000000.0,6.953,1.0,53109000000.0,0.657,81313000000.0,199000000.0,69326000000.0,58074000000.0,9599000000.0,11816000000.0,11816000000.0,0.0,106220000000.0,38847000000.0,67373000000.0,383497067368.0,2716000000.0,-935000000.0,-2030000000.0,8059000000.0,-10323000000.0,-4548000000.0,-14266000000.0,-9503000000.0,21591000000.0,-61000000.0,16986000000.0,16986000000.0,16986000000.0,0.0,0.0,0.21,33460000000.0,19649000000.0,7044000000.0,0.607,5.948,22.577,22.548,17855000000.0,0.0,145.66,4.743,4.743,14579000000.0,114831000000.0,80856000000.0,80856000000.0,11359000000.0,0.106,0.274,0.332,0.238,1005000000.0,21666000000.0,1.0,2632823475.0,2633000000.0,2670800000.0,30.709,89380000000.0,7816000000.0,2082000000.0,14026000000.0,33.946,18731000000.0
4,JNJ,MRT,2020-06-30,2020-06-28,2020-06-28,2021-07-29,-15533000000.0,158380000000.0,156661500000.0,45892000000.0,112488000000.0,0.514,23.92,-3292000000.0,11174000000.0,11174000000.0,27642000000.0,15185000000.0,1.248,1.515,30394000000.0,5332000000.0,25062000000.0,30394000000.0,0.0,7016000000.0,0.0,0.028,3.86,16517000000.0,23533000000.0,0.292,23533000000.0,16517000000.0,16314000000.0,5.78,5.69,5.78,62978000000.0,60488250000.0,62978000000.0,375126472868.0,23.0,15.94,17443000000.0,6.625,1.0,52861000000.0,0.657,81303000000.0,203000000.0,59525000000.0,53790250000.0,9424000000.0,7961000000.0,7961000000.0,0.0,95402000000.0,36772000000.0,58630000000.0,363073472868.0,-3202000000.0,-1079000000.0,-3272000000.0,910000000.0,-10163000000.0,-12637000000.0,-11092000000.0,-6272000000.0,20735000000.0,-208000000.0,15185000000.0,15185000000.0,15185000000.0,0.0,0.0,0.189,33025000000.0,19836000000.0,6765000000.0,0.668,5.765,23.91,23.843,17598000000.0,0.0,137.81,4.51,4.507,14645000000.0,113898000000.0,80503000000.0,80503000000.0,11118000000.0,0.097,0.251,0.307,0.205,994000000.0,21609000000.0,1.0,2634594535.0,2632900000.0,2665500000.0,30.576,77077000000.0,7805000000.0,1129000000.0,13755000000.0,29.275,9120000000.0
5,JNJ,MRT,2020-03-31,2020-03-29,2020-03-29,2021-07-29,-16243000000.0,155017000000.0,155845750000.0,44226000000.0,110791000000.0,0.531,23.273,-3467000000.0,15530000000.0,15530000000.0,28003000000.0,17166000000.0,1.313,1.529,27583000000.0,2190000000.0,25393000000.0,27583000000.0,0.0,6995000000.0,0.0,0.031,3.8,19656000000.0,26651000000.0,0.322,26651000000.0,19656000000.0,19415000000.0,6.51,6.41,6.51,61294000000.0,59940000000.0,61294000000.0,334883270012.0,17.0,12.566,19764000000.0,7.504,1.0,54726000000.0,0.662,80809000000.0,241000000.0,52572000000.0,52862250000.0,8868000000.0,2494000000.0,2494000000.0,0.0,93723000000.0,33689000000.0,60034000000.0,324492270012.0,796000000.0,-2037000000.0,-5059000000.0,-1795000000.0,-10026000000.0,-16814000000.0,-5358000000.0,263000000.0,23231000000.0,-263000000.0,17166000000.0,17166000000.0,17166000000.0,0.0,0.0,0.207,33527000000.0,21199000000.0,7411000000.0,0.584,5.294,18.903,18.919,17401000000.0,0.0,123.16,3.922,3.921,14874000000.0,112901000000.0,82729000000.0,82729000000.0,11077000000.0,0.11,0.286,0.372,0.238,982000000.0,22162000000.0,1.0,2634721257.0,2633700000.0,2671000000.0,31.412,74208000000.0,7539000000.0,2249000000.0,15098000000.0,28.176,10537000000.0
6,JNJ,MRT,2019-12-31,2019-12-29,2019-12-29,2021-07-29,-15891000000.0,157728000000.0,154598250000.0,45274000000.0,112454000000.0,0.531,22.483,-3498000000.0,17305000000.0,17305000000.0,27556000000.0,15119000000.0,1.259,1.652,27696000000.0,1202000000.0,26494000000.0,27696000000.0,0.0,7009000000.0,0.0,0.026,3.75,17646000000.0,24655000000.0,0.3,24655000000.0,17646000000.0,17328000000.0,5.72,5.63,5.72,59471000000.0,59355250000.0,59471000000.0,396564402154.0,22.0,16.085,19918000000.0,7.53,1.0,54503000000.0,0.664,81282000000.0,318000000.0,50873000000.0,54019750000.0,9020000000.0,1982000000.0,1982000000.0,0.0,98257000000.0,35964000000.0,62293000000.0,383595402154.0,-802000000.0,-2545000000.0,-5792000000.0,-2781000000.0,-9917000000.0,-18015000000.0,-6194000000.0,-195000000.0,23416000000.0,-9000000.0,15119000000.0,15119000000.0,15119000000.0,0.0,0.0,0.184,34689000000.0,19814000000.0,8544000000.0,0.656,6.45,25.372,25.481,17658000000.0,0.0,145.75,4.675,4.698,14481000000.0,110659000000.0,82059000000.0,82059000000.0,11355000000.0,0.098,0.255,0.327,0.215,977000000.0,22178000000.0,1.0,2631872399.0,2645100000.0,2684300000.0,31.023,76446000000.0,7819000000.0,2209000000.0,15668000000.0,28.901,9310000000.0
7,JNJ,MRT,2019-09-30,2019-09-29,2019-09-29,2021-07-29,-15533000000.0,155521000000.0,153404750000.0,44333000000.0,111188000000.0,0.533,22.09,-3556000000.0,16249000000.0,16249000000.0,27383000000.0,14151000000.0,1.261,1.672,29218000000.0,2299000000.0,26919000000.0,29218000000.0,0.0,6928000000.0,0.0,0.029,3.7,16715000000.0,23643000000.0,0.289,23643000000.0,16715000000.0,16232000000.0,5.32,5.25,5.32,58210000000.0,59425500000.0,58210000000.0,354438686772.0,21.0,14.991,19706000000.0,7.478,1.0,54323000000.0,0.665,81137000000.0,483000000.0,52191000000.0,55309750000.0,9173000000.0,1696000000.0,1696000000.0,0.0,97311000000.0,35162000000.0,62149000000.0,339396686772.0,193000000.0,-153000000.0,-9079000000.0,-1641000000.0,-9828000000.0,-20332000000.0,-2622000000.0,1431000000.0,23262000000.0,-115000000.0,14151000000.0,14151000000.0,14151000000.0,0.0,0.0,0.173,34593000000.0,19730000000.0,7491000000.0,0.695,5.831,23.984,24.173,17048000000.0,0.0,128.6,4.154,4.147,14801000000.0,109242000000.0,81706000000.0,81706000000.0,11347000000.0,0.092,0.238,0.302,0.205,973000000.0,22130000000.0,1.0,2639165527.0,2635100000.0,2670300000.0,31.007,74384000000.0,7696000000.0,2081000000.0,16524000000.0,28.228,9171000000.0
8,JNJ,MRT,2019-06-30,2019-06-30,2019-06-30,2021-07-29,-14969000000.0,155117000000.0,153450250000.0,41799000000.0,113318000000.0,0.53,22.916,-3630000000.0,14376000000.0,14376000000.0,27105000000.0,16332000000.0,1.333,1.552,29418000000.0,1719000000.0,27699000000.0,29418000000.0,0.0,6932000000.0,0.0,0.026,3.65,19686000000.0,26618000000.0,0.327,26618000000.0,19686000000.0,19008000000.0,6.12,6.03,6.12,60785000000.0,61029500000.0,60785000000.0,384430197869.0,20.0,14.442,18377000000.0,6.928,1.0,54220000000.0,0.667,82993000000.0,678000000.0,55813000000.0,58293000000.0,9263000000.0,902000000.0,902000000.0,0.0,94332000000.0,31353000000.0,62979000000.0,369796197869.0,-3193000000.0,-672000000.0,-7721000000.0,-2513000000.0,-9744000000.0,-19916000000.0,-5246000000.0,-514000000.0,22007000000.0,-38000000.0,16332000000.0,16332000000.0,16332000000.0,0.0,0.0,0.201,35816000000.0,18404000000.0,6912000000.0,0.596,6.084,22.642,22.758,17248000000.0,0.0,139.28,4.547,4.543,14653000000.0,109809000000.0,81325000000.0,81325000000.0,11256000000.0,0.106,0.268,0.338,0.242,970000000.0,22299000000.0,1.0,2655055987.0,2652500000.0,2691700000.0,30.66,72124000000.0,7647000000.0,2676000000.0,16969000000.0,27.191,10446000000.0
9,JNJ,MRT,2019-03-31,2019-03-31,2019-03-31,2021-07-29,-15517000000.0,150027000000.0,153512250000.0,41987000000.0,108040000000.0,0.532,22.157,-3668000000.0,14734000000.0,14734000000.0,27092000000.0,14679000000.0,1.442,1.545,29368000000.0,1708000000.0,27660000000.0,29368000000.0,0.0,6944000000.0,0.0,0.026,3.6,17788000000.0,24732000000.0,0.303,24732000000.0,17788000000.0,16940000000.0,5.48,5.4,5.48,58955000000.0,61555500000.0,58955000000.0,384653141958.0,22.0,15.553,18470000000.0,6.942,1.0,54501000000.0,0.668,78348000000.0,848000000.0,57202000000.0,59837000000.0,9086000000.0,602000000.0,602000000.0,0.0,91072000000.0,29111000000.0,61961000000.0,372280141958.0,95000000.0,936000000.0,-5653000000.0,-2465000000.0,-9637000000.0,-18056000000.0,-3659000000.0,-365000000.0,22138000000.0,-328000000.0,14679000000.0,14679000000.0,14679000000.0,0.0,0.0,0.18,35986000000.0,18515000000.0,6923000000.0,0.657,6.315,25.361,25.509,17000000000.0,0.0,139.79,4.563,4.559,14115000000.0,106650000000.0,81593000000.0,81593000000.0,11229000000.0,0.096,0.238,0.297,0.218,968000000.0,22496000000.0,1.0,2663138579.0,2660800000.0,2698800000.0,30.665,71679000000.0,7533000000.0,2261000000.0,16493000000.0,26.939,12876000000.0
10,JNJ,MRT,2018-12-31,2018-12-30,2018-12-30,2021-07-29,-15222000000.0,152954000000.0,155161750000.0,46033000000.0,106921000000.0,0.526,22.283,-3670000000.0,18107000000.0,18107000000.0,27091000000.0,15297000000.0,1.474,1.56,30480000000.0,2796000000.0,27684000000.0,30480000000.0,0.0,6929000000.0,0.0,0.028,3.54,19004000000.0,25933000000.0,0.318,25933000000.0,19004000000.0,17999000000.0,5.7,5.61,5.7,59752000000.0,62630500000.0,59752000000.0,356532336115.0,19.0,13.748,18531000000.0,6.911,1.0,54490000000.0,0.668,78064000000.0,1005000000.0,56033000000.0,61517500000.0,8599000000.0,1580000000.0,1580000000.0,0.0,93202000000.0,31230000000.0,61972000000.0,341335336115.0,283000000.0,2304000000.0,-4919000000.0,-3924000000.0,-9494000000.0,-18510000000.0,-3167000000.0,-1337000000.0,22201000000.0,-241000000.0,15297000000.0,15297000000.0,15297000000.0,0.0,0.0,0.188,34692000000.0,19798000000.0,7537000000.0,0.621,5.713,22.314,22.328,17035000000.0,0.0,127.27,4.184,4.183,14098000000.0,106216000000.0,81581000000.0,81581000000.0,10775000000.0,0.099,0.244,0.309,0.233,978000000.0,22540000000.0,1.0,2681977969.0,2681500000.0,2728700000.0,30.424,74890000000.0,7640000000.0,2702000000.0,16566000000.0,27.928,14803000000.0
11,JNJ,MRT,2018-09-30,2018-09-30,2018-09-30,2021-07-29,-14647000000.0,155703000000.0,156249000000.0,47194000000.0,108509000000.0,0.521,24.084,-3592000000.0,16056000000.0,16056000000.0,27458000000.0,1542000000.0,1.72,1.409,31253000000.0,1773000000.0,29480000000.0,31253000000.0,0.0,7063000000.0,0.0,0.025,3.48,18466000000.0,25529000000.0,0.314,25529000000.0,18466000000.0,17437000000.0,0.59,0.59,0.59,64626000000.0,62732500000.0,64626000000.0,385190404948.0,21.0,15.088,18470000000.0,6.883,1.0,53924000000.0,0.663,79339000000.0,1029000000.0,64124000000.0,62106500000.0,8678000000.0,3308000000.0,3308000000.0,0.0,91077000000.0,27437000000.0,63640000000.0,370676404948.0,335000000.0,599000000.0,-2187000000.0,-3740000000.0,-9339000000.0,-15658000000.0,-5900000000.0,-2742000000.0,22062000000.0,-169000000.0,1542000000.0,1542000000.0,1542000000.0,0.0,0.0,0.019,35765000000.0,18159000000.0,7000000000.0,5.898,5.736,240.387,234.186,16629000000.0,0.0,138.17,4.555,4.556,14048000000.0,107617000000.0,81382000000.0,81382000000.0,11226000000.0,0.01,0.025,0.297,0.227,1026000000.0,22674000000.0,1.0,2682756061.0,2683400000.0,2731800000.0,30.328,76364000000.0,8076000000.0,15895000000.0,17344000000.0,28.458,19757000000.0
12,JNJ,MRT,2018-06-30,2018-07-01,2018-07-01,2021-07-29,-14777000000.0,155365000000.0,156237750000.0,45438000000.0,109927000000.0,0.516,23.447,-3563000000.0,17569000000.0,17569000000.0,27794000000.0,1372000000.0,1.653,1.47,32083000000.0,2678000000.0,29405000000.0,32083000000.0,0.0,7043000000.0,0.0,0.028,3.42,18819000000.0,25862000000.0,0.321,25862000000.0,18819000000.0,17804000000.0,0.52,0.52,0.52,62889000000.0,65070750000.0,62889000000.0,343346076632.0,18.0,13.276,18493000000.0,6.895,1.0,52890000000.0,0.656,80402000000.0,1015000000.0,61989000000.0,60430500000.0,8810000000.0,570000000.0,570000000.0,0.0,92476000000.0,27488000000.0,64988000000.0,325452076632.0,4971000000.0,1276000000.0,-2210000000.0,-2562000000.0,-9178000000.0,-14250000000.0,-2811000000.0,-337000000.0,22056000000.0,-24000000.0,1372000000.0,1372000000.0,1372000000.0,0.0,0.0,0.017,34577000000.0,18313000000.0,6516000000.0,6.577,5.175,237.21,233.346,16632000000.0,0.0,121.34,4.034,4.034,14111000000.0,106123000000.0,80684000000.0,80684000000.0,11303000000.0,0.009,0.021,0.311,0.233,1020000000.0,22554000000.0,1.0,2682149964.0,2682200000.0,2725100000.0,30.081,74963000000.0,8472000000.0,16432000000.0,17241000000.0,27.948,17950000000.0
13,JNJ,MRT,2018-03-31,2018-04-01,2018-04-01,2021-07-29,-12608000000.0,156625000000.0,155598250000.0,42768000000.0,113857000000.0,0.506,23.583,-3377000000.0,14639000000.0,14639000000.0,26713000000.0,1245000000.0,1.579,1.476,32533000000.0,2696000000.0,29837000000.0,32533000000.0,0.0,6476000000.0,0.0,0.026,3.36,18568000000.0,25044000000.0,0.318,25044000000.0,18568000000.0,17579000000.0,0.47,0.47,0.47,63255000000.0,67329000000.0,63255000000.0,360570834017.0,19.0,14.397,18372000000.0,6.85,1.0,51980000000.0,0.661,83514000000.0,989000000.0,63924000000.0,59866500000.0,9014000000.0,565000000.0,565000000.0,0.0,93370000000.0,27081000000.0,66289000000.0,343813834017.0,-6270000000.0,-28560000000.0,-3734000000.0,-696000000.0,-9025000000.0,-13493000000.0,-14857000000.0,17313000000.0,21749000000.0,331000000.0,1245000000.0,1245000000.0,1245000000.0,0.0,0.0,0.016,33734000000.0,18246000000.0,6443000000.0,7.149,5.435,276.156,272.66,17040000000.0,0.0,128.15,4.369,4.368,14166000000.0,104339000000.0,78693000000.0,78693000000.0,10960000000.0,0.008,0.018,0.31,0.236,1001000000.0,22100000000.0,1.0,2682901553.0,2682200000.0,2731900000.0,29.339,73111000000.0,8785000000.0,16334000000.0,19069000000.0,27.258,15687000000.0
14,JNJ,MRT,2017-12-31,2017-12-31,2017-12-31,2021-07-29,-13199000000.0,157303000000.0,152671500000.0,43088000000.0,114215000000.0,0.501,22.348,-3279000000.0,17824000000.0,17824000000.0,25439000000.0,1300000000.0,1.411,1.615,34581000000.0,3906000000.0,30675000000.0,34581000000.0,0.0,5642000000.0,0.0,0.024,3.32,18607000000.0,24249000000.0,0.317,24249000000.0,18607000000.0,17673000000.0,0.48,0.47,0.48,60160000000.0,69100500000.0,60160000000.0,394805581386.0,21.0,16.281,17777000000.0,6.604,1.0,51011000000.0,0.667,85134000000.0,934000000.0,58389000000.0,63123000000.0,8765000000.0,472000000.0,472000000.0,0.0,97143000000.0,30537000000.0,66606000000.0,375360581386.0,-1148000000.0,-33319000000.0,-5296000000.0,6754000000.0,-8943000000.0,-7673000000.0,-14868000000.0,21964000000.0,21056000000.0,337000000.0,1300000000.0,1300000000.0,1300000000.0,0.0,0.0,0.017,32831000000.0,18180000000.0,7310000000.0,6.917,6.239,288.739,291.083,17005000000.0,0.0,139.72,4.91,4.92,13490000000.0,101793000000.0,76450000000.0,76450000000.0,10594000000.0,0.009,0.019,0.295,0.243,962000000.0,21520000000.0,1.0,2686520050.0,2692000000.0,2745300000.0,28.399,72169000000.0,7105000000.0,16373000000.0,18694000000.0,26.809,12551000000.0
15,JNJ,MRT,2017-09-30,2017-10-01,2017-10-01,2021-07-29,-12747000000.0,155658000000.0,148647750000.0,41829000000.0,113829000000.0,0.5,27.557,-3132000000.0,15721000000.0,15721000000.0,23818000000.0,15827000000.0,1.315,1.104,35166000000.0,8491000000.0,26675000000.0,35166000000.0,0.0,4828000000.0,0.0,0.025,3.28,20281000000.0,25109000000.0,0.338,25109000000.0,20281000000.0,19437000000.0,5.85,5.76,5.85,73979000000.0,71665000000.0,73979000000.0,370920804637.0,18.0,14.772,18472000000.0,6.881,1.0,50543000000.0,0.68,85877000000.0,844000000.0,57420000000.0,66874250000.0,9521000000.0,510000000.0,510000000.0,0.0,81679000000.0,31806000000.0,49873000000.0,348946804637.0,-2484000000.0,-33985000000.0,-6637000000.0,7919000000.0,-8857000000.0,-7600000000.0,-16537000000.0,20783000000.0,21604000000.0,49000000.0,15827000000.0,15827000000.0,15827000000.0,0.0,0.0,0.213,30905000000.0,19638000000.0,6390000000.0,0.561,4.717,22.048,22.224,16628000000.0,0.0,130.01,4.693,4.694,13155000000.0,114805000000.0,74361000000.0,74361000000.0,9639000000.0,0.106,0.221,0.303,0.273,932000000.0,20906000000.0,1.0,2683999728.0,2684600000.0,2737700000.0,27.699,69781000000.0,6303000000.0,3610000000.0,5593000000.0,25.993,10023000000.0
16,JNJ,MRT,2017-06-30,2017-07-02,2017-07-02,2021-07-29,-13234000000.0,152807000000.0,144825500000.0,38789000000.0,114018000000.0,0.501,26.718,-3079000000.0,12598000000.0,12598000000.0,22379000000.0,16335000000.0,1.343,1.125,34572000000.0,7209000000.0,27363000000.0,34572000000.0,0.0,4025000000.0,0.0,0.024,3.24,20735000000.0,24760000000.0,0.341,24760000000.0,20735000000.0,19928000000.0,6.01,5.92,6.01,71922000000.0,71362500000.0,71922000000.0,367828178285.0,18.0,14.856,17620000000.0,6.546,1.0,50152000000.0,0.691,86176000000.0,807000000.0,59733000000.0,71296750000.0,9699000000.0,255000000.0,255000000.0,0.0,80885000000.0,28872000000.0,52013000000.0,356367178285.0,-6042000000.0,-37144000000.0,-8481000000.0,8333000000.0,-8788000000.0,-8976000000.0,-17729000000.0,22659000000.0,20699000000.0,-36000000.0,16335000000.0,16335000000.0,16335000000.0,0.0,0.0,0.225,29840000000.0,20312000000.0,6135000000.0,0.539,4.955,21.816,22.012,16458000000.0,0.0,132.29,4.913,4.91,13283000000.0,113208000000.0,72531000000.0,72531000000.0,9232000000.0,0.113,0.229,0.291,0.286,921000000.0,20255000000.0,1.0,2693833081.0,2691900000.0,2741500000.0,26.944,66631000000.0,6111000000.0,3593000000.0,5605000000.0,24.752,9917000000.0
17,JNJ,MRT,2017-03-31,2017-04-02,2017-04-02,2021-07-29,-14522000000.0,144918000000.0,141577250000.0,63347000000.0,81571000000.0,0.51,25.989,-3147000000.0,20909000000.0,20909000000.0,21869000000.0,16505000000.0,2.522,1.06,32370000000.0,5355000000.0,27015000000.0,32370000000.0,0.0,3775000000.0,0.0,0.026,3.2,20854000000.0,24629000000.0,0.341,24629000000.0,20854000000.0,20084000000.0,6.05,5.95,6.05,70341000000.0,71500250000.0,70341000000.0,346101319279.0,17.0,14.053,16344000000.0,6.039,1.0,50305000000.0,0.697,54310000000.0,770000000.0,76950000000.0,75884250000.0,8878000000.0,18434000000.0,18434000000.0,0.0,74577000000.0,25119000000.0,49458000000.0,337947319279.0,7048000000.0,-8083000000.0,-8851000000.0,9517000000.0,-8723000000.0,-8097000000.0,-4160000000.0,7191000000.0,19491000000.0,-186000000.0,16505000000.0,16505000000.0,16505000000.0,0.0,0.0,0.229,29827000000.0,20478000000.0,6082000000.0,0.529,4.804,20.475,20.587,16191000000.0,0.0,124.55,4.682,4.671,12300000000.0,111643000000.0,72174000000.0,72174000000.0,9200000000.0,0.117,0.231,0.275,0.289,902000000.0,20142000000.0,1.0,2713346602.0,2706600000.0,2754500000.0,26.666,90608000000.0,6380000000.0,3579000000.0,4441000000.0,33.477,38228000000.0
18,JNJ,MRT,2016-12-31,2017-01-01,2017-01-01,2021-07-29,-14901000000.0,141208000000.0,139405500000.0,65032000000.0,76176000000.0,0.516,25.725,-3226000000.0,18972000000.0,18972000000.0,21789000000.0,16540000000.0,2.474,1.005,27126000000.0,4684000000.0,22442000000.0,27126000000.0,0.0,3754000000.0,0.0,0.027,3.15,20529000000.0,24283000000.0,0.338,24283000000.0,20529000000.0,19803000000.0,6.04,5.93,6.04,70418000000.0,72076750000.0,70418000000.0,322216460383.0,16.0,13.269,15541000000.0,5.677,1.0,50101000000.0,0.697,49681000000.0,726000000.0,73394000000.0,75621000000.0,8144000000.0,22935000000.0,22935000000.0,0.0,70790000000.0,26287000000.0,44503000000.0,313432460383.0,5240000000.0,-3242000000.0,-7790000000.0,7875000000.0,-8621000000.0,-8551000000.0,-4761000000.0,1830000000.0,18767000000.0,-215000000.0,16540000000.0,16540000000.0,16540000000.0,0.0,0.0,0.23,29730000000.0,20371000000.0,6918000000.0,0.522,4.451,18.95,19.075,15912000000.0,0.0,115.21,4.36,4.387,11699000000.0,110551000000.0,71890000000.0,71890000000.0,9143000000.0,0.119,0.229,0.271,0.286,878000000.0,20067000000.0,1.0,2720531728.0,2737300000.0,2788900000.0,26.263,91527000000.0,6148000000.0,3263000000.0,3881000000.0,33.437,38745000000.0
19,JNJ,MRT,2016-09-30,2016-10-02,2016-10-02,2021-07-29,-12715000000.0,140369000000.0,137456250000.0,63319000000.0,77050000000.0,0.521,26.511,-3499000000.0,18205000000.0,18205000000.0,21824000000.0,15941000000.0,2.726,0.929,26989000000.0,3443000000.0,23546000000.0,26989000000.0,0.0,3732000000.0,0.0,0.026,3.1,19939000000.0,23671000000.0,0.331,23671000000.0,19939000000.0,19237000000.0,5.81,5.69,5.81,72769000000.0,72259750000.0,72769000000.0,330792131464.0,17.0,13.975,13700000000.0,4.991,1.0,49771000000.0,0.695,50813000000.0,702000000.0,75110000000.0,73372500000.0,8488000000.0,22228000000.0,22228000000.0,0.0,67600000000.0,23230000000.0,44370000000.0,323189131464.0,4566000000.0,-2054000000.0,-7283000000.0,7447000000.0,-8523000000.0,-8381000000.0,-3978000000.0,1680000000.0,17199000000.0,-274000000.0,15941000000.0,15941000000.0,15941000000.0,0.0,0.0,0.223,30894000000.0,18877000000.0,5971000000.0,0.534,4.441,20.274,20.332,16095000000.0,0.0,118.13,4.514,4.529,11798000000.0,108860000000.0,71595000000.0,71595000000.0,9319000000.0,0.116,0.221,0.272,0.278,901000000.0,20527000000.0,1.0,2735876843.0,2744900000.0,2796600000.0,26.083,89556000000.0,5897000000.0,3296000000.0,3991000000.0,32.626,40089000000.0
20,JNJ,MRT,2016-06-30,2016-07-03,2016-07-03,2021-07-29,-12707000000.0,139814000000.0,135680500000.0,66291000000.0,73523000000.0,0.522,26.398,-3551000000.0,18640000000.0,18640000000.0,21562000000.0,15027000000.0,3.078,0.929,26243000000.0,1708000000.0,24535000000.0,26243000000.0,0.0,3753000000.0,0.0,0.025,3.05,18711000000.0,22464000000.0,0.317,22464000000.0,18711000000.0,18078000000.0,5.46,5.36,5.46,72473000000.0,71956000000.0,72473000000.0,343113645692.0,18.0,15.274,14427000000.0,5.255,1.0,49315000000.0,0.696,47798000000.0,633000000.0,78083000000.0,71307500000.0,8523000000.0,23944000000.0,23944000000.0,0.0,67341000000.0,21536000000.0,45805000000.0,333625645692.0,8001000000.0,1505000000.0,-5519000000.0,7164000000.0,-8414000000.0,-6776000000.0,-2607000000.0,-431000000.0,17978000000.0,-594000000.0,15027000000.0,15027000000.0,15027000000.0,0.0,0.0,0.212,31127000000.0,18188000000.0,6061000000.0,0.559,4.603,22.202,22.214,15972000000.0,0.0,121.29,4.707,4.698,12062000000.0,106738000000.0,70877000000.0,70877000000.0,9295000000.0,0.111,0.209,0.262,0.264,879000000.0,20836000000.0,1.0,2750644288.0,2745400000.0,2794200000.0,25.817,92016000000.0,5776000000.0,3051000000.0,3539000000.0,33.516,44755000000.0
21,JNJ,MRT,2016-03-31,2016-04-03,2016-04-03,2021-07-29,-12391000000.0,136231000000.0,133736000000.0,62738000000.0,73493000000.0,0.525,26.348,-3559000000.0,13861000000.0,13861000000.0,21583000000.0,15546000000.0,2.834,0.875,23349000000.0,3116000000.0,20233000000.0,23349000000.0,0.0,3742000000.0,0.0,0.027,3.0,19489000000.0,23231000000.0,0.331,23231000000.0,19489000000.0,18915000000.0,5.63,5.54,5.63,72647000000.0,71620500000.0,72647000000.0,307423430174.0,16.0,13.233,15327000000.0,5.559,1.0,48599000000.0,0.692,47688000000.0,574000000.0,75897000000.0,68707250000.0,8170000000.0,25994000000.0,25994000000.0,0.0,63584000000.0,22134000000.0,41450000000.0,301294430174.0,1873000000.0,2653000000.0,-4550000000.0,4340000000.0,-8296000000.0,-8513000000.0,-7483000000.0,-6484000000.0,18886000000.0,-1017000000.0,15546000000.0,15546000000.0,15546000000.0,0.0,0.0,0.222,31057000000.0,17542000000.0,5965000000.0,0.533,4.147,19.381,19.394,15964000000.0,0.0,109.19,4.293,4.29,11406000000.0,104990000000.0,70182000000.0,70182000000.0,9160000000.0,0.116,0.217,0.284,0.278,875000000.0,21044000000.0,1.0,2759359192.0,2757200000.0,2803800000.0,25.454,88543000000.0,5678000000.0,3369000000.0,3845000000.0,32.113,40604000000.0
22,JNJ,MRT,2015-12-31,2016-01-03,2016-01-03,2021-07-29,-13165000000.0,133411000000.0,131825750000.0,60210000000.0,73201000000.0,0.532,25.669,-3463000000.0,13732000000.0,13732000000.0,21536000000.0,15409000000.0,2.17,0.875,19861000000.0,7004000000.0,12857000000.0,19861000000.0,0.0,3746000000.0,0.0,0.029,2.95,19748000000.0,23494000000.0,0.335,23494000000.0,19748000000.0,19196000000.0,5.56,5.48,5.56,71150000000.0,70428250000.0,71150000000.0,290331449571.0,15.0,12.358,16106000000.0,5.811,1.0,48538000000.0,0.693,47393000000.0,552000000.0,64400000000.0,65577750000.0,8053000000.0,24644000000.0,24644000000.0,0.0,62261000000.0,27747000000.0,34514000000.0,284220449571.0,-791000000.0,2510000000.0,-4285000000.0,1379000000.0,-8173000000.0,-11136000000.0,-7735000000.0,-6679000000.0,19569000000.0,-1489000000.0,15409000000.0,15409000000.0,15409000000.0,0.0,0.0,0.22,30982000000.0,17556000000.0,6668000000.0,0.531,3.995,18.445,18.475,15905000000.0,0.0,102.72,4.056,4.063,10734000000.0,103879000000.0,70074000000.0,70074000000.0,9046000000.0,0.117,0.219,0.301,0.282,874000000.0,21203000000.0,1.0,2766943629.0,2771800000.0,2812900000.0,25.281,86018000000.0,5490000000.0,3787000000.0,3312000000.0,31.033,32463000000.0
23,JNJ,MRT,2015-09-30,2015-09-27,2015-09-27,2021-07-29,-12861000000.0,133266000000.0,131062500000.0,63494000000.0,69772000000.0,0.538,25.847,-3593000000.0,13639000000.0,13639000000.0,21716000000.0,14715000000.0,2.514,0.862,19750000000.0,5677000000.0,14073000000.0,19750000000.0,0.0,3704000000.0,0.0,0.032,2.9,18672000000.0,22376000000.0,0.317,22376000000.0,18672000000.0,18141000000.0,5.3,5.23,5.3,71554000000.0,70078750000.0,71554000000.0,260656667567.0,14.0,11.649,15495000000.0,5.597,1.0,48801000000.0,0.692,47267000000.0,531000000.0,66850000000.0,64605250000.0,8206000000.0,23667000000.0,23667000000.0,0.0,61712000000.0,25260000000.0,36452000000.0,251988667567.0,-179000000.0,-301000000.0,-5450000000.0,4857000000.0,-8057000000.0,-8700000000.0,-9266000000.0,-5185000000.0,19088000000.0,-1301000000.0,14715000000.0,14715000000.0,14715000000.0,0.0,0.0,0.209,30117000000.0,18684000000.0,5928000000.0,0.547,3.522,17.125,17.17,15551000000.0,0.0,91.0,3.573,3.573,11366000000.0,102748000000.0,70517000000.0,70517000000.0,8817000000.0,0.112,0.21,0.289,0.265,823000000.0,21134000000.0,1.0,2769106237.0,2768400000.0,2807200000.0,25.472,85999000000.0,6756000000.0,3426000000.0,4492000000.0,31.065,38234000000.0
24,JNJ,MRT,2015-06-30,2015-06-28,2015-06-28,2021-07-29,-12054000000.0,132036000000.0,130770250000.0,61001000000.0,71035000000.0,0.55,25.658,-3555000000.0,10639000000.0,10639000000.0,21891000000.0,16106000000.0,2.489,0.856,19307000000.0,5222000000.0,14085000000.0,19307000000.0,0.0,3714000000.0,0.0,0.029,2.85,21367000000.0,25081000000.0,0.349,25081000000.0,21367000000.0,20829000000.0,5.78,5.69,5.78,71131000000.0,71338000000.0,71131000000.0,283301238774.0,13.0,11.295,14047000000.0,5.067,1.0,49991000000.0,0.695,48510000000.0,538000000.0,67682000000.0,63548750000.0,8298000000.0,23315000000.0,23315000000.0,0.0,60905000000.0,24512000000.0,36393000000.0,276306238774.0,-3597000000.0,2889000000.0,-7251000000.0,2673000000.0,-7948000000.0,-12576000000.0,-7530000000.0,-6648000000.0,17602000000.0,-1093000000.0,16106000000.0,16106000000.0,16106000000.0,0.0,0.0,0.224,30363000000.0,19628000000.0,6140000000.0,0.493,3.884,17.155,17.239,15583000000.0,0.0,99.64,3.844,3.843,11968000000.0,101352000000.0,71882000000.0,71882000000.0,8686000000.0,0.123,0.226,0.336,0.297,826000000.0,21521000000.0,1.0,2773045351.0,2772300000.0,2812000000.0,25.929,83526000000.0,6810000000.0,4723000000.0,4618000000.0,30.129,36489000000.0
25,JNJ,MRT,2015-03-31,2015-03-29,2015-03-29,2021-07-29,-13300000000.0,128590000000.0,131561250000.0,58192000000.0,70398000000.0,0.559,24.394,-3627000000.0,11988000000.0,11988000000.0,22573000000.0,15916000000.0,2.441,0.894,18983000000.0,4045000000.0,14938000000.0,18983000000.0,0.0,3777000000.0,0.0,0.028,2.8,21249000000.0,25026000000.0,0.34,25026000000.0,21249000000.0,20714000000.0,5.68,5.59,5.68,67878000000.0,73067250000.0,67878000000.0,283231236961.0,13.0,11.317,14032000000.0,5.043,1.0,51017000000.0,0.693,48370000000.0,535000000.0,63379000000.0,62782250000.0,8085000000.0,19331000000.0,19331000000.0,0.0,60712000000.0,23836000000.0,36876000000.0,278994236961.0,-7734000000.0,2344000000.0,-7007000000.0,2235000000.0,-7847000000.0,-12669000000.0,-12068000000.0,-10556000000.0,17659000000.0,-656000000.0,15916000000.0,15916000000.0,15916000000.0,0.0,0.0,0.216,30340000000.0,20677000000.0,6719000000.0,0.493,4.11,17.529,17.665,15364000000.0,0.0,100.34,3.791,3.794,11533000000.0,98656000000.0,73590000000.0,73590000000.0,8562000000.0,0.121,0.218,0.338,0.289,798000000.0,21618000000.0,1.0,2780488708.0,2782600000.0,2826000000.0,26.446,80220000000.0,6583000000.0,4798000000.0,4827000000.0,28.829,34356000000.0
26,JNJ,MRT,2014-12-31,2014-12-28,2014-12-28,2021-07-29,-10722000000.0,130358000000.0,132746250000.0,55744000000.0,74614000000.0,0.56,24.777,-3714000000.0,14523000000.0,14523000000.0,22746000000.0,16323000000.0,2.227,0.869,18760000000.0,3638000000.0,15122000000.0,18760000000.0,0.0,3895000000.0,0.0,0.026,2.76,21096000000.0,24991000000.0,0.336,24991000000.0,21096000000.0,20563000000.0,5.8,5.7,5.8,69752000000.0,75243250000.0,69752000000.0,295523534632.0,14.0,11.825,14996000000.0,5.327,1.0,51585000000.0,0.694,49054000000.0,533000000.0,60510000000.0,61247250000.0,8184000000.0,18566000000.0,18566000000.0,0.0,60606000000.0,25031000000.0,35575000000.0,294074534632.0,-6404000000.0,2502000000.0,-5581000000.0,850000000.0,-7768000000.0,-12499000000.0,-12305000000.0,-10794000000.0,18710000000.0,-310000000.0,16323000000.0,16323000000.0,16323000000.0,0.0,0.0,0.22,30626000000.0,20959000000.0,7633000000.0,0.476,4.216,18.016,18.114,16126000000.0,0.0,105.06,3.956,3.979,10985000000.0,97245000000.0,74331000000.0,74331000000.0,8494000000.0,0.123,0.217,0.344,0.284,792000000.0,21954000000.0,1.0,2799110362.0,2815200000.0,2863900000.0,26.403,81304000000.0,6202000000.0,4240000000.0,2893000000.0,28.88,30713000000.0
27,JNJ,MRT,2014-09-30,2014-09-28,2014-09-28,2021-07-29,-5382000000.0,132097000000.0,133327500000.0,59973000000.0,72124000000.0,0.558,27.214,-3647000000.0,13818000000.0,13818000000.0,22848000000.0,17321000000.0,2.61,0.725,15267000000.0,2115000000.0,13152000000.0,15267000000.0,0.0,4006000000.0,0.0,0.025,2.72,21138000000.0,25144000000.0,0.338,25144000000.0,21138000000.0,20610000000.0,6.14,6.03,6.14,76591000000.0,76318500000.0,76591000000.0,304938772615.0,14.0,12.128,14598000000.0,5.187,1.0,51584000000.0,0.693,47940000000.0,528000000.0,62624000000.0,59498750000.0,8419000000.0,19187000000.0,19187000000.0,0.0,55506000000.0,22982000000.0,32524000000.0,302052772615.0,-3386000000.0,4440000000.0,-3085000000.0,300000000.0,-7674000000.0,-10459000000.0,-10961000000.0,-11381000000.0,18245000000.0,-211000000.0,17321000000.0,17321000000.0,17321000000.0,0.0,0.0,0.233,30679000000.0,20905000000.0,6603000000.0,0.443,3.944,17.439,17.443,15804000000.0,0.0,107.1,4.058,4.05,11615000000.0,96560000000.0,74432000000.0,74432000000.0,8270000000.0,0.13,0.227,0.355,0.284,790000000.0,22049000000.0,1.0,2820287326.0,2814400000.0,2864300000.0,26.447,84157000000.0,7174000000.0,3289000000.0,5598000000.0,29.902,36991000000.0
28,JNJ,MRT,2014-06-30,2014-06-29,2014-06-29,2021-07-29,-3007000000.0,135200000000.0,132036500000.0,60119000000.0,75081000000.0,0.557,27.614,-3705000000.0,14236000000.0,14236000000.0,22793000000.0,15554000000.0,2.468,0.732,17122000000.0,3819000000.0,13303000000.0,17122000000.0,0.0,4043000000.0,0.0,0.026,2.68,17970000000.0,22013000000.0,0.299,22013000000.0,17970000000.0,17467000000.0,5.51,5.41,5.51,78048000000.0,74621750000.0,78048000000.0,294597183067.0,16.0,13.383,15833000000.0,5.602,1.0,50747000000.0,0.69,49111000000.0,503000000.0,64616000000.0,55763250000.0,8155000000.0,17388000000.0,17388000000.0,0.0,57152000000.0,24359000000.0,32793000000.0,297027183067.0,-3071000000.0,223000000.0,-3649000000.0,1956000000.0,-7569000000.0,-9262000000.0,-13249000000.0,-9423000000.0,19538000000.0,-98000000.0,15554000000.0,15554000000.0,15554000000.0,0.0,0.0,0.212,30722000000.0,20025000000.0,6193000000.0,0.486,3.806,19.097,19.054,16155000000.0,0.0,104.99,4.039,4.035,12257000000.0,93745000000.0,73540000000.0,73540000000.0,8289000000.0,0.118,0.208,0.322,0.244,745000000.0,21895000000.0,1.0,2829099753.0,2826400000.0,2874200000.0,26.019,86089000000.0,7481000000.0,1913000000.0,5546000000.0,30.459,35760000000.0
29,JNJ,MRT,2014-03-31,2014-03-30,2014-03-30,2021-07-29,-2645000000.0,133330000000.0,129317750000.0,57369000000.0,75961000000.0,0.556,27.091,-3639000000.0,19722000000.0,19722000000.0,22243000000.0,15061000000.0,2.406,0.741,17292000000.0,3949000000.0,13343000000.0,17292000000.0,0.0,4081000000.0,0.0,0.027,2.64,17127000000.0,21208000000.0,0.295,21208000000.0,17127000000.0,16634000000.0,5.34,5.23,5.34,76582000000.0,72526000000.0,76582000000.0,272901181063.0,16.0,12.868,15421000000.0,5.455,1.0,49679000000.0,0.691,49821000000.0,493000000.0,57239000000.0,51657250000.0,8009000000.0,9670000000.0,9670000000.0,0.0,56748000000.0,23840000000.0,32908000000.0,275648181063.0,4867000000.0,-280000000.0,-2200000000.0,1250000000.0,-7447000000.0,-8371000000.0,-5726000000.0,-1464000000.0,19060000000.0,-96000000.0,15061000000.0,15061000000.0,15061000000.0,0.0,0.0,0.209,30554000000.0,19125000000.0,6113000000.0,0.494,3.599,18.302,18.247,15996000000.0,0.0,97.44,3.833,3.83,12116000000.0,91387000000.0,71922000000.0,71922000000.0,8230000000.0,0.116,0.208,0.332,0.238,732000000.0,21790000000.0,1.0,2828901694.0,2826800000.0,2874700000.0,25.443,83509000000.0,7605000000.0,1573000000.0,5456000000.0,29.542,33529000000.0
30,JNJ,MRT,2013-12-31,2013-12-29,2013-12-29,2021-07-29,-2860000000.0,132683000000.0,126369250000.0,56407000000.0,76276000000.0,0.564,26.361,-3595000000.0,20927000000.0,20927000000.0,22342000000.0,13831000000.0,2.197,0.792,18180000000.0,4852000000.0,13328000000.0,18180000000.0,0.0,4104000000.0,0.0,0.028,2.59,15953000000.0,20057000000.0,0.281,20057000000.0,15953000000.0,15471000000.0,4.92,4.81,4.92,74053000000.0,70094250000.0,74053000000.0,258462838364.0,16.0,12.886,13819000000.0,4.919,1.0,48970000000.0,0.687,50745000000.0,482000000.0,53516000000.0,49770250000.0,7878000000.0,8279000000.0,8279000000.0,0.0,58630000000.0,25675000000.0,32955000000.0,260559838364.0,6016000000.0,-377000000.0,-889000000.0,2028000000.0,-7286000000.0,-6091000000.0,-5103000000.0,-865000000.0,17414000000.0,-204000000.0,13831000000.0,13831000000.0,13831000000.0,0.0,0.0,0.194,30593000000.0,18377000000.0,6266000000.0,0.526,3.519,18.839,18.77,16710000000.0,0.0,92.35,3.654,3.638,11713000000.0,89493000000.0,71312000000.0,71312000000.0,8183000000.0,0.109,0.197,0.321,0.224,728000000.0,21830000000.0,1.0,2821438423.0,2809200000.0,2877000000.0,25.385,81938000000.0,7479000000.0,1640000000.0,4759000000.0,29.168,30732000000.0
31,JNJ,MRT,2013-09-30,2013-09-29,2013-09-29,2021-07-29,-5346000000.0,126933000000.0,123535250000.0,52176000000.0,74757000000.0,0.571,24.767,-3318000000.0,17204000000.0,17204000000.0,22390000000.0,12879000000.0,2.02,0.818,15107000000.0,5359000000.0,9748000000.0,15107000000.0,0.0,4038000000.0,0.0,0.029,2.54,16276000000.0,20314000000.0,0.288,20314000000.0,16276000000.0,15821000000.0,4.59,4.49,4.59,69804000000.0,67787500000.0,69804000000.0,242086546138.0,15.0,11.917,13333000000.0,4.731,1.0,48125000000.0,0.682,51319000000.0,455000000.0,47682000000.0,48182000000.0,8124000000.0,8024000000.0,8024000000.0,0.0,57129000000.0,25835000000.0,31294000000.0,244411546138.0,1718000000.0,-86000000.0,124000000.0,-1838000000.0,-7114000000.0,-8744000000.0,-6028000000.0,-2626000000.0,16651000000.0,-161000000.0,12879000000.0,12879000000.0,12879000000.0,0.0,0.0,0.183,29974000000.0,18151000000.0,6055000000.0,0.553,3.501,18.978,18.895,16127000000.0,0.0,86.73,3.466,3.466,12027000000.0,87703000000.0,70515000000.0,70515000000.0,8103000000.0,0.104,0.19,0.338,0.231,731000000.0,21574000000.0,1.0,2818073863.0,2818400000.0,2881200000.0,25.02,75614000000.0,8081000000.0,2942000000.0,5324000000.0,26.829,26341000000.0
32,JNJ,MRT,2013-06-30,2013-06-30,2013-06-30,2021-07-29,-6810000000.0,124325000000.0,121539750000.0,51273000000.0,73052000000.0,0.576,24.794,-3191000000.0,17307000000.0,17307000000.0,22643000000.0,12526000000.0,2.157,0.785,14982000000.0,5339000000.0,9643000000.0,14982000000.0,0.0,4067000000.0,0.0,0.029,2.49,16573000000.0,20640000000.0,0.295,20640000000.0,16573000000.0,16088000000.0,4.61,4.5,4.61,69665000000.0,66276750000.0,69665000000.0,242208034557.0,15.0,11.735,12493000000.0,4.446,1.0,47349000000.0,0.676,50041000000.0,485000000.0,48192000000.0,47715000000.0,7822000000.0,7822000000.0,7822000000.0,0.0,54660000000.0,23767000000.0,30893000000.0,241171034557.0,3265000000.0,630000000.0,3414000000.0,-2490000000.0,-6935000000.0,-5878000000.0,-6412000000.0,-3881000000.0,15684000000.0,-129000000.0,12865000000.0,12865000000.0,12865000000.0,0.0,-339000000.0,0.184,30270000000.0,17079000000.0,5687000000.0,0.54,3.462,18.746,18.625,15794000000.0,0.0,85.86,3.446,3.447,11614000000.0,89449000000.0,69992000000.0,69992000000.0,7984000000.0,0.106,0.194,0.347,0.237,716000000.0,21488000000.0,1.0,2808886962.0,2809700000.0,2893000000.0,24.911,74284000000.0,8023000000.0,3223000000.0,4641000000.0,26.438,27506000000.0
33,JNJ,MRT,2013-03-31,2013-03-31,2013-03-31,2021-07-29,-6689000000.0,121536000000.0,119396000000.0,47228000000.0,74308000000.0,0.574,23.961,-3018000000.0,14855000000.0,14855000000.0,22297000000.0,10101000000.0,2.097,0.818,15892000000.0,4529000000.0,11363000000.0,15892000000.0,0.0,3929000000.0,0.0,0.03,2.44,13840000000.0,17769000000.0,0.259,17769000000.0,13840000000.0,13330000000.0,3.76,3.67,3.76,66855000000.0,63969000000.0,66855000000.0,229156367609.0,17.0,12.896,11860000000.0,4.251,1.0,46293000000.0,0.675,50358000000.0,510000000.0,49691000000.0,46870500000.0,7691000000.0,6813000000.0,6813000000.0,0.0,54681000000.0,22524000000.0,32157000000.0,227902367609.0,-15412000000.0,-3397000000.0,-9889000000.0,-3619000000.0,-6755000000.0,-20156000000.0,-9969000000.0,-3590000000.0,14878000000.0,-165000000.0,10440000000.0,10440000000.0,10440000000.0,0.0,-339000000.0,0.152,30108000000.0,16185000000.0,5372000000.0,0.649,3.409,21.83,21.684,15721000000.0,0.0,81.53,3.323,3.317,11515000000.0,87242000000.0,68590000000.0,68590000000.0,7804000000.0,0.087,0.163,0.295,0.202,683000000.0,21077000000.0,1.0,2795319117.0,2790200000.0,2858800000.0,24.582,71178000000.0,7600000000.0,2890000000.0,4797000000.0,25.51,24704000000.0
34,JNJ,MRT,2012-12-31,2012-12-30,2012-12-30,2021-07-29,-5810000000.0,121347000000.0,118060500000.0,46116000000.0,75231000000.0,0.569,23.545,-2934000000.0,14911000000.0,14911000000.0,21658000000.0,10514000000.0,1.901,0.872,16165000000.0,4676000000.0,11489000000.0,16165000000.0,0.0,3666000000.0,0.0,0.035,2.4,14646000000.0,18312000000.0,0.272,18312000000.0,14646000000.0,14114000000.0,3.94,3.86,3.94,64826000000.0,62596750000.0,64826000000.0,193912254648.0,13.0,10.589,12462000000.0,4.526,1.0,45566000000.0,0.678,51176000000.0,532000000.0,47163000000.0,46868250000.0,7495000000.0,6178000000.0,6178000000.0,0.0,56521000000.0,24262000000.0,32259000000.0,192547254648.0,-9631000000.0,-2977000000.0,-10199000000.0,-3666000000.0,-6614000000.0,-20562000000.0,-4510000000.0,1363000000.0,15396000000.0,45000000.0,10853000000.0,10853000000.0,10853000000.0,0.0,-339000000.0,0.161,29697000000.0,15869000000.0,5831000000.0,0.609,2.97,17.741,17.635,16097000000.0,0.0,69.48,2.864,2.846,11309000000.0,85992000000.0,67224000000.0,67224000000.0,7665000000.0,0.092,0.173,0.312,0.218,662000000.0,20869000000.0,1.0,2771261581.0,2753300000.0,2812600000.0,24.416,70171000000.0,7680000000.0,3261000000.0,4200000000.0,25.486,21854000000.0
35,JNJ,MRT,2012-09-30,2012-09-30,2012-09-30,2021-07-29,-4925000000.0,118951000000.0,116134750000.0,44791000000.0,74160000000.0,0.568,23.124,-2910000000.0,15486000000.0,15486000000.0,20993000000.0,8165000000.0,1.871,0.866,16851000000.0,5423000000.0,11428000000.0,16851000000.0,0.0,3473000000.0,0.0,0.034,2.36,11940000000.0,15413000000.0,0.234,15413000000.0,11940000000.0,11332000000.0,3.11,3.05,3.11,63761000000.0,60660250000.0,63761000000.0,193510705164.0,16.0,12.555,12561000000.0,4.555,1.0,44928000000.0,0.682,50567000000.0,608000000.0,45814000000.0,47988000000.0,7809000000.0,4285000000.0,4285000000.0,0.0,55190000000.0,23935000000.0,31255000000.0,189987705164.0,-131000000.0,-3225000000.0,-11655000000.0,-1602000000.0,-6479000000.0,-19847000000.0,4231000000.0,10817000000.0,15471000000.0,14000000.0,8504000000.0,8504000000.0,8504000000.0,0.0,-339000000.0,0.129,29243000000.0,15685000000.0,5344000000.0,0.759,2.98,22.341,22.158,15845000000.0,0.0,68.91,2.882,2.882,11175000000.0,84880000000.0,65921000000.0,65921000000.0,7489000000.0,0.073,0.14,0.249,0.181,652000000.0,20666000000.0,1.0,2757041143.0,2757400000.0,2818100000.0,23.907,68384000000.0,7474000000.0,2828000000.0,4218000000.0,24.8,20856000000.0
36,JNJ,MRT,2012-06-30,2012-07-01,2012-07-01,2021-07-29,-6204000000.0,115750000000.0,114352250000.0,41615000000.0,74135000000.0,0.567,21.997,-2939000000.0,14042000000.0,14042000000.0,20468000000.0,8738000000.0,1.745,0.915,17565000000.0,6040000000.0,11525000000.0,17565000000.0,0.0,3251000000.0,0.0,0.034,2.32,12116000000.0,15367000000.0,0.237,15367000000.0,12116000000.0,11509000000.0,3.2,3.15,3.2,60434000000.0,60101750000.0,60434000000.0,174726892590.0,14.0,11.37,12174000000.0,4.431,1.0,44406000000.0,0.684,50611000000.0,607000000.0,44814000000.0,51184750000.0,7697000000.0,2873000000.0,2873000000.0,0.0,55316000000.0,23848000000.0,31468000000.0,185544892590.0,-932000000.0,-3183000000.0,-12838000000.0,-1074000000.0,-6354000000.0,-20426000000.0,4578000000.0,11424000000.0,15113000000.0,-197000000.0,8738000000.0,8738000000.0,8738000000.0,0.0,0.0,0.135,28426000000.0,15980000000.0,5145000000.0,0.725,3.07,21.234,21.113,15622000000.0,0.0,67.56,2.86,2.861,10992000000.0,83530000000.0,64874000000.0,64874000000.0,7339000000.0,0.076,0.145,0.237,0.187,651000000.0,20678000000.0,1.0,2746372004.0,2747400000.0,2798200000.0,23.613,65139000000.0,7128000000.0,2771000000.0,3535000000.0,23.709,17767000000.0
37,JNJ,MRT,2012-03-31,2012-04-01,2012-04-01,2021-07-29,-4540000000.0,116194000000.0,113443250000.0,57007000000.0,59187000000.0,0.573,22.422,-2959000000.0,30267000000.0,30267000000.0,20497000000.0,10106000000.0,2.689,0.893,19449000000.0,6439000000.0,13010000000.0,19449000000.0,0.0,3176000000.0,0.0,0.035,2.28,13489000000.0,16665000000.0,0.256,16665000000.0,13489000000.0,12896000000.0,3.7,3.65,3.7,61366000000.0,60526250000.0,61366000000.0,176150389139.0,13.0,10.57,11818000000.0,4.318,1.0,44499000000.0,0.685,34496000000.0,593000000.0,49682000000.0,55046250000.0,6800000000.0,3580000000.0,3580000000.0,0.0,54828000000.0,21198000000.0,33630000000.0,181065389139.0,7911000000.0,831000000.0,-216000000.0,1807000000.0,-6241000000.0,-4810000000.0,-1996000000.0,855000000.0,14777000000.0,-60000000.0,10106000000.0,10106000000.0,10106000000.0,0.0,0.0,0.155,28952000000.0,15547000000.0,5085000000.0,0.616,2.951,17.917,17.827,14824000000.0,0.0,65.96,2.786,2.777,10982000000.0,83103000000.0,64996000000.0,64996000000.0,7455000000.0,0.089,0.167,0.245,0.208,642000000.0,20928000000.0,1.0,2745078671.0,2736900000.0,2774900000.0,23.748,81698000000.0,8606000000.0,2790000000.0,2760000000.0,29.851,35809000000.0
38,JNJ,MRT,2011-12-31,2012-01-01,2012-01-01,2021-07-29,-5632000000.0,113644000000.0,111432250000.0,54316000000.0,59328000000.0,0.584,20.863,-2893000000.0,24542000000.0,24542000000.0,20360000000.0,9672000000.0,2.381,0.991,19627000000.0,6658000000.0,12969000000.0,19627000000.0,0.0,3158000000.0,0.0,0.034,2.25,12932000000.0,16090000000.0,0.247,16090000000.0,12932000000.0,12361000000.0,3.54,3.49,3.54,57080000000.0,60150500000.0,57080000000.0,181829078600.0,14.0,11.301,11405000000.0,4.168,1.0,44670000000.0,0.687,34276000000.0,571000000.0,51642000000.0,53825750000.0,6285000000.0,7719000000.0,7719000000.0,0.0,56564000000.0,22811000000.0,33753000000.0,179089078600.0,5187000000.0,-1455000000.0,-1279000000.0,2983000000.0,-6156000000.0,-4452000000.0,-4612000000.0,514000000.0,14298000000.0,-47000000.0,9672000000.0,9672000000.0,9672000000.0,0.0,0.0,0.149,29086000000.0,15584000000.0,5725000000.0,0.636,3.138,18.516,18.525,14739000000.0,0.0,65.58,2.754,2.759,10581000000.0,81251000000.0,65030000000.0,65030000000.0,7548000000.0,0.087,0.161,0.24,0.199,621000000.0,20969000000.0,1.0,2730849018.0,2736000000.0,2775300000.0,23.768,79368000000.0,9096000000.0,2689000000.0,2654000000.0,29.009,31505000000.0
39,JNJ,MRT,2011-09-30,2011-10-02,2011-10-02,2021-07-29,-3068000000.0,111821000000.0,108748250000.0,53443000000.0,58378000000.0,0.592,22.467,-2724000000.0,15617000000.0,15617000000.0,20062000000.0,11396000000.0,2.464,0.817,18357000000.0,5326000000.0,13031000000.0,18357000000.0,0.0,3084000000.0,0.0,0.035,2.22,14797000000.0,17881000000.0,0.278,17881000000.0,14797000000.0,14271000000.0,4.17,4.1,4.17,61527000000.0,60025250000.0,61527000000.0,178285153521.0,12.0,9.971,11947000000.0,4.363,1.0,44357000000.0,0.689,34274000000.0,526000000.0,58601000000.0,52226250000.0,6428000000.0,15310000000.0,15310000000.0,0.0,50294000000.0,21686000000.0,28608000000.0,174533153521.0,1279000000.0,-1548000000.0,-1470000000.0,6462000000.0,-6082000000.0,-1090000000.0,-12254000000.0,-7683000000.0,14671000000.0,-48000000.0,11396000000.0,11396000000.0,11396000000.0,0.0,0.0,0.177,28655000000.0,15702000000.0,5730000000.0,0.532,2.837,15.315,15.273,14635000000.0,0.0,63.69,2.709,2.708,10552000000.0,82634000000.0,64419000000.0,64419000000.0,7375000000.0,0.105,0.19,0.283,0.23,624000000.0,20691000000.0,1.0,2740354114.0,2738500000.0,2777600000.0,23.523,77547000000.0,8044000000.0,2875000000.0,3225000000.0,28.317,31757000000.0
40,JNJ,MRT,2011-06-30,2011-07-03,2011-07-03,2021-07-29,-1192000000.0,112114000000.0,105354750000.0,52673000000.0,59441000000.0,0.602,22.672,-2541000000.0,14974000000.0,14974000000.0,19584000000.0,11611000000.0,2.51,0.804,18726000000.0,5046000000.0,13680000000.0,18726000000.0,0.0,3026000000.0,0.0,0.033,2.19,14879000000.0,17905000000.0,0.282,17905000000.0,14879000000.0,14379000000.0,4.24,4.18,4.24,62132000000.0,58966250000.0,62132000000.0,179952952637.0,12.0,10.05,12542000000.0,4.577,1.0,43812000000.0,0.691,34621000000.0,500000000.0,60260000000.0,49095250000.0,6413000000.0,14708000000.0,14708000000.0,0.0,49982000000.0,20985000000.0,28997000000.0,184478952637.0,2261000000.0,-1889000000.0,-1389000000.0,6840000000.0,-6008000000.0,-557000000.0,-12539000000.0,-8030000000.0,15083000000.0,274000000.0,11611000000.0,11611000000.0,11611000000.0,0.0,0.0,0.183,28008000000.0,15804000000.0,5689000000.0,0.517,2.969,15.888,15.873,14974000000.0,0.0,67.3,2.91,2.909,10982000000.0,80836000000.0,63396000000.0,63396000000.0,7259000000.0,0.11,0.197,0.303,0.235,648000000.0,20160000000.0,1.0,2741143427.0,2740500000.0,2781300000.0,23.133,77493000000.0,7959000000.0,2768000000.0,2696000000.0,28.277,31688000000.0
41,JNJ,MRT,2011-03-31,2011-04-03,2011-04-03,2021-07-29,-2020000000.0,108150000000.0,100401250000.0,49221000000.0,58929000000.0,0.619,21.861,-2423000000.0,22356000000.0,22356000000.0,19042000000.0,12284000000.0,2.05,0.807,17830000000.0,8575000000.0,9255000000.0,17830000000.0,0.0,2960000000.0,0.0,0.036,2.16,15649000000.0,18609000000.0,0.3,18609000000.0,15649000000.0,15177000000.0,4.48,4.41,4.48,59863000000.0,56646000000.0,59863000000.0,160135864143.0,10.0,8.605,12588000000.0,4.597,1.0,43087000000.0,0.694,34813000000.0,472000000.0,44800000000.0,44777250000.0,6200000000.0,4511000000.0,4511000000.0,0.0,48287000000.0,24011000000.0,24276000000.0,162717864143.0,8613000000.0,-2003000000.0,-1685000000.0,5636000000.0,-5934000000.0,-1983000000.0,-4532000000.0,-20000000.0,15011000000.0,117000000.0,12284000000.0,12284000000.0,12284000000.0,0.0,0.0,0.198,26726000000.0,16361000000.0,5701000000.0,0.482,2.718,13.246,13.279,15084000000.0,0.0,59.49,2.619,2.622,10861000000.0,79515000000.0,62129000000.0,62129000000.0,7025000000.0,0.122,0.217,0.349,0.252,609000000.0,19701000000.0,1.0,2735213719.0,2738400000.0,2772700000.0,22.688,73337000000.0,7599000000.0,2893000000.0,2902000000.0,26.781,25210000000.0
42,JNJ,MRT,2010-12-31,2011-01-02,2011-01-02,2021-07-29,-3531000000.0,102908000000.0,96724000000.0,47307000000.0,55601000000.0,0.637,20.564,-2384000000.0,19355000000.0,19355000000.0,18792000000.0,13334000000.0,2.05,0.819,16773000000.0,7617000000.0,9156000000.0,16773000000.0,0.0,2939000000.0,0.0,0.034,2.11,17402000000.0,20341000000.0,0.33,20341000000.0,17402000000.0,16947000000.0,4.85,4.78,4.85,56579000000.0,54908750000.0,56579000000.0,167542790850.0,10.0,8.237,14001000000.0,5.089,1.0,42795000000.0,0.695,32010000000.0,455000000.0,45244000000.0,43958750000.0,5378000000.0,8303000000.0,8303000000.0,0.0,46329000000.0,23072000000.0,23257000000.0,169855790850.0,3545000000.0,-745000000.0,-1571000000.0,2395000000.0,-5804000000.0,-4980000000.0,-7854000000.0,-4687000000.0,16385000000.0,-6000000.0,13334000000.0,13334000000.0,13334000000.0,0.0,0.0,0.217,26268000000.0,16527000000.0,5623000000.0,0.435,3.002,12.739,12.753,14553000000.0,0.0,61.85,2.758,2.763,9774000000.0,77773000000.0,61587000000.0,61587000000.0,6844000000.0,0.138,0.243,0.396,0.283,614000000.0,19424000000.0,1.0,2746253692.0,2751400000.0,2788800000.0,22.384,70898000000.0,7320000000.0,3613000000.0,2025000000.0,25.768,24235000000.0
43,JNJ,MRT,2010-09-30,2010-10-03,2010-10-03,2021-07-29,-2924000000.0,98247000000.0,94667500000.0,42717000000.0,55530000000.0,0.66,20.821,-2269000000.0,14338000000.0,14338000000.0,19064000000.0,13598000000.0,2.453,0.715,12025000000.0,2843000000.0,9182000000.0,12025000000.0,0.0,2914000000.0,0.0,0.033,2.06,17733000000.0,20647000000.0,0.33,20647000000.0,17733000000.0,17323000000.0,4.94,4.87,4.94,57291000000.0,53411000000.0,57291000000.0,169025958496.0,10.0,8.186,15579000000.0,5.662,1.0,43430000000.0,0.695,32443000000.0,410000000.0,46077000000.0,42772000000.0,5409000000.0,7788000000.0,7788000000.0,0.0,40956000000.0,17414000000.0,23542000000.0,170086958496.0,2482000000.0,-936000000.0,-1203000000.0,371000000.0,-5676000000.0,-6508000000.0,-8814000000.0,-5593000000.0,17848000000.0,-44000000.0,13598000000.0,13598000000.0,13598000000.0,0.0,0.0,0.218,28021000000.0,15409000000.0,5477000000.0,0.417,2.969,12.508,12.5,14360000000.0,0.0,61.75,2.722,2.719,10290000000.0,77272000000.0,62494000000.0,62494000000.0,7075000000.0,0.144,0.255,0.415,0.284,603000000.0,19873000000.0,1.0,2754444672.0,2751600000.0,2786400000.0,22.712,65804000000.0,7593000000.0,3725000000.0,2506000000.0,23.915,25303000000.0
44,JNJ,MRT,2010-06-30,2010-07-04,2010-07-04,2021-07-29,-5705000000.0,92300000000.0,92995250000.0,39023000000.0,53277000000.0,0.673,19.173,-2260000000.0,12713000000.0,12713000000.0,18904000000.0,13526000000.0,2.274,0.746,11652000000.0,3715000000.0,7937000000.0,11652000000.0,0.0,2864000000.0,0.0,0.034,2.01,17793000000.0,20657000000.0,0.33,20657000000.0,17793000000.0,17349000000.0,4.91,4.84,4.91,52851000000.0,51684250000.0,52851000000.0,161306749664.0,9.0,7.809,15648000000.0,5.677,1.0,43689000000.0,0.698,31087000000.0,444000000.0,42988000000.0,41353750000.0,5071000000.0,6188000000.0,6188000000.0,0.0,39449000000.0,17164000000.0,22285000000.0,162946749664.0,1027000000.0,-1799000000.0,-593000000.0,-1915000000.0,-5543000000.0,-8051000000.0,-8794000000.0,-4689000000.0,17908000000.0,-36000000.0,13526000000.0,13526000000.0,13526000000.0,0.0,0.0,0.216,28039000000.0,15650000000.0,4871000000.0,0.409,3.083,12.047,12.033,13881000000.0,0.0,59.08,2.603,2.602,9629000000.0,75252000000.0,62593000000.0,62593000000.0,7035000000.0,0.145,0.262,0.43,0.284,592000000.0,19931000000.0,1.0,2758069561.0,2756600000.0,2796000000.0,22.707,61213000000.0,7359000000.0,3823000000.0,2460000000.0,22.206,21859000000.0
45,JNJ,MRT,2010-03-31,2010-04-04,2010-04-04,2021-07-29,-3837000000.0,93441000000.0,91779750000.0,38861000000.0,54580000000.0,0.681,19.204,-2327000000.0,13743000000.0,13743000000.0,18724000000.0,13285000000.0,2.101,0.766,12103000000.0,4044000000.0,8059000000.0,12103000000.0,0.0,2832000000.0,0.0,0.03,1.96,17845000000.0,20677000000.0,0.331,20677000000.0,17845000000.0,17392000000.0,4.82,4.76,4.82,52914000000.0,50033250000.0,52914000000.0,179725242868.0,10.0,8.692,15107000000.0,5.483,1.0,43778000000.0,0.7,31776000000.0,453000000.0,41526000000.0,40758750000.0,5308000000.0,4267000000.0,4267000000.0,0.0,40527000000.0,18499000000.0,22028000000.0,180994242868.0,1154000000.0,-1701000000.0,-577000000.0,-2065000000.0,-5404000000.0,-8046000000.0,-8404000000.0,-4324000000.0,17434000000.0,170000000.0,13285000000.0,13285000000.0,13285000000.0,0.0,0.0,0.213,28070000000.0,15708000000.0,5126000000.0,0.407,3.421,13.624,13.645,14277000000.0,0.0,65.77,2.896,2.899,10018000000.0,73184000000.0,62502000000.0,62502000000.0,7025000000.0,0.145,0.266,0.438,0.286,626000000.0,19972000000.0,1.0,2751927062.0,2755400000.0,2797300000.0,22.683,61665000000.0,7137000000.0,4107000000.0,3045000000.0,22.38,20362000000.0
46,JNJ,MRT,2009-12-31,2010-01-03,2010-01-03,2021-07-29,-3058000000.0,94682000000.0,89944500000.0,39541000000.0,55141000000.0,0.688,18.332,-2365000000.0,15810000000.0,15810000000.0,18447000000.0,12266000000.0,1.82,0.872,14541000000.0,6318000000.0,8223000000.0,14541000000.0,0.0,2774000000.0,0.0,0.03,1.93,16206000000.0,18980000000.0,0.307,18980000000.0,16206000000.0,15755000000.0,4.45,4.4,4.45,50588000000.0,47752500000.0,50588000000.0,177457613352.0,11.0,9.35,14206000000.0,5.148,1.0,43450000000.0,0.702,31185000000.0,451000000.0,40497000000.0,39711500000.0,5180000000.0,3615000000.0,3615000000.0,0.0,44094000000.0,21731000000.0,22363000000.0,177713613352.0,5042000000.0,-2316000000.0,-1248000000.0,2483000000.0,-5327000000.0,-4092000000.0,-7598000000.0,-2808000000.0,16571000000.0,161000000.0,12266000000.0,12266000000.0,12266000000.0,0.0,0.0,0.198,27860000000.0,15590000000.0,5541000000.0,0.434,3.513,14.488,14.474,14759000000.0,0.0,64.41,2.871,2.872,9646000000.0,70306000000.0,61897000000.0,61897000000.0,6986000000.0,0.136,0.257,0.408,0.262,628000000.0,19801000000.0,1.0,2759099726.0,2759500000.0,2789100000.0,22.431,63497000000.0,8300000000.0,3489000000.0,1866000000.0,23.01,17810000000.0
47,JNJ,MRT,2009-09-30,2009-09-27,2009-09-27,2021-07-29,-2661000000.0,91558000000.0,87502000000.0,35602000000.0,55956000000.0,0.692,18.28,-2649000000.0,11856000000.0,11856000000.0,17507000000.0,12774000000.0,1.85,0.817,11600000000.0,3341000000.0,8259000000.0,11600000000.0,0.0,2745000000.0,0.0,0.031,1.9,17136000000.0,19881000000.0,0.328,19881000000.0,17136000000.0,16668000000.0,4.62,4.58,4.62,50384000000.0,45733250000.0,50384000000.0,168985436496.0,10.0,8.5,12636000000.0,4.584,1.0,43021000000.0,0.711,31653000000.0,468000000.0,40404000000.0,38949500000.0,5568000000.0,2500000000.0,2481000000.0,19000000.0,41174000000.0,19245000000.0,21929000000.0,167057436496.0,-2162000000.0,-2410000000.0,-1624000000.0,-2768000000.0,-5248000000.0,-9640000000.0,-7748000000.0,-2479000000.0,15285000000.0,-59000000.0,12774000000.0,12774000000.0,12774000000.0,0.0,0.0,0.211,26859000000.0,16162000000.0,6419000000.0,0.411,3.316,13.078,13.121,14815000000.0,0.0,60.62,2.76,2.76,10279000000.0,69471000000.0,60528000000.0,60528000000.0,6881000000.0,0.146,0.279,0.44,0.283,602000000.0,19837000000.0,1.0,2755813865.0,2756300000.0,2793000000.0,21.96,59905000000.0,8538000000.0,3894000000.0,2534000000.0,21.734,16357000000.0
48,JNJ,MRT,2009-06-30,2009-06-28,2009-06-28,2021-07-29,-4481000000.0,87438000000.0,86543500000.0,35494000000.0,51944000000.0,0.709,16.779,-2902000000.0,11686000000.0,11686000000.0,17847000000.0,12739000000.0,1.785,0.891,13614000000.0,5435000000.0,8179000000.0,13614000000.0,0.0,2838000000.0,0.0,0.033,1.87,17161000000.0,19999000000.0,0.326,19999000000.0,17161000000.0,16713000000.0,4.6,4.55,4.6,46247000000.0,44570750000.0,46247000000.0,157450022356.0,9.0,7.873,12182000000.0,4.42,1.0,43521000000.0,0.709,28872000000.0,448000000.0,40608000000.0,38109750000.0,5472000000.0,3048000000.0,3030000000.0,18000000.0,41191000000.0,19886000000.0,21305000000.0,155965022356.0,-960000000.0,-1709000000.0,-3207000000.0,294000000.0,-5181000000.0,-8094000000.0,-7454000000.0,-2722000000.0,15084000000.0,-496000000.0,12739000000.0,12739000000.0,12739000000.0,0.0,0.0,0.208,27531000000.0,15990000000.0,5832000000.0,0.407,3.372,12.243,12.304,14502000000.0,0.0,56.6,2.541,2.542,10133000000.0,67408000000.0,61368000000.0,61368000000.0,7125000000.0,0.147,0.286,0.45,0.28,612000000.0,20265000000.0,1.0,2755565766.0,2756200000.0,2782000000.0,22.265,58566000000.0,8324000000.0,3974000000.0,1991000000.0,21.249,15608000000.0
49,JNJ,MRT,2009-03-31,2009-03-29,2009-03-29,2021-07-29,-5169000000.0,86100000000.0,86712250000.0,34839000000.0,51261000000.0,0.722,15.832,-3022000000.0,12589000000.0,12589000000.0,18148000000.0,12858000000.0,1.634,0.966,14074000000.0,6022000000.0,8052000000.0,14074000000.0,0.0,2842000000.0,0.0,0.035,1.84,17268000000.0,20110000000.0,0.321,20110000000.0,17268000000.0,16825000000.0,4.62,4.57,4.62,43791000000.0,44617750000.0,43791000000.0,147201449463.0,9.0,7.32,11541000000.0,4.173,1.0,44431000000.0,0.71,28923000000.0,443000000.0,37337000000.0,37560750000.0,5359000000.0,1361000000.0,1344000000.0,17000000.0,42309000000.0,21325000000.0,20984000000.0,146117449463.0,2050000000.0,-1740000000.0,-4449000000.0,3350000000.0,-5123000000.0,-6222000000.0,-5715000000.0,-826000000.0,14563000000.0,-576000000.0,12858000000.0,12858000000.0,12858000000.0,0.0,0.0,0.205,28539000000.0,15892000000.0,6395000000.0,0.398,3.337,11.364,11.435,14253000000.0,0.0,52.83,2.335,2.335,9831000000.0,65398000000.0,62579000000.0,62579000000.0,7383000000.0,0.148,0.288,0.46,0.276,623000000.0,20975000000.0,1.0,2765804457.0,2765900000.0,2789800000.0,22.625,57177000000.0,7821000000.0,3967000000.0,2192000000.0,20.672,13514000000.0
50,JNJ,MRT,2008-12-31,2008-12-28,2008-12-28,2021-07-29,-4955000000.0,84912000000.0,86686000000.0,34377000000.0,50535000000.0,0.735,15.169,-3066000000.0,10768000000.0,10768000000.0,18511000000.0,12949000000.0,1.649,0.997,11852000000.0,3732000000.0,8120000000.0,11852000000.0,0.0,2832000000.0,0.0,0.031,1.795,17364000000.0,20196000000.0,0.317,20196000000.0,17364000000.0,16929000000.0,4.62,4.57,4.62,42511000000.0,45076250000.0,42511000000.0,163100708346.0,9.0,8.076,11906000000.0,4.248,1.0,45236000000.0,0.71,27695000000.0,435000000.0,37449000000.0,37068500000.0,5052000000.0,2041000000.0,2041000000.0,0.0,42401000000.0,20852000000.0,21549000000.0,162478708346.0,2998000000.0,-429000000.0,-5165000000.0,2725000000.0,-5024000000.0,-7464000000.0,-4187000000.0,-609000000.0,14972000000.0,-323000000.0,12949000000.0,12949000000.0,12949000000.0,0.0,0.0,0.203,29248000000.0,15988000000.0,7503000000.0,0.389,3.822,12.548,12.675,14365000000.0,0.0,58.56,2.549,2.574,9719000000.0,63379000000.0,63747000000.0,63747000000.0,7577000000.0,0.149,0.287,0.468,0.272,627000000.0,21490000000.0,1.0,2774568107.0,2802500000.0,2835600000.0,22.746,57217000000.0,9271000000.0,3980000000.0,1849000000.0,20.416,13525000000.0
51,JNJ,MRT,2008-09-30,2008-09-28,2008-09-28,2021-07-29,-930000000.0,87724000000.0,85696500000.0,36590000000.0,51134000000.0,0.753,16.264,-3176000000.0,14018000000.0,14018000000.0,18873000000.0,12609000000.0,1.61,0.918,14640000000.0,6245000000.0,8395000000.0,14640000000.0,0.0,2992000000.0,0.0,0.025,1.75,16162000000.0,19154000000.0,0.297,19154000000.0,16162000000.0,15744000000.0,4.47,4.42,4.47,45734000000.0,45278250000.0,45734000000.0,195217996583.0,12.0,10.192,11892000000.0,4.229,1.0,45649000000.0,0.707,28571000000.0,418000000.0,37045000000.0,36236500000.0,5473000000.0,783000000.0,781000000.0,2000000.0,41990000000.0,22730000000.0,19260000000.0,193937996583.0,7378000000.0,-111000000.0,-6838000000.0,6930000000.0,-4934000000.0,-4842000000.0,-2847000000.0,743000000.0,15068000000.0,-1000000.0,12609000000.0,12609000000.0,12609000000.0,0.0,0.0,0.195,29383000000.0,16266000000.0,6384000000.0,0.391,4.241,15.381,15.526,14355000000.0,0.0,69.4,3.006,3.024,10156000000.0,61878000000.0,64522000000.0,64522000000.0,7797000000.0,0.147,0.278,0.446,0.25,685000000.0,21546000000.0,1.0,2794495628.0,2811900000.0,2847800000.0,22.946,59153000000.0,7775000000.0,3135000000.0,1842000000.0,21.037,13860000000.0
52,JNJ,MRT,2008-06-30,2008-06-29,2008-06-29,2021-07-29,561000000.0,88113000000.0,83431750000.0,35817000000.0,52296000000.0,0.762,16.526,-3063000000.0,12646000000.0,12646000000.0,18373000000.0,11847000000.0,1.644,0.898,13926000000.0,5156000000.0,8770000000.0,13926000000.0,0.0,2821000000.0,0.0,0.027,1.705,15100000000.0,17921000000.0,0.282,17921000000.0,15100000000.0,14722000000.0,4.17,4.13,4.17,46435000000.0,44738000000.0,46435000000.0,180029443953.0,12.0,10.046,11303000000.0,4.023,1.0,45198000000.0,0.711,29201000000.0,378000000.0,38412000000.0,34746750000.0,5700000000.0,415000000.0,412000000.0,3000000.0,41678000000.0,21780000000.0,19898000000.0,179152443953.0,7075000000.0,224000000.0,-6877000000.0,7350000000.0,-4849000000.0,-4376000000.0,-3313000000.0,-109000000.0,14366000000.0,398000000.0,11847000000.0,11847000000.0,11847000000.0,0.0,0.0,0.186,29805000000.0,15393000000.0,6623000000.0,0.409,3.858,15.122,15.245,14627000000.0,0.0,63.57,2.818,2.81,10539000000.0,59960000000.0,63571000000.0,63571000000.0,7770000000.0,0.142,0.265,0.435,0.238,694000000.0,21250000000.0,1.0,2818191662.0,2809800000.0,2844800000.0,22.625,58912000000.0,8034000000.0,2875000000.0,1839000000.0,20.967,14037000000.0
53,JNJ,MRT,2008-03-31,2008-03-30,2008-03-30,2021-07-29,509000000.0,85995000000.0,80074250000.0,33818000000.0,52177000000.0,0.777,16.109,-2975000000.0,10539000000.0,10539000000.0,17980000000.0,11601000000.0,1.532,0.885,11416000000.0,4250000000.0,7166000000.0,11416000000.0,0.0,2821000000.0,0.0,0.026,1.66,14710000000.0,17531000000.0,0.282,17531000000.0,14710000000.0,14378000000.0,4.05,4.01,4.05,45625000000.0,43909750000.0,45625000000.0,183563423893.0,12.0,10.471,11446000000.0,4.041,1.0,44272000000.0,0.711,29433000000.0,332000000.0,35368000000.0,32005250000.0,5575000000.0,608000000.0,605000000.0,3000000.0,40370000000.0,22071000000.0,18299000000.0,181796423893.0,5364000000.0,249000000.0,-5507000000.0,4543000000.0,-4759000000.0,-5723000000.0,-3774000000.0,-698000000.0,14421000000.0,440000000.0,11601000000.0,11601000000.0,11601000000.0,0.0,0.0,0.186,29257000000.0,15015000000.0,7487000000.0,0.41,3.985,15.671,15.847,14486000000.0,0.0,64.18,2.92,2.92,10384000000.0,57811000000.0,62252000000.0,62252000000.0,7740000000.0,0.145,0.264,0.46,0.236,697000000.0,20772000000.0,1.0,2832602429.0,2832300000.0,2866300000.0,21.979,56562000000.0,7731000000.0,2777000000.0,2153000000.0,19.97,11747000000.0
54,JNJ,MRT,2007-12-31,2007-12-30,2007-12-30,2021-07-29,-693000000.0,80954000000.0,76842000000.0,29945000000.0,51009000000.0,0.795,15.026,-2942000000.0,7770000000.0,7770000000.0,17751000000.0,10576000000.0,1.51,0.869,9537000000.0,2463000000.0,7074000000.0,9537000000.0,0.0,2777000000.0,0.0,0.024,1.62,13579000000.0,16356000000.0,0.268,16356000000.0,13579000000.0,13283000000.0,3.67,3.63,3.67,43319000000.0,42735500000.0,43319000000.0,194081709003.0,14.0,11.866,12080000000.0,4.19,1.0,43344000000.0,0.709,28763000000.0,296000000.0,34121000000.0,29586000000.0,5110000000.0,1547000000.0,1545000000.0,2000000.0,37635000000.0,19837000000.0,17798000000.0,192824709003.0,3687000000.0,-931000000.0,-4045000000.0,3017000000.0,-4670000000.0,-5698000000.0,-5912000000.0,-1671000000.0,15022000000.0,275000000.0,10576000000.0,10576000000.0,10576000000.0,0.0,0.0,0.173,29683000000.0,13661000000.0,6909000000.0,0.441,4.451,18.232,18.36,14185000000.0,0.0,67.38,3.156,3.179,9444000000.0,55280000000.0,61095000000.0,61095000000.0,7680000000.0,0.138,0.247,0.459,0.222,698000000.0,20451000000.0,1.0,2861749911.0,2882900000.0,2910700000.0,21.192,52191000000.0,7498000000.0,2707000000.0,1716000000.0,18.104,10108000000.0
55,JNJ,MRT,2007-09-30,2007-09-30,2007-09-30,2021-07-29,-1534000000.0,78665000000.0,74242500000.0,28941000000.0,49724000000.0,0.792,15.067,-2763000000.0,6640000000.0,6640000000.0,17024000000.0,10370000000.0,1.497,0.805,7897000000.0,3264000000.0,4633000000.0,7897000000.0,0.0,2473000000.0,0.0,0.024,1.58,13883000000.0,16356000000.0,0.278,16356000000.0,13883000000.0,13659000000.0,3.58,3.55,3.58,43573000000.0,41735250000.0,43573000000.0,191081273822.0,14.0,11.683,12445000000.0,4.303,1.0,41796000000.0,0.711,29508000000.0,224000000.0,31086000000.0,27360000000.0,5414000000.0,1688000000.0,1680000000.0,8000000.0,35092000000.0,19328000000.0,15764000000.0,190169273822.0,-7851000000.0,-17301000000.0,-2528000000.0,5552000000.0,-4571000000.0,-1547000000.0,-21795000000.0,-1682000000.0,15208000000.0,283000000.0,10370000000.0,10370000000.0,10370000000.0,0.0,0.0,0.176,28696000000.0,13100000000.0,5963000000.0,0.441,4.364,18.338,18.352,13613000000.0,0.0,65.7,3.233,3.23,9384000000.0,54197000000.0,58820000000.0,58820000000.0,7398000000.0,0.14,0.248,0.507,0.236,685000000.0,19426000000.0,1.0,2894509495.0,2892000000.0,,20.339,49157000000.0,6402000000.0,3289000000.0,2418000000.0,16.998,9613000000.0
56,JNJ,MRT,2007-06-30,2007-07-01,2007-07-01,2021-07-29,-1898000000.0,74683000000.0,69885750000.0,25804000000.0,48879000000.0,0.818,14.895,-2677000000.0,5571000000.0,5571000000.0,16400000000.0,10582000000.0,1.359,0.732,6483000000.0,4470000000.0,2013000000.0,6483000000.0,0.0,2415000000.0,0.0,0.025,1.54,14207000000.0,16622000000.0,0.291,16622000000.0,14207000000.0,14052000000.0,3.64,3.61,3.64,43122000000.0,40985250000.0,43122000000.0,180004928731.0,13.0,10.829,12475000000.0,4.309,1.0,40737000000.0,0.713,29166000000.0,155000000.0,27446000000.0,25519000000.0,5155000000.0,417000000.0,400000000.0,17000000.0,31561000000.0,18983000000.0,12578000000.0,178485928731.0,-9076000000.0,-17449000000.0,-3126000000.0,3820000000.0,-4465000000.0,-3771000000.0,-20640000000.0,-430000000.0,15152000000.0,183000000.0,10582000000.0,10582000000.0,10582000000.0,0.0,0.0,0.185,27343000000.0,13394000000.0,5458000000.0,0.423,4.139,16.867,16.929,13385000000.0,0.0,61.62,3.124,3.122,9470000000.0,52819000000.0,57137000000.0,57137000000.0,7283000000.0,0.151,0.258,0.557,0.249,679000000.0,18818000000.0,1.0,2896558402.0,2895100000.0,,19.736,45517000000.0,5769000000.0,3470000000.0,2244000000.0,15.722,6821000000.0
57,JNJ,MRT,2007-03-31,2007-04-01,2007-04-01,2021-07-29,-2124000000.0,73066000000.0,66462500000.0,24673000000.0,48393000000.0,0.833,14.141,-2666000000.0,5175000000.0,5175000000.0,15830000000.0,10321000000.0,1.255,0.785,6694000000.0,4682000000.0,2012000000.0,6694000000.0,0.0,2278000000.0,0.0,0.025,1.5,13733000000.0,16011000000.0,0.289,16011000000.0,13733000000.0,13624000000.0,3.54,3.51,3.54,40928000000.0,40390250000.0,40928000000.0,176907422357.0,13.0,11.049,11945000000.0,4.127,1.0,39539000000.0,0.714,29231000000.0,109000000.0,25691000000.0,24536250000.0,5047000000.0,30000000.0,16000000.0,14000000.0,32138000000.0,19663000000.0,12475000000.0,174397422357.0,-11647000000.0,-17856000000.0,-5247000000.0,3723000000.0,-4370000000.0,-4866000000.0,-20400000000.0,171000000.0,14611000000.0,172000000.0,10321000000.0,10321000000.0,10321000000.0,0.0,0.0,0.186,26714000000.0,12825000000.0,5643000000.0,0.424,4.261,16.897,17.023,13180000000.0,0.0,60.26,3.15,3.15,9293000000.0,50850000000.0,55369000000.0,55369000000.0,7245000000.0,0.155,0.256,0.56,0.248,670000000.0,18140000000.0,1.0,2894082681.0,2894200000.0,,19.131,43835000000.0,5361000000.0,3303000000.0,2753000000.0,15.146,5010000000.0
58,JNJ,MRT,2006-12-31,2006-12-31,2006-12-31,2021-07-29,-2118000000.0,70556000000.0,63729250000.0,22975000000.0,47581000000.0,0.837,13.561,-2666000000.0,4083000000.0,4083000000.0,15057000000.0,11053000000.0,1.199,0.794,6593000000.0,4579000000.0,2014000000.0,6593000000.0,0.0,2177000000.0,0.0,0.022,1.455,14650000000.0,16827000000.0,0.316,16827000000.0,14650000000.0,14587000000.0,3.76,3.73,3.76,39318000000.0,40439000000.0,39318000000.0,179293428984.0,12.0,10.655,11582000000.0,3.995,1.0,38267000000.0,0.718,28688000000.0,63000000.0,25217000000.0,23620750000.0,4889000000.0,17000000.0,1000000.0,16000000.0,31238000000.0,19161000000.0,12077000000.0,191415428984.0,-11972000000.0,-17512000000.0,-5587000000.0,3745000000.0,-4267000000.0,-6109000000.0,-20291000000.0,-41000000.0,14248000000.0,180000000.0,11053000000.0,11053000000.0,11053000000.0,0.0,0.0,0.207,25117000000.0,13150000000.0,5691000000.0,0.387,4.868,17.318,17.559,13044000000.0,0.0,66.02,3.59,3.59,8712000000.0,49290000000.0,53324000000.0,53324000000.0,7125000000.0,0.173,0.273,0.62,0.275,659000000.0,17433000000.0,1.0,2899355180.0,2899355180.0,,18.392,41868000000.0,5304000000.0,3534000000.0,2043000000.0,14.44,3814000000.0
59,JNJ,MRT,2006-09-30,2006-10-01,2006-10-01,2021-07-29,-539000000.0,61238000000.0,60806250000.0,31286000000.0,29952000000.0,0.859,13.895,-2749000000.0,14491000000.0,14491000000.0,14688000000.0,10980000000.0,2.594,0.509,2369000000.0,362000000.0,2007000000.0,2369000000.0,0.0,2113000000.0,0.0,0.022,1.41,14426000000.0,16539000000.0,0.317,16539000000.0,14426000000.0,14382000000.0,3.72,3.69,3.72,40573000000.0,40287000000.0,40573000000.0,177938917835.0,12.0,10.759,10379000000.0,3.554,1.0,37564000000.0,0.719,13331000000.0,44000000.0,23722000000.0,22487500000.0,4449000000.0,217000000.0,201000000.0,16000000.0,20665000000.0,12063000000.0,8602000000.0,189950917835.0,-334000000.0,-1613000000.0,-5050000000.0,-1000000.0,-4165000000.0,-9216000000.0,-4362000000.0,170000000.0,13128000000.0,116000000.0,10980000000.0,10980000000.0,10980000000.0,0.0,0.0,0.21,24723000000.0,12841000000.0,3964000000.0,0.379,4.682,17.3,17.457,11462000000.0,0.0,64.94,3.635,3.629,7978000000.0,48210000000.0,52252000000.0,52252000000.0,7093000000.0,0.181,0.273,0.642,0.276,646000000.0,17382000000.0,1.0,2925021833.0,2920000000.0,,17.895,47907000000.0,3866000000.0,3402000000.0,1308000000.0,16.407,19223000000.0
60,JNJ,MRT,2006-06-30,2006-07-02,2006-07-02,2021-07-29,-550000000.0,60990000000.0,59640250000.0,31514000000.0,29476000000.0,0.86,13.792,-2792000000.0,14647000000.0,14647000000.0,14392000000.0,10758000000.0,2.585,0.497,2635000000.0,654000000.0,1981000000.0,2635000000.0,0.0,2097000000.0,0.0,0.023,1.365,14194000000.0,16291000000.0,0.318,16291000000.0,14194000000.0,14141000000.0,3.62,3.6,3.62,40742000000.0,39355500000.0,40742000000.0,163410654371.0,12.0,10.031,10188000000.0,3.449,1.0,36883000000.0,0.719,13274000000.0,53000000.0,23515000000.0,21565250000.0,4313000000.0,99000000.0,78000000.0,21000000.0,20248000000.0,12189000000.0,8059000000.0,177424654371.0,2491000000.0,-1434000000.0,-3046000000.0,39000000.0,-4053000000.0,-7060000000.0,-3481000000.0,841000000.0,12980000000.0,52000000.0,10758000000.0,10758000000.0,10758000000.0,0.0,0.0,0.21,24298000000.0,12585000000.0,4089000000.0,0.377,4.355,16.492,16.552,11287000000.0,0.0,59.92,3.46,3.452,8162000000.0,46530000000.0,51275000000.0,51275000000.0,6913000000.0,0.18,0.273,0.658,0.277,609000000.0,17252000000.0,1.0,2961025607.0,2954000000.0,,17.358,47716000000.0,3774000000.0,3383000000.0,1549000000.0,16.153,19325000000.0
61,JNJ,MRT,2006-03-31,2006-04-02,2006-04-02,2021-07-29,-633000000.0,62133000000.0,58031000000.0,33752000000.0,28381000000.0,0.873,13.825,-2681000000.0,16822000000.0,16822000000.0,14126000000.0,10526000000.0,2.559,0.511,2808000000.0,828000000.0,1980000000.0,2808000000.0,0.0,2099000000.0,0.0,0.022,1.32,13859000000.0,15958000000.0,0.315,15958000000.0,13859000000.0,13804000000.0,3.53,3.51,3.53,41123000000.0,37962250000.0,41123000000.0,162872804759.0,12.0,10.206,9957000000.0,3.347,1.0,36548000000.0,0.721,12898000000.0,55000000.0,22029000000.0,20985250000.0,4240000000.0,383000000.0,363000000.0,20000000.0,21010000000.0,13192000000.0,7818000000.0,176242804759.0,8283000000.0,-1720000000.0,-975000000.0,360000000.0,-3928000000.0,-5571000000.0,158000000.0,4753000000.0,12638000000.0,-106000000.0,10526000000.0,10526000000.0,10526000000.0,0.0,0.0,0.208,24188000000.0,12360000000.0,3939000000.0,0.374,4.286,16.744,16.776,10951000000.0,0.0,59.22,3.478,3.476,7671000000.0,44713000000.0,50674000000.0,50674000000.0,6610000000.0,0.181,0.277,0.66,0.273,558000000.0,17179000000.0,1.0,2976068976.0,2974500000.0,,17.036,49235000000.0,3264000000.0,3278000000.0,2234000000.0,16.552,20560000000.0
62,JNJ,MRT,2005-12-31,2006-01-01,2006-01-01,2021-07-29,-755000000.0,58864000000.0,56109250000.0,31480000000.0,27384000000.0,0.9,13.012,-2632000000.0,16055000000.0,16055000000.0,14010000000.0,10060000000.0,2.491,0.521,2685000000.0,668000000.0,2017000000.0,2685000000.0,0.0,2093000000.0,0.0,0.021,1.275,13170000000.0,15263000000.0,0.302,15263000000.0,13170000000.0,13116000000.0,3.38,3.35,3.38,38710000000.0,36095000000.0,38710000000.0,166385291498.0,13.0,10.901,9167000000.0,3.081,1.0,36504000000.0,0.723,12175000000.0,54000000.0,20684000000.0,21449500000.0,3959000000.0,103000000.0,83000000.0,20000000.0,20154000000.0,12635000000.0,7519000000.0,178793291498.0,6852000000.0,-833000000.0,-943000000.0,293000000.0,-3793000000.0,-4443000000.0,-279000000.0,3527000000.0,11799000000.0,-225000000.0,10060000000.0,10060000000.0,10060000000.0,0.0,0.0,0.199,24035000000.0,12469000000.0,4315000000.0,0.377,4.619,17.773,17.781,10830000000.0,0.0,60.1,3.539,3.539,7010000000.0,42310000000.0,50514000000.0,50514000000.0,6462000000.0,0.179,0.279,0.614,0.261,540000000.0,17211000000.0,1.0,2974929975.0,2974929975.0,,16.98,46689000000.0,3069000000.0,3056000000.0,1151000000.0,15.694,18845000000.0
63,JNJ,MRT,2005-09-30,2005-10-02,2005-10-02,2021-07-29,-751000000.0,56574000000.0,54722500000.0,30576000000.0,25998000000.0,0.926,12.387,-2523000000.0,14825000000.0,14825000000.0,14130000000.0,8853000000.0,2.538,0.535,2417000000.0,278000000.0,2139000000.0,2417000000.0,0.0,2204000000.0,0.0,0.019,1.23,12843000000.0,15047000000.0,0.297,15047000000.0,12843000000.0,12731000000.0,2.98,2.96,2.98,36847000000.0,34370750000.0,36847000000.0,178715642268.0,14.0,11.877,8532000000.0,2.868,1.0,36526000000.0,0.721,12086000000.0,112000000.0,20033000000.0,21576000000.0,4015000000.0,398000000.0,354000000.0,44000000.0,19727000000.0,12047000000.0,7680000000.0,188238642268.0,7477000000.0,-843000000.0,-721000000.0,-626000000.0,-3657000000.0,-5004000000.0,1443000000.0,5286000000.0,11055000000.0,-17000000.0,8853000000.0,8853000000.0,8853000000.0,0.0,0.0,0.175,24205000000.0,12321000000.0,3684000000.0,0.413,5.109,21.263,21.235,10227000000.0,0.0,63.28,3.716,3.716,7154000000.0,40422000000.0,50656000000.0,50656000000.0,6317000000.0,0.162,0.258,0.595,0.254,912000000.0,17535000000.0,1.0,2974694094.0,2974600000.0,,17.03,44488000000.0,2471000000.0,3878000000.0,1657000000.0,14.956,18529000000.0
64,JNJ,MRT,2005-06-30,2005-07-03,2005-07-03,2021-07-29,-805000000.0,54553000000.0,53601250000.0,28720000000.0,25833000000.0,0.931,11.827,-2335000000.0,12156000000.0,12156000000.0,13963000000.0,8656000000.0,2.467,0.551,2633000000.0,304000000.0,2329000000.0,2633000000.0,0.0,2160000000.0,0.0,0.018,1.185,12705000000.0,14865000000.0,0.298,14865000000.0,12705000000.0,12585000000.0,2.92,2.89,2.92,35169000000.0,33037250000.0,35169000000.0,187370719822.0,15.0,12.605,8622000000.0,2.899,1.0,35936000000.0,0.72,12195000000.0,120000000.0,21195000000.0,22592500000.0,3963000000.0,1054000000.0,1005000000.0,49000000.0,19384000000.0,11640000000.0,7744000000.0,193131719822.0,6475000000.0,-892000000.0,-784000000.0,-570000000.0,-3521000000.0,-4875000000.0,357000000.0,4026000000.0,10957000000.0,36000000.0,8656000000.0,8656000000.0,8656000000.0,0.0,0.0,0.173,23575000000.0,12361000000.0,3949000000.0,0.406,5.492,22.312,22.243,10091000000.0,0.0,64.95,3.87,3.871,7379000000.0,38853000000.0,49899000000.0,49899000000.0,5976000000.0,0.161,0.262,0.562,0.255,778000000.0,17228000000.0,1.0,2973544570.0,2973700000.0,,16.78,42358000000.0,2193000000.0,3929000000.0,1030000000.0,14.244,17080000000.0
65,JNJ,MRT,2005-03-31,2005-04-03,2005-04-03,2021-07-29,-648000000.0,54446000000.0,52505750000.0,28766000000.0,25680000000.0,0.926,11.323,-2280000000.0,8539000000.0,8539000000.0,13603000000.0,8526000000.0,2.216,0.618,2778000000.0,319000000.0,2459000000.0,2778000000.0,0.0,2137000000.0,0.0,0.017,1.14,12911000000.0,15048000000.0,0.309,15048000000.0,12911000000.0,12754000000.0,2.88,2.85,2.88,33654000000.0,31758000000.0,33654000000.0,192431603118.0,15.0,12.788,8789000000.0,2.957,1.0,35018000000.0,0.72,11818000000.0,157000000.0,23886000000.0,23312750000.0,3814000000.0,5159000000.0,5111000000.0,48000000.0,20792000000.0,12981000000.0,7811000000.0,198789603118.0,2902000000.0,-315000000.0,-787000000.0,-631000000.0,-3385000000.0,-4803000000.0,-3511000000.0,-449000000.0,11069000000.0,147000000.0,8526000000.0,8526000000.0,8526000000.0,0.0,0.0,0.175,22312000000.0,12706000000.0,4038000000.0,0.396,5.907,23.316,23.212,10237000000.0,0.0,66.85,4.089,4.086,7336000000.0,37300000000.0,48621000000.0,48621000000.0,5633000000.0,0.162,0.268,0.554,0.266,642000000.0,16661000000.0,1.0,2973666464.0,2972100000.0,,16.359,42628000000.0,2147000000.0,4228000000.0,2126000000.0,14.343,15785000000.0
66,JNJ,MRT,2004-12-31,2005-01-02,2005-01-02,2021-07-29,-515000000.0,53317000000.0,51111250000.0,27320000000.0,25997000000.0,0.926,10.72,-2175000000.0,9203000000.0,9203000000.0,13474000000.0,8180000000.0,1.962,0.676,2845000000.0,280000000.0,2565000000.0,2845000000.0,0.0,2124000000.0,0.0,0.017,1.095,12518000000.0,14642000000.0,0.309,14642000000.0,12518000000.0,12331000000.0,2.76,2.74,2.76,31813000000.0,30468000000.0,31813000000.0,184280195794.0,15.0,12.586,8914000000.0,3.004,1.0,33874000000.0,0.715,11842000000.0,187000000.0,21190000000.0,23065000000.0,3744000000.0,3727000000.0,3681000000.0,46000000.0,21504000000.0,13927000000.0,7577000000.0,188213195794.0,3826000000.0,-343000000.0,-700000000.0,-1155000000.0,-3251000000.0,-5106000000.0,-2347000000.0,444000000.0,11089000000.0,190000000.0,8180000000.0,8180000000.0,8180000000.0,0.0,0.0,0.173,21536000000.0,12338000000.0,5227000000.0,0.397,5.916,23.009,22.978,10436000000.0,0.0,63.42,3.975,3.975,6831000000.0,35223000000.0,47348000000.0,47348000000.0,5344000000.0,0.16,0.268,0.543,0.264,507000000.0,16174000000.0,1.0,2967726203.0,2967726203.0,,15.954,41475000000.0,2288000000.0,4151000000.0,1909000000.0,13.975,13393000000.0
67,JNJ,MRT,2004-09-30,2004-09-26,2004-09-26,2021-07-29,-491000000.0,52089000000.0,49847750000.0,26816000000.0,25273000000.0,0.92,10.617,-1932000000.0,7348000000.0,7348000000.0,13224000000.0,9137000000.0,2.175,0.653,3415000000.0,454000000.0,2961000000.0,3415000000.0,0.0,2028000000.0,0.0,0.019,1.05,12758000000.0,14786000000.0,0.322,14786000000.0,12758000000.0,12587000000.0,3.07,3.05,3.07,31513000000.0,29232000000.0,31513000000.0,165618454582.0,13.0,11.201,10290000000.0,3.467,1.0,32626000000.0,0.712,11728000000.0,171000000.0,24099000000.0,23265750000.0,3669000000.0,5808000000.0,5746000000.0,62000000.0,20576000000.0,12329000000.0,8247000000.0,167846454582.0,3498000000.0,-125000000.0,-722000000.0,-1948000000.0,-3117000000.0,-5787000000.0,-3053000000.0,-750000000.0,12222000000.0,116000000.0,9137000000.0,9137000000.0,9137000000.0,0.0,0.0,0.199,20241000000.0,12385000000.0,3646000000.0,0.342,5.326,18.37,18.42,9595000000.0,0.0,56.55,3.661,3.661,6939000000.0,35022000000.0,45850000000.0,45850000000.0,4964000000.0,0.183,0.313,0.548,0.278,0.0,15259000000.0,1.0,2968107066.0,2968100000.0,,15.448,40361000000.0,2617000000.0,3450000000.0,1428000000.0,13.598,14487000000.0
68,JNJ,MRT,2004-06-30,2004-06-27,2004-06-27,2021-07-29,-526000000.0,50171000000.0,48490250000.0,24657000000.0,25514000000.0,0.923,10.125,-2062000000.0,5681000000.0,5681000000.0,13017000000.0,8868000000.0,2.044,0.669,3453000000.0,491000000.0,2962000000.0,3453000000.0,0.0,2028000000.0,0.0,0.018,1.005,12478000000.0,14506000000.0,0.324,14506000000.0,12478000000.0,12262000000.0,2.98,2.96,2.98,30052000000.0,27788250000.0,30052000000.0,159706878488.0,13.0,11.01,9621000000.0,3.241,1.0,31735000000.0,0.709,11805000000.0,216000000.0,24076000000.0,23121250000.0,3528000000.0,5167000000.0,5105000000.0,62000000.0,20119000000.0,12062000000.0,8057000000.0,161788878488.0,2713000000.0,-96000000.0,-674000000.0,-2780000000.0,-2984000000.0,-6438000000.0,-2644000000.0,-210000000.0,11683000000.0,112000000.0,8868000000.0,8868000000.0,8868000000.0,0.0,0.0,0.198,19776000000.0,11959000000.0,3829000000.0,0.337,5.384,18.244,18.289,9557000000.0,0.0,54.5,3.615,3.615,7142000000.0,33627000000.0,44752000000.0,44752000000.0,4943000000.0,0.183,0.319,0.54,0.279,0.0,14833000000.0,1.0,2968603275.0,2968200000.0,,15.077,38366000000.0,2594000000.0,3394000000.0,1330000000.0,12.926,12595000000.0
69,JNJ,MRT,2004-03-31,2004-03-28,2004-03-28,2021-07-29,-598000000.0,48868000000.0,47360750000.0,24364000000.0,24504000000.0,0.921,9.601,-2146000000.0,5637000000.0,5637000000.0,12821000000.0,7620000000.0,1.957,0.715,3555000000.0,594000000.0,2961000000.0,3555000000.0,0.0,1925000000.0,0.0,0.019,0.96,11097000000.0,13022000000.0,0.299,13022000000.0,11097000000.0,10883000000.0,2.56,2.54,2.56,28494000000.0,26384500000.0,28494000000.0,147494820303.0,13.0,11.327,9068000000.0,3.055,1.0,30779000000.0,0.706,11442000000.0,214000000.0,22895000000.0,23241500000.0,3522000000.0,4794000000.0,4724000000.0,70000000.0,20374000000.0,12449000000.0,7925000000.0,148777820303.0,2576000000.0,-2173000000.0,-905000000.0,-602000000.0,-2850000000.0,-4357000000.0,-4479000000.0,98000000.0,11214000000.0,198000000.0,7620000000.0,7620000000.0,7620000000.0,0.0,0.0,0.175,20261000000.0,10518000000.0,3782000000.0,0.375,5.221,19.525,19.582,9669000000.0,0.0,50.13,3.412,3.412,6772000000.0,32153000000.0,43600000000.0,43600000000.0,4843000000.0,0.161,0.289,0.477,0.255,0.0,14518000000.0,1.0,2967840022.0,2967800000.0,,14.691,37426000000.0,2380000000.0,3263000000.0,1860000000.0,12.611,11915000000.0
70,JNJ,MRT,2003-12-31,2003-12-28,2003-12-28,2021-07-29,-590000000.0,48263000000.0,45642250000.0,22995000000.0,25268000000.0,0.917,9.052,-2262000000.0,5377000000.0,5377000000.0,12176000000.0,7197000000.0,1.71,0.796,4094000000.0,1139000000.0,2955000000.0,4094000000.0,0.0,1869000000.0,0.0,0.018,0.925,10515000000.0,12384000000.0,0.296,12384000000.0,10515000000.0,10308000000.0,2.42,2.4,2.42,26869000000.0,25270000000.0,26869000000.0,151570395977.0,14.0,12.239,8333000000.0,2.807,1.0,29686000000.0,0.709,11539000000.0,207000000.0,21993000000.0,23057250000.0,3588000000.0,4230000000.0,4146000000.0,84000000.0,21394000000.0,13448000000.0,7946000000.0,150247395977.0,2483000000.0,-2477000000.0,-872000000.0,-245000000.0,-2746000000.0,-3863000000.0,-4526000000.0,472000000.0,10595000000.0,277000000.0,7197000000.0,7197000000.0,7197000000.0,0.0,0.0,0.172,19733000000.0,9953000000.0,4966000000.0,0.382,5.592,20.876,20.917,9846000000.0,0.0,50.62,3.589,3.589,6574000000.0,30503000000.0,41862000000.0,41862000000.0,4684000000.0,0.158,0.285,0.456,0.251,0.0,14131000000.0,1.0,2968142947.0,2968142947.0,,14.104,36724000000.0,2218000000.0,3111000000.0,944000000.0,12.373,9547000000.0
71,JNJ,MRT,2003-09-30,2003-09-28,2003-09-28,2021-07-29,-728000000.0,46659000000.0,43715500000.0,22146000000.0,24513000000.0,0.915,8.672,-2272000000.0,3850000000.0,3850000000.0,11465000000.0,6736000000.0,1.733,0.813,5173000000.0,2024000000.0,3149000000.0,5173000000.0,0.0,1735000000.0,0.0,0.018,0.89,9989000000.0,11724000000.0,0.293,11724000000.0,9989000000.0,9783000000.0,2.31,2.24,2.31,25738000000.0,24227000000.0,25738000000.0,149417102027.0,15.0,12.745,6898000000.0,2.324,1.0,28546000000.0,0.713,11679000000.0,206000000.0,23521000000.0,22835500000.0,3739000000.0,5118000000.0,4998000000.0,120000000.0,20921000000.0,12782000000.0,8139000000.0,145967102027.0,689000000.0,-2442000000.0,-951000000.0,714000000.0,-2642000000.0,-2879000000.0,-5771000000.0,-876000000.0,9170000000.0,169000000.0,6736000000.0,6736000000.0,6736000000.0,0.0,0.0,0.168,18782000000.0,9764000000.0,3660000000.0,0.385,5.671,21.67,21.29,9245000000.0,0.0,49.18,3.648,3.648,6399000000.0,29500000000.0,40011000000.0,40011000000.0,4437000000.0,0.154,0.278,0.437,0.25,0.0,13427000000.0,1.0,2968017528.0,2968000000.0,,13.481,34980000000.0,1888000000.0,3047000000.0,1120000000.0,11.786,9364000000.0
72,JNJ,MRT,2003-06-30,2003-06-29,2003-06-29,2021-07-29,-690000000.0,45653000000.0,41716500000.0,21375000000.0,24278000000.0,0.926,8.234,-2211000000.0,2968000000.0,2968000000.0,11096000000.0,6389000000.0,1.665,0.868,6418000000.0,3254000000.0,3164000000.0,6418000000.0,0.0,1698000000.0,0.0,0.017,0.855,9397000000.0,11095000000.0,0.287,11095000000.0,9397000000.0,9227000000.0,2.18,2.12,2.18,24437000000.0,23313750000.0,24437000000.0,154059022331.0,16.0,13.885,6165000000.0,2.077,1.0,27539000000.0,0.713,11710000000.0,170000000.0,24557000000.0,21958000000.0,3680000000.0,5018000000.0,4894000000.0,124000000.0,21216000000.0,12836000000.0,8380000000.0,153013022331.0,362000000.0,-2432000000.0,-1767000000.0,1573000000.0,-2539000000.0,-2823000000.0,-5406000000.0,-674000000.0,8376000000.0,125000000.0,6389000000.0,6389000000.0,6389000000.0,0.0,0.0,0.165,18135000000.0,9404000000.0,3589000000.0,0.392,6.262,23.949,23.642,9064000000.0,0.0,51.54,3.96,3.959,6426000000.0,28200000000.0,38635000000.0,38635000000.0,4212000000.0,0.153,0.274,0.428,0.243,0.0,13005000000.0,1.0,2968820767.0,2967700000.0,,13.018,33943000000.0,1834000000.0,2838000000.0,661000000.0,11.437,8539000000.0
73,JNJ,MRT,2003-03-31,2003-03-30,2003-03-30,2021-07-29,-818000000.0,41994000000.0,39891000000.0,20471000000.0,21523000000.0,0.937,8.097,-2157000000.0,3061000000.0,3061000000.0,10712000000.0,6833000000.0,1.787,0.747,4107000000.0,2103000000.0,2004000000.0,4107000000.0,0.0,1696000000.0,0.0,0.014,0.82,9763000000.0,11459000000.0,0.307,11459000000.0,9763000000.0,9599000000.0,2.31,2.26,2.31,24036000000.0,22677250000.0,24036000000.0,171662014304.0,18.0,14.981,6120000000.0,2.062,1.0,26664000000.0,0.713,9425000000.0,164000000.0,22158000000.0,20964250000.0,3541000000.0,4907000000.0,4786000000.0,121000000.0,17958000000.0,11457000000.0,6501000000.0,170417014304.0,-376000000.0,-567000000.0,-4662000000.0,1304000000.0,-2441000000.0,-5799000000.0,-3010000000.0,-121000000.0,8277000000.0,156000000.0,6833000000.0,6833000000.0,6833000000.0,0.0,0.0,0.183,16895000000.0,9769000000.0,3077000000.0,0.355,7.09,24.94,24.84,8799000000.0,0.0,57.38,4.56,4.557,5836000000.0,27852000000.0,37376000000.0,37376000000.0,4062000000.0,0.171,0.301,0.466,0.261,0.0,12626000000.0,1.0,2969972365.0,2968400000.0,,12.591,32569000000.0,1674000000.0,2766000000.0,1338000000.0,10.972,9014000000.0
74,JNJ,MRT,2002-12-31,2002-12-29,2002-12-29,2021-07-29,-842000000.0,40556000000.0,38966500000.0,19266000000.0,21290000000.0,0.932,7.641,-2099000000.0,2894000000.0,2894000000.0,10447000000.0,6597000000.0,1.683,0.787,4139000000.0,2117000000.0,2022000000.0,4139000000.0,0.0,1662000000.0,0.0,0.015,0.795,9451000000.0,11113000000.0,0.306,11113000000.0,9451000000.0,9291000000.0,2.2,2.16,2.2,22697000000.0,22599000000.0,22697000000.0,159089581075.0,17.0,14.316,6077000000.0,2.046,1.0,25851000000.0,0.712,9246000000.0,160000000.0,21106000000.0,20522500000.0,3303000000.0,4702000000.0,4581000000.0,121000000.0,17859000000.0,11449000000.0,6410000000.0,157767581075.0,-864000000.0,-322000000.0,-6148000000.0,1576000000.0,-2381000000.0,-6953000000.0,-2197000000.0,430000000.0,8176000000.0,110000000.0,6597000000.0,6597000000.0,6597000000.0,0.0,0.0,0.182,16362000000.0,9489000000.0,3621000000.0,0.361,6.951,23.915,24.141,8710000000.0,0.0,53.11,4.346,4.346,5399000000.0,26571000000.0,36298000000.0,36298000000.0,3957000000.0,0.169,0.292,0.461,0.26,0.0,12216000000.0,1.0,2970581455.0,2970581455.0,,12.219,31310000000.0,1655000000.0,2694000000.0,710000000.0,10.54,7817000000.0
75,JNJ,MRT,2002-09-30,2002-09-29,2002-09-29,2021-07-29,-714000000.0,38663000000.0,38449500000.0,19001000000.0,19662000000.0,0.913,7.425,-2052000000.0,3161000000.0,3161000000.0,10152000000.0,6318000000.0,1.776,0.751,4483000000.0,2381000000.0,2102000000.0,4483000000.0,0.0,1638000000.0,0.0,0.014,0.77,9034000000.0,10672000000.0,0.304,10672000000.0,9034000000.0,8886000000.0,2.09,2.06,2.09,22085000000.0,22983000000.0,22085000000.0,166004211409.0,18.0,15.555,6793000000.0,2.284,1.0,24968000000.0,0.711,9273000000.0,148000000.0,20011000000.0,20343750000.0,3255000000.0,4267000000.0,4084000000.0,183000000.0,16578000000.0,10701000000.0,5877000000.0,163941211409.0,-1905000000.0,-499000000.0,-7322000000.0,1691000000.0,-2321000000.0,-7952000000.0,-2846000000.0,-141000000.0,8845000000.0,48000000.0,6318000000.0,6318000000.0,6318000000.0,0.0,0.0,0.18,16068000000.0,8900000000.0,2503000000.0,0.368,7.423,25.948,26.364,8175000000.0,0.0,55.1,4.668,4.667,5395000000.0,25804000000.0,35120000000.0,35120000000.0,3819000000.0,0.164,0.275,0.444,0.257,0.0,11955000000.0,1.0,2975339590.0,2974400000.0,,11.807,29390000000.0,1483000000.0,2568000000.0,996000000.0,9.881,8300000000.0
76,JNJ,MRT,2002-06-30,2002-06-30,2002-06-30,2021-07-29,-646000000.0,38351000000.0,38047000000.0,18854000000.0,19497000000.0,0.896,7.289,-1962000000.0,2606000000.0,2606000000.0,9937000000.0,6122000000.0,1.784,0.752,4669000000.0,2540000000.0,2129000000.0,4669000000.0,0.0,1633000000.0,0.0,0.014,0.745,8749000000.0,10382000000.0,0.304,10382000000.0,8749000000.0,8601000000.0,2.02,1.99,2.02,21891000000.0,23395250000.0,21891000000.0,156822585424.0,18.0,15.105,6469000000.0,2.154,1.0,24162000000.0,0.709,9265000000.0,148000000.0,20582000000.0,20285250000.0,3352000000.0,4427000000.0,4251000000.0,176000000.0,16460000000.0,10567000000.0,5893000000.0,157365585424.0,-2116000000.0,-436000000.0,-6749000000.0,1587000000.0,-2260000000.0,-7332000000.0,-3245000000.0,-624000000.0,8431000000.0,120000000.0,6122000000.0,6122000000.0,6122000000.0,0.0,0.0,0.18,15712000000.0,8450000000.0,2883000000.0,0.369,7.189,25.705,25.871,8048000000.0,0.0,52.26,4.615,4.603,5408000000.0,24813000000.0,34099000000.0,34099000000.0,3766000000.0,0.161,0.262,0.431,0.257,0.0,11652000000.0,1.0,3011205232.0,3003400000.0,,11.353,29086000000.0,1420000000.0,2479000000.0,801000000.0,9.684,8287000000.0
77,JNJ,MRT,2002-03-31,2002-03-31,2002-03-31,2021-07-29,-643000000.0,38296000000.0,37484500000.0,18415000000.0,19881000000.0,0.886,7.798,-1810000000.0,3437000000.0,3437000000.0,9727000000.0,5950000000.0,2.218,0.614,2894000000.0,669000000.0,2225000000.0,2894000000.0,0.0,1605000000.0,0.0,0.011,0.72,8456000000.0,10061000000.0,0.303,10061000000.0,8456000000.0,8302000000.0,1.96,1.93,1.96,23723000000.0,23600250000.0,23723000000.0,196936228826.0,23.0,19.574,7329000000.0,2.409,1.0,23478000000.0,0.707,9061000000.0,154000000.0,20391000000.0,20097750000.0,3103000000.0,4913000000.0,3976000000.0,937000000.0,14573000000.0,8301000000.0,6272000000.0,197912228826.0,-903000000.0,-84000000.0,-3630000000.0,-483000000.0,-2149000000.0,-6262000000.0,-3763000000.0,-1809000000.0,9139000000.0,-17000000.0,5950000000.0,5950000000.0,5950000000.0,0.0,0.0,0.179,15205000000.0,8273000000.0,2358000000.0,0.367,8.343,33.263,33.138,7655000000.0,0.0,64.95,5.96,5.95,4740000000.0,24059000000.0,33205000000.0,33205000000.0,3663000000.0,0.159,0.252,0.421,0.255,0.0,11437000000.0,1.0,3047147480.0,3042000000.0,,10.916,29235000000.0,1562000000.0,2352000000.0,1180000000.0,9.61,10114000000.0
78,JNJ,MRT,2001-12-31,2001-12-30,2001-12-30,2021-07-29,-530000000.0,38488000000.0,36366500000.0,18473000000.0,20015000000.0,0.889,7.95,-1731000000.0,3758000000.0,3758000000.0,9581000000.0,5668000000.0,2.296,0.588,2782000000.0,565000000.0,2217000000.0,2782000000.0,0.0,1605000000.0,0.0,0.012,0.7,8051000000.0,9656000000.0,0.299,9656000000.0,8051000000.0,7898000000.0,1.87,1.84,1.87,24233000000.0,22314000000.0,24233000000.0,180217647146.0,22.0,18.664,7133000000.0,2.34,1.0,22736000000.0,0.704,9077000000.0,153000000.0,20391000000.0,20110000000.0,2992000000.0,5183000000.0,4214000000.0,969000000.0,14255000000.0,8044000000.0,6211000000.0,182457647146.0,-520000000.0,-62000000.0,-2056000000.0,-1148000000.0,-2047000000.0,-5251000000.0,-4093000000.0,-2221000000.0,8864000000.0,-40000000.0,5668000000.0,5668000000.0,5668000000.0,0.0,0.0,0.175,14956000000.0,7780000000.0,2838000000.0,0.374,7.529,32.191,32.011,7719000000.0,0.0,59.86,5.646,5.646,4630000000.0,23066000000.0,32317000000.0,32317000000.0,3591000000.0,0.156,0.254,0.4,0.249,0.0,11260000000.0,1.0,3048072956.0,3048072956.0,,10.602,29411000000.0,1480000000.0,2230000000.0,537000000.0,9.649,10429000000.0
79,JNJ,MRT,2001-09-30,2001-09-30,2001-09-30,2021-07-29,-494000000.0,37053000000.0,,19079000000.0,17974000000.0,,7.834,-1597000000.0,5066000000.0,5066000000.0,,,2.543,0.561,2826000000.0,639000000.0,2187000000.0,2826000000.0,0.0,1594000000.0,0.0,0.01,0.58,,,,,,,,,,23734000000.0,,23734000000.0,171532277159.0,,,5924000000.0,1.955,1.0,,,7532000000.0,,19777000000.0,,3007000000.0,4294000000.0,3148000000.0,1146000000.0,13319000000.0,7504000000.0,5815000000.0,172839277159.0,671000000.0,102000000.0,-864000000.0,-865000000.0,-1943000000.0,-3672000000.0,-3201000000.0,-1614000000.0,7521000000.0,23000000.0,,,,,,,,,2173000000.0,,7.282,,,7338000000.0,,55.4,,,4960000000.0,21441000000.0,,,,,,,,0.0,,1.0,3119842548.0,3029700000.0,,,29521000000.0,1461000000.0,,838000000.0,9.744,11575000000.0
80,JNJ,MRT,2001-06-30,2001-07-01,2001-07-01,2021-07-29,-552000000.0,36101000000.0,,18191000000.0,17910000000.0,,7.497,-1570000000.0,4722000000.0,4722000000.0,,,2.476,0.59,3415000000.0,924000000.0,2491000000.0,3415000000.0,0.0,1564000000.0,0.0,0.011,0.56,,,,,,,,,,22711000000.0,,22711000000.0,,,,5960000000.0,1.967,1.0,,,7616000000.0,,19832000000.0,,2913000000.0,3940000000.0,2797000000.0,1143000000.0,13390000000.0,7346000000.0,6044000000.0,155867333698.0,1601000000.0,27000000.0,-778000000.0,64000000.0,-1848000000.0,-2562000000.0,-3294000000.0,-1632000000.0,7530000000.0,-73000000.0,,,,,,,,,2049000000.0,,6.863,,,7203000000.0,,49.96,,,4805000000.0,20469000000.0,,,,,,,,0.0,,1.0,3119842548.0,3029300000.0,,,28485000000.0,1360000000.0,,485000000.0,9.403,10845000000.0
81,JNJ,MRT,2001-03-31,2001-04-01,2001-04-01,2021-07-29,,,,,,,,,,,,,,,,,,,,,,0.012,0.54,,,,,,,,,,,,,,,,,,1.0,,,,,,,,,,,,,,,,,,,,,,,,,,,,,,,,,,,,,,,,43.735,,,,,,,,,,,,,,1.0,,3020400000.0,,,,,,,,
82,JNJ,MRT,2000-12-31,2000-12-31,2000-12-31,2021-07-29,-461000000.0,34245000000.0,,16691000000.0,17554000000.0,,,-1689000000.0,4278000000.0,4278000000.0,8957000000.0,4953000000.0,2.301,0.679,4652000000.0,1489000000.0,3163000000.0,4652000000.0,0.0,1592000000.0,0.0,0.01,0.52,7072000000.0,8664000000.0,0.297,8664000000.0,7072000000.0,6868000000.0,1.65,1.61,1.65,20395000000.0,,20395000000.0,,,,5214000000.0,,1.0,20215000000.0,0.693,7535000000.0,204000000.0,19829000000.0,,2905000000.0,3136000000.0,2479000000.0,657000000.0,13850000000.0,7255000000.0,6595000000.0,,1766000000.0,15000000.0,-586000000.0,-115000000.0,-1724000000.0,-2425000000.0,-2665000000.0,-849000000.0,6903000000.0,-47000000.0,4953000000.0,4953000000.0,4953000000.0,0.0,0.0,0.17,13666000000.0,6549000000.0,2122000000.0,0.315,,,31.848,7409000000.0,0.0,52.55,,,4601000000.0,18113000000.0,29172000000.0,29172000000.0,3105000000.0,,,,0.242,0.0,10495000000.0,1.0,,,,,26710000000.0,1414000000.0,1915000000.0,322000000.0,,9436000000.0
83,JNJ,MRT,2000-09-30,2000-10-01,2000-10-01,2021-07-29,,,,,,,,,,,,,,,,,,,,,,0.013,0.6,,,,,,,,,,,,,,,,,,1.0,,,,,,,,,,,,,,,,,,,,,,,,,,,,,,,,,,,,,,,,46.97,,,,,,,,,,,,,,1.0,,2998400000.0,,,,,,,,
84,JNJ,MRT,2000-06-30,2000-07-02,2000-07-02,2021-07-29,,,,,,,,,,,,,,,,,,,,,,0.011,0.58,,,,,,,,,,,,,,,,,,1.0,,,,,,,,,,,,,,,,,,,,,,,,,,,,,,,,,,,,,,,,50.95,,,,,,,,,,,,,,1.0,,2983000000.0,,,,,,,,
85,JNJ,MRT,1999-12-31,1999-12-30,1999-12-30,2021-07-29,,,,,,,,-1822000000.0,,,8498000000.0,4273000000.0,,,,,,,,1510000000.0,,0.012,0.545,6132000000.0,7642000000.0,0.273,7642000000.0,6132000000.0,5877000000.0,1.43,1.39,1.43,,,,,,,4098000000.0,,1.0,19509000000.0,0.697,,255000000.0,,,,,,,,,,,408000000.0,-216000000.0,-619000000.0,-249000000.0,-1479000000.0,-2347000000.0,-3093000000.0,-775000000.0,5920000000.0,-72000000.0,4273000000.0,4273000000.0,4273000000.0,0.0,0.0,0.153,13524000000.0,5985000000.0,,0.381,,,32.692,,0.0,46.75,,,,,28007000000.0,28007000000.0,2768000000.0,,,,0.219,0.0,10756000000.0,1.0,,,,,,,1604000000.0,,,
