None,ticker,dimension,calendardate,datekey,reportperiod,lastupdated,accoci,assets,assetsavg,assetsc,assetsnc,assetturnover,bvps,capex,cashneq,cashnequsd,cor,consolinc,currentratio,de,debt,debtc,debtnc,debtusd,deferredrev,depamor,deposits,divyield,dps,ebit,ebitda,ebitdamargin,ebitdausd,ebitusd,ebt,eps,epsdil,epsusd,equity,equityavg,equityusd,ev,evebit,evebitda,fcf,fcfps,fxusd,gp,grossmargin,intangibles,intexp,invcap,invcapavg,inventory,investments,investmentsc,investmentsnc,liabilities,liabilitiesc,liabilitiesnc,marketcap,ncf,ncfbus,ncfcommon,ncfdebt,ncfdiv,ncff,ncfi,ncfinv,ncfo,ncfx,netinc,netinccmn,netinccmnusd,netincdis,netincnci,netmargin,opex,opinc,payables,payoutratio,pb,pe,pe1,ppnenet,prefdivis,price,ps,ps1,receivables,retearn,revenue,revenueusd,rnd,roa,roe,roic,ros,sbcomp,sgna,sharefactor,sharesbas,shareswa,shareswadil,sps,tangibles,taxassets,taxexp,taxliabilities,tbvps,workingcapital
0,EXPE,MRY,2020-12-31,2020-12-31,2020-12-31,2021-08-25,-178000000.0,18690000000.0,20172750000.0,5634000000.0,13056000000.0,0.258,10.678,-797000000.0,4135000000.0,4135000000.0,1680000000.0,-2728000000.0,1.042,10.388,8729000000.0,0.0,8729000000.0,8729000000.0,172000000.0,1068000000.0,0.0,0.003,0.34,-2675000000.0,-1607000000.0,-0.309,-1607000000.0,-2675000000.0,-3035000000.0,-19.0,-19.0,-19.0,1510000000.0,1786500000.0,1510000000.0,22999493332.0,-9.0,-14.312,-4631000000.0,-32.748,1.0,3519000000.0,0.677,8895000000.0,360000000.0,8983000000.0,7936750000.0,0.0,695000000.0,24000000.0,671000000.0,15686000000.0,5406000000.0,10280000000.0,18729493332.0,41000000.0,0.0,-106000000.0,3195000000.0,-48000000.0,4077000000.0,-263000000.0,476000000.0,-3834000000.0,61000000.0,-2612000000.0,-2687000000.0,-2687000000.0,0.0,-116000000.0,-0.517,6238000000.0,-2719000000.0,1098000000.0,-0.018,12.404,-6.97,-6.968,2831000000.0,75000000.0,132.4,3.603,3.601,701000000.0,-1781000000.0,5199000000.0,5199000000.0,1010000000.0,-0.133,-1.504,-0.337,-0.515,205000000.0,3143000000.0,1.0,141461430.0,141414000.0,141414000.0,36.764,9795000000.0,779000000.0,-423000000.0,117000000.0,69.265,228000000.0
1,EXPE,MRY,2019-12-31,2019-12-31,2019-12-31,2021-08-25,-217000000.0,21416000000.0,21490250000.0,7735000000.0,13681000000.0,0.562,26.951,-1160000000.0,4094000000.0,4094000000.0,2077000000.0,572000000.0,0.722,4.003,5470000000.0,749000000.0,4721000000.0,5470000000.0,321000000.0,910000000.0,0.0,0.012,1.32,941000000.0,1851000000.0,0.153,1851000000.0,941000000.0,768000000.0,3.84,3.77,3.84,3967000000.0,4144000000.0,3967000000.0,16786001454.0,18.0,9.069,1607000000.0,10.918,1.0,9990000000.0,0.828,9931000000.0,173000000.0,2147000000.0,1038500000.0,0.0,1322000000.0,526000000.0,796000000.0,15880000000.0,10714000000.0,5166000000.0,15668001454.0,1392000000.0,80000000.0,-442000000.0,831000000.0,-195000000.0,175000000.0,-1553000000.0,-494000000.0,2767000000.0,3000000.0,565000000.0,565000000.0,565000000.0,0.0,7000000.0,0.047,9087000000.0,903000000.0,2827000000.0,0.344,3.95,27.731,28.161,2809000000.0,0.0,108.14,1.298,1.319,2524000000.0,879000000.0,12067000000.0,12067000000.0,1226000000.0,0.026,0.136,0.906,0.078,241000000.0,6893000000.0,1.0,144886272.0,147194000.0,149884000.0,81.98,11485000000.0,215000000.0,203000000.0,144000000.0,78.026,-2979000000.0
2,EXPE,MRY,2018-12-31,2018-12-31,2018-12-31,2021-08-25,-220000000.0,18033000000.0,19539250000.0,5197000000.0,12836000000.0,0.574,27.367,-878000000.0,2702000000.0,2702000000.0,1864000000.0,398000000.0,0.645,3.017,3717000000.0,0.0,3717000000.0,3717000000.0,364000000.0,1001000000.0,0.0,0.011,1.24,683000000.0,1684000000.0,0.15,1684000000.0,683000000.0,493000000.0,2.71,2.65,2.71,4104000000.0,4163000000.0,4104000000.0,17402969765.0,25.0,10.334,1097000000.0,7.315,1.0,9359000000.0,0.834,10112000000.0,190000000.0,876000000.0,693500000.0,0.0,806000000.0,28000000.0,778000000.0,12382000000.0,8060000000.0,4322000000.0,16781969765.0,-212000000.0,-53000000.0,-757000000.0,-500000000.0,-186000000.0,-1489000000.0,-559000000.0,334000000.0,1975000000.0,-139000000.0,406000000.0,406000000.0,406000000.0,0.0,-8000000.0,0.036,8645000000.0,714000000.0,2487000000.0,0.458,4.089,41.335,41.568,1877000000.0,0.0,112.65,1.495,1.505,2151000000.0,517000000.0,11223000000.0,11223000000.0,1122000000.0,0.021,0.098,0.985,0.061,203000000.0,6495000000.0,1.0,148974432.0,149961000.0,152889000.0,74.839,7921000000.0,93000000.0,87000000.0,143000000.0,52.82,-2863000000.0
3,EXPE,MRY,2017-12-31,2017-12-31,2017-12-31,2021-08-25,-149000000.0,18516000000.0,18460846500.0,5540000000.0,12976000000.0,0.545,29.831,-710000000.0,2916000000.0,2916000000.0,1757000000.0,372000000.0,0.703,2.739,4249000000.0,500000000.0,3749000000.0,4249000000.0,326000000.0,889000000.0,0.0,0.01,1.16,605000000.0,1494000000.0,0.149,1494000000.0,605000000.0,423000000.0,2.49,2.42,2.49,4523000000.0,4360442250.0,4523000000.0,19213240390.0,32.0,12.86,1135000000.0,7.486,1.0,8303000000.0,0.825,10538000000.0,182000000.0,1432000000.0,521657250.0,0.0,1313000000.0,468000000.0,845000000.0,12387000000.0,7879000000.0,4508000000.0,18264326390.0,1099000000.0,-169000000.0,-83000000.0,990000000.0,-176000000.0,688000000.0,-1581000000.0,-715000000.0,1845000000.0,147000000.0,378000000.0,378000000.0,378000000.0,0.0,-6000000.0,0.038,7678000000.0,625000000.0,2536000000.0,0.466,4.038,48.318,48.1,1575000000.0,0.0,119.77,1.816,1.805,1866000000.0,331000000.0,10060000000.0,10060000000.0,1387000000.0,0.02,0.087,1.16,0.06,149000000.0,5974000000.0,1.0,152495002.0,151619000.0,156385000.0,66.351,7978000000.0,39000000.0,45000000.0,362000000.0,52.619,-2339000000.0
4,EXPE,MRY,2016-12-31,2016-12-31,2016-12-31,2021-08-25,-280399000.0,15777546000.0,16256974500.0,3450251000.0,12327295000.0,0.54,27.481,-749000000.0,1815544000.0,1815544000.0,1597000000.0,261000000.0,0.563,2.44,3159336000.0,0.0,3159336000.0,3159336000.0,282517000.0,829000000.0,0.0,0.009,1.0,471000000.0,1300000000.0,0.148,1300000000.0,471000000.0,298000000.0,1.87,1.82,1.87,4132301000.0,4213015250.0,4132301000.0,18336697166.0,39.0,14.105,800000000.0,5.32,1.0,7177000000.0,0.818,10388675000.0,173000000.0,605465000.0,25636000.0,0.0,592371000.0,72313000.0,520058000.0,10084443000.0,6127198000.0,3957245000.0,16995386166.0,105000000.0,-1000000.0,-315000000.0,-403000000.0,-150000000.0,-691000000.0,-718000000.0,16000000.0,1549000000.0,-35000000.0,282000000.0,282000000.0,282000000.0,0.0,-21000000.0,0.032,6715000000.0,462000000.0,2086325000.0,0.535,4.113,60.267,60.578,1394904000.0,0.0,113.28,1.937,1.941,1343247000.0,129034000.0,8774000000.0,8774000000.0,1235000000.0,0.017,0.067,18.373,0.054,242000000.0,5045000000.0,1.0,150029892.0,150367000.0,154517000.0,58.351,5388871000.0,43060000.0,16000000.0,534709000.0,35.838,-2676947000.0
5,EXPE,MRY,2015-12-31,2015-12-31,2015-12-31,2021-08-25,-284894000.0,15485675000.0,12463990500.0,2976261000.0,12509414000.0,0.535,37.373,-787041000.0,1687623000.0,1687623000.0,1309559000.0,722748000.0,0.502,2.17,3183140000.0,0.0,3183140000.0,3183140000.0,235809000.0,493138000.0,0.0,0.007,0.84,1093874000.0,1587012000.0,0.238,1587012000.0,1093874000.0,967679000.0,5.87,5.7,5.87,4864394000.0,2770022250.0,4864394000.0,17149074362.0,16.0,10.806,581004000.0,4.464,1.0,5362758000.0,0.804,10786895000.0,126195000.0,268280000.0,-230732500.0,0.0,676541000.0,33739000.0,642802000.0,10555908000.0,5926017000.0,4629891000.0,16139003362.0,273599000.0,-1539767000.0,59745000.0,1441860000.0,-108527000.0,1404199000.0,-2371260000.0,-56180000.0,1368045000.0,-127385000.0,764465000.0,764465000.0,764465000.0,0.0,-41717000.0,0.115,4949192000.0,413566000.0,1815427000.0,0.143,3.318,21.112,21.175,1064259000.0,0.0,124.3,2.419,2.425,1082406000.0,507666000.0,6672317000.0,6672317000.0,830244000.0,0.061,0.276,-4.741,0.164,178068000.0,3954999000.0,1.0,129839126.0,130159000.0,134018000.0,51.263,4698780000.0,29263000.0,203214000.0,541860000.0,36.1,-2949756000.0
6,EXPE,MRY,2014-12-31,2014-12-31,2014-12-31,2021-08-25,-138774000.0,9020538000.0,9142183000.0,2924489000.0,6096049000.0,0.63,13.841,-328387000.0,1437588000.0,1437588000.0,1179081000.0,372950000.0,0.699,3.994,1746787000.0,0.0,1746787000.0,1746787000.0,62206000.0,342590000.0,0.0,0.008,0.66,587877000.0,930467000.0,0.161,930467000.0,587877000.0,489788000.0,3.09,2.99,3.09,1784267000.0,1884970500.0,1784267000.0,10264304378.0,17.0,11.031,1038572000.0,8.056,1.0,4584404000.0,0.795,5245988000.0,98089000.0,-102866000.0,-440744250.0,0.0,642662000.0,355780000.0,286882000.0,7126809000.0,4186615000.0,2940194000.0,10802134378.0,381667000.0,-560668000.0,-409336000.0,492894000.0,-84697000.0,48149000.0,-924257000.0,-37134000.0,1366959000.0,-109184000.0,398097000.0,398097000.0,398097000.0,0.0,-25147000.0,0.069,4066640000.0,517764000.0,1549865000.0,0.214,6.054,27.134,27.625,553126000.0,0.0,85.36,1.874,1.909,778334000.0,0.0,5763485000.0,5763485000.0,686154000.0,0.044,0.211,-1.334,0.102,85011000.0,3233702000.0,1.0,126547966.0,128912000.0,133168000.0,44.709,3774550000.0,196483000.0,91691000.0,512619000.0,29.28,-1262126000.0
7,EXPE,MRY,2013-12-31,2013-12-31,2013-12-31,2021-08-25,18197000.0,7739481000.0,8279401750.0,2219287000.0,5520194000.0,0.576,15.903,-308581000.0,1047075000.0,1047075000.0,1038034000.0,216358000.0,0.674,2.554,1249412000.0,0.0,1249412000.0,1249412000.0,39746000.0,283475000.0,0.0,0.008,0.56,404543000.0,688018000.0,0.144,688018000.0,404543000.0,317185000.0,1.73,1.67,1.73,2145464000.0,2181989500.0,2145464000.0,8916396805.0,22.0,12.96,454619000.0,3.37,1.0,3733225000.0,0.782,4774715000.0,87358000.0,-127278000.0,-291800000.0,0.0,576136000.0,325510000.0,250626000.0,5480496000.0,3294381000.0,2186115000.0,9080382805.0,-272128000.0,-541247000.0,-440791000.0,0.0,-75760000.0,-492516000.0,-525513000.0,326835000.0,763200000.0,-30936000.0,232850000.0,232850000.0,232850000.0,0.0,-16492000.0,0.049,3367165000.0,366060000.0,1305547000.0,0.324,4.232,38.997,40.266,480702000.0,0.0,69.66,1.903,1.97,614735000.0,-209218000.0,4771259000.0,4771259000.0,577820000.0,0.028,0.107,-1.386,0.085,130173000.0,2573223000.0,1.0,130352897.0,134912000.0,139593000.0,35.366,2964766000.0,144577000.0,84335000.0,495406000.0,21.976,-1075094000.0
8,EXPE,MRY,2012-12-31,2012-12-31,2012-12-31,2021-08-25,22000.0,7132746000.0,7240897500.0,2642266000.0,4490480000.0,0.557,16.991,-235697000.0,1314636000.0,1314636000.0,898604000.0,280440000.0,0.878,2.08,1249345000.0,0.0,1249345000.0,1249345000.0,26475000.0,195952000.0,0.0,0.016,0.96,415037000.0,610989000.0,0.152,610989000.0,415037000.0,327249000.0,2.09,2.0,2.09,2280259000.0,2232193750.0,2280259000.0,8199049259.0,20.0,13.419,1001485000.0,7.462,1.0,3131743000.0,0.777,3837089000.0,87788000.0,220291000.0,186934000.0,0.0,869213000.0,644982000.0,224231000.0,4743358000.0,3010075000.0,1733283000.0,8286299259.0,604027000.0,-199360000.0,-176378000.0,0.0,-130423000.0,-272787000.0,-367825000.0,69482000.0,1237182000.0,15064000.0,280171000.0,280171000.0,280171000.0,22539000.0,269000.0,0.07,2700019000.0,431724000.0,1237100000.0,0.459,3.634,29.576,29.397,409373000.0,0.0,61.44,2.056,2.046,461531000.0,-442068000.0,4030347000.0,4030347000.0,484898000.0,0.039,0.126,2.22,0.103,64596000.0,2066391000.0,1.0,134868152.0,134203000.0,139929000.0,30.032,3295657000.0,130585000.0,47078000.0,405578000.0,24.557,-367809000.0
9,EXPE,MRY,2011-12-31,2011-12-31,2011-12-31,2021-08-25,-17350000.0,6505258000.0,7421201500.0,2274429000.0,4230829000.0,0.465,16.189,-207837000.0,708216000.0,708216000.0,761272000.0,474603000.0,0.891,1.909,1249281000.0,0.0,1249281000.0,1249281000.0,15238000.0,154934000.0,0.0,0.019,0.56,638743000.0,793677000.0,0.23,793677000.0,638743000.0,548025000.0,3.48,3.41,3.48,2199864000.0,2670205250.0,2199864000.0,4047896664.0,6.0,5.1,617892000.0,4.547,1.0,2687737000.0,0.779,3621199000.0,90718000.0,871767000.0,869600250.0,0.0,938167000.0,648819000.0,289348000.0,4200091000.0,2553357000.0,1646734000.0,3874545664.0,67935000.0,-35221000.0,-259538000.0,0.0,-76550000.0,-353494000.0,-463460000.0,-222300000.0,825729000.0,-17743000.0,472294000.0,472294000.0,472294000.0,0.0,2309000.0,0.137,2208128000.0,479609000.0,951457000.0,0.161,1.761,8.204,8.339,320282000.0,0.0,29.02,1.123,1.143,339427000.0,-722239000.0,3449009000.0,3449009000.0,380999000.0,0.064,0.177,0.735,0.185,63847000.0,1784349000.0,1.0,133512945.0,135888000.0,138702000.0,25.381,2884059000.0,0.0,75731000.0,279962000.0,21.224,-278928000.0
10,EXPE,MRY,2010-12-31,2010-12-31,2010-12-31,2021-08-25,-8803000.0,6656922000.0,6708257000.0,1707555000.0,4949367000.0,0.452,18.923,-136376000.0,635414000.0,635414000.0,685487000.0,425560000.0,0.901,1.467,1249221000.0,0.0,1249221000.0,1249221000.0,16811000.0,128045000.0,0.0,0.011,0.56,608270000.0,736315000.0,0.243,736315000.0,608270000.0,541842000.0,2.98,2.93,2.98,2672544000.0,2631793750.0,2672544000.0,7630016324.0,13.0,10.362,469011000.0,3.321,1.0,2348158000.0,0.774,3612277000.0,66428000.0,1763105000.0,484989750.0,0.0,721599000.0,495331000.0,226268000.0,3920219000.0,1895347000.0,2024872000.0,6951393324.0,10019000.0,-16019000.0,-451378000.0,742470000.0,-79076000.0,127860000.0,-744347000.0,-595481000.0,605387000.0,-19880000.0,421500000.0,421500000.0,421500000.0,0.0,4060000.0,0.139,1847371000.0,500787000.0,875726000.0,0.188,2.601,16.492,16.839,246317000.0,0.0,50.18,2.291,2.336,275846000.0,-1194533000.0,3033645000.0,3033645000.0,308780000.0,0.063,0.16,1.254,0.201,52507000.0,1493385000.0,1.0,138529162.0,141233000.0,144014000.0,21.48,3044645000.0,0.0,120342000.0,264142000.0,21.558,-187792000.0
11,EXPE,MRY,2009-12-31,2009-12-31,2009-12-31,2021-08-25,3379000.0,5937156000.0,6009796250.0,1225049000.0,4712107000.0,0.456,18.616,-78842000.0,656616000.0,656616000.0,602682000.0,303623000.0,0.668,1.188,895086000.0,0.0,895086000.0,895086000.0,17204000.0,117327000.0,0.0,0.0,0.0,450480000.0,567807000.0,0.207,567807000.0,450480000.0,401028000.0,2.08,2.05,2.08,2682681000.0,2503277500.0,2682681000.0,7470378563.0,17.0,13.157,597162000.0,4.144,1.0,2140369000.0,0.78,4427025000.0,49452000.0,-86456000.0,-319005250.0,0.0,94111000.0,45849000.0,48262000.0,3187430000.0,1835057000.0,1352373000.0,7429607563.0,-46231000.0,-36000.0,7831000.0,-650000000.0,0.0,-660919000.0,-47819000.0,77171000.0,676004000.0,9279000.0,299526000.0,299526000.0,299526000.0,0.0,4097000.0,0.109,1742626000.0,397743000.0,813364000.0,0.0,2.769,24.805,24.74,236820000.0,0.0,51.46,2.709,2.703,307817000.0,-1616033000.0,2743051000.0,2743051000.0,282634000.0,0.05,0.12,-1.412,0.164,55756000.0,1333950000.0,1.0,144376362.0,144107000.0,146071000.0,19.035,1510131000.0,0.0,101502000.0,223959000.0,10.479,-610008000.0
12,EXPE,MRY,2008-12-31,2008-12-31,2008-12-31,2021-08-25,-16002000.0,5894249000.0,8158933250.0,1198714000.0,4695535000.0,0.36,16.194,-159827000.0,668768000.0,668768000.0,638709000.0,-2520670000.0,0.765,1.516,1544548000.0,0.0,1544548000.0,1544548000.0,15774000.0,146236000.0,0.0,0.0,0.0,-2439813000.0,-2293577000.0,-0.781,-2293577000.0,-2439813000.0,-2511797000.0,-17.6,-17.6,-17.6,2317054000.0,4330775000.0,2317054000.0,2842107583.0,-1.0,-1.239,360861000.0,2.522,1.0,2298304000.0,0.783,4371988000.0,71984000.0,831873000.0,-159333750.0,0.0,168355000.0,92762000.0,75593000.0,3513285000.0,1566168000.0,1947117000.0,2364413583.0,48026000.0,-538439000.0,-6512000.0,457348000.0,0.0,464801000.0,-859558000.0,-83711000.0,520688000.0,-77905000.0,-2517763000.0,-2517763000.0,-2517763000.0,0.0,-2907000.0,-0.857,4727257000.0,-2428953000.0,775593000.0,0.0,1.02,-0.939,-0.936,247954000.0,0.0,16.48,0.805,0.803,267270000.0,-1915559000.0,2937013000.0,2937013000.0,287763000.0,-0.309,-0.581,15.313,-0.831,61291000.0,1374058000.0,1.0,143471698.0,143083500.0,143083500.0,20.527,1522261000.0,0.0,5966000.0,189541000.0,10.639,-367454000.0
13,EXPE,MRY,2007-12-31,2007-12-31,2007-12-31,2021-08-25,31765000.0,8295422000.0,8422972000.0,1045655000.0,7249767000.0,0.316,32.484,-86658000.0,634041000.0,634041000.0,565056000.0,293870000.0,0.589,0.722,1085000000.0,0.0,1085000000.0,1085000000.0,11957000.0,199944000.0,0.0,0.0,0.0,551874000.0,751818000.0,0.282,751818000.0,551874000.0,498978000.0,2.0,1.88,2.0,4818081000.0,5098317250.0,4818081000.0,9138646256.0,17.0,12.155,625411000.0,4.217,1.0,2100276000.0,0.788,6977095000.0,52896000.0,-5066000.0,-530975500.0,0.0,93182000.0,0.0,93182000.0,3477341000.0,1774352000.0,1702989000.0,8995925256.0,-235888000.0,-59622000.0,-1342135000.0,585000000.0,0.0,-789979000.0,-179506000.0,-33226000.0,712069000.0,21528000.0,295864000.0,295864000.0,295864000.0,0.0,-1994000.0,0.111,1571207000.0,529069000.0,852277000.0,0.0,1.867,30.406,31.62,179490000.0,0.0,63.24,3.375,3.519,268008000.0,602204000.0,2665332000.0,2665332000.0,246063000.0,0.035,0.058,-1.039,0.207,0.0,1247575000.0,1.0,142250558.0,148320000.0,157116500.0,17.97,1318327000.0,0.0,203114000.0,351168000.0,8.888,-728697000.0
14,EXPE,MRY,2006-12-31,2006-12-31,2006-12-31,2021-08-25,11979000.0,8264317000.0,8205643250.0,1177818000.0,7086499000.0,0.273,34.932,-92631000.0,864367000.0,864367000.0,502638000.0,244934000.0,0.84,0.4,500000000.0,0.0,500000000.0,500000000.0,10317000.0,249468000.0,0.0,0.0,0.0,401651000.0,651119000.0,0.291,651119000.0,401651000.0,384385000.0,1.44,1.4,1.44,5904290000.0,5844762500.0,5904290000.0,6483204783.0,16.0,9.957,524809000.0,3.105,1.0,1734948000.0,0.775,6890066000.0,17266000.0,-392704000.0,-863789500.0,0.0,59289000.0,0.0,59289000.0,2360027000.0,1402588000.0,957439000.0,6946914783.0,555858000.0,-19355000.0,-260433000.0,265346000.0,0.0,9772000.0,-113500000.0,-1514000.0,617440000.0,42146000.0,244934000.0,244934000.0,244934000.0,0.0,0.0,0.109,1383619000.0,351329000.0,720737000.0,0.0,1.177,28.362,29.139,137144000.0,0.0,41.96,3.105,3.17,211430000.0,309912000.0,2237586000.0,2237586000.0,140371000.0,0.03,0.042,-0.465,0.18,0.0,1075844000.0,1.0,165560410.0,169023500.0,176090500.0,13.238,1374251000.0,0.0,139451000.0,392869000.0,8.131,-224770000.0
15,EXPE,MRY,2005-12-31,2005-12-31,2005-12-31,2021-08-25,-1598000.0,7756892000.0,8647039500.0,590244000.0,7166648000.0,0.245,34.047,-52315000.0,321001000.0,321001000.0,480219000.0,228730000.0,0.41,0.353,230755000.0,230755000.0,0.0,230755000.0,7068000.0,280834000.0,0.0,0.0,0.0,416813000.0,697647000.0,0.329,697647000.0,416813000.0,414707000.0,1.36,1.3,1.36,5733763000.0,6943196000.0,5733763000.0,7958467943.0,19.0,11.408,806872000.0,4.791,1.0,1639236000.0,0.773,7036233000.0,2106000.0,-807812000.0,261083500.0,0.0,39431000.0,0.0,39431000.0,2023129000.0,1438225000.0,584904000.0,8219142943.0,155748000.0,10547000.0,29060000.0,230000000.0,0.0,106507000.0,-801343000.0,-756638000.0,859187000.0,-8603000.0,228730000.0,228730000.0,228730000.0,0.0,0.0,0.108,1242184000.0,397052000.0,642462000.0,0.0,1.433,35.934,35.235,90984000.0,0.0,47.92,3.878,3.808,174019000.0,64978000.0,2119455000.0,2119455000.0,130507000.0,0.026,0.033,1.596,0.197,0.0,973013000.0,1.0,171518008.0,168409500.0,174765000.0,12.585,720659000.0,0.0,185977000.0,415463000.0,4.279,-847981000.0
16,EXPE,MRY,2004-12-31,2004-12-31,2004-12-31,2021-08-25,33668000.0,9537187000.0,9146228500.0,2245857000.0,7291330000.0,0.202,48.594,-53407000.0,155557000.0,155557000.0,415483000.0,163473000.0,2.287,0.17,0.0,0.0,0.0,0.0,5353000.0,357285000.0,0.0,,0.0,270005000.0,627290000.0,0.34,627290000.0,270005000.0,269844000.0,0.98,0.96,0.98,8152629000.0,7853465000.0,8152629000.0,,,,738819000.0,4.404,1.0,1427530000.0,0.775,7069472000.0,161000.0,1329979000.0,1037496500.0,0.0,140432000.0,0.0,140432000.0,1384558000.0,982179000.0,402379000.0,,-36001000.0,-261390000.0,0.0,0.0,0.0,107320000.0,-932406000.0,-617524000.0,792226000.0,-3141000.0,163473000.0,163473000.0,163473000.0,0.0,0.0,0.089,1187057000.0,240473000.0,528405000.0,0.0,,,,81426000.0,0.0,,,,2018650000.0,0.0,1843013000.0,1843013000.0,129487000.0,0.018,0.021,0.26,0.147,0.0,915751000.0,1.0,171518008.0,167770000.0,170274500.0,10.985,2467715000.0,8696000.0,106371000.0,334117000.0,14.709,1263678000.0
17,EXPE,MRY,2003-12-31,2003-12-31,2003-12-31,2021-08-25,-4027000.0,8755270000.0,,1680162000.0,7075108000.0,,45.028,-46183000.0,211584000.0,211584000.0,1233743000.0,111407000.0,2.036,0.159,0.0,0.0,0.0,0.0,95134000.0,248600000.0,0.0,,0.0,208609000.0,457209000.0,0.195,457209000.0,208609000.0,208609000.0,0.66,0.66,0.66,7554301000.0,,7554301000.0,,,,597840000.0,3.563,1.0,1106070000.0,0.473,6973348000.0,0.0,745014000.0,,0.0,719462000.0,693320000.0,26142000.0,1200969000.0,825324000.0,375645000.0,,-24998000.0,-704885000.0,-41134000.0,0.0,0.0,585748000.0,-1251537000.0,-468376000.0,644023000.0,-3232000.0,111407000.0,111407000.0,111407000.0,0.0,0.0,0.048,862552000.0,243518000.0,433753000.0,0.0,,,,75618000.0,0.0,,,,720471000.0,,2339813000.0,2339813000.0,59743000.0,,,,0.089,0.0,577317000.0,1.0,,167770000.0,170274500.0,13.947,1781922000.0,1417000.0,97202000.0,379770000.0,10.621,854838000.0
18,EXPE,MRY,2002-12-31,2002-12-31,2002-12-31,2021-08-25,,,,,,,,-46504000.0,,,836320000.0,76713000.0,,,,,,,,61348000.0,,,0.0,159292000.0,220640000.0,0.147,220640000.0,159292000.0,159292000.0,,,,,,,,,,404396000.0,,1.0,662755000.0,0.442,,0.0,,,,,,,,,,,168785000.0,211198000.0,0.0,0.0,0.0,120279000.0,-402392000.0,-563050000.0,450900000.0,-2000.0,76713000.0,76713000.0,76713000.0,0.0,0.0,0.051,468985000.0,193770000.0,,,,,,,0.0,,,,,,1499075000.0,1499075000.0,0.0,,,,0.106,5632000.0,399723000.0,1.0,,,,,,,82579000.0,,,
0,EXPE,MRQ,2021-06-30,2021-06-30,2021-06-30,2021-08-25,-186000000.0,24181000000.0,,11113000000.0,13068000000.0,,7.351,-183000000.0,8005000000.0,8005000000.0,374000000.0,-177000000.0,0.949,19.707,8888000000.0,0.0,8888000000.0,8888000000.0,172000000.0,205000000.0,0.0,0.0,0.0,-136000000.0,69000000.0,0.033,69000000.0,-136000000.0,-219000000.0,-2.02,-2.02,-2.02,1096000000.0,,1096000000.0,26700558236.0,-21.0,-105.955,2331000000.0,15.635,1.0,1737000000.0,0.823,8827000000.0,83000000.0,4524000000.0,,0.0,674000000.0,11000000.0,663000000.0,21599000000.0,11713000000.0,9886000000.0,24060558236.0,1740000000.0,0.0,80000000.0,-5000000.0,0.0,-588000000.0,-233000000.0,11000000.0,2514000000.0,47000000.0,-172000000.0,-301000000.0,-301000000.0,0.0,-5000000.0,-0.143,1869000000.0,-132000000.0,1935000000.0,0.0,21.953,-15.624,-15.415,2728000000.0,129000000.0,163.71,4.162,4.222,1440000000.0,-2531000000.0,2111000000.0,2111000000.0,276000000.0,,,,,120000000.0,1383000000.0,1.0,146970608.0,149093000.0,149093000.0,14.159,15354000000.0,1249000000.0,-47000000.0,350000000.0,102.983,-600000000.0
1,EXPE,MRQ,2021-03-31,2021-03-31,2021-03-31,2021-08-25,-199000000.0,21866000000.0,,8836000000.0,13030000000.0,,8.328,-168000000.0,6263000000.0,6263000000.0,311000000.0,-581000000.0,1.007,15.863,8903000000.0,0.0,8903000000.0,8903000000.0,174000000.0,209000000.0,0.0,0.0,0.0,-649000000.0,-440000000.0,-0.353,-440000000.0,-649000000.0,-747000000.0,-4.17,-4.17,-4.17,1209000000.0,,1209000000.0,29355966518.0,-15.0,-31.13,2002000000.0,13.79,1.0,935000000.0,0.75,8842000000.0,98000000.0,6890000000.0,,0.0,690000000.0,23000000.0,667000000.0,19178000000.0,8774000000.0,10404000000.0,24761966518.0,2127000000.0,0.0,214000000.0,5000000.0,0.0,210000000.0,-180000000.0,0.0,2170000000.0,-73000000.0,-578000000.0,-606000000.0,-606000000.0,0.0,-3000000.0,-0.486,1304000000.0,-369000000.0,1292000000.0,0.0,20.481,-12.431,-12.347,2739000000.0,28000000.0,172.12,5.846,5.899,1007000000.0,-2359000000.0,1246000000.0,1246000000.0,247000000.0,,,,,83000000.0,820000000.0,1.0,143864551.0,145181000.0,145181000.0,8.582,13024000000.0,1174000000.0,-169000000.0,338000000.0,89.709,62000000.0
2,EXPE,MRQ,2020-12-31,2020-12-31,2020-12-31,2021-08-25,-178000000.0,18690000000.0,,5634000000.0,13056000000.0,,10.6,-128000000.0,4135000000.0,4135000000.0,287000000.0,-391000000.0,1.042,10.388,8729000000.0,0.0,8729000000.0,8729000000.0,172000000.0,387000000.0,0.0,0.003,0.0,-385000000.0,2000000.0,0.002,2000000.0,-385000000.0,-487000000.0,-2.87,-2.87,-2.87,1510000000.0,,1510000000.0,22999493332.0,-9.0,-14.312,-513000000.0,-3.601,1.0,633000000.0,0.688,8895000000.0,102000000.0,8983000000.0,,0.0,695000000.0,24000000.0,671000000.0,15686000000.0,5406000000.0,10280000000.0,18729493332.0,-943000000.0,0.0,208000000.0,-651000000.0,0.0,-494000000.0,-156000000.0,0.0,-385000000.0,92000000.0,-383000000.0,-412000000.0,-412000000.0,0.0,-8000000.0,-0.448,1096000000.0,-463000000.0,1098000000.0,0.0,12.404,-6.97,-6.968,2831000000.0,29000000.0,132.4,3.603,3.601,701000000.0,-1781000000.0,920000000.0,920000000.0,223000000.0,,,,,49000000.0,635000000.0,1.0,141461430.0,142452000.0,142452000.0,6.458,9795000000.0,779000000.0,-104000000.0,117000000.0,68.76,228000000.0
3,EXPE,MRQ,2020-09-30,2020-09-30,2020-09-30,2021-08-25,-239000000.0,19679000000.0,,6735000000.0,12944000000.0,,11.549,-176000000.0,5078000000.0,5078000000.0,375000000.0,-200000000.0,1.195,10.151,9348000000.0,0.0,9348000000.0,9348000000.0,177000000.0,220000000.0,0.0,0.007,0.0,-103000000.0,117000000.0,0.078,117000000.0,-103000000.0,-216000000.0,-1.56,-1.56,-1.56,1632000000.0,,1632000000.0,16681076765.0,-8.0,-13.763,-995000000.0,-7.041,1.0,1129000000.0,0.751,8880000000.0,113000000.0,9433000000.0,,0.0,629000000.0,23000000.0,606000000.0,16567000000.0,5636000000.0,10931000000.0,12949076765.0,-1285000000.0,0.0,4000000.0,-768000000.0,0.0,-762000000.0,234000000.0,400000000.0,-819000000.0,62000000.0,-192000000.0,-221000000.0,-221000000.0,0.0,-8000000.0,-0.147,1242000000.0,-113000000.0,1102000000.0,0.0,7.934,-5.889,-5.878,2901000000.0,29000000.0,91.69,1.843,1.844,839000000.0,-1398000000.0,1504000000.0,1504000000.0,224000000.0,,,,,47000000.0,663000000.0,1.0,141226707.0,141306000.0,141306000.0,10.644,10799000000.0,667000000.0,-24000000.0,139000000.0,76.423,1099000000.0
4,EXPE,MRQ,2020-06-30,2020-06-30,2020-06-30,2021-08-25,-273000000.0,21905000000.0,,8944000000.0,12961000000.0,,12.292,-206000000.0,6364000000.0,6364000000.0,381000000.0,-740000000.0,1.136,10.785,10096000000.0,750000000.0,9346000000.0,10096000000.0,197000000.0,232000000.0,0.0,0.012,0.0,-854000000.0,-622000000.0,-1.099,-622000000.0,-854000000.0,-949000000.0,-5.34,-5.34,-5.34,1734000000.0,,1734000000.0,14247789612.0,-10.0,-28.61,-2052000000.0,-14.546,1.0,185000000.0,0.327,8930000000.0,95000000.0,8835000000.0,,0.0,1040000000.0,422000000.0,618000000.0,18702000000.0,7872000000.0,10830000000.0,11588789612.0,1645000000.0,0.0,6000000.0,2714000000.0,0.0,3816000000.0,-373000000.0,-224000000.0,-1846000000.0,48000000.0,-736000000.0,-753000000.0,-753000000.0,0.0,-4000000.0,-1.33,1034000000.0,-849000000.0,1049000000.0,0.0,6.683,-7.386,-7.294,2931000000.0,17000000.0,82.2,1.276,1.277,1002000000.0,-1206000000.0,566000000.0,566000000.0,271000000.0,,,,,54000000.0,440000000.0,1.0,140982842.0,141072000.0,141072000.0,4.012,12975000000.0,589000000.0,-213000000.0,152000000.0,91.974,1072000000.0
5,EXPE,MRQ,2020-03-31,2020-03-31,2020-03-31,2021-08-25,-301000000.0,20417000000.0,,7652000000.0,12765000000.0,,16.12,-287000000.0,4718000000.0,4718000000.0,629000000.0,-1397000000.0,0.796,7.346,7377000000.0,750000000.0,6627000000.0,7377000000.0,221000000.0,229000000.0,0.0,0.024,0.34,-1333000000.0,-1104000000.0,-0.5,-1104000000.0,-1333000000.0,-1383000000.0,-9.24,-9.24,-9.24,2270000000.0,,2270000000.0,9253188064.0,-32.0,14.877,-1071000000.0,-7.605,1.0,1580000000.0,0.715,8972000000.0,50000000.0,4496000000.0,,0.0,804000000.0,194000000.0,610000000.0,16676000000.0,9608000000.0,7068000000.0,7877188064.0,624000000.0,0.0,-324000000.0,1900000000.0,-48000000.0,1517000000.0,32000000.0,300000000.0,-784000000.0,-141000000.0,-1301000000.0,-1301000000.0,-1301000000.0,0.0,-96000000.0,-0.589,2874000000.0,-1294000000.0,1695000000.0,-0.037,3.47,-12.444,-11.972,2925000000.0,0.0,56.27,0.675,0.679,1423000000.0,-470000000.0,2209000000.0,2209000000.0,315000000.0,,,,,55000000.0,1390000000.0,1.0,139989125.0,140823000.0,140823000.0,15.686,11445000000.0,332000000.0,-82000000.0,117000000.0,81.272,-1956000000.0
6,EXPE,MRQ,2019-12-31,2019-12-31,2019-12-31,2021-08-25,-217000000.0,21416000000.0,,7735000000.0,13681000000.0,,27.431,-296000000.0,4094000000.0,4094000000.0,539000000.0,78000000.0,0.722,4.003,5470000000.0,749000000.0,4721000000.0,5470000000.0,321000000.0,226000000.0,0.0,0.012,0.34,171000000.0,397000000.0,0.145,397000000.0,171000000.0,118000000.0,0.54,0.53,0.54,3967000000.0,,3967000000.0,16786001454.0,18.0,9.069,45000000.0,0.311,1.0,2208000000.0,0.804,9931000000.0,53000000.0,2147000000.0,,0.0,1322000000.0,526000000.0,796000000.0,15880000000.0,10714000000.0,5166000000.0,15668001454.0,-150000000.0,0.0,-367000000.0,-4000000.0,-50000000.0,-432000000.0,-124000000.0,154000000.0,341000000.0,65000000.0,76000000.0,76000000.0,76000000.0,0.0,2000000.0,0.028,2048000000.0,160000000.0,2827000000.0,0.63,3.95,27.731,28.161,2809000000.0,0.0,108.14,1.298,1.319,2524000000.0,879000000.0,2747000000.0,2747000000.0,321000000.0,,,,,66000000.0,1484000000.0,1.0,144886272.0,144620000.0,146800000.0,18.995,11485000000.0,215000000.0,42000000.0,144000000.0,79.415,-2979000000.0
7,EXPE,MRQ,2019-09-30,2019-09-30,2019-09-30,2021-08-25,-258000000.0,21381000000.0,,7969000000.0,13412000000.0,,28.418,-291000000.0,4244000000.0,4244000000.0,548000000.0,407000000.0,0.753,3.739,5362000000.0,749000000.0,4613000000.0,5362000000.0,381000000.0,228000000.0,0.0,0.01,0.34,603000000.0,831000000.0,0.234,831000000.0,603000000.0,563000000.0,2.77,2.71,2.77,4184000000.0,,4184000000.0,19416132686.0,23.0,10.656,-1152000000.0,-7.824,1.0,3010000000.0,0.846,9947000000.0,40000000.0,1970000000.0,,0.0,1428000000.0,658000000.0,770000000.0,15642000000.0,10582000000.0,5060000000.0,20112132686.0,-633000000.0,80000000.0,-202000000.0,835000000.0,-50000000.0,573000000.0,-263000000.0,-39000000.0,-861000000.0,-82000000.0,409000000.0,409000000.0,409000000.0,0.0,-2000000.0,0.115,2401000000.0,609000000.0,2778000000.0,0.123,4.807,39.747,39.187,2585000000.0,0.0,134.41,1.693,1.666,2684000000.0,850000000.0,3558000000.0,3558000000.0,304000000.0,,,,,60000000.0,1856000000.0,1.0,149632711.0,147232000.0,150635000.0,24.166,11434000000.0,172000000.0,154000000.0,160000000.0,77.66,-2613000000.0
8,EXPE,MRQ,2019-06-30,2019-06-30,2019-06-30,2021-08-25,-216000000.0,22201000000.0,,8824000000.0,13377000000.0,,29.131,-299000000.0,4877000000.0,4877000000.0,500000000.0,187000000.0,0.756,3.753,4181000000.0,0.0,4181000000.0,4181000000.0,522000000.0,228000000.0,0.0,0.01,0.32,270000000.0,498000000.0,0.158,498000000.0,270000000.0,231000000.0,1.23,1.21,1.23,4342000000.0,,4342000000.0,19816886735.0,22.0,10.507,839000000.0,5.629,1.0,2653000000.0,0.841,10005000000.0,39000000.0,-176000000.0,,0.0,1446000000.0,631000000.0,815000000.0,16294000000.0,11676000000.0,4618000000.0,19795886735.0,722000000.0,0.0,61000000.0,0.0,-48000000.0,13000000.0,-460000000.0,-171000000.0,1138000000.0,31000000.0,183000000.0,183000000.0,183000000.0,0.0,4000000.0,0.058,2388000000.0,265000000.0,3123000000.0,0.26,4.559,31.826,31.902,2477000000.0,0.0,133.03,1.707,1.71,2893000000.0,508000000.0,3153000000.0,3153000000.0,304000000.0,,,,,59000000.0,1848000000.0,1.0,148807688.0,149049000.0,151561000.0,21.154,12196000000.0,208000000.0,48000000.0,93000000.0,81.825,-2852000000.0
9,EXPE,MRQ,2019-03-31,2019-03-31,2019-03-31,2021-08-25,-217000000.0,20963000000.0,,7702000000.0,13261000000.0,,27.61,-274000000.0,4155000000.0,4155000000.0,490000000.0,-100000000.0,0.718,3.754,4176000000.0,0.0,4176000000.0,4176000000.0,533000000.0,228000000.0,0.0,0.011,0.32,-103000000.0,125000000.0,0.048,125000000.0,-103000000.0,-144000000.0,-0.69,-0.69,-0.69,4083000000.0,,4083000000.0,18530646176.0,27.0,11.056,1875000000.0,12.679,1.0,2119000000.0,0.812,10045000000.0,41000000.0,213000000.0,,0.0,1270000000.0,466000000.0,804000000.0,15329000000.0,10726000000.0,4603000000.0,17515646176.0,1453000000.0,0.0,66000000.0,0.0,-47000000.0,21000000.0,-706000000.0,-438000000.0,2149000000.0,-11000000.0,-103000000.0,-103000000.0,-103000000.0,0.0,3000000.0,-0.039,2250000000.0,-131000000.0,2769000000.0,-0.464,4.29,39.808,40.339,2365000000.0,0.0,119.0,1.547,1.554,2617000000.0,373000000.0,2609000000.0,2609000000.0,297000000.0,,,,,56000000.0,1705000000.0,1.0,147190304.0,147882000.0,147882000.0,17.642,10918000000.0,193000000.0,-41000000.0,91000000.0,73.829,-3024000000.0
10,EXPE,MRQ,2018-12-31,2018-12-31,2018-12-31,2021-08-25,-220000000.0,18033000000.0,,5197000000.0,12836000000.0,,27.637,-244000000.0,2702000000.0,2702000000.0,375000000.0,25000000.0,0.645,3.017,3717000000.0,0.0,3717000000.0,3717000000.0,364000000.0,279000000.0,0.0,0.011,0.32,89000000.0,368000000.0,0.144,368000000.0,89000000.0,48000000.0,0.12,0.11,0.12,4104000000.0,,4104000000.0,17402969765.0,25.0,10.334,-389000000.0,-2.62,1.0,2184000000.0,0.853,10112000000.0,41000000.0,876000000.0,,0.0,806000000.0,28000000.0,778000000.0,12382000000.0,8060000000.0,4322000000.0,16781969765.0,-404000000.0,-13000000.0,-306000000.0,0.0,-48000000.0,-335000000.0,96000000.0,356000000.0,-145000000.0,-20000000.0,17000000.0,17000000.0,17000000.0,0.0,8000000.0,0.007,2088000000.0,96000000.0,2487000000.0,2.667,4.089,41.335,41.568,1877000000.0,0.0,112.65,1.495,1.505,2151000000.0,517000000.0,2559000000.0,2559000000.0,-78000000.0,,,,,49000000.0,1340000000.0,1.0,148974432.0,148494000.0,151344000.0,17.233,7921000000.0,93000000.0,31000000.0,143000000.0,53.342,-2863000000.0
11,EXPE,MRQ,2018-09-30,2018-09-30,2018-09-30,2021-08-25,-202000000.0,19141000000.0,,6172000000.0,12969000000.0,,29.341,-223000000.0,3106000000.0,3106000000.0,504000000.0,531000000.0,0.704,3.013,3727000000.0,0.0,3727000000.0,3727000000.0,346000000.0,242000000.0,0.0,0.009,0.32,653000000.0,895000000.0,0.273,895000000.0,653000000.0,606000000.0,3.51,3.43,3.51,4386000000.0,,4386000000.0,20323380050.0,28.0,12.083,-594000000.0,-3.974,1.0,2772000000.0,0.846,10258000000.0,47000000.0,741000000.0,,0.0,1175000000.0,458000000.0,717000000.0,13214000000.0,8763000000.0,4451000000.0,19500380050.0,-303000000.0,-40000000.0,-92000000.0,-500000000.0,-47000000.0,-698000000.0,779000000.0,1023000000.0,-371000000.0,-13000000.0,525000000.0,525000000.0,525000000.0,0.0,6000000.0,0.16,2100000000.0,672000000.0,2752000000.0,0.091,4.446,43.92,43.933,1769000000.0,0.0,130.48,1.776,1.776,2294000000.0,551000000.0,3276000000.0,3276000000.0,404000000.0,,,,,54000000.0,1703000000.0,1.0,149451104.0,149482000.0,153153000.0,21.916,8883000000.0,261000000.0,81000000.0,425000000.0,59.425,-2591000000.0
12,EXPE,MRQ,2018-06-30,2018-06-30,2018-06-30,2021-08-25,-190000000.0,20554000000.0,,7794000000.0,12760000000.0,,26.433,-219000000.0,3408000000.0,3408000000.0,498000000.0,-9000000.0,0.742,3.782,4231000000.0,500000000.0,3731000000.0,4231000000.0,460000000.0,241000000.0,0.0,0.01,0.3,47000000.0,288000000.0,0.1,288000000.0,47000000.0,-4000000.0,0.01,0.01,0.01,3967000000.0,,3967000000.0,18695256006.0,35.0,12.666,596000000.0,3.971,1.0,2382000000.0,0.827,10296000000.0,51000000.0,584000000.0,,0.0,2249000000.0,1491000000.0,758000000.0,15002000000.0,10497000000.0,4505000000.0,18066256006.0,-234000000.0,0.0,-177000000.0,0.0,-45000000.0,-220000000.0,-706000000.0,-495000000.0,815000000.0,-123000000.0,1000000.0,1000000.0,1000000.0,0.0,-10000000.0,0.0,2271000000.0,111000000.0,2720000000.0,30.0,4.554,66.665,67.522,1689000000.0,0.0,120.19,1.693,1.69,2359000000.0,74000000.0,2880000000.0,2880000000.0,400000000.0,,,,,50000000.0,1737000000.0,1.0,150314136.0,150076000.0,152617000.0,19.19,10258000000.0,192000000.0,-5000000.0,333000000.0,68.352,-2703000000.0
13,EXPE,MRQ,2018-03-31,2018-03-31,2018-03-31,2021-08-25,-125000000.0,20429000000.0,,7431000000.0,12998000000.0,,27.632,-192000000.0,3642000000.0,3642000000.0,487000000.0,-149000000.0,0.744,3.485,4271000000.0,500000000.0,3771000000.0,4271000000.0,469000000.0,239000000.0,0.0,0.011,0.3,-106000000.0,133000000.0,0.053,133000000.0,-106000000.0,-157000000.0,-0.91,-0.91,-0.91,4195000000.0,,4195000000.0,18097195915.0,31.0,11.993,1484000000.0,9.775,1.0,2021000000.0,0.806,10494000000.0,51000000.0,573000000.0,,0.0,1889000000.0,1031000000.0,858000000.0,14621000000.0,9991000000.0,4630000000.0,16763925915.0,729000000.0,0.0,-182000000.0,0.0,-46000000.0,-236000000.0,-728000000.0,-550000000.0,1676000000.0,17000000.0,-137000000.0,-137000000.0,-137000000.0,0.0,-12000000.0,-0.055,2186000000.0,-165000000.0,2551000000.0,-0.33,3.996,51.266,51.593,1627000000.0,0.0,110.41,1.615,1.615,2253000000.0,117000000.0,2508000000.0,2508000000.0,396000000.0,,,,,50000000.0,1715000000.0,1.0,151833402.0,151817000.0,151817000.0,16.52,9935000000.0,195000000.0,-20000000.0,413000000.0,65.441,-2560000000.0
14,EXPE,MRQ,2017-12-31,2017-12-31,2017-12-31,2021-08-25,-149000000.0,18516000000.0,,5540000000.0,12976000000.0,,29.706,-184000000.0,2916000000.0,2916000000.0,437000000.0,53000000.0,0.703,2.739,4249000000.0,500000000.0,3749000000.0,4249000000.0,326000000.0,236000000.0,0.0,0.01,0.3,130000000.0,366000000.0,0.158,366000000.0,130000000.0,78000000.0,0.36,0.36,0.36,4523000000.0,,4523000000.0,19213240390.0,32.0,12.86,-285000000.0,-1.872,1.0,1882000000.0,0.812,10538000000.0,52000000.0,1432000000.0,,0.0,1313000000.0,468000000.0,845000000.0,12387000000.0,7879000000.0,4508000000.0,18264326390.0,-371000000.0,0.0,-109000000.0,-2000000.0,-46000000.0,-173000000.0,-102000000.0,77000000.0,-101000000.0,5000000.0,55000000.0,55000000.0,55000000.0,0.0,-2000000.0,0.024,1768000000.0,114000000.0,2536000000.0,0.833,4.038,48.318,48.1,1575000000.0,0.0,119.77,1.816,1.805,1866000000.0,331000000.0,2319000000.0,2319000000.0,372000000.0,,,,,45000000.0,1322000000.0,1.0,152495002.0,152258000.0,155980000.0,15.231,7978000000.0,39000000.0,23000000.0,362000000.0,52.398,-2339000000.0
15,EXPE,MRQ,2017-09-30,2017-09-30,2017-09-30,2021-08-25,-123973000.0,19035232000.0,,5983802000.0,13051430000.0,,30.268,-169000000.0,3286822000.0,3286822000.0,459000000.0,349000000.0,0.723,2.785,4235736000.0,500000000.0,3735736000.0,4235736000.0,315181000.0,227000000.0,0.0,0.008,0.3,462000000.0,689000000.0,0.232,689000000.0,462000000.0,418000000.0,2.32,2.23,2.32,4603420000.0,,4603420000.0,22125614333.0,35.0,14.592,-612000000.0,-4.024,1.0,2507000000.0,0.845,10603770000.0,44000000.0,1107820000.0,,0.0,1429428000.0,540581000.0,888847000.0,12819922000.0,8272556000.0,4547366000.0,21826570333.0,365000000.0,-33000000.0,3000000.0,992000000.0,-45000000.0,942000000.0,-177000000.0,17000000.0,-443000000.0,43000000.0,352000000.0,352000000.0,352000000.0,0.0,-3000000.0,0.119,2026000000.0,481000000.0,2605258000.0,0.129,4.741,54.213,54.523,1521609000.0,0.0,143.94,2.219,2.226,1835286000.0,321576000.0,2966000000.0,2966000000.0,350000000.0,,,,,7000000.0,1602000000.0,1.0,151636587.0,152088000.0,157760000.0,19.502,8431462000.0,72469000.0,66000000.0,420605000.0,55.438,-2288754000.0
16,EXPE,MRQ,2017-06-30,2017-06-30,2017-06-30,2021-08-25,-188340000.0,18623248000.0,,6026561000.0,12596687000.0,,27.88,-190000000.0,2921902000.0,2921902000.0,439000000.0,54000000.0,0.689,3.029,3220946000.0,0.0,3220946000.0,3220946000.0,393964000.0,218000000.0,0.0,0.007,0.28,103000000.0,321000000.0,0.124,321000000.0,103000000.0,60000000.0,0.37,0.36,0.37,4226077000.0,,4226077000.0,23116609887.0,42.0,16.405,511000000.0,3.371,1.0,2147000000.0,0.83,10547181000.0,43000000.0,-369391000.0,,0.0,1444774000.0,906339000.0,538435000.0,12801132000.0,8744502000.0,4056630000.0,22483358887.0,384000000.0,-136000000.0,10000000.0,0.0,-43000000.0,-33000000.0,-352000000.0,-28000000.0,701000000.0,68000000.0,57000000.0,57000000.0,57000000.0,0.0,-3000000.0,0.022,2044000000.0,103000000.0,2515826000.0,0.757,5.32,68.144,68.326,1479059000.0,0.0,148.95,2.379,2.389,1809618000.0,14916000.0,2586000000.0,2586000000.0,343000000.0,,,,,50000000.0,1622000000.0,1.0,150945679.0,151582000.0,157033000.0,17.06,8076067000.0,177012000.0,3000000.0,484381000.0,53.279,-2717941000.0
17,EXPE,MRQ,2017-03-31,2017-03-31,2017-03-31,2021-08-25,-251413000.0,17668906000.0,,5328413000.0,12340493000.0,,27.166,-167000000.0,2537682000.0,2537682000.0,422000000.0,-84000000.0,0.664,2.937,3170933000.0,0.0,3170933000.0,3170933000.0,369722000.0,208000000.0,0.0,0.008,0.28,-90000000.0,118000000.0,0.054,118000000.0,-90000000.0,-133000000.0,-0.57,-0.57,-0.57,4089272000.0,,4089272000.0,20245116314.0,40.0,15.055,1521000000.0,10.104,1.0,1767000000.0,0.807,10366386000.0,43000000.0,-83800000.0,,0.0,1379652000.0,851415000.0,528237000.0,12009848000.0,8019571000.0,3990277000.0,18901324314.0,721000000.0,0.0,13000000.0,0.0,-42000000.0,-48000000.0,-950000000.0,-781000000.0,1688000000.0,31000000.0,-86000000.0,-86000000.0,-86000000.0,0.0,2000000.0,-0.039,1840000000.0,-73000000.0,2110260000.0,-0.491,4.622,62.055,62.46,1421962000.0,0.0,126.17,2.086,2.097,1579657000.0,666000.0,2189000000.0,2189000000.0,322000000.0,,,,,47000000.0,1428000000.0,1.0,149808388.0,150531000.0,150531000.0,14.542,7302520000.0,151612000.0,-47000000.0,575132000.0,48.512,-2691158000.0
18,EXPE,MRQ,2016-12-31,2016-12-31,2016-12-31,2021-08-25,-280399000.0,15777546000.0,,3450251000.0,12327295000.0,,27.434,-181956000.0,1815544000.0,1815544000.0,371143000.0,84597000.0,0.563,2.44,3159336000.0,0.0,3159336000.0,3159336000.0,282517000.0,235048000.0,0.0,0.009,0.26,153265000.0,388313000.0,0.186,388313000.0,153265000.0,110538000.0,0.52,0.51,0.52,4132301000.0,,4132301000.0,18336697166.0,39.0,14.105,-176634000.0,-1.173,1.0,1722122000.0,0.823,10388675000.0,42727000.0,605465000.0,,0.0,592371000.0,72313000.0,520058000.0,10084443000.0,6127198000.0,3957245000.0,16995386166.0,-63176000.0,-223000.0,-52037000.0,216000.0,-38991000.0,124297000.0,-129077000.0,39324000.0,5322000.0,-63718000.0,79609000.0,79609000.0,79609000.0,0.0,4988000.0,0.038,1574638000.0,147484000.0,2086325000.0,0.5,4.113,60.267,60.578,1394904000.0,0.0,113.28,1.937,1.941,1343247000.0,129034000.0,2093265000.0,2093265000.0,324079000.0,,,,,44398000.0,1141743000.0,1.0,150029892.0,150625000.0,155072000.0,13.897,5388871000.0,43060000.0,30929000.0,534709000.0,35.777,-2676947000.0
19,EXPE,MRQ,2016-09-30,2016-09-30,2016-09-30,2021-08-25,-307112000.0,16131766000.0,,3620294000.0,12511472000.0,,25.864,-187063000.0,1862899000.0,1862899000.0,416907000.0,278928000.0,0.547,3.134,3204210000.0,0.0,3204210000.0,3204210000.0,299291000.0,198494000.0,0.0,0.008,0.26,383332000.0,581826000.0,0.225,581826000.0,383332000.0,339958000.0,1.86,1.81,1.86,3885756000.0,,3885756000.0,18332985760.0,53.0,16.494,-369482000.0,-2.459,1.0,2163998000.0,0.838,10600819000.0,43374000.0,252820000.0,,0.0,603992000.0,45681000.0,558311000.0,12179138000.0,6619438000.0,5559700000.0,17474828760.0,-452049000.0,-777000.0,-4429000.0,-2773000.0,-39062000.0,-66808000.0,-194395000.0,-6555000.0,-182419000.0,-8427000.0,279331000.0,279331000.0,279331000.0,0.0,-403000.0,0.108,1777846000.0,386152000.0,2141647000.0,0.14,4.497,92.044,98.084,1339621000.0,0.0,116.72,2.085,2.093,1383774000.0,0.0,2580905000.0,2580905000.0,301446000.0,,,,,48263000.0,1370350000.0,1.0,149715805.0,150239000.0,154236000.0,17.179,5530947000.0,54762000.0,60627000.0,479110000.0,36.814,-2999144000.0
20,EXPE,MRQ,2016-06-30,2016-06-30,2016-06-30,2021-08-25,-299566000.0,16728542000.0,,4163977000.0,12564565000.0,,28.099,-212403000.0,2338690000.0,2338690000.0,406380000.0,6007000.0,0.559,2.965,3196847000.0,0.0,3196847000.0,3196847000.0,331837000.0,200204000.0,0.0,0.009,0.24,56386000.0,256590000.0,0.117,256590000.0,56386000.0,13447000.0,0.21,0.21,0.21,4202304000.0,,4202304000.0,16953070042.0,49.0,16.449,405371000.0,2.711,1.0,1789489000.0,0.815,10665814000.0,42939000.0,-525870000.0,,0.0,682351000.0,38500000.0,643851000.0,12461620000.0,7446755000.0,5014865000.0,15849712042.0,233195000.0,0.0,-97192000.0,0.0,-35773000.0,-135538000.0,-235293000.0,-22882000.0,617774000.0,-13748000.0,31649000.0,31649000.0,31649000.0,0.0,-25642000.0,0.014,1763827000.0,25662000.0,2145482000.0,1.143,3.772,81.81,70.397,1235282000.0,0.0,106.3,2.049,2.055,1454518000.0,7369000.0,2195869000.0,2195869000.0,317921000.0,,,,,100431000.0,1347548000.0,1.0,149103594.0,149552000.0,153532000.0,14.683,6062728000.0,155134000.0,-18202000.0,546251000.0,40.539,-3282778000.0
21,EXPE,MRQ,2016-03-31,2016-03-31,2016-03-31,2021-08-25,-287368000.0,16390044000.0,,3796132000.0,12593912000.0,,30.663,-167578000.0,2106133000.0,2106133000.0,402570000.0,-108532000.0,0.546,2.525,3209491000.0,0.0,3209491000.0,3209491000.0,293030000.0,195254000.0,0.0,0.008,0.24,-121983000.0,73271000.0,0.038,73271000.0,-121983000.0,-165943000.0,-0.72,-0.72,-0.72,4631700000.0,,4631700000.0,17749238658.0,20.0,11.916,940745000.0,6.228,1.0,1501391000.0,0.789,10765313000.0,43960000.0,-229871000.0,,0.0,663570000.0,28587000.0,634983000.0,11692835000.0,6957960000.0,4734875000.0,16235584658.0,387030000.0,0.0,-161342000.0,-400443000.0,-36174000.0,-612951000.0,-159235000.0,6113000.0,1108323000.0,50893000.0,-108589000.0,-108589000.0,-108589000.0,0.0,57000.0,-0.057,1598689000.0,-97298000.0,2005709000.0,-0.333,3.505,26.54,22.509,1174324000.0,0.0,107.82,2.254,2.261,1363321000.0,373300000.0,1903961000.0,1903961000.0,291554000.0,,,,,48908000.0,1185359000.0,1.0,150580455.0,151052000.0,151052000.0,12.605,5624731000.0,137248000.0,-57354000.0,579429000.0,37.237,-3161828000.0
22,EXPE,MRQ,2015-12-31,2015-12-31,2015-12-31,2021-08-25,-284894000.0,15485675000.0,,2976261000.0,12509414000.0,,36.255,-161602000.0,1687623000.0,1687623000.0,338493000.0,-12886000.0,0.502,2.17,3183140000.0,0.0,3183140000.0,3183140000.0,235809000.0,168938000.0,0.0,0.007,0.24,30842000.0,199780000.0,0.118,199780000.0,30842000.0,-5585000.0,-0.16,-0.16,-0.16,4864394000.0,,4864394000.0,17149074362.0,16.0,10.806,-335083000.0,-2.497,1.0,1360074000.0,0.801,10786895000.0,36427000.0,268280000.0,,0.0,676541000.0,33739000.0,642802000.0,10555908000.0,5926017000.0,4629891000.0,16139003362.0,220960000.0,-129828000.0,2566000.0,741406000.0,-31354000.0,679391000.0,-267464000.0,23903000.0,-173481000.0,-17486000.0,-12538000.0,-12538000.0,-12538000.0,0.0,-348000.0,-0.007,1330597000.0,29477000.0,1815427000.0,-1.5,3.318,21.112,21.175,1064259000.0,0.0,124.3,2.419,2.425,1082406000.0,507666000.0,1698567000.0,1698567000.0,250570000.0,,,,,44032000.0,974890000.0,1.0,129839126.0,134170000.0,138266000.0,12.66,4698780000.0,29263000.0,6953000.0,541860000.0,35.021,-2949756000.0
23,EXPE,MRQ,2015-09-30,2015-09-30,2015-09-30,2021-08-25,-284246000.0,12403273000.0,,3173472000.0,9229801000.0,,18.779,-156712000.0,1465354000.0,1465354000.0,328066000.0,276237000.0,0.534,4.054,2475425000.0,0.0,2475425000.0,2475425000.0,58249000.0,118556000.0,0.0,0.007,0.24,382425000.0,500981000.0,0.259,500981000.0,382425000.0,349166000.0,2.18,2.12,2.18,2441048000.0,,2441048000.0,14454608289.0,12.0,9.003,-277217000.0,-2.133,1.0,1609687000.0,0.831,7523738000.0,33259000.0,-51640000.0,,0.0,637623000.0,35478000.0,602145000.0,9897075000.0,5941246000.0,3955829000.0,15196462289.0,-1731790000.0,-1609789000.0,20534000.0,-1894000.0,-31182000.0,38768000.0,-1595030000.0,170241000.0,-120505000.0,-55023000.0,283216000.0,283216000.0,283216000.0,0.0,-6979000.0,0.146,1264689000.0,344998000.0,1992085000.0,0.11,6.225,18.027,17.994,966560000.0,0.0,117.68,2.401,2.417,1242303000.0,666177000.0,1937753000.0,1937753000.0,202703000.0,,,,,63656000.0,1073457000.0,1.0,129133772.0,129989000.0,133417000.0,14.907,4879535000.0,351273000.0,65950000.0,774320000.0,37.538,-2767774000.0
24,EXPE,MRQ,2015-06-30,2015-06-30,2015-06-30,2021-08-25,-256692000.0,11831926000.0,,4990392000.0,6841534000.0,,16.38,-366077000.0,3214390000.0,3214390000.0,321082000.0,426836000.0,0.836,4.574,2472536000.0,0.0,2472536000.0,2472536000.0,57142000.0,106157000.0,0.0,0.007,0.18,609380000.0,715537000.0,0.43,715537000.0,609380000.0,580865000.0,3.49,3.38,3.49,2111106000.0,,2111106000.0,13915446901.0,12.0,9.203,244890000.0,1.9,1.0,1341518000.0,0.807,5452656000.0,28515000.0,-330812000.0,,0.0,712867000.0,195984000.0,516883000.0,9657017000.0,5968228000.0,3688789000.0,13948912901.0,1451846000.0,525938000.0,52557000.0,702348000.0,-23096000.0,712704000.0,118282000.0,-50207000.0,610967000.0,9893000.0,449644000.0,449644000.0,449644000.0,0.0,-22808000.0,0.27,1251426000.0,90092000.0,1866076000.0,0.052,6.607,17.077,17.166,867137000.0,0.0,109.35,2.285,2.309,1123555000.0,417428000.0,1662600000.0,1662600000.0,186516000.0,,,,,41494000.0,1026874000.0,1.0,127562075.0,128887000.0,132960000.0,12.9,6379270000.0,248114000.0,131221000.0,527451000.0,49.495,-977836000.0
25,EXPE,MRQ,2015-03-31,2015-03-31,2015-03-31,2021-08-25,-239480000.0,10135088000.0,,3485928000.0,6649160000.0,,13.041,-102650000.0,1780328000.0,1780328000.0,321918000.0,32561000.0,0.648,4.993,1746862000.0,0.0,1746862000.0,1746862000.0,69066000.0,99487000.0,0.0,0.007,0.18,71227000.0,170714000.0,0.124,170714000.0,71227000.0,43233000.0,0.35,0.34,0.35,1663541000.0,,1663541000.0,12237353165.0,19.0,12.083,948414000.0,7.435,1.0,1051479000.0,0.766,5527731000.0,27994000.0,-808758000.0,,0.0,834770000.0,294942000.0,539828000.0,8306092000.0,5382649000.0,2923443000.0,11928154165.0,332583000.0,-326088000.0,-15912000.0,0.0,-22895000.0,-26664000.0,-627048000.0,-200117000.0,1051064000.0,-64769000.0,44143000.0,44143000.0,44143000.0,0.0,-11582000.0,0.032,1102480000.0,-51001000.0,1708495000.0,0.514,7.17,26.127,26.367,580956000.0,0.0,94.13,2.009,2.023,985024000.0,0.0,1373397000.0,1373397000.0,190455000.0,,,,,28886000.0,879778000.0,1.0,126720006.0,127563000.0,131402000.0,10.766,4607357000.0,233980000.0,-910000.0,464619000.0,36.118,-1896721000.0
26,EXPE,MRQ,2014-12-31,2014-12-31,2014-12-31,2021-08-25,-138774000.0,9020538000.0,,2924489000.0,6096049000.0,,13.976,-88709000.0,1437588000.0,1437588000.0,284253000.0,56279000.0,0.699,3.994,1746787000.0,0.0,1746787000.0,1746787000.0,62206000.0,92154000.0,0.0,0.008,0.18,126092000.0,218246000.0,0.161,218246000.0,126092000.0,97686000.0,0.52,0.51,0.52,1784267000.0,,1784267000.0,10264304378.0,17.0,11.031,-288552000.0,-2.26,1.0,1071725000.0,0.79,5245988000.0,28406000.0,-102866000.0,,0.0,642662000.0,355780000.0,286882000.0,7126809000.0,4186615000.0,2940194000.0,10802134378.0,-850048000.0,-535491000.0,-19559000.0,-736000.0,-22920000.0,-30688000.0,-563005000.0,61451000.0,-199843000.0,-56512000.0,65969000.0,65969000.0,65969000.0,0.0,-9690000.0,0.049,977019000.0,94706000.0,1549865000.0,0.346,6.054,27.134,27.625,553126000.0,0.0,85.36,1.874,1.909,778334000.0,0.0,1355978000.0,1355978000.0,181350000.0,,,,,16872000.0,743003000.0,1.0,126547966.0,127670000.0,131623000.0,10.621,3774550000.0,196483000.0,31717000.0,512619000.0,29.565,-1262126000.0
27,EXPE,MRQ,2014-09-30,2014-09-30,2014-09-30,2021-08-25,-31035000.0,9424988000.0,,3836818000.0,5588170000.0,,14.735,-82465000.0,2284542000.0,2284542000.0,299708000.0,250621000.0,0.845,3.938,1746712000.0,0.0,1746712000.0,1746712000.0,56234000.0,85988000.0,0.0,0.007,0.18,321521000.0,407509000.0,0.238,407509000.0,321521000.0,295963000.0,2.01,1.94,2.01,1884788000.0,,1884788000.0,10930089358.0,18.0,11.677,19395000.0,0.152,1.0,1412796000.0,0.825,4746525000.0,25558000.0,-401074000.0,,0.0,694437000.0,396041000.0,298396000.0,7423109000.0,4541707000.0,2881402000.0,11144220358.0,818928000.0,-25177000.0,-103913000.0,493630000.0,-22944000.0,374447000.0,403741000.0,511581000.0,101860000.0,-61120000.0,257059000.0,257059000.0,257059000.0,0.0,-6438000.0,0.15,1115960000.0,296836000.0,1698019000.0,0.09,5.913,26.108,26.471,525053000.0,0.0,87.62,2.005,2.016,887436000.0,31802000.0,1712504000.0,1712504000.0,172754000.0,,,,,22304000.0,920799000.0,1.0,127188089.0,127911000.0,132274000.0,13.388,4678463000.0,135282000.0,38904000.0,477959000.0,36.576,-704889000.0
28,EXPE,MRQ,2014-06-30,2014-06-30,2014-06-30,2021-08-25,25805000.0,9234829000.0,,3640965000.0,5593864000.0,,14.48,-82464000.0,1463579000.0,1463579000.0,300501000.0,85854000.0,0.749,3.862,1249448000.0,0.0,1249448000.0,1249448000.0,60862000.0,83822000.0,0.0,0.008,0.15,132445000.0,216267000.0,0.145,216267000.0,132445000.0,110124000.0,0.69,0.67,0.69,1875666000.0,,1875666000.0,9962085239.0,19.0,11.886,411040000.0,3.173,1.0,1194131000.0,0.799,4783909000.0,22321000.0,-621088000.0,,0.0,1221729000.0,937981000.0,283748000.0,7243954000.0,4857877000.0,2386077000.0,10225436239.0,-50246000.0,0.0,-201693000.0,0.0,-19231000.0,-217406000.0,-331390000.0,-251816000.0,493504000.0,5046000.0,89373000.0,89373000.0,89373000.0,0.0,-3519000.0,0.06,1064911000.0,129220000.0,1633983000.0,0.217,5.452,30.018,30.886,509786000.0,0.0,78.76,1.948,1.944,927909000.0,-134149000.0,1494632000.0,1494632000.0,169075000.0,,,,,21014000.0,846156000.0,1.0,129830323.0,129538000.0,133668000.0,11.538,4450920000.0,188591000.0,20751000.0,486306000.0,34.36,-1216912000.0
29,EXPE,MRQ,2014-03-31,2014-03-31,2014-03-31,2021-08-25,28292000.0,8888377000.0,,3314954000.0,5573423000.0,,15.282,-74749000.0,1512781000.0,1512781000.0,294619000.0,-19804000.0,0.745,3.399,1249430000.0,0.0,1249430000.0,1249430000.0,56847000.0,80626000.0,0.0,0.008,0.15,7819000.0,88445000.0,0.074,88445000.0,7819000.0,-13985000.0,-0.11,-0.11,-0.11,1995161000.0,,1995161000.0,9588076220.0,19.0,11.846,896689000.0,6.868,1.0,905752000.0,0.755,4813720000.0,21804000.0,-637949000.0,,0.0,940281000.0,687399000.0,252882000.0,6782443000.0,4449255000.0,2333188000.0,9385739220.0,463033000.0,0.0,-84171000.0,0.0,-19602000.0,-78204000.0,-433603000.0,-358350000.0,971438000.0,3402000.0,-14304000.0,-14304000.0,-14304000.0,0.0,-5500000.0,-0.012,908750000.0,-2998000.0,1421699000.0,-1.364,4.704,29.079,30.462,490580000.0,0.0,72.5,1.893,1.909,818818000.0,-223522000.0,1200371000.0,1200371000.0,162975000.0,,,,,24821000.0,723744000.0,1.0,129458472.0,130559000.0,130559000.0,9.194,4074657000.0,190693000.0,319000.0,485786000.0,31.209,-1134301000.0
30,EXPE,MRQ,2013-12-31,2013-12-31,2013-12-31,2021-08-25,18197000.0,7739481000.0,,2219287000.0,5520194000.0,,16.44,-73165000.0,1047075000.0,1047075000.0,248528000.0,93987000.0,0.674,2.554,1249412000.0,0.0,1249412000.0,1249412000.0,39746000.0,80584000.0,0.0,0.008,0.15,143206000.0,223790000.0,0.194,223790000.0,143206000.0,121191000.0,0.72,0.69,0.72,2145464000.0,,2145464000.0,8916396805.0,22.0,12.96,-285380000.0,-2.187,1.0,903487000.0,0.784,4774715000.0,22015000.0,-127278000.0,,0.0,576136000.0,325510000.0,250626000.0,5480496000.0,3294381000.0,2186115000.0,9080382805.0,-373465000.0,-758000.0,-153068000.0,0.0,-19680000.0,-172161000.0,11436000.0,87702000.0,-212215000.0,-525000.0,94717000.0,94717000.0,94717000.0,0.0,-730000.0,0.082,764776000.0,138711000.0,1305547000.0,0.208,4.232,38.997,40.266,480702000.0,0.0,69.66,1.903,1.97,614735000.0,-209218000.0,1152015000.0,1152015000.0,155039000.0,,,,,20970000.0,584686000.0,1.0,130352897.0,130505000.0,134766000.0,8.827,2964766000.0,144577000.0,26474000.0,495406000.0,22.718,-1075094000.0
31,EXPE,MRQ,2013-09-30,2013-09-30,2013-09-30,2021-08-25,9189000.0,8201610000.0,,2705806000.0,5495804000.0,,16.099,-77576000.0,1413381000.0,1413381000.0,276318000.0,166724000.0,0.727,2.686,1249395000.0,0.0,1249395000.0,1249395000.0,42621000.0,71479000.0,0.0,0.02,0.15,238181000.0,309660000.0,0.221,309660000.0,238181000.0,216215000.0,1.25,1.22,1.25,2195596000.0,,2195596000.0,6953141655.0,26.0,13.175,-301769000.0,-2.213,1.0,1125542000.0,0.803,4787525000.0,21966000.0,-471320000.0,,0.0,661427000.0,417921000.0,243506000.0,5896304000.0,3721419000.0,2174885000.0,7045816655.0,82681000.0,0.0,-213371000.0,0.0,-20459000.0,-230323000.0,494206000.0,571916000.0,-224193000.0,29354000.0,170859000.0,170859000.0,170859000.0,0.0,-4135000.0,0.122,886851000.0,238691000.0,1544705000.0,0.12,3.209,48.636,49.343,464773000.0,0.0,51.81,1.534,1.538,695137000.0,-303935000.0,1401860000.0,1401860000.0,143816000.0,,,,,18039000.0,717647000.0,1.0,135993373.0,136380000.0,140451000.0,10.279,3414085000.0,0.0,45356000.0,435715000.0,25.034,-1015613000.0
32,EXPE,MRQ,2013-06-30,2013-06-30,2013-06-30,2021-08-25,-16614000.0,8744096000.0,,3263710000.0,5480386000.0,,16.339,-70684000.0,1342053000.0,1342053000.0,262607000.0,63015000.0,0.775,2.875,1249378000.0,0.0,1249378000.0,1249378000.0,40487000.0,69976000.0,0.0,0.017,0.13,117537000.0,187513000.0,0.156,187513000.0,117537000.0,95908000.0,0.52,0.51,0.52,2227804000.0,,2227804000.0,8265747287.0,32.0,16.492,247835000.0,1.818,1.0,942410000.0,0.782,4788596000.0,21629000.0,-348087000.0,,0.0,1209480000.0,958417000.0,251063000.0,6405883000.0,4210912000.0,2194971000.0,8128449287.0,229019000.0,0.0,-2363000.0,0.0,-17638000.0,-11681000.0,-56435000.0,14292000.0,318519000.0,-21384000.0,71500000.0,71500000.0,71500000.0,0.0,-8485000.0,0.059,848124000.0,94286000.0,1666870000.0,0.25,3.649,55.871,56.745,440727000.0,0.0,60.15,1.851,1.868,684875000.0,-474794000.0,1205017000.0,1205017000.0,140682000.0,,,,,16086000.0,682359000.0,1.0,135136314.0,136351000.0,141112000.0,8.838,3955500000.0,0.0,24408000.0,460853000.0,29.01,-947202000.0
33,EXPE,MRQ,2013-03-31,2013-03-31,2013-03-31,2021-08-25,-18782000.0,8432420000.0,,2980871000.0,5451549000.0,,15.918,-87156000.0,1112063000.0,1112063000.0,250581000.0,-107368000.0,0.748,2.854,1249361000.0,0.0,1249361000.0,1249361000.0,35585000.0,61436000.0,0.0,0.017,0.13,-94381000.0,-32945000.0,-0.033,-32945000.0,-94381000.0,-116129000.0,-0.77,-0.77,-0.77,2159094000.0,,2159094000.0,8060707984.0,27.0,15.593,793933000.0,5.853,1.0,761786000.0,0.752,4805926000.0,21748000.0,-220515000.0,,0.0,1232720000.0,1006338000.0,226382000.0,6162189000.0,3984307000.0,2177882000.0,8125998984.0,-210363000.0,-540489000.0,-71989000.0,0.0,-17983000.0,-78351000.0,-974720000.0,-347075000.0,881089000.0,-38381000.0,-104226000.0,-104226000.0,-104226000.0,0.0,-3142000.0,-0.103,867414000.0,-105628000.0,1469019000.0,-0.169,3.764,45.339,45.128,419241000.0,0.0,60.02,1.923,1.926,627792000.0,-546294000.0,1012367000.0,1012367000.0,138283000.0,,,,,75078000.0,588531000.0,1.0,135388187.0,135641000.0,135641000.0,7.464,3626494000.0,0.0,-11903000.0,439755000.0,26.736,-1003436000.0
34,EXPE,MRQ,2012-12-31,2012-12-31,2012-12-31,2021-08-25,22000.0,7132746000.0,,2642266000.0,4490480000.0,,16.884,-58717000.0,1314636000.0,1314636000.0,225132000.0,6902000.0,0.878,2.08,1249345000.0,0.0,1249345000.0,1249345000.0,26475000.0,57571000.0,0.0,0.016,0.65,5973000.0,63544000.0,0.065,63544000.0,5973000.0,-16333000.0,0.05,0.04,0.05,2280259000.0,,2280259000.0,8199049259.0,20.0,13.419,-275443000.0,-2.039,1.0,749727000.0,0.769,3837089000.0,22306000.0,220291000.0,,0.0,869213000.0,644982000.0,224231000.0,4743358000.0,3010075000.0,1733283000.0,8286299259.0,-21567000.0,-962000.0,-42999000.0,0.0,-87953000.0,-118860000.0,304951000.0,364677000.0,-216726000.0,9068000.0,6734000.0,6734000.0,6734000.0,193000.0,168000.0,0.007,748217000.0,1510000.0,1237100000.0,13.0,3.634,29.576,29.397,409373000.0,0.0,61.44,2.056,2.046,461531000.0,-442068000.0,974859000.0,974859000.0,134344000.0,,,,,15686000.0,492054000.0,1.0,134868152.0,135055000.0,140766000.0,7.218,3295657000.0,130585000.0,-23067000.0,405578000.0,24.402,-367809000.0
35,EXPE,MRQ,2012-09-30,2012-09-30,2012-09-30,2021-08-25,-12584000.0,7507565000.0,,3091410000.0,4416155000.0,,17.395,-59763000.0,1336578000.0,1336578000.0,243633000.0,169731000.0,0.937,2.129,1249328000.0,0.0,1249328000.0,1249328000.0,23062000.0,53348000.0,0.0,0.008,0.13,229728000.0,283076000.0,0.236,283076000.0,229728000.0,207627000.0,1.26,1.21,1.26,2365107000.0,,2365107000.0,7732727706.0,15.0,11.217,-6450000.0,-0.047,1.0,955387000.0,0.797,3835280000.0,22101000.0,286456000.0,,0.0,1229745000.0,1042324000.0,187421000.0,5035256000.0,3298579000.0,1736677000.0,7851250706.0,-28618000.0,869000.0,-60445000.0,0.0,-18061000.0,-68038000.0,-31323000.0,27775000.0,53313000.0,17430000.0,171477000.0,171477000.0,171477000.0,-1543000.0,-1746000.0,0.143,728297000.0,227090000.0,1408828000.0,0.103,3.32,22.839,22.506,393454000.0,0.0,57.84,2.043,2.047,566339000.0,-448802000.0,1199020000.0,1199020000.0,125617000.0,,,,,15338000.0,590896000.0,1.0,135740849.0,135968000.0,141423000.0,8.818,3672285000.0,0.0,36150000.0,353233000.0,27.008,-207169000.0
36,EXPE,MRQ,2012-06-30,2012-06-30,2012-06-30,2021-08-25,-26761000.0,7505096000.0,,3086511000.0,4418585000.0,,16.858,-66403000.0,1367835000.0,1367835000.0,229741000.0,106109000.0,0.895,2.311,1249312000.0,0.0,1249312000.0,1249312000.0,22855000.0,47297000.0,0.0,0.01,0.09,155985000.0,203282000.0,0.195,203282000.0,155985000.0,133996000.0,0.79,0.76,0.79,2234569000.0,,2234569000.0,6062409625.0,11.0,8.515,486376000.0,3.669,1.0,810239000.0,0.779,3837119000.0,21989000.0,99269000.0,,0.0,1255045000.0,1050107000.0,204938000.0,5163118000.0,3450185000.0,1712933000.0,6108895625.0,70838000.0,-199267000.0,93429000.0,0.0,-12205000.0,89362000.0,-543696000.0,-277058000.0,552779000.0,-27607000.0,105241000.0,105241000.0,105241000.0,0.0,868000.0,0.101,655798000.0,154441000.0,1275192000.0,0.114,2.734,15.999,16.867,376528000.0,0.0,48.07,1.667,1.739,512856000.0,-620279000.0,1039980000.0,1039980000.0,116026000.0,,,,,16621000.0,527791000.0,1.0,127083329.0,132556000.0,138192000.0,7.846,3667977000.0,0.0,28755000.0,337450000.0,27.671,-363674000.0
37,EXPE,MRQ,2012-03-31,2012-03-31,2012-03-31,2021-08-25,-3008000.0,6818183000.0,,2584642000.0,4233541000.0,,15.381,-50814000.0,1295782000.0,1295782000.0,200098000.0,-2302000.0,0.861,2.276,1249296000.0,0.0,1249296000.0,1249296000.0,16913000.0,37736000.0,0.0,0.015,0.09,23351000.0,61087000.0,0.075,61087000.0,23351000.0,1959000.0,-0.02,-0.02,-0.02,2048840000.0,,2048840000.0,5010193527.0,9.0,6.75,797002000.0,5.983,1.0,616390000.0,0.755,3627788000.0,21392000.0,141720000.0,,0.0,987392000.0,725179000.0,262213000.0,4662684000.0,3002189000.0,1660495000.0,4469128527.0,583374000.0,0.0,-166363000.0,0.0,-12204000.0,-175251000.0,-97757000.0,-45912000.0,847816000.0,16173000.0,-3281000.0,-3281000.0,-3281000.0,0.0,979000.0,-0.004,567707000.0,48683000.0,1044248000.0,-4.5,2.181,10.718,10.822,343540000.0,0.0,33.44,1.263,1.259,414555000.0,-725520000.0,816488000.0,816488000.0,108911000.0,,,,,16951000.0,455650000.0,1.0,133646188.0,133202000.0,139306000.0,6.13,3190395000.0,0.0,5240000.0,287925000.0,23.952,-417547000.0
38,EXPE,MRQ,2011-12-31,2011-12-31,2011-12-31,2021-08-25,-17350000.0,6505258000.0,,2274429000.0,4230829000.0,,16.459,-49970000.0,708216000.0,708216000.0,183401000.0,71098000.0,0.891,1.909,1249281000.0,0.0,1249281000.0,1249281000.0,15238000.0,39995000.0,0.0,0.019,0.14,101915000.0,141910000.0,0.18,141910000.0,101915000.0,79442000.0,0.54,0.52,0.54,2199864000.0,,2199864000.0,4047896664.0,6.0,5.1,-242939000.0,-1.818,1.0,603732000.0,0.767,3621199000.0,22473000.0,871767000.0,,0.0,938167000.0,648819000.0,289348000.0,4200091000.0,2553357000.0,1646734000.0,3874545664.0,-576455000.0,-27145000.0,-73972000.0,0.0,-18818000.0,-184234000.0,-157279000.0,-81023000.0,-192969000.0,-4464000.0,70328000.0,70328000.0,70328000.0,0.0,770000.0,0.089,512087000.0,91645000.0,951457000.0,0.259,1.761,8.204,8.339,320282000.0,0.0,29.02,1.123,1.143,339427000.0,-722239000.0,787133000.0,787133000.0,102619000.0,,,,,24513000.0,402904000.0,1.0,133512945.0,133656000.0,136995000.0,5.889,2884059000.0,0.0,9114000.0,279962000.0,21.578,-278928000.0
39,EXPE,MRQ,2011-09-30,2011-09-30,2011-09-30,2021-08-25,-13819000.0,7676683000.0,,2598173000.0,5078510000.0,,21.28,-59251000.0,1472063000.0,1472063000.0,206451000.0,210406000.0,0.993,1.601,1645414000.0,0.0,1645414000.0,1645414000.0,36477000.0,42355000.0,0.0,0.011,0.14,263367000.0,305722000.0,0.3,305722000.0,263367000.0,240133000.0,1.54,1.5,1.54,2897795000.0,,2897795000.0,7276518477.0,13.0,10.32,-127090000.0,-0.933,1.0,813999000.0,0.798,4432409000.0,23234000.0,801356000.0,,0.0,857540000.0,552411000.0,305129000.0,4638663000.0,2616269000.0,2022394000.0,7062083477.0,-31696000.0,-1000.0,-150088000.0,0.0,-19148000.0,-164384000.0,223553000.0,282799000.0,-67839000.0,-33879000.0,209534000.0,209534000.0,209534000.0,0.0,872000.0,0.205,604900000.0,209099000.0,1106869000.0,0.091,2.437,14.922,14.841,340972000.0,0.0,51.5,2.238,2.222,431064000.0,-792567000.0,1020450000.0,1020450000.0,98472000.0,,,,,13023000.0,486849000.0,1.0,137127834.0,136176000.0,139684000.0,7.494,3244274000.0,0.0,30599000.0,258326000.0,23.824,-18096000.0
40,EXPE,MRQ,2011-06-30,2011-06-30,2011-06-30,2021-08-25,22608000.0,8045277000.0,,2954000000.0,5091277000.0,,21.054,-52530000.0,1430802000.0,1430802000.0,195810000.0,140890000.0,0.985,1.747,1645237000.0,0.0,1645237000.0,1645237000.0,36194000.0,37565000.0,0.0,0.01,0.14,196014000.0,233579000.0,0.256,233579000.0,196014000.0,173525000.0,1.03,1.01,1.03,2880075000.0,,2880075000.0,8596623826.0,15.0,12.241,341356000.0,2.495,1.0,717781000.0,0.786,4472020000.0,22489000.0,789573000.0,,0.0,1182872000.0,881602000.0,301270000.0,5031429000.0,2998119000.0,2033310000.0,7924743826.0,426032000.0,-8075000.0,9165000.0,0.0,-19232000.0,62607000.0,-105649000.0,-45647000.0,393886000.0,11831000.0,140393000.0,140393000.0,140393000.0,0.0,497000.0,0.154,574074000.0,143707000.0,1139644000.0,0.136,2.752,18.0,18.176,317987000.0,0.0,57.98,2.537,2.54,469488000.0,-1002101000.0,913591000.0,913591000.0,93101000.0,,,,,11513000.0,472528000.0,1.0,136680646.0,136796000.0,139053000.0,6.678,3573257000.0,0.0,33132000.0,265717000.0,26.121,-44119000.0
41,EXPE,MRQ,2011-03-31,2011-03-31,2011-03-31,2021-08-25,15638000.0,7457588000.0,,2427450000.0,5030138000.0,,19.741,-46086000.0,973184000.0,973184000.0,175610000.0,52209000.0,0.915,1.734,1645064000.0,0.0,1645064000.0,1645064000.0,35958000.0,35019000.0,0.0,0.012,0.14,77447000.0,112466000.0,0.155,112466000.0,77447000.0,54925000.0,0.38,0.37,0.38,2703087000.0,,2703087000.0,7126567696.0,12.0,10.152,646565000.0,4.722,1.0,552225000.0,0.759,4460883000.0,22522000.0,1015705000.0,,0.0,1136717000.0,868663000.0,268054000.0,4688489000.0,2652880000.0,2035609000.0,6210220696.0,250054000.0,0.0,-44643000.0,0.0,-19352000.0,-67483000.0,-424085000.0,-378429000.0,692651000.0,8769000.0,52039000.0,52039000.0,52039000.0,0.0,170000.0,0.071,517067000.0,35158000.0,1005499000.0,0.368,2.297,14.995,15.311,301201000.0,0.0,45.32,2.04,2.039,434045000.0,-1142494000.0,727835000.0,727835000.0,86807000.0,,,,,14798000.0,422068000.0,1.0,137030466.0,136930000.0,139084000.0,5.315,2996705000.0,0.0,2886000.0,258460000.0,21.885,-225430000.0
42,EXPE,MRQ,2010-12-31,2010-12-31,2010-12-31,2021-08-25,-8803000.0,6656922000.0,,1707555000.0,4949367000.0,,19.363,-23052000.0,635414000.0,635414000.0,168853000.0,71584000.0,0.901,1.467,1249221000.0,0.0,1249221000.0,1249221000.0,16811000.0,15942000.0,0.0,0.011,0.14,37373000.0,53315000.0,0.108,53315000.0,37373000.0,39350000.0,0.52,0.51,0.52,2672544000.0,,2672544000.0,7630016324.0,13.0,10.362,-355382000.0,-2.575,1.0,325053000.0,0.658,3612277000.0,-1977000.0,1763105000.0,,0.0,721599000.0,495331000.0,226268000.0,3920219000.0,1895347000.0,2024872000.0,6951393324.0,-298308000.0,20334000.0,-95916000.0,-524000.0,-19251000.0,-113132000.0,104865000.0,107512000.0,-332330000.0,1290000.0,71293000.0,71293000.0,71293000.0,0.0,291000.0,0.144,406934000.0,-81881000.0,875726000.0,0.269,2.601,16.492,16.839,246317000.0,0.0,50.18,2.291,2.336,275846000.0,-1194533000.0,493906000.0,493906000.0,41272000.0,,,,,5943000.0,345954000.0,1.0,138529162.0,138020000.0,141216500.0,3.579,3044645000.0,0.0,-31943000.0,264142000.0,22.059,-187792000.0
43,EXPE,MRQ,2010-09-30,2010-09-30,2010-09-30,2021-08-25,-3225000.0,7132741000.0,,2208322000.0,4924419000.0,,19.273,-40196000.0,966105000.0,966105000.0,190033000.0,178024000.0,0.928,1.609,1644728000.0,0.0,1644728000.0,1644728000.0,30794000.0,38801000.0,0.0,0.007,0.14,264127000.0,302928000.0,0.307,302928000.0,264127000.0,237134000.0,1.26,1.24,1.26,2709883000.0,,2709883000.0,8114438088.0,13.0,10.898,-35812000.0,-0.255,1.0,797827000.0,0.808,4437504000.0,26993000.0,993637000.0,,0.0,828544000.0,603461000.0,225083000.0,4360887000.0,2380223000.0,1980664000.0,8031267088.0,155017000.0,0.0,-187588000.0,742994000.0,-19703000.0,481772000.0,-357874000.0,-316536000.0,4384000.0,26735000.0,176550000.0,176550000.0,176550000.0,0.0,1474000.0,0.179,521023000.0,276804000.0,1035795000.0,0.111,2.964,17.751,17.755,261832000.0,0.0,56.46,2.655,2.624,408089000.0,-1265826000.0,987860000.0,987860000.0,93297000.0,,,,,13021000.0,419600000.0,1.0,142247026.0,140607500.0,143142000.0,7.026,2695237000.0,0.0,60584000.0,237121000.0,19.169,-171901000.0
44,EXPE,MRQ,2010-06-30,2010-06-30,2010-06-30,2021-08-25,-46013000.0,6622894000.0,,1815691000.0,4807203000.0,,18.346,-43453000.0,812203000.0,812203000.0,168571000.0,115353000.0,0.702,1.518,895374000.0,0.0,895374000.0,895374000.0,26853000.0,38659000.0,0.0,0.007,0.14,194637000.0,233296000.0,0.28,233296000.0,194637000.0,174428000.0,0.8,0.8,0.8,2605934000.0,,2605934000.0,5214281224.0,9.0,7.495,270353000.0,1.903,1.0,665389000.0,0.798,4398092000.0,20209000.0,-279249000.0,,0.0,483385000.0,331286000.0,152099000.0,3956340000.0,2587222000.0,1369118000.0,5334278224.0,-201607000.0,-36107000.0,3712000.0,0.0,-19902000.0,-40272000.0,-442510000.0,-368226000.0,313806000.0,-32631000.0,114262000.0,114262000.0,114262000.0,0.0,1091000.0,0.137,471699000.0,193690000.0,1003184000.0,0.175,2.047,13.577,13.708,257012000.0,0.0,37.56,1.846,1.846,390685000.0,-1442376000.0,833960000.0,833960000.0,87420000.0,,,,,14651000.0,375935000.0,1.0,142020187.0,142044000.0,144487500.0,5.871,2224802000.0,0.0,60166000.0,226962000.0,15.663,-771531000.0
45,EXPE,MRQ,2010-03-31,2010-03-31,2010-03-31,2021-08-25,-19833000.0,6420471000.0,,1713378000.0,4707093000.0,,17.594,-29675000.0,1015225000.0,1015225000.0,158030000.0,60599000.0,0.701,1.502,895228000.0,0.0,895228000.0,895228000.0,24634000.0,34643000.0,0.0,0.003,0.14,112133000.0,146776000.0,0.204,146776000.0,112133000.0,90930000.0,0.42,0.4,0.42,2538814000.0,,2538814000.0,7465232285.0,16.0,12.598,589852000.0,4.088,1.0,559889000.0,0.78,4393373000.0,21203000.0,-537534000.0,,0.0,124347000.0,46503000.0,77844000.0,3813604000.0,2444635000.0,1368969000.0,7226762285.0,354917000.0,-246000.0,-171586000.0,0.0,-20220000.0,-200508000.0,-48828000.0,-18231000.0,619527000.0,-15274000.0,59395000.0,59395000.0,59395000.0,0.0,1204000.0,0.083,447715000.0,112174000.0,897626000.0,0.333,2.847,22.616,22.477,235876000.0,0.0,49.9,2.558,2.549,376669000.0,-1556638000.0,717919000.0,717919000.0,86791000.0,,,,,18892000.0,351896000.0,1.0,144824896.0,144301000.0,147251000.0,4.975,2027098000.0,0.0,31535000.0,230107000.0,14.048,-731257000.0
46,EXPE,MRQ,2009-12-31,2009-12-31,2009-12-31,2021-08-25,3379000.0,5937156000.0,,1225049000.0,4712107000.0,,18.572,-15910000.0,656616000.0,656616000.0,140971000.0,104213000.0,0.668,1.188,895086000.0,0.0,895086000.0,895086000.0,17204000.0,14028000.0,0.0,0.0,0.0,47555000.0,61583000.0,0.127,61583000.0,47555000.0,61733000.0,0.7,0.69,0.7,2682681000.0,,2682681000.0,7470378563.0,17.0,13.157,-160238000.0,-1.109,1.0,344172000.0,0.709,4427025000.0,-14178000.0,-86456000.0,,0.0,94111000.0,45849000.0,48262000.0,3187430000.0,1835057000.0,1352373000.0,7429607563.0,-219398000.0,8327000.0,11144000.0,0.0,0.0,10690000.0,-61837000.0,-6455000.0,-144328000.0,-1147000.0,102226000.0,102226000.0,102226000.0,0.0,1987000.0,0.211,376992000.0,-32820000.0,813364000.0,0.0,2.769,24.805,24.74,236820000.0,0.0,51.46,2.709,2.703,307817000.0,-1616033000.0,485143000.0,485143000.0,48444000.0,,,,,9089000.0,333273000.0,1.0,144376362.0,144447500.0,148031500.0,3.359,1510131000.0,0.0,-40493000.0,223959000.0,10.455,-610008000.0
47,EXPE,MRQ,2009-09-30,2009-09-30,2009-09-30,2021-08-25,6743000.0,6147193000.0,,1455981000.0,4691212000.0,,17.819,-20880000.0,854176000.0,854176000.0,169436000.0,117813000.0,0.669,1.366,894947000.0,0.0,894947000.0,894947000.0,19826000.0,35499000.0,0.0,0.0,0.0,218579000.0,254078000.0,0.298,254078000.0,218579000.0,197399000.0,0.82,0.8,0.82,2569777000.0,,2569777000.0,6920642885.0,-3.0,-2.886,-45098000.0,-0.313,1.0,682992000.0,0.801,4403897000.0,21180000.0,-393572000.0,,0.0,104226000.0,48833000.0,55393000.0,3511045000.0,2177639000.0,1333406000.0,6908694885.0,-23715000.0,0.0,1554000.0,0.0,0.0,6365000.0,-21220000.0,-505000.0,-24218000.0,15358000.0,117014000.0,117014000.0,117014000.0,0.0,799000.0,0.137,460018000.0,222974000.0,953917000.0,0.0,2.688,-2.696,-2.673,231922000.0,0.0,47.9,2.4,2.4,367935000.0,-1718259000.0,852428000.0,852428000.0,78637000.0,,,,,14519000.0,358012000.0,1.0,144231626.0,144213000.0,146864000.0,5.911,1743296000.0,0.0,80385000.0,212137000.0,12.088,-721658000.0
48,EXPE,MRQ,2009-06-30,2009-06-30,2009-06-30,2021-08-25,-5760000.0,6206065000.0,,1516966000.0,4689099000.0,,16.827,-18666000.0,882863000.0,882863000.0,148762000.0,41843000.0,0.634,1.533,894811000.0,0.0,894811000.0,894811000.0,20596000.0,34095000.0,0.0,0.0,0.0,96045000.0,130140000.0,0.169,130140000.0,96045000.0,75240000.0,0.28,0.28,0.28,2424591000.0,,2424591000.0,4762507047.0,-2.0,-1.97,323880000.0,2.248,1.0,621006000.0,0.807,4398966000.0,20805000.0,-573602000.0,,0.0,102762000.0,47861000.0,54901000.0,3715999000.0,2392649000.0,1323350000.0,4355071047.0,387060000.0,-5951000.0,-743000.0,0.0,0.0,-9496000.0,54727000.0,80997000.0,342546000.0,-717000.0,40902000.0,40902000.0,40902000.0,0.0,941000.0,0.053,506364000.0,114642000.0,936408000.0,0.0,1.796,-1.685,-1.671,235232000.0,0.0,30.22,1.523,1.523,371417000.0,-1835273000.0,769768000.0,769768000.0,77881000.0,,,,,13576000.0,338872000.0,1.0,144112212.0,144090000.0,145444500.0,5.342,1807099000.0,0.0,34338000.0,198005000.0,12.541,-875683000.0
49,EXPE,MRQ,2009-03-31,2009-03-31,2009-03-31,2021-08-25,-41733000.0,5748771000.0,,1090503000.0,4658268000.0,,16.26,-23386000.0,487242000.0,487242000.0,143513000.0,39754000.0,0.534,1.433,894678000.0,0.0,894678000.0,894678000.0,17530000.0,33705000.0,0.0,0.0,0.0,88301000.0,122006000.0,0.192,122006000.0,88301000.0,66656000.0,0.28,0.28,0.28,2336061000.0,,2336061000.0,3484825811.0,-1.0,-1.502,478618000.0,3.331,1.0,492199000.0,0.774,4338035000.0,21645000.0,-222391000.0,,0.0,170055000.0,89974000.0,80081000.0,3348210000.0,2040563000.0,1307647000.0,2609045811.0,-190178000.0,-2412000.0,-4124000.0,-650000000.0,0.0,-668478000.0,-19489000.0,3134000.0,502004000.0,-4215000.0,39384000.0,39384000.0,39384000.0,0.0,370000.0,0.062,399252000.0,92947000.0,812047000.0,0.0,1.117,-1.031,-1.027,240152000.0,0.0,18.16,0.904,0.904,323671000.0,-1876175000.0,635712000.0,635712000.0,77672000.0,,,,,18572000.0,303793000.0,1.0,143669924.0,143672000.0,143937500.0,4.425,1410736000.0,0.0,27272000.0,199041000.0,9.819,-950060000.0
50,EXPE,MRQ,2008-12-31,2008-12-31,2008-12-31,2021-08-25,-16002000.0,5894249000.0,,1198714000.0,4695535000.0,,16.154,-40843000.0,668768000.0,668768000.0,138687000.0,-2760155000.0,0.765,1.516,1544548000.0,0.0,1544548000.0,1544548000.0,15774000.0,-9264000.0,0.0,0.0,0.0,-2895274000.0,-2904538000.0,-4.679,-2904538000.0,-2895274000.0,-2918155000.0,-19.3,-19.26,-19.3,2317054000.0,,2317054000.0,2842107583.0,-1.0,-1.239,-287684000.0,-2.006,1.0,482124000.0,0.777,4371988000.0,22881000.0,831873000.0,,0.0,168355000.0,92762000.0,75593000.0,3513285000.0,1566168000.0,1947117000.0,2364413583.0,5741000.0,-9025000.0,-285000.0,399962000.0,0.0,402444000.0,-120465000.0,-73376000.0,-246841000.0,-29397000.0,-2759982000.0,-2759982000.0,-2759982000.0,0.0,-173000.0,-4.446,3371202000.0,-2889078000.0,775593000.0,0.0,1.02,-0.939,-0.936,247954000.0,0.0,16.48,0.805,0.803,267270000.0,-1915559000.0,620811000.0,620811000.0,72078000.0,,,,,61291000.0,286226000.0,1.0,143471698.0,143439000.0,132450000.0,4.328,1522261000.0,0.0,-158173000.0,189541000.0,10.613,-367454000.0
51,EXPE,MRQ,2008-09-30,2008-09-30,2008-09-30,2021-08-25,28053000.0,8989229000.0,,1285790000.0,7703439000.0,,35.647,-48251000.0,666727000.0,666727000.0,177735000.0,94487000.0,0.627,0.759,1144421000.0,0.0,1144421000.0,1144421000.0,15689000.0,50765000.0,0.0,0.0,0.0,184108000.0,234873000.0,0.282,234873000.0,184108000.0,164047000.0,0.66,0.66,0.66,5109582000.0,,5109582000.0,4171088860.0,7.0,5.233,-151776000.0,-1.059,1.0,655602000.0,0.787,7379240000.0,20061000.0,36784000.0,,0.0,81966000.0,0.0,81966000.0,3879647000.0,2050899000.0,1828748000.0,4331282860.0,-367882000.0,-352725000.0,1279000.0,248568000.0,0.0,271332000.0,-480565000.0,771000.0,-103525000.0,-55124000.0,94824000.0,94824000.0,94824000.0,0.0,-337000.0,0.114,456016000.0,199586000.0,966796000.0,0.0,0.848,14.082,13.991,242233000.0,0.0,30.22,1.453,1.453,351255000.0,844423000.0,833337000.0,833337000.0,72195000.0,,,,,0.0,367994000.0,1.0,143325045.0,143337000.0,145862000.0,5.814,1609989000.0,0.0,69223000.0,389590000.0,11.232,-765109000.0
52,EXPE,MRQ,2008-06-30,2008-06-30,2008-06-30,2021-08-25,39172000.0,9121482000.0,,1683359000.0,7438123000.0,,35.037,-37545000.0,1054490000.0,1054490000.0,170027000.0,95230000.0,0.653,0.821,894296000.0,0.0,894296000.0,894296000.0,19009000.0,51810000.0,0.0,0.0,0.0,175375000.0,227185000.0,0.286,227185000.0,175375000.0,162033000.0,0.68,0.66,0.68,5010028000.0,,5010028000.0,5273576324.0,9.0,6.678,269730000.0,1.886,1.0,625021000.0,0.786,7116585000.0,13342000.0,-734568000.0,,0.0,112674000.0,0.0,112674000.0,4111454000.0,2579271000.0,1532183000.0,5261298324.0,329685000.0,-94234000.0,317000.0,153818000.0,0.0,157271000.0,-135728000.0,-3949000.0,307275000.0,867000.0,96089000.0,96089000.0,96089000.0,0.0,-859000.0,0.121,454480000.0,170541000.0,1016205000.0,0.0,1.05,16.844,16.862,208864000.0,0.0,36.76,1.809,1.808,398500000.0,749599000.0,795048000.0,795048000.0,71544000.0,,,,,0.0,364276000.0,1.0,143125634.0,142993000.0,146999500.0,5.56,2004897000.0,0.0,65944000.0,403501000.0,14.021,-895912000.0
53,EXPE,MRQ,2008-03-31,2008-03-31,2008-03-31,2021-08-25,38192000.0,8630773000.0,,1298540000.0,7332233000.0,,34.277,-33188000.0,727722000.0,727722000.0,152260000.0,49768000.0,0.548,0.766,740000000.0,0.0,740000000.0,740000000.0,18372000.0,52925000.0,0.0,0.0,0.0,95978000.0,148903000.0,0.216,148903000.0,95978000.0,80278000.0,0.36,0.34,0.36,4886436000.0,,4886436000.0,6702696987.0,12.0,8.596,530591000.0,3.722,1.0,535557000.0,0.779,7046078000.0,15700000.0,-771424000.0,,0.0,101733000.0,0.0,101733000.0,3744337000.0,2368397000.0,1375940000.0,6251737987.0,80482000.0,-82455000.0,-7823000.0,-345000000.0,0.0,-366246000.0,-122800000.0,-7157000.0,563779000.0,5749000.0,51306000.0,51306000.0,51306000.0,0.0,-1538000.0,0.075,445559000.0,89998000.0,962317000.0,0.0,1.279,20.012,20.458,184422000.0,0.0,43.78,2.231,2.227,367930000.0,653510000.0,687817000.0,687817000.0,71946000.0,,,,,0.0,355562000.0,1.0,142798949.0,142558500.0,147015500.0,4.825,1584695000.0,0.0,28972000.0,360958000.0,11.116,-1069857000.0
54,EXPE,MRQ,2007-12-31,2007-12-31,2007-12-31,2021-08-25,31765000.0,8295422000.0,,1045655000.0,7249767000.0,,33.968,-29038000.0,634041000.0,634041000.0,149059000.0,63363000.0,0.589,0.722,1085000000.0,0.0,1085000000.0,1085000000.0,11957000.0,53002000.0,0.0,0.0,0.0,133119000.0,186121000.0,0.28,186121000.0,133119000.0,115241000.0,0.46,0.44,0.46,4818081000.0,,4818081000.0,9138646256.0,17.0,12.155,-282325000.0,-1.99,1.0,516243000.0,0.776,6977095000.0,17878000.0,-5066000.0,,0.0,93182000.0,0.0,93182000.0,3477341000.0,1774352000.0,1702989000.0,8995925256.0,-219145000.0,0.0,8479000.0,85000000.0,0.0,69433000.0,-32587000.0,-3549000.0,-253287000.0,-2704000.0,65357000.0,65357000.0,65357000.0,0.0,-1994000.0,0.098,387905000.0,128338000.0,852277000.0,0.0,1.867,30.406,31.62,179490000.0,0.0,63.24,3.375,3.519,268008000.0,602204000.0,665302000.0,665302000.0,114848000.0,,,,,0.0,254800000.0,1.0,142250558.0,141841500.0,150194000.0,4.69,1318327000.0,0.0,49884000.0,351168000.0,9.294,-728697000.0
55,EXPE,MRQ,2007-09-30,2007-09-30,2007-09-30,2021-08-25,26865000.0,8462126000.0,,1318720000.0,7143406000.0,,33.147,-18646000.0,857279000.0,857279000.0,151053000.0,99595000.0,0.631,0.748,1000000000.0,0.0,1000000000.0,1000000000.0,13765000.0,48361000.0,0.0,0.0,0.0,179077000.0,227438000.0,0.299,227438000.0,179077000.0,165137000.0,0.68,0.64,0.68,4842248000.0,,4842248000.0,9188095366.0,17.0,12.442,24097000.0,0.165,1.0,608543000.0,0.801,6901459000.0,13940000.0,-387450000.0,,0.0,89006000.0,0.0,89006000.0,3619878000.0,2090838000.0,1529040000.0,9721209366.0,-174873000.0,0.0,-717481000.0,500000000.0,0.0,-216666000.0,-18729000.0,-83000.0,42743000.0,17779000.0,99595000.0,99595000.0,99595000.0,0.0,0.0,0.131,428771000.0,179772000.0,1009219000.0,0.0,2.008,32.66,32.866,152941000.0,0.0,63.76,3.84,3.68,317901000.0,536847000.0,759596000.0,759596000.0,47452000.0,,,,,0.0,362706000.0,1.0,152465642.0,146085500.0,156378000.0,5.2,1560667000.0,275000.0,65542000.0,414920000.0,10.683,-772118000.0
56,EXPE,MRQ,2007-06-30,2007-06-30,2007-06-30,2021-08-25,16290000.0,8675587000.0,,1526384000.0,7149203000.0,,35.874,-20642000.0,1033114000.0,1033114000.0,143646000.0,96136000.0,0.689,0.596,500000000.0,0.0,500000000.0,500000000.0,12798000.0,47137000.0,0.0,0.0,0.0,170114000.0,217251000.0,0.315,217251000.0,170114000.0,160212000.0,0.64,0.6,0.64,5435567000.0,,5435567000.0,8721364064.0,19.0,13.028,363915000.0,2.402,1.0,546277000.0,0.792,6913432000.0,9902000.0,-987698000.0,,0.0,86723000.0,0.0,86723000.0,3240020000.0,2216739000.0,1023281000.0,8878668064.0,373682000.0,-19771000.0,25078000.0,0.0,0.0,23741000.0,-41500000.0,-1087000.0,384557000.0,6884000.0,96136000.0,96136000.0,96136000.0,0.0,0.0,0.139,392652000.0,153625000.0,932436000.0,0.0,1.633,34.543,36.16,149048000.0,0.0,58.58,3.722,3.721,313335000.0,437252000.0,689923000.0,689923000.0,41511000.0,,,,,0.0,331638000.0,1.0,151564836.0,151517500.0,160098000.0,4.553,1762155000.0,5145000.0,64076000.0,428474000.0,11.63,-690355000.0
57,EXPE,MRQ,2007-03-31,2007-03-31,2007-03-31,2021-08-25,13635000.0,8258753000.0,,1114657000.0,7144096000.0,,34.418,-18332000.0,657304000.0,657304000.0,121298000.0,34776000.0,0.578,0.559,500000000.0,0.0,500000000.0,500000000.0,11602000.0,51444000.0,0.0,0.0,0.0,69564000.0,121008000.0,0.22,121008000.0,69564000.0,58388000.0,0.22,0.22,0.22,5297373000.0,,5297373000.0,6641569413.0,15.0,10.004,519724000.0,3.377,1.0,429213000.0,0.78,6916425000.0,11176000.0,-743688000.0,,0.0,85800000.0,0.0,85800000.0,2961380000.0,1928712000.0,1032668000.0,7005936413.0,-215552000.0,-39851000.0,-658211000.0,0.0,0.0,-666487000.0,-86690000.0,-28507000.0,538056000.0,-431000.0,34776000.0,34776000.0,34776000.0,0.0,0.0,0.063,361879000.0,67334000.0,812645000.0,0.0,1.323,27.327,30.104,141871000.0,0.0,46.36,3.054,3.11,289926000.0,341116000.0,550511000.0,550511000.0,42252000.0,,,,,0.0,298431000.0,1.0,151120285.0,153914000.0,161874500.0,3.577,1342328000.0,5201000.0,23612000.0,373232000.0,8.721,-814055000.0
58,EXPE,MRQ,2006-12-31,2006-12-31,2006-12-31,2021-08-25,11979000.0,8264317000.0,,1177818000.0,7086499000.0,,35.761,-25051000.0,864367000.0,864367000.0,121781000.0,67140000.0,0.84,0.4,500000000.0,0.0,500000000.0,500000000.0,10317000.0,59649000.0,0.0,0.0,0.0,113104000.0,172753000.0,0.325,172753000.0,113104000.0,103068000.0,0.4,0.4,0.4,5904290000.0,,5904290000.0,6483204783.0,16.0,9.957,-131179000.0,-0.795,1.0,409507000.0,0.771,6890066000.0,10036000.0,-392704000.0,,0.0,59289000.0,0.0,59289000.0,2360027000.0,1402588000.0,957439000.0,6946914783.0,-92418000.0,10475000.0,5312000.0,313000.0,0.0,12307000.0,-14270000.0,306000.0,-106128000.0,15673000.0,67140000.0,67140000.0,67140000.0,0.0,0.0,0.126,309967000.0,99540000.0,720737000.0,0.0,1.177,28.362,29.139,137144000.0,0.0,41.96,3.105,3.17,211430000.0,309912000.0,531288000.0,531288000.0,35505000.0,,,,,0.0,250496000.0,1.0,165560410.0,165104000.0,171749500.0,3.218,1374251000.0,0.0,35928000.0,392869000.0,8.324,-224770000.0
59,EXPE,MRQ,2006-09-30,2006-09-30,2006-09-30,2021-08-25,6778000.0,8384232000.0,,1295955000.0,7088277000.0,,35.08,-33551000.0,963966000.0,963966000.0,133094000.0,58977000.0,0.796,0.447,500256000.0,256000.0,500000000.0,500256000.0,11083000.0,56880000.0,0.0,0.0,0.0,101541000.0,158421000.0,0.258,158421000.0,101541000.0,96684000.0,0.36,0.34,0.36,5794453000.0,,5794453000.0,4513848487.0,13.0,7.434,-18896000.0,-0.114,1.0,480848000.0,0.783,6907427000.0,4857000.0,-614019000.0,,0.0,56113000.0,0.0,56113000.0,2589779000.0,1627114000.0,962665000.0,5177719487.0,302351000.0,-24939000.0,-162488000.0,495701000.0,0.0,335088000.0,-58678000.0,-188000.0,14655000.0,11286000.0,58977000.0,58977000.0,58977000.0,0.0,0.0,0.096,391556000.0,89292000.0,785386000.0,0.0,0.894,25.502,26.133,124737000.0,0.0,31.36,2.352,2.353,216947000.0,242772000.0,613942000.0,613942000.0,36034000.0,,,,,0.0,281242000.0,1.0,165105851.0,165179500.0,170568500.0,3.717,1476805000.0,0.0,37707000.0,421932000.0,8.941,-331159000.0
60,EXPE,MRQ,2006-06-30,2006-06-30,2006-06-30,2021-08-25,-223000.0,8149980000.0,,1019162000.0,7130818000.0,,33.684,-20991000.0,663964000.0,663964000.0,128449000.0,95482000.0,0.562,0.399,93000.0,93000.0,0.0,93000.0,12580000.0,59593000.0,0.0,0.0,0.0,152115000.0,211708000.0,0.354,211708000.0,152115000.0,151640000.0,0.56,0.54,0.56,5827557000.0,,5827557000.0,4699647299.0,12.0,7.237,235995000.0,1.364,1.0,470009000.0,0.785,6977212000.0,475000.0,-1305149000.0,,0.0,49262000.0,0.0,49262000.0,2322423000.0,1814046000.0,508377000.0,5241165299.0,134311000.0,-4628000.0,-112764000.0,-188000.0,0.0,-108703000.0,-26832000.0,-1213000.0,256986000.0,12860000.0,95482000.0,95482000.0,95482000.0,0.0,0.0,0.16,333754000.0,136255000.0,738669000.0,0.0,0.899,23.182,22.712,104344000.0,0.0,29.98,2.413,2.388,202913000.0,183795000.0,598458000.0,598458000.0,33288000.0,,,,,0.0,269719000.0,1.0,174822058.0,173007000.0,179545000.0,3.459,1172768000.0,15551000.0,56158000.0,451467000.0,6.779,-794884000.0
61,EXPE,MRQ,2006-03-31,2006-03-31,2006-03-31,2021-08-25,-2204000.0,8024044000.0,,889672000.0,7134372000.0,,33.853,-13038000.0,541891000.0,541891000.0,119314000.0,23335000.0,0.548,0.371,373000.0,373000.0,0.0,373000.0,11084000.0,73346000.0,0.0,0.0,0.0,34891000.0,108237000.0,0.219,108237000.0,34891000.0,32993000.0,0.14,0.12,0.14,5852750000.0,,5852750000.0,6977276616.0,19.0,10.791,438889000.0,2.539,1.0,374584000.0,0.758,7002160000.0,1898000.0,-1143286000.0,,0.0,39204000.0,0.0,39204000.0,2171294000.0,1623652000.0,547642000.0,7067522616.0,211614000.0,-263000.0,9507000.0,-230480000.0,0.0,-228920000.0,-13720000.0,-419000.0,451927000.0,2327000.0,23335000.0,23335000.0,23335000.0,0.0,0.0,0.047,348342000.0,26242000.0,669314000.0,0.0,1.208,34.639,33.783,93008000.0,0.0,40.54,3.321,3.293,199478000.0,88313000.0,493898000.0,493898000.0,35544000.0,,,,,0.0,274387000.0,1.0,174334549.0,172888500.0,182584000.0,2.857,1021884000.0,15687000.0,9658000.0,404792000.0,5.911,-733980000.0
62,EXPE,MRQ,2005-12-31,2005-12-31,2005-12-31,2021-08-25,-1598000.0,7756892000.0,,590244000.0,7166648000.0,,33.75,-11456000.0,321001000.0,321001000.0,112612000.0,25234000.0,0.41,0.353,230755000.0,230755000.0,0.0,230755000.0,7068000.0,59807000.0,0.0,0.0,0.0,69038000.0,128845000.0,0.26,128845000.0,69038000.0,67316000.0,0.14,0.12,0.14,5733763000.0,,5733763000.0,7958467943.0,19.0,11.408,-95922000.0,-0.565,1.0,382137000.0,0.772,7036233000.0,1722000.0,-807812000.0,,0.0,39431000.0,0.0,39431000.0,2023129000.0,1438225000.0,584904000.0,8219142943.0,69541000.0,-968000.0,8602000.0,230000000.0,0.0,177814000.0,-14040000.0,-646000.0,-84466000.0,-9767000.0,25234000.0,25234000.0,25234000.0,0.0,0.0,0.051,296428000.0,85709000.0,642462000.0,0.0,1.433,35.934,35.235,90984000.0,0.0,47.92,3.878,3.808,174019000.0,64978000.0,494749000.0,494749000.0,28509000.0,,,,,0.0,232514000.0,1.0,171518008.0,169888500.0,181831500.0,2.912,720659000.0,0.0,42082000.0,415463000.0,4.242,-847981000.0
63,EXPE,MRQ,2005-09-30,2005-09-30,2005-09-30,2021-08-25,192000.0,7776176000.0,,564704000.0,7211472000.0,,34.2,-14849000.0,260675000.0,260675000.0,124020000.0,82035000.0,0.392,0.352,0.0,0.0,0.0,0.0,7847000.0,49249000.0,0.0,0.0,0.0,151371000.0,200620000.0,0.343,200620000.0,151371000.0,151061000.0,0.48,0.46,0.48,5752580000.0,,5752580000.0,6639986477.0,16.0,7.6,145354000.0,0.864,1.0,460633000.0,0.788,7079889000.0,310000.0,-1005594000.0,,0.0,45742000.0,25000.0,45717000.0,2023596000.0,1441206000.0,582390000.0,6795543477.0,-100994000.0,-2064000.0,19903000.0,0.0,0.0,-50396000.0,-212872000.0,-193831000.0,160203000.0,2071000.0,82035000.0,82035000.0,82035000.0,0.0,0.0,0.14,311994000.0,148639000.0,778444000.0,0.0,1.181,27.444,27.137,85866000.0,0.0,39.62,3.293,3.229,180622000.0,39744000.0,584653000.0,584653000.0,30854000.0,,,,,0.0,245246000.0,1.0,171518008.0,168204500.0,176675500.0,3.476,696287000.0,8874000.0,69026000.0,389179000.0,4.14,-876502000.0
64,EXPE,MRQ,2005-06-30,2005-06-30,2005-06-30,2021-08-25,,,,,,,,-13389000.0,,,129484000.0,73432000.0,,,,,,,,89953000.0,,,0.0,118916000.0,208869000.0,0.376,208869000.0,118916000.0,118916000.0,0.44,0.44,0.44,,,,,,,272372000.0,1.623,1.0,425523000.0,0.767,,0.0,,,,,,,,,,,47491000.0,0.0,0.0,0.0,0.0,4621000.0,-242482000.0,-229088000.0,285761000.0,-409000.0,73432000.0,73432000.0,73432000.0,0.0,0.0,0.132,329144000.0,96379000.0,,0.0,,,,,0.0,,,,,,555007000.0,555007000.0,35152000.0,,,,,0.0,258724000.0,1.0,171518008.0,167770000.0,170274500.0,3.308,,,45484000.0,,,
65,EXPE,MRQ,2005-03-31,2005-03-31,2005-03-31,2021-08-25,,,,,,,,-12621000.0,,,114103000.0,48029000.0,,,,,,,,81825000.0,,,0.0,77414000.0,159239000.0,0.328,159239000.0,77414000.0,77414000.0,0.28,0.28,0.28,,,,,,,485068000.0,2.891,1.0,370943000.0,0.765,,0.0,,,,,,,,,,,139710000.0,13579000.0,555000.0,0.0,0.0,-25532000.0,-331949000.0,-333073000.0,497689000.0,-498000.0,48029000.0,48029000.0,48029000.0,0.0,0.0,0.099,304618000.0,66325000.0,,0.0,,,,,0.0,,,,,,485046000.0,485046000.0,35992000.0,,,,,0.0,236529000.0,1.0,171518008.0,167770000.0,170274500.0,2.891,,,29385000.0,,,
66,EXPE,MRQ,2004-12-31,2004-12-31,2004-12-31,2021-08-25,33668000.0,9537187000.0,,2245857000.0,7291330000.0,,48.594,-15908000.0,155557000.0,155557000.0,121531000.0,44120000.0,2.287,0.17,0.0,0.0,0.0,0.0,5353000.0,232064000.0,0.0,,0.0,72915000.0,304979000.0,0.695,304979000.0,72915000.0,72754000.0,0.26,0.26,0.26,8152629000.0,,8152629000.0,,,,61778000.0,0.368,1.0,317468000.0,0.723,7069472000.0,161000.0,1329979000.0,,0.0,140432000.0,0.0,140432000.0,1384558000.0,982179000.0,402379000.0,,-9589000.0,-78000.0,0.0,0.0,0.0,-293460000.0,206901000.0,217892000.0,77686000.0,-716000.0,44120000.0,44120000.0,44120000.0,0.0,0.0,0.101,247455000.0,70013000.0,528405000.0,0.0,,,,81426000.0,0.0,,,,2018650000.0,0.0,438999000.0,438999000.0,67801000.0,,,,,-134394000.0,277776000.0,1.0,171518008.0,167770000.0,170274500.0,2.617,2467715000.0,8696000.0,28634000.0,334117000.0,14.709,1263678000.0
67,EXPE,MRQ,2004-09-30,2004-09-30,2004-09-30,2021-08-25,,,,,,,,,,,104722000.0,58092000.0,,,,,,,,,,,0.0,95547000.0,,,,95547000.0,95547000.0,0.34,0.34,0.34,,,,,,,,,1.0,399071000.0,0.792,,0.0,,,,,,,,,,,,,,,,,,,,,58092000.0,58092000.0,58092000.0,0.0,0.0,0.115,318810000.0,80261000.0,,0.0,,,,,0.0,,,,,,503793000.0,503793000.0,22444000.0,,,,,,217017000.0,1.0,,167770000.0,170274500.0,3.003,,,37455000.0,,,
68,EXPE,MRQ,2003-12-31,2003-12-31,2003-12-31,2021-08-25,-4027000.0,8755270000.0,,1680162000.0,7075108000.0,,45.028,,211584000.0,211584000.0,,,2.036,0.159,0.0,0.0,0.0,0.0,95134000.0,,0.0,,0.0,,,,,,,,,,7554301000.0,,7554301000.0,,,,,,1.0,,,6973348000.0,,745014000.0,,0.0,719462000.0,693320000.0,26142000.0,1200969000.0,825324000.0,375645000.0,,,,,,,,,,,,,,,,,,,,433753000.0,,,,,75618000.0,,,,,720471000.0,,,,,,,,,,,1.0,,167770000.0,,,1781922000.0,1417000.0,,379770000.0,10.621,854838000.0
0,EXPE,MRT,2021-06-30,2021-06-30,2021-06-30,2021-08-25,-186000000.0,24181000000.0,21104000000.0,11113000000.0,13068000000.0,0.274,7.351,-655000000.0,8005000000.0,8005000000.0,1347000000.0,-1349000000.0,0.949,19.707,8888000000.0,0.0,8888000000.0,8888000000.0,172000000.0,1021000000.0,0.0,0.0,0.0,-1273000000.0,-252000000.0,-0.044,-252000000.0,-1273000000.0,-1669000000.0,-10.62,-10.62,-10.62,1096000000.0,1361750000.0,1096000000.0,26700558236.0,-21.0,-105.955,2825000000.0,18.948,1.0,4434000000.0,0.767,8827000000.0,396000000.0,4524000000.0,7457500000.0,0.0,674000000.0,11000000.0,663000000.0,21599000000.0,11713000000.0,9886000000.0,24060558236.0,1639000000.0,0.0,506000000.0,-1419000000.0,0.0,-1634000000.0,-335000000.0,411000000.0,3480000000.0,128000000.0,-1325000000.0,-1540000000.0,-1540000000.0,0.0,-24000000.0,-0.266,5511000000.0,-1077000000.0,1935000000.0,0.0,21.953,-15.624,-15.415,2728000000.0,215000000.0,163.71,4.162,4.222,1440000000.0,-2531000000.0,5781000000.0,5781000000.0,970000000.0,-0.073,-1.131,-0.171,-0.22,299000000.0,3501000000.0,1.0,146970608.0,149093000.0,149093000.0,38.774,15354000000.0,1249000000.0,-344000000.0,350000000.0,102.983,-600000000.0
1,EXPE,MRT,2021-03-31,2021-03-31,2021-03-31,2021-08-25,-199000000.0,21866000000.0,20535000000.0,8836000000.0,13030000000.0,0.206,8.328,-678000000.0,6263000000.0,6263000000.0,1354000000.0,-1912000000.0,1.007,15.863,8903000000.0,0.0,8903000000.0,8903000000.0,174000000.0,1048000000.0,0.0,0.0,0.0,-1991000000.0,-943000000.0,-0.223,-943000000.0,-1991000000.0,-2399000000.0,-13.94,-13.94,-13.94,1209000000.0,1521250000.0,1209000000.0,29355966518.0,-15.0,-31.13,-1558000000.0,-10.731,1.0,2882000000.0,0.68,8842000000.0,408000000.0,6890000000.0,8535250000.0,0.0,690000000.0,23000000.0,667000000.0,19178000000.0,8774000000.0,10404000000.0,24761966518.0,1544000000.0,0.0,432000000.0,1300000000.0,0.0,2770000000.0,-475000000.0,176000000.0,-880000000.0,129000000.0,-1889000000.0,-1992000000.0,-1992000000.0,0.0,-23000000.0,-0.47,4676000000.0,-1794000000.0,1292000000.0,0.0,20.481,-12.431,-12.347,2739000000.0,103000000.0,172.12,5.846,5.899,1007000000.0,-2359000000.0,4236000000.0,4236000000.0,965000000.0,-0.097,-1.309,-0.233,-0.47,233000000.0,2558000000.0,1.0,143864551.0,145181000.0,145181000.0,29.177,13024000000.0,1174000000.0,-510000000.0,338000000.0,89.709,62000000.0
2,EXPE,MRT,2020-12-31,2020-12-31,2020-12-31,2021-08-25,-178000000.0,18690000000.0,20172750000.0,5634000000.0,13056000000.0,0.258,10.678,-797000000.0,4135000000.0,4135000000.0,1680000000.0,-2728000000.0,1.042,10.388,8729000000.0,0.0,8729000000.0,8729000000.0,172000000.0,1068000000.0,0.0,0.003,0.34,-2675000000.0,-1607000000.0,-0.309,-1607000000.0,-2675000000.0,-3035000000.0,-19.0,-19.0,-19.0,1510000000.0,1786500000.0,1510000000.0,22999493332.0,-9.0,-14.312,-4631000000.0,-32.748,1.0,3519000000.0,0.677,8895000000.0,360000000.0,8983000000.0,7936750000.0,0.0,695000000.0,24000000.0,671000000.0,15686000000.0,5406000000.0,10280000000.0,18729493332.0,41000000.0,0.0,-106000000.0,3195000000.0,-48000000.0,4077000000.0,-263000000.0,476000000.0,-3834000000.0,61000000.0,-2612000000.0,-2687000000.0,-2687000000.0,0.0,-116000000.0,-0.517,6238000000.0,-2719000000.0,1098000000.0,-0.018,12.404,-6.97,-6.968,2831000000.0,75000000.0,132.4,3.603,3.601,701000000.0,-1781000000.0,5199000000.0,5199000000.0,1010000000.0,-0.133,-1.504,-0.337,-0.515,205000000.0,3143000000.0,1.0,141461430.0,141414000.0,141414000.0,36.764,9795000000.0,779000000.0,-423000000.0,117000000.0,69.265,228000000.0
3,EXPE,MRT,2020-09-30,2020-09-30,2020-09-30,2021-08-25,-239000000.0,19679000000.0,20854250000.0,6735000000.0,12944000000.0,0.337,11.549,-965000000.0,5078000000.0,5078000000.0,1924000000.0,-2259000000.0,1.195,10.151,9348000000.0,0.0,9348000000.0,9348000000.0,177000000.0,907000000.0,0.0,0.007,0.68,-2119000000.0,-1212000000.0,-0.173,-1212000000.0,-2119000000.0,-2430000000.0,-15.6,-15.61,-15.6,1632000000.0,2400750000.0,1632000000.0,16681076765.0,-8.0,-13.763,-4073000000.0,-28.824,1.0,5102000000.0,0.726,8880000000.0,311000000.0,9433000000.0,6227750000.0,0.0,629000000.0,23000000.0,606000000.0,16567000000.0,5636000000.0,10931000000.0,12949076765.0,834000000.0,0.0,-681000000.0,3842000000.0,-98000000.0,4139000000.0,-231000000.0,630000000.0,-3108000000.0,34000000.0,-2153000000.0,-2199000000.0,-2199000000.0,0.0,-106000000.0,-0.313,7198000000.0,-2096000000.0,1102000000.0,-0.044,7.934,-5.889,-5.878,2901000000.0,46000000.0,91.69,1.843,1.844,839000000.0,-1398000000.0,7026000000.0,7026000000.0,1131000000.0,-0.105,-0.916,-0.34,-0.302,222000000.0,3977000000.0,1.0,141226707.0,141306000.0,141306000.0,49.722,10799000000.0,667000000.0,-277000000.0,139000000.0,76.423,1099000000.0
4,EXPE,MRT,2020-06-30,2020-06-30,2020-06-30,2021-08-25,-273000000.0,21905000000.0,21279750000.0,8944000000.0,12961000000.0,0.427,12.292,-1080000000.0,6364000000.0,6364000000.0,2097000000.0,-1652000000.0,1.136,10.785,10096000000.0,750000000.0,9346000000.0,10096000000.0,197000000.0,915000000.0,0.0,0.012,1.02,-1413000000.0,-498000000.0,-0.055,-498000000.0,-1413000000.0,-1651000000.0,-11.27,-11.34,-11.27,1734000000.0,3038750000.0,1734000000.0,14247789612.0,-10.0,-28.61,-4230000000.0,-29.985,1.0,6983000000.0,0.769,8930000000.0,238000000.0,8835000000.0,4362000000.0,0.0,1040000000.0,422000000.0,618000000.0,18702000000.0,7872000000.0,10830000000.0,11588789612.0,1486000000.0,80000000.0,-887000000.0,5445000000.0,-148000000.0,5474000000.0,-728000000.0,191000000.0,-3150000000.0,-110000000.0,-1552000000.0,-1569000000.0,-1569000000.0,0.0,-100000000.0,-0.173,8357000000.0,-1374000000.0,1049000000.0,-0.091,6.683,-7.386,-7.294,2931000000.0,17000000.0,82.2,1.276,1.277,1002000000.0,-1206000000.0,9080000000.0,9080000000.0,1211000000.0,-0.074,-0.516,-0.324,-0.156,235000000.0,5170000000.0,1.0,140982842.0,141072000.0,141072000.0,64.364,12975000000.0,589000000.0,-99000000.0,152000000.0,91.974,1072000000.0
5,EXPE,MRT,2020-03-31,2020-03-31,2020-03-31,2021-08-25,-301000000.0,20417000000.0,21353750000.0,7652000000.0,12765000000.0,0.546,16.12,-1173000000.0,4718000000.0,4718000000.0,2216000000.0,-725000000.0,0.796,7.346,7377000000.0,750000000.0,6627000000.0,7377000000.0,221000000.0,911000000.0,0.0,0.024,1.34,-289000000.0,622000000.0,0.053,622000000.0,-289000000.0,-471000000.0,-4.7,-4.79,-4.7,2270000000.0,3690750000.0,2270000000.0,9253188064.0,-32.0,14.877,-1339000000.0,-9.508,1.0,9451000000.0,0.81,8972000000.0,182000000.0,4496000000.0,2109250000.0,0.0,804000000.0,194000000.0,610000000.0,16676000000.0,9608000000.0,7068000000.0,7877188064.0,563000000.0,80000000.0,-832000000.0,2731000000.0,-196000000.0,1671000000.0,-815000000.0,244000000.0,-166000000.0,-127000000.0,-633000000.0,-633000000.0,-633000000.0,0.0,-92000000.0,-0.054,9711000000.0,-260000000.0,1695000000.0,-0.285,3.47,-12.444,-11.972,2925000000.0,0.0,56.27,0.675,0.679,1423000000.0,-470000000.0,11667000000.0,11667000000.0,1244000000.0,-0.03,-0.172,-0.137,-0.025,240000000.0,6578000000.0,1.0,139989125.0,140823000.0,140823000.0,82.849,11445000000.0,332000000.0,162000000.0,117000000.0,81.272,-1956000000.0
6,EXPE,MRT,2019-12-31,2019-12-31,2019-12-31,2021-08-25,-217000000.0,21416000000.0,21490250000.0,7735000000.0,13681000000.0,0.562,26.951,-1160000000.0,4094000000.0,4094000000.0,2077000000.0,572000000.0,0.722,4.003,5470000000.0,749000000.0,4721000000.0,5470000000.0,321000000.0,910000000.0,0.0,0.012,1.32,941000000.0,1851000000.0,0.153,1851000000.0,941000000.0,768000000.0,3.84,3.77,3.84,3967000000.0,4144000000.0,3967000000.0,16786001454.0,18.0,9.069,1607000000.0,10.918,1.0,9990000000.0,0.828,9931000000.0,173000000.0,2147000000.0,1038500000.0,0.0,1322000000.0,526000000.0,796000000.0,15880000000.0,10714000000.0,5166000000.0,15668001454.0,1392000000.0,80000000.0,-442000000.0,831000000.0,-195000000.0,175000000.0,-1553000000.0,-494000000.0,2767000000.0,3000000.0,565000000.0,565000000.0,565000000.0,0.0,7000000.0,0.047,9087000000.0,903000000.0,2827000000.0,0.344,3.95,27.731,28.161,2809000000.0,0.0,108.14,1.298,1.319,2524000000.0,879000000.0,12067000000.0,12067000000.0,1226000000.0,0.026,0.136,0.906,0.078,241000000.0,6893000000.0,1.0,144886272.0,147194000.0,149884000.0,81.98,11485000000.0,215000000.0,203000000.0,144000000.0,78.026,-2979000000.0
7,EXPE,MRT,2019-09-30,2019-09-30,2019-09-30,2021-08-25,-258000000.0,21381000000.0,20644500000.0,7969000000.0,13412000000.0,0.575,28.418,-1108000000.0,4244000000.0,4244000000.0,1913000000.0,519000000.0,0.753,3.739,5362000000.0,749000000.0,4613000000.0,5362000000.0,381000000.0,963000000.0,0.0,0.01,1.3,859000000.0,1822000000.0,0.153,1822000000.0,859000000.0,698000000.0,3.43,3.34,3.43,4184000000.0,4178250000.0,4184000000.0,19416132686.0,23.0,10.656,1173000000.0,7.967,1.0,9966000000.0,0.839,9947000000.0,161000000.0,1970000000.0,720750000.0,0.0,1428000000.0,658000000.0,770000000.0,15642000000.0,10582000000.0,5060000000.0,20112132686.0,1138000000.0,67000000.0,-381000000.0,835000000.0,-193000000.0,272000000.0,-1333000000.0,-292000000.0,2281000000.0,-82000000.0,506000000.0,506000000.0,506000000.0,0.0,13000000.0,0.043,9127000000.0,839000000.0,2778000000.0,0.379,4.807,39.747,39.187,2585000000.0,0.0,134.41,1.693,1.666,2684000000.0,850000000.0,11879000000.0,11879000000.0,827000000.0,0.025,0.121,1.192,0.072,224000000.0,6749000000.0,1.0,149632711.0,147232000.0,150635000.0,80.682,11434000000.0,172000000.0,192000000.0,160000000.0,77.66,-2613000000.0
8,EXPE,MRT,2019-06-30,2019-06-30,2019-06-30,2021-08-25,-216000000.0,22201000000.0,20084500000.0,8824000000.0,13377000000.0,0.577,29.131,-1040000000.0,4877000000.0,4877000000.0,1869000000.0,643000000.0,0.756,3.753,4181000000.0,0.0,4181000000.0,4181000000.0,522000000.0,977000000.0,0.0,0.01,1.28,909000000.0,1886000000.0,0.163,1886000000.0,909000000.0,741000000.0,4.17,4.06,4.17,4342000000.0,4228750000.0,4342000000.0,19816886735.0,22.0,10.507,1731000000.0,11.614,1.0,9728000000.0,0.839,10005000000.0,168000000.0,-176000000.0,413500000.0,0.0,1446000000.0,631000000.0,815000000.0,16294000000.0,11676000000.0,4618000000.0,19795886735.0,1468000000.0,-53000000.0,-271000000.0,-500000000.0,-190000000.0,-999000000.0,-291000000.0,770000000.0,2771000000.0,-13000000.0,622000000.0,622000000.0,622000000.0,0.0,21000000.0,0.054,8826000000.0,902000000.0,3123000000.0,0.307,4.559,31.826,31.902,2477000000.0,0.0,133.03,1.707,1.71,2893000000.0,508000000.0,11597000000.0,11597000000.0,927000000.0,0.031,0.147,2.198,0.078,218000000.0,6596000000.0,1.0,148807688.0,149049000.0,151561000.0,77.807,12196000000.0,208000000.0,119000000.0,93000000.0,81.825,-2852000000.0
9,EXPE,MRT,2019-03-31,2019-03-31,2019-03-31,2021-08-25,-217000000.0,20963000000.0,19672750000.0,7702000000.0,13261000000.0,0.576,27.61,-960000000.0,4155000000.0,4155000000.0,1867000000.0,447000000.0,0.718,3.754,4176000000.0,0.0,4176000000.0,4176000000.0,533000000.0,990000000.0,0.0,0.011,1.26,686000000.0,1676000000.0,0.148,1676000000.0,686000000.0,506000000.0,2.95,2.86,2.95,4083000000.0,4135000000.0,4083000000.0,18530646176.0,27.0,11.056,1488000000.0,10.062,1.0,9457000000.0,0.835,10045000000.0,180000000.0,213000000.0,603500000.0,0.0,1270000000.0,466000000.0,804000000.0,15329000000.0,10726000000.0,4603000000.0,17515646176.0,512000000.0,-53000000.0,-509000000.0,-500000000.0,-187000000.0,-1232000000.0,-537000000.0,446000000.0,2448000000.0,-167000000.0,440000000.0,440000000.0,440000000.0,0.0,7000000.0,0.039,8709000000.0,748000000.0,2769000000.0,0.427,4.29,39.808,40.339,2365000000.0,0.0,119.0,1.547,1.554,2617000000.0,373000000.0,11324000000.0,11324000000.0,1023000000.0,0.022,0.106,1.137,0.061,209000000.0,6485000000.0,1.0,147190304.0,147882000.0,147882000.0,76.575,10918000000.0,193000000.0,66000000.0,91000000.0,73.829,-3024000000.0
10,EXPE,MRT,2018-12-31,2018-12-31,2018-12-31,2021-08-25,-220000000.0,18033000000.0,19539250000.0,5197000000.0,12836000000.0,0.574,27.367,-878000000.0,2702000000.0,2702000000.0,1864000000.0,398000000.0,0.645,3.017,3717000000.0,0.0,3717000000.0,3717000000.0,364000000.0,1001000000.0,0.0,0.011,1.24,683000000.0,1684000000.0,0.15,1684000000.0,683000000.0,493000000.0,2.71,2.65,2.71,4104000000.0,4163000000.0,4104000000.0,17402969765.0,25.0,10.334,1097000000.0,7.315,1.0,9359000000.0,0.834,10112000000.0,190000000.0,876000000.0,693500000.0,0.0,806000000.0,28000000.0,778000000.0,12382000000.0,8060000000.0,4322000000.0,16781969765.0,-212000000.0,-53000000.0,-757000000.0,-500000000.0,-186000000.0,-1489000000.0,-559000000.0,334000000.0,1975000000.0,-139000000.0,406000000.0,406000000.0,406000000.0,0.0,-8000000.0,0.036,8645000000.0,714000000.0,2487000000.0,0.458,4.089,41.335,41.568,1877000000.0,0.0,112.65,1.495,1.505,2151000000.0,517000000.0,11223000000.0,11223000000.0,1122000000.0,0.021,0.098,0.985,0.061,203000000.0,6495000000.0,1.0,148974432.0,149961000.0,152889000.0,74.839,7921000000.0,93000000.0,87000000.0,143000000.0,52.82,-2863000000.0
11,EXPE,MRT,2018-09-30,2018-09-30,2018-09-30,2021-08-25,-202000000.0,19141000000.0,19660000000.0,6172000000.0,12969000000.0,0.559,29.341,-818000000.0,3106000000.0,3106000000.0,1926000000.0,426000000.0,0.704,3.013,3727000000.0,0.0,3727000000.0,3727000000.0,346000000.0,958000000.0,0.0,0.009,1.22,724000000.0,1682000000.0,0.153,1682000000.0,724000000.0,523000000.0,2.97,2.89,2.97,4386000000.0,4267750000.0,4386000000.0,20323380050.0,28.0,12.083,1201000000.0,8.034,1.0,9057000000.0,0.825,10258000000.0,201000000.0,741000000.0,832500000.0,0.0,1175000000.0,458000000.0,717000000.0,13214000000.0,8763000000.0,4451000000.0,19500380050.0,-179000000.0,-40000000.0,-560000000.0,-502000000.0,-184000000.0,-1327000000.0,-757000000.0,55000000.0,2019000000.0,-114000000.0,444000000.0,444000000.0,444000000.0,0.0,-18000000.0,0.04,8325000000.0,732000000.0,2752000000.0,0.411,4.446,43.92,43.933,1769000000.0,0.0,130.48,1.776,1.776,2294000000.0,551000000.0,10983000000.0,10983000000.0,1572000000.0,0.023,0.104,0.87,0.066,199000000.0,6477000000.0,1.0,149451104.0,149482000.0,153153000.0,73.474,8883000000.0,261000000.0,79000000.0,425000000.0,59.425,-2591000000.0
12,EXPE,MRT,2018-06-30,2018-06-30,2018-06-30,2021-08-25,-190000000.0,20554000000.0,19633558000.0,7794000000.0,12760000000.0,0.544,26.433,-764000000.0,3408000000.0,3408000000.0,1881000000.0,244000000.0,0.742,3.782,4231000000.0,500000000.0,3731000000.0,4231000000.0,460000000.0,943000000.0,0.0,0.01,1.2,533000000.0,1476000000.0,0.138,1476000000.0,533000000.0,335000000.0,1.78,1.69,1.78,3967000000.0,4322105000.0,3967000000.0,18695256006.0,35.0,12.666,1183000000.0,7.883,1.0,8792000000.0,0.824,10296000000.0,198000000.0,584000000.0,924205000.0,0.0,2249000000.0,1491000000.0,758000000.0,15002000000.0,10497000000.0,4505000000.0,18066256006.0,489000000.0,-33000000.0,-465000000.0,990000000.0,-182000000.0,313000000.0,-1713000000.0,-951000000.0,1947000000.0,-58000000.0,271000000.0,271000000.0,271000000.0,0.0,-27000000.0,0.025,8251000000.0,541000000.0,2720000000.0,0.674,4.554,66.665,67.522,1689000000.0,0.0,120.19,1.693,1.69,2359000000.0,74000000.0,10673000000.0,10673000000.0,1518000000.0,0.014,0.063,0.577,0.05,152000000.0,6376000000.0,1.0,150314136.0,150076000.0,152617000.0,71.117,10258000000.0,192000000.0,64000000.0,333000000.0,68.352,-2703000000.0
13,EXPE,MRT,2018-03-31,2018-03-31,2018-03-31,2021-08-25,-125000000.0,20429000000.0,19150870000.0,7431000000.0,12998000000.0,0.542,27.632,-735000000.0,3642000000.0,3642000000.0,1822000000.0,307000000.0,0.744,3.485,4271000000.0,500000000.0,3771000000.0,4271000000.0,469000000.0,920000000.0,0.0,0.011,1.18,589000000.0,1509000000.0,0.145,1509000000.0,589000000.0,399000000.0,2.14,2.04,2.14,4195000000.0,4386874250.0,4195000000.0,18097195915.0,31.0,11.993,1098000000.0,7.232,1.0,8557000000.0,0.824,10494000000.0,190000000.0,573000000.0,685857250.0,0.0,1889000000.0,1031000000.0,858000000.0,14621000000.0,9991000000.0,4630000000.0,16763925915.0,1107000000.0,-169000000.0,-278000000.0,990000000.0,-180000000.0,500000000.0,-1359000000.0,-484000000.0,1833000000.0,133000000.0,327000000.0,327000000.0,327000000.0,0.0,-20000000.0,0.032,8024000000.0,533000000.0,2551000000.0,0.551,3.996,51.266,51.593,1627000000.0,0.0,110.41,1.615,1.615,2253000000.0,117000000.0,10379000000.0,10379000000.0,1461000000.0,0.017,0.075,0.859,0.057,152000000.0,6261000000.0,1.0,151833402.0,151817000.0,151817000.0,68.365,9935000000.0,195000000.0,72000000.0,413000000.0,65.441,-2560000000.0
14,EXPE,MRT,2017-12-31,2017-12-31,2017-12-31,2021-08-25,-149000000.0,18516000000.0,18460846500.0,5540000000.0,12976000000.0,0.545,29.831,-710000000.0,2916000000.0,2916000000.0,1757000000.0,372000000.0,0.703,2.739,4249000000.0,500000000.0,3749000000.0,4249000000.0,326000000.0,889000000.0,0.0,0.01,1.16,605000000.0,1494000000.0,0.149,1494000000.0,605000000.0,423000000.0,2.49,2.42,2.49,4523000000.0,4360442250.0,4523000000.0,19213240390.0,32.0,12.86,1135000000.0,7.486,1.0,8303000000.0,0.825,10538000000.0,182000000.0,1432000000.0,521657250.0,0.0,1313000000.0,468000000.0,845000000.0,12387000000.0,7879000000.0,4508000000.0,18264326390.0,1099000000.0,-169000000.0,-83000000.0,990000000.0,-176000000.0,688000000.0,-1581000000.0,-715000000.0,1845000000.0,147000000.0,378000000.0,378000000.0,378000000.0,0.0,-6000000.0,0.038,7678000000.0,625000000.0,2536000000.0,0.466,4.038,48.318,48.1,1575000000.0,0.0,119.77,1.816,1.805,1866000000.0,331000000.0,10060000000.0,10060000000.0,1387000000.0,0.02,0.087,1.16,0.06,149000000.0,5974000000.0,1.0,152495002.0,151619000.0,156385000.0,66.351,7978000000.0,39000000.0,45000000.0,362000000.0,52.619,-2339000000.0
15,EXPE,MRT,2017-09-30,2017-09-30,2017-09-30,2021-08-25,-123973000.0,19035232000.0,17776233000.0,5983802000.0,13051430000.0,0.553,30.268,-707956000.0,3286822000.0,3286822000.0,1691143000.0,403597000.0,0.723,2.785,4235736000.0,500000000.0,3735736000.0,4235736000.0,315181000.0,888048000.0,0.0,0.008,1.12,628265000.0,1516313000.0,0.154,1516313000.0,628265000.0,455538000.0,2.64,2.53,2.64,4603420000.0,4262767500.0,4603420000.0,22125614333.0,35.0,14.592,1243366000.0,8.175,1.0,8143122000.0,0.828,10603770000.0,172727000.0,1107820000.0,315023500.0,0.0,1429428000.0,540581000.0,888847000.0,12819922000.0,8272556000.0,4547366000.0,21826570333.0,1406824000.0,-169223000.0,-26037000.0,992216000.0,-168991000.0,985297000.0,-1608077000.0,-752676000.0,1951322000.0,78282000.0,402609000.0,402609000.0,402609000.0,0.0,988000.0,0.041,7484638000.0,658484000.0,2605258000.0,0.424,4.741,54.213,54.523,1521609000.0,0.0,143.94,2.219,2.226,1835286000.0,321576000.0,9834265000.0,9834265000.0,1339079000.0,0.023,0.094,1.994,0.064,148398000.0,5793743000.0,1.0,151636587.0,152088000.0,157760000.0,64.662,8431462000.0,72469000.0,52929000.0,420605000.0,55.438,-2288754000.0
16,EXPE,MRT,2017-06-30,2017-06-30,2017-06-30,2021-08-25,-188340000.0,18623248000.0,17050366500.0,6026561000.0,12596687000.0,0.554,27.88,-726019000.0,2921902000.0,2921902000.0,1649050000.0,333525000.0,0.689,3.029,3220946000.0,0.0,3220946000.0,3220946000.0,393964000.0,859542000.0,0.0,0.007,1.08,549597000.0,1409139000.0,0.149,1409139000.0,549597000.0,377496000.0,2.18,2.11,2.18,4226077000.0,4083351500.0,4226077000.0,23116609887.0,42.0,16.405,1485884000.0,9.803,1.0,7800120000.0,0.825,10547181000.0,172101000.0,-369391000.0,101273500.0,0.0,1444774000.0,906339000.0,538435000.0,12801132000.0,8744502000.0,4056630000.0,22483358887.0,589775000.0,-137000000.0,-33466000.0,-2557000.0,-163053000.0,-23511000.0,-1625472000.0,-776231000.0,2211903000.0,26855000.0,329940000.0,329940000.0,329940000.0,0.0,3585000.0,0.035,7236484000.0,563636000.0,2515826000.0,0.495,5.32,68.144,68.326,1479059000.0,0.0,148.95,2.379,2.389,1809618000.0,14916000.0,9449170000.0,9449170000.0,1290525000.0,0.019,0.081,5.427,0.058,189661000.0,5562093000.0,1.0,150945679.0,151582000.0,157033000.0,62.337,8076067000.0,177012000.0,47556000.0,484381000.0,53.279,-2717941000.0
17,EXPE,MRT,2017-03-31,2017-03-31,2017-03-31,2021-08-25,-251413000.0,17668906000.0,16576690000.0,5328413000.0,12340493000.0,0.546,27.166,-748422000.0,2537682000.0,2537682000.0,1616430000.0,285532000.0,0.664,2.937,3170933000.0,0.0,3170933000.0,3170933000.0,369722000.0,841746000.0,0.0,0.008,1.04,502983000.0,1344729000.0,0.148,1344729000.0,502983000.0,330943000.0,2.02,1.96,2.02,4089272000.0,4077408250.0,4089272000.0,20245116314.0,40.0,15.055,1380255000.0,9.169,1.0,7442609000.0,0.822,10366386000.0,172040000.0,-83800000.0,62153750.0,0.0,1379652000.0,851415000.0,528237000.0,12009848000.0,8019571000.0,3990277000.0,18901324314.0,438970000.0,-1000000.0,-140658000.0,-2557000.0,-155826000.0,-126049000.0,-1508765000.0,-771113000.0,2128677000.0,-54893000.0,304589000.0,304589000.0,304589000.0,0.0,-19057000.0,0.034,6956311000.0,486298000.0,2110260000.0,0.515,4.622,62.055,62.46,1421962000.0,0.0,126.17,2.086,2.097,1579657000.0,666000.0,9059039000.0,9059039000.0,1265446000.0,0.018,0.075,8.093,0.056,240092000.0,5287641000.0,1.0,149808388.0,150531000.0,150531000.0,60.181,7302520000.0,151612000.0,26354000.0,575132000.0,48.512,-2691158000.0
18,EXPE,MRT,2016-12-31,2016-12-31,2016-12-31,2021-08-25,-280399000.0,15777546000.0,16256974500.0,3450251000.0,12327295000.0,0.54,27.481,-749000000.0,1815544000.0,1815544000.0,1597000000.0,261000000.0,0.563,2.44,3159336000.0,0.0,3159336000.0,3159336000.0,282517000.0,829000000.0,0.0,0.009,1.0,471000000.0,1300000000.0,0.148,1300000000.0,471000000.0,298000000.0,1.87,1.82,1.87,4132301000.0,4213015250.0,4132301000.0,18336697166.0,39.0,14.105,800000000.0,5.32,1.0,7177000000.0,0.818,10388675000.0,173000000.0,605465000.0,25636000.0,0.0,592371000.0,72313000.0,520058000.0,10084443000.0,6127198000.0,3957245000.0,16995386166.0,105000000.0,-1000000.0,-315000000.0,-403000000.0,-150000000.0,-691000000.0,-718000000.0,16000000.0,1549000000.0,-35000000.0,282000000.0,282000000.0,282000000.0,0.0,-21000000.0,0.032,6715000000.0,462000000.0,2086325000.0,0.535,4.113,60.267,60.578,1394904000.0,0.0,113.28,1.937,1.941,1343247000.0,129034000.0,8774000000.0,8774000000.0,1235000000.0,0.017,0.067,18.373,0.054,242000000.0,5045000000.0,1.0,150029892.0,150367000.0,154517000.0,58.351,5388871000.0,43060000.0,16000000.0,534709000.0,35.838,-2676947000.0
19,EXPE,MRT,2016-09-30,2016-09-30,2016-09-30,2021-08-25,-307112000.0,16131766000.0,16184006750.0,3620294000.0,12511472000.0,0.518,25.864,-728646000.0,1862899000.0,1862899000.0,1564350000.0,163517000.0,0.547,3.134,3204210000.0,0.0,3204210000.0,3204210000.0,299291000.0,762890000.0,0.0,0.008,0.98,348577000.0,1111467000.0,0.133,1111467000.0,348577000.0,181877000.0,1.19,1.14,1.19,3885756000.0,4396038500.0,3885756000.0,18332985760.0,53.0,16.494,641551000.0,4.27,1.0,6814952000.0,0.813,10600819000.0,166700000.0,252820000.0,-58660250.0,0.0,603992000.0,45681000.0,558311000.0,12179138000.0,6619438000.0,5559700000.0,17474828760.0,389136000.0,-130605000.0,-260397000.0,338190000.0,-142363000.0,-135906000.0,-856387000.0,579000.0,1370197000.0,11232000.0,189853000.0,189853000.0,189853000.0,0.0,-26336000.0,0.023,6470959000.0,343993000.0,2141647000.0,0.824,4.497,92.044,98.084,1339621000.0,0.0,116.72,2.085,2.093,1383774000.0,0.0,8379302000.0,8379302000.0,1161491000.0,0.012,0.043,-5.942,0.042,241634000.0,4878147000.0,1.0,149715805.0,150239000.0,154236000.0,55.773,5530947000.0,54762000.0,-7976000.0,479110000.0,36.814,-2999144000.0
20,EXPE,MRT,2016-06-30,2016-06-30,2016-06-30,2021-08-25,-299566000.0,16728542000.0,15251883500.0,4163977000.0,12564565000.0,0.507,28.099,-698295000.0,2338690000.0,2338690000.0,1475509000.0,160826000.0,0.559,2.965,3196847000.0,0.0,3196847000.0,3196847000.0,331837000.0,682952000.0,0.0,0.009,0.96,347670000.0,1030622000.0,0.133,1030622000.0,347670000.0,191085000.0,1.51,1.45,1.51,4202304000.0,4034861500.0,4202304000.0,16953070042.0,49.0,16.449,733816000.0,4.907,1.0,6260641000.0,0.809,10665814000.0,156585000.0,-525870000.0,-134775250.0,0.0,682351000.0,38500000.0,643851000.0,12461620000.0,7446755000.0,5014865000.0,15849712042.0,-890605000.0,-1739617000.0,-235434000.0,339069000.0,-134483000.0,-30330000.0,-2257022000.0,177375000.0,1432111000.0,-35364000.0,193738000.0,193738000.0,193738000.0,0.0,-32912000.0,0.025,5957802000.0,302839000.0,2145482000.0,0.636,3.772,81.81,70.397,1235282000.0,0.0,106.3,2.049,2.055,1454518000.0,7369000.0,7736150000.0,7736150000.0,1062748000.0,0.013,0.048,-2.58,0.045,257027000.0,4581254000.0,1.0,149103594.0,149552000.0,153532000.0,51.729,6062728000.0,155134000.0,-2653000.0,546251000.0,40.539,-3282778000.0
21,EXPE,MRT,2016-03-31,2016-03-31,2016-03-31,2021-08-25,-287368000.0,16390044000.0,14027729500.0,3796132000.0,12593912000.0,0.513,30.663,-851969000.0,2106133000.0,2106133000.0,1390211000.0,581655000.0,0.546,2.525,3209491000.0,0.0,3209491000.0,3209491000.0,293030000.0,588905000.0,0.0,0.008,0.9,900664000.0,1489569000.0,0.207,1489569000.0,900664000.0,758503000.0,4.79,4.62,4.79,4631700000.0,3512062000.0,4631700000.0,17749238658.0,20.0,11.916,573335000.0,3.796,1.0,5812670000.0,0.807,10765313000.0,142161000.0,-229871000.0,-86010750.0,0.0,663570000.0,28587000.0,634983000.0,11692835000.0,6957960000.0,4734875000.0,16235584658.0,328046000.0,-1213679000.0,-85685000.0,1041417000.0,-121806000.0,817912000.0,-1903447000.0,150050000.0,1425304000.0,-11723000.0,611733000.0,611733000.0,611733000.0,0.0,-30078000.0,0.085,5445401000.0,367269000.0,2005709000.0,0.188,3.505,26.54,22.509,1174324000.0,0.0,107.82,2.254,2.261,1363321000.0,373300000.0,7202881000.0,7202881000.0,931343000.0,0.044,0.174,-10.472,0.125,198090000.0,4260580000.0,1.0,150580455.0,151052000.0,151052000.0,47.685,5624731000.0,137248000.0,146770000.0,579429000.0,37.237,-3161828000.0
22,EXPE,MRT,2015-12-31,2015-12-31,2015-12-31,2021-08-25,-284894000.0,15485675000.0,12463990500.0,2976261000.0,12509414000.0,0.535,37.373,-787041000.0,1687623000.0,1687623000.0,1309559000.0,722748000.0,0.502,2.17,3183140000.0,0.0,3183140000.0,3183140000.0,235809000.0,493138000.0,0.0,0.007,0.84,1093874000.0,1587012000.0,0.238,1587012000.0,1093874000.0,967679000.0,5.87,5.7,5.87,4864394000.0,2770022250.0,4864394000.0,17149074362.0,16.0,10.806,581004000.0,4.464,1.0,5362758000.0,0.804,10786895000.0,126195000.0,268280000.0,-230732500.0,0.0,676541000.0,33739000.0,642802000.0,10555908000.0,5926017000.0,4629891000.0,16139003362.0,273599000.0,-1539767000.0,59745000.0,1441860000.0,-108527000.0,1404199000.0,-2371260000.0,-56180000.0,1368045000.0,-127385000.0,764465000.0,764465000.0,764465000.0,0.0,-41717000.0,0.115,4949192000.0,413566000.0,1815427000.0,0.143,3.318,21.112,21.175,1064259000.0,0.0,124.3,2.419,2.425,1082406000.0,507666000.0,6672317000.0,6672317000.0,830244000.0,0.061,0.276,-4.741,0.164,178068000.0,3954999000.0,1.0,129839126.0,130159000.0,134018000.0,51.263,4698780000.0,29263000.0,203214000.0,541860000.0,36.1,-2949756000.0
23,EXPE,MRT,2015-09-30,2015-09-30,2015-09-30,2021-08-25,-284246000.0,12403273000.0,10847706250.0,3173472000.0,9229801000.0,0.584,18.779,-714148000.0,1465354000.0,1465354000.0,1255319000.0,791913000.0,0.534,4.054,2475425000.0,0.0,2475425000.0,2475425000.0,58249000.0,416354000.0,0.0,0.007,0.78,1189124000.0,1605478000.0,0.254,1605478000.0,1189124000.0,1070950000.0,6.54,6.35,6.54,2441048000.0,1999990500.0,2441048000.0,14454608289.0,12.0,9.003,627535000.0,4.828,1.0,5074409000.0,0.802,7523738000.0,118174000.0,-51640000.0,-323519000.0,0.0,637623000.0,35478000.0,602145000.0,9897075000.0,5941246000.0,3955829000.0,15196462289.0,-797409000.0,-1945430000.0,37620000.0,699718000.0,-100093000.0,694120000.0,-2666801000.0,-18632000.0,1341683000.0,-166411000.0,842972000.0,842972000.0,842972000.0,0.0,-51059000.0,0.133,4595614000.0,478795000.0,1992085000.0,0.119,6.225,18.027,17.994,966560000.0,0.0,117.68,2.401,2.417,1242303000.0,666177000.0,6329728000.0,6329728000.0,761024000.0,0.078,0.421,-3.676,0.188,150908000.0,3723112000.0,1.0,129133772.0,129989000.0,133417000.0,48.694,4879535000.0,351273000.0,227978000.0,774320000.0,37.538,-2767774000.0
24,EXPE,MRT,2015-06-30,2015-06-30,2015-06-30,2021-08-25,-256692000.0,11831926000.0,10103135000.0,4990392000.0,6841534000.0,0.604,16.38,-639901000.0,3214390000.0,3214390000.0,1226961000.0,766297000.0,0.836,4.574,2472536000.0,0.0,2472536000.0,2472536000.0,57142000.0,383786000.0,0.0,0.007,0.72,1128220000.0,1512006000.0,0.248,1512006000.0,1128220000.0,1017747000.0,6.37,6.17,6.37,2111106000.0,1860925500.0,2111106000.0,13915446901.0,12.0,9.203,924147000.0,7.17,1.0,4877518000.0,0.799,5452656000.0,110473000.0,-330812000.0,-410877500.0,0.0,712867000.0,195984000.0,516883000.0,9657017000.0,5968228000.0,3688789000.0,13948912901.0,1753309000.0,-360818000.0,-86827000.0,1195242000.0,-91855000.0,1029799000.0,-668030000.0,322708000.0,1564048000.0,-172508000.0,816815000.0,816815000.0,816815000.0,0.0,-50518000.0,0.134,4446885000.0,430633000.0,1866076000.0,0.113,6.607,17.077,17.166,867137000.0,0.0,109.35,2.285,2.309,1123555000.0,417428000.0,6104479000.0,6104479000.0,731075000.0,0.081,0.439,-2.746,0.185,109556000.0,3570454000.0,1.0,127562075.0,128887000.0,132960000.0,47.363,6379270000.0,248114000.0,200932000.0,527451000.0,49.495,-977836000.0
25,EXPE,MRT,2015-03-31,2015-03-31,2015-03-31,2021-08-25,-239480000.0,10135088000.0,9453860750.0,3485928000.0,6649160000.0,0.628,13.041,-356288000.0,1780328000.0,1780328000.0,1206380000.0,425315000.0,0.648,4.993,1746862000.0,0.0,1746862000.0,1746862000.0,69066000.0,361451000.0,0.0,0.007,0.69,651285000.0,1012736000.0,0.171,1012736000.0,651285000.0,547006000.0,3.57,3.46,3.57,1663541000.0,1802065500.0,1663541000.0,12237353165.0,19.0,12.083,1090297000.0,8.547,1.0,4730131000.0,0.797,5527731000.0,104279000.0,-808758000.0,-483446500.0,0.0,834770000.0,294942000.0,539828000.0,8306092000.0,5382649000.0,2923443000.0,11928154165.0,251217000.0,-886756000.0,-341077000.0,492894000.0,-87990000.0,99689000.0,-1117702000.0,121099000.0,1446585000.0,-177355000.0,456544000.0,456544000.0,456544000.0,0.0,-31229000.0,0.077,4260370000.0,469761000.0,1708495000.0,0.193,7.17,26.127,26.367,580956000.0,0.0,94.13,2.009,2.023,985024000.0,0.0,5936511000.0,5936511000.0,713634000.0,0.048,0.253,-1.347,0.11,89076000.0,3389736000.0,1.0,126720006.0,127563000.0,131402000.0,46.538,4607357000.0,233980000.0,90462000.0,464619000.0,36.118,-1896721000.0
26,EXPE,MRT,2014-12-31,2014-12-31,2014-12-31,2021-08-25,-138774000.0,9020538000.0,9142183000.0,2924489000.0,6096049000.0,0.63,13.841,-328387000.0,1437588000.0,1437588000.0,1179081000.0,372950000.0,0.699,3.994,1746787000.0,0.0,1746787000.0,1746787000.0,62206000.0,342590000.0,0.0,0.008,0.66,587877000.0,930467000.0,0.161,930467000.0,587877000.0,489788000.0,3.09,2.99,3.09,1784267000.0,1884970500.0,1784267000.0,10264304378.0,17.0,11.031,1038572000.0,8.056,1.0,4584404000.0,0.795,5245988000.0,98089000.0,-102866000.0,-440744250.0,0.0,642662000.0,355780000.0,286882000.0,7126809000.0,4186615000.0,2940194000.0,10802134378.0,381667000.0,-560668000.0,-409336000.0,492894000.0,-84697000.0,48149000.0,-924257000.0,-37134000.0,1366959000.0,-109184000.0,398097000.0,398097000.0,398097000.0,0.0,-25147000.0,0.069,4066640000.0,517764000.0,1549865000.0,0.214,6.054,27.134,27.625,553126000.0,0.0,85.36,1.874,1.909,778334000.0,0.0,5763485000.0,5763485000.0,686154000.0,0.044,0.211,-1.334,0.102,85011000.0,3233702000.0,1.0,126547966.0,128912000.0,133168000.0,44.709,3774550000.0,196483000.0,91691000.0,512619000.0,29.28,-1262126000.0
27,EXPE,MRT,2014-09-30,2014-09-30,2014-09-30,2021-08-25,-31035000.0,9424988000.0,8821918750.0,3836818000.0,5588170000.0,0.63,14.735,-312843000.0,2284542000.0,2284542000.0,1143356000.0,410658000.0,0.845,3.938,1746712000.0,0.0,1746712000.0,1746712000.0,56234000.0,331020000.0,0.0,0.007,0.63,604991000.0,936011000.0,0.168,936011000.0,604991000.0,513293000.0,3.31,3.19,3.31,1884788000.0,1975269750.0,1884788000.0,10930089358.0,18.0,11.677,1041744000.0,8.144,1.0,4416166000.0,0.794,4746525000.0,91698000.0,-401074000.0,-446847250.0,0.0,694437000.0,396041000.0,298396000.0,7423109000.0,4541707000.0,2881402000.0,11144220358.0,858250000.0,-25935000.0,-542845000.0,493630000.0,-81457000.0,-93324000.0,-349816000.0,-10883000.0,1354587000.0,-53197000.0,426845000.0,426845000.0,426845000.0,0.0,-16187000.0,0.077,3854397000.0,561769000.0,1698019000.0,0.19,5.913,26.108,26.471,525053000.0,0.0,87.62,2.005,2.016,887436000.0,31802000.0,5559522000.0,5559522000.0,659843000.0,0.048,0.216,-1.354,0.109,89109000.0,3075385000.0,1.0,127188089.0,127911000.0,132274000.0,43.464,4678463000.0,135282000.0,86448000.0,477959000.0,36.576,-704889000.0
28,EXPE,MRT,2014-06-30,2014-06-30,2014-06-30,2021-08-25,25805000.0,9234829000.0,8516074250.0,3640965000.0,5593864000.0,0.616,14.48,-307954000.0,1463579000.0,1463579000.0,1119966000.0,326761000.0,0.749,3.862,1249448000.0,0.0,1249448000.0,1249448000.0,60862000.0,316511000.0,0.0,0.008,0.6,521651000.0,838162000.0,0.16,838162000.0,521651000.0,433545000.0,2.55,2.47,2.55,1875666000.0,2052971750.0,1875666000.0,9962085239.0,19.0,11.886,720580000.0,5.563,1.0,4128912000.0,0.787,4783909000.0,88106000.0,-621088000.0,-464408750.0,0.0,1221729000.0,937981000.0,283748000.0,7243954000.0,4857877000.0,2386077000.0,10225436239.0,122003000.0,-758000.0,-652303000.0,0.0,-78972000.0,-698094000.0,-259351000.0,49452000.0,1028534000.0,37277000.0,340645000.0,340645000.0,340645000.0,0.0,-13884000.0,0.065,3625288000.0,503624000.0,1633983000.0,0.235,5.452,30.018,30.886,509786000.0,0.0,78.76,1.948,1.944,927909000.0,-134149000.0,5248878000.0,5248878000.0,630905000.0,0.04,0.166,-1.123,0.099,84844000.0,2872233000.0,1.0,129830323.0,129538000.0,133668000.0,40.52,4450920000.0,188591000.0,92900000.0,486306000.0,34.36,-1216912000.0
29,EXPE,MRT,2014-03-31,2014-03-31,2014-03-31,2021-08-25,28292000.0,8888377000.0,8393391000.0,3314954000.0,5573423000.0,0.591,15.282,-296174000.0,1512781000.0,1512781000.0,1082072000.0,303922000.0,0.745,3.399,1249430000.0,0.0,1249430000.0,1249430000.0,56847000.0,302665000.0,0.0,0.008,0.58,506743000.0,809408000.0,0.163,809408000.0,506743000.0,419329000.0,2.38,2.31,2.38,1995161000.0,2141006250.0,1995161000.0,9588076220.0,19.0,11.846,557375000.0,4.269,1.0,3877191000.0,0.782,4813720000.0,87414000.0,-637949000.0,-396158500.0,0.0,940281000.0,687399000.0,252882000.0,6782443000.0,4449255000.0,2333188000.0,9385739220.0,401268000.0,-758000.0,-452973000.0,0.0,-77379000.0,-492369000.0,15604000.0,315560000.0,853549000.0,10847000.0,322772000.0,322772000.0,322772000.0,0.0,-18850000.0,0.065,3408501000.0,468690000.0,1421699000.0,0.244,4.704,29.079,30.462,490580000.0,0.0,72.5,1.893,1.909,818818000.0,-223522000.0,4959263000.0,4959263000.0,602512000.0,0.038,0.151,-1.279,0.102,79916000.0,2708436000.0,1.0,129458472.0,130559000.0,130559000.0,37.985,4074657000.0,190693000.0,96557000.0,485786000.0,31.209,-1134301000.0
30,EXPE,MRT,2013-12-31,2013-12-31,2013-12-31,2021-08-25,18197000.0,7739481000.0,8279401750.0,2219287000.0,5520194000.0,0.576,15.903,-308581000.0,1047075000.0,1047075000.0,1038034000.0,216358000.0,0.674,2.554,1249412000.0,0.0,1249412000.0,1249412000.0,39746000.0,283475000.0,0.0,0.008,0.56,404543000.0,688018000.0,0.144,688018000.0,404543000.0,317185000.0,1.73,1.67,1.73,2145464000.0,2181989500.0,2145464000.0,8916396805.0,22.0,12.96,454619000.0,3.37,1.0,3733225000.0,0.782,4774715000.0,87358000.0,-127278000.0,-291800000.0,0.0,576136000.0,325510000.0,250626000.0,5480496000.0,3294381000.0,2186115000.0,9080382805.0,-272128000.0,-541247000.0,-440791000.0,0.0,-75760000.0,-492516000.0,-525513000.0,326835000.0,763200000.0,-30936000.0,232850000.0,232850000.0,232850000.0,0.0,-16492000.0,0.049,3367165000.0,366060000.0,1305547000.0,0.324,4.232,38.997,40.266,480702000.0,0.0,69.66,1.903,1.97,614735000.0,-209218000.0,4771259000.0,4771259000.0,577820000.0,0.028,0.107,-1.386,0.085,130173000.0,2573223000.0,1.0,130352897.0,134912000.0,139593000.0,35.366,2964766000.0,144577000.0,84335000.0,495406000.0,21.976,-1075094000.0
31,EXPE,MRT,2013-09-30,2013-09-30,2013-09-30,2021-08-25,9189000.0,8201610000.0,8127718000.0,2705806000.0,5495804000.0,0.565,16.099,-294133000.0,1413381000.0,1413381000.0,1014638000.0,129273000.0,0.727,2.686,1249395000.0,0.0,1249395000.0,1249395000.0,42621000.0,260462000.0,0.0,0.02,1.06,267310000.0,527772000.0,0.115,527772000.0,267310000.0,179661000.0,1.05,1.0,1.05,2195596000.0,2215688250.0,2195596000.0,6953141655.0,26.0,13.175,464556000.0,3.406,1.0,3579465000.0,0.779,4787525000.0,87649000.0,-471320000.0,-204907750.0,0.0,661427000.0,417921000.0,243506000.0,5896304000.0,3721419000.0,2174885000.0,7045816655.0,79770000.0,-541451000.0,-330722000.0,0.0,-144033000.0,-439215000.0,-231998000.0,603810000.0,758689000.0,-21343000.0,144867000.0,144867000.0,144867000.0,193000.0,-15594000.0,0.032,3350606000.0,228859000.0,1544705000.0,1.01,3.209,48.636,49.343,464773000.0,0.0,51.81,1.534,1.538,695137000.0,-303935000.0,4594103000.0,4594103000.0,557125000.0,0.018,0.065,-1.305,0.058,124889000.0,2480591000.0,1.0,135993373.0,136380000.0,140451000.0,33.686,3414085000.0,0.0,34794000.0,435715000.0,25.034,-1015613000.0
32,EXPE,MRT,2013-06-30,2013-06-30,2013-06-30,2021-08-25,-16614000.0,8744096000.0,7954206750.0,3263710000.0,5480386000.0,0.552,16.339,-276320000.0,1342053000.0,1342053000.0,981953000.0,132280000.0,0.775,2.875,1249378000.0,0.0,1249378000.0,1249378000.0,40487000.0,242331000.0,0.0,0.017,1.04,258857000.0,501188000.0,0.114,501188000.0,258857000.0,171073000.0,1.06,0.99,1.06,2227804000.0,2258066000.0,2227804000.0,8265747287.0,32.0,16.492,759875000.0,5.573,1.0,3409310000.0,0.776,4788596000.0,87784000.0,-348087000.0,-15463750.0,0.0,1209480000.0,958417000.0,251063000.0,6405883000.0,4210912000.0,2194971000.0,8128449287.0,-31529000.0,-540582000.0,-177796000.0,0.0,-141635000.0,-276930000.0,-757527000.0,59669000.0,1036195000.0,-33267000.0,145485000.0,145485000.0,145485000.0,-1350000.0,-13205000.0,0.033,3192052000.0,217258000.0,1666870000.0,0.981,3.649,55.871,56.745,440727000.0,0.0,60.15,1.851,1.868,684875000.0,-474794000.0,4391263000.0,4391263000.0,538926000.0,0.018,0.064,-16.74,0.059,122188000.0,2353840000.0,1.0,135136314.0,136351000.0,141112000.0,32.206,3955500000.0,0.0,25588000.0,460853000.0,29.01,-947202000.0
33,EXPE,MRT,2013-03-31,2013-03-31,2013-03-31,2021-08-25,-18782000.0,8432420000.0,7644456750.0,2980871000.0,5451549000.0,0.553,15.918,-272039000.0,1112063000.0,1112063000.0,949087000.0,175374000.0,0.748,2.854,1249361000.0,0.0,1249361000.0,1249361000.0,35585000.0,219652000.0,0.0,0.017,1.0,297305000.0,516957000.0,0.122,516957000.0,297305000.0,209161000.0,1.33,1.24,1.33,2159094000.0,2259757250.0,2159094000.0,8060707984.0,27.0,15.593,998416000.0,7.361,1.0,3277139000.0,0.775,4805926000.0,88144000.0,-220515000.0,96375250.0,0.0,1232720000.0,1006338000.0,226382000.0,6162189000.0,3984307000.0,2177882000.0,8125998984.0,-189710000.0,-739849000.0,-82004000.0,0.0,-136202000.0,-175887000.0,-1244788000.0,-231681000.0,1270455000.0,-39490000.0,179226000.0,179226000.0,179226000.0,-1350000.0,-3852000.0,0.042,2999726000.0,277413000.0,1469019000.0,0.752,3.764,45.339,45.128,419241000.0,0.0,60.02,1.923,1.926,627792000.0,-546294000.0,4226226000.0,4226226000.0,514270000.0,0.023,0.079,3.085,0.07,122723000.0,2199272000.0,1.0,135388187.0,135641000.0,135641000.0,31.157,3626494000.0,0.0,29935000.0,439755000.0,26.736,-1003436000.0
34,EXPE,MRT,2012-12-31,2012-12-31,2012-12-31,2021-08-25,22000.0,7132746000.0,7240897500.0,2642266000.0,4490480000.0,0.557,16.991,-235697000.0,1314636000.0,1314636000.0,898604000.0,280440000.0,0.878,2.08,1249345000.0,0.0,1249345000.0,1249345000.0,26475000.0,195952000.0,0.0,0.016,0.96,415037000.0,610989000.0,0.152,610989000.0,415037000.0,327249000.0,2.09,2.0,2.09,2280259000.0,2232193750.0,2280259000.0,8199049259.0,20.0,13.419,1001485000.0,7.462,1.0,3131743000.0,0.777,3837089000.0,87788000.0,220291000.0,186934000.0,0.0,869213000.0,644982000.0,224231000.0,4743358000.0,3010075000.0,1733283000.0,8286299259.0,604027000.0,-199360000.0,-176378000.0,0.0,-130423000.0,-272787000.0,-367825000.0,69482000.0,1237182000.0,15064000.0,280171000.0,280171000.0,280171000.0,22539000.0,269000.0,0.07,2700019000.0,431724000.0,1237100000.0,0.459,3.634,29.576,29.397,409373000.0,0.0,61.44,2.056,2.046,461531000.0,-442068000.0,4030347000.0,4030347000.0,484898000.0,0.039,0.126,2.22,0.103,64596000.0,2066391000.0,1.0,134868152.0,134203000.0,139929000.0,30.032,3295657000.0,130585000.0,47078000.0,405578000.0,24.557,-367809000.0
35,EXPE,MRT,2012-09-30,2012-09-30,2012-09-30,2021-08-25,-12584000.0,7507565000.0,7084025500.0,3091410000.0,4416155000.0,0.542,17.395,-226950000.0,1336578000.0,1336578000.0,856873000.0,344636000.0,0.937,2.129,1249328000.0,0.0,1249328000.0,1249328000.0,23062000.0,178376000.0,0.0,0.008,0.45,510979000.0,689355000.0,0.179,689355000.0,510979000.0,423024000.0,2.57,2.47,2.57,2365107000.0,2212095000.0,2365107000.0,7732727706.0,15.0,11.217,1033989000.0,7.605,1.0,2985748000.0,0.777,3835280000.0,87955000.0,286456000.0,349803000.0,0.0,1229745000.0,1042324000.0,187421000.0,5035256000.0,3298579000.0,1736677000.0,7851250706.0,49139000.0,-225543000.0,-207351000.0,0.0,-61288000.0,-338161000.0,-830055000.0,-376218000.0,1260939000.0,1532000.0,343765000.0,343765000.0,343765000.0,-1543000.0,871000.0,0.089,2463889000.0,521859000.0,1408828000.0,0.175,3.32,22.839,22.506,393454000.0,0.0,57.84,2.043,2.047,566339000.0,-448802000.0,3842621000.0,3842621000.0,453173000.0,0.049,0.155,1.461,0.133,73423000.0,1977241000.0,1.0,135740849.0,135968000.0,141423000.0,28.261,3672285000.0,0.0,79259000.0,353233000.0,27.008,-207169000.0
36,EXPE,MRT,2012-06-30,2012-06-30,2012-06-30,2021-08-25,-26761000.0,7505096000.0,7126305000.0,3086511000.0,4418585000.0,0.514,16.858,-226438000.0,1367835000.0,1367835000.0,819691000.0,385311000.0,0.895,2.311,1249312000.0,0.0,1249312000.0,1249312000.0,22855000.0,167383000.0,0.0,0.01,0.46,544618000.0,712001000.0,0.194,712001000.0,544618000.0,455530000.0,2.85,2.76,2.85,2234569000.0,2345267000.0,2234569000.0,6062409625.0,11.0,8.515,913349000.0,6.89,1.0,2844360000.0,0.776,3837119000.0,89088000.0,99269000.0,478528000.0,0.0,1255045000.0,1050107000.0,204938000.0,5163118000.0,3450185000.0,1712933000.0,6108895625.0,46061000.0,-226413000.0,-296994000.0,0.0,-62375000.0,-434507000.0,-575179000.0,-121194000.0,1139787000.0,-49777000.0,381822000.0,381822000.0,381822000.0,0.0,3489000.0,0.104,2340492000.0,503868000.0,1275192000.0,0.161,2.734,15.999,16.867,376528000.0,0.0,48.07,1.667,1.739,512856000.0,-620279000.0,3664051000.0,3664051000.0,426028000.0,0.054,0.163,1.138,0.149,71108000.0,1873194000.0,1.0,127083329.0,132556000.0,138192000.0,27.642,3667977000.0,0.0,73708000.0,337450000.0,27.671,-363674000.0
37,EXPE,MRT,2012-03-31,2012-03-31,2012-03-31,2021-08-25,-3008000.0,6818183000.0,7261350250.0,2584642000.0,4233541000.0,0.487,15.381,-212565000.0,1295782000.0,1295782000.0,785760000.0,420092000.0,0.861,2.276,1249296000.0,0.0,1249296000.0,1249296000.0,16913000.0,157651000.0,0.0,0.015,0.51,584647000.0,742298000.0,0.21,742298000.0,584647000.0,495059000.0,3.09,3.01,3.09,2048840000.0,2506643500.0,2048840000.0,5010193527.0,9.0,6.75,768329000.0,5.768,1.0,2751902000.0,0.778,3627788000.0,89588000.0,141720000.0,651104000.0,0.0,987392000.0,725179000.0,262213000.0,4662684000.0,3002189000.0,1660495000.0,4469128527.0,401255000.0,-35221000.0,-381258000.0,0.0,-69402000.0,-461262000.0,-137132000.0,110217000.0,980894000.0,-10339000.0,416974000.0,416974000.0,416974000.0,0.0,3118000.0,0.118,2258768000.0,493134000.0,1044248000.0,0.165,2.181,10.718,10.822,343540000.0,0.0,33.44,1.263,1.259,414555000.0,-725520000.0,3537662000.0,3537662000.0,403103000.0,0.057,0.166,0.898,0.165,66000000.0,1817931000.0,1.0,133646188.0,133202000.0,139306000.0,26.559,3190395000.0,0.0,78085000.0,287925000.0,23.952,-417547000.0
38,EXPE,MRT,2011-12-31,2011-12-31,2011-12-31,2021-08-25,-17350000.0,6505258000.0,7421201500.0,2274429000.0,4230829000.0,0.465,16.189,-207837000.0,708216000.0,708216000.0,761272000.0,474603000.0,0.891,1.909,1249281000.0,0.0,1249281000.0,1249281000.0,15238000.0,154934000.0,0.0,0.019,0.56,638743000.0,793677000.0,0.23,793677000.0,638743000.0,548025000.0,3.48,3.41,3.48,2199864000.0,2670205250.0,2199864000.0,4047896664.0,6.0,5.1,617892000.0,4.547,1.0,2687737000.0,0.779,3621199000.0,90718000.0,871767000.0,869600250.0,0.0,938167000.0,648819000.0,289348000.0,4200091000.0,2553357000.0,1646734000.0,3874545664.0,67935000.0,-35221000.0,-259538000.0,0.0,-76550000.0,-353494000.0,-463460000.0,-222300000.0,825729000.0,-17743000.0,472294000.0,472294000.0,472294000.0,0.0,2309000.0,0.137,2208128000.0,479609000.0,951457000.0,0.161,1.761,8.204,8.339,320282000.0,0.0,29.02,1.123,1.143,339427000.0,-722239000.0,3449009000.0,3449009000.0,380999000.0,0.064,0.177,0.735,0.185,63847000.0,1784349000.0,1.0,133512945.0,135888000.0,138702000.0,25.381,2884059000.0,0.0,75731000.0,279962000.0,21.224,-278928000.0
39,EXPE,MRT,2011-09-30,2011-09-30,2011-09-30,2021-08-25,-13819000.0,7676683000.0,7459117500.0,2598173000.0,5078510000.0,0.423,21.28,-180919000.0,1472063000.0,1472063000.0,746724000.0,475089000.0,0.993,1.601,1645414000.0,0.0,1645414000.0,1645414000.0,36477000.0,130881000.0,0.0,0.011,0.56,574201000.0,705082000.0,0.223,705082000.0,574201000.0,507933000.0,3.47,3.39,3.47,2897795000.0,2788375250.0,2897795000.0,7276518477.0,13.0,10.32,505449000.0,3.712,1.0,2409058000.0,0.763,4432409000.0,66268000.0,801356000.0,1092434750.0,0.0,857540000.0,552411000.0,305129000.0,4638663000.0,2616269000.0,2022394000.0,7062083477.0,346082000.0,12258000.0,-281482000.0,-524000.0,-76983000.0,-282392000.0,-201316000.0,-33765000.0,686368000.0,-11989000.0,473259000.0,473259000.0,473259000.0,0.0,1830000.0,0.15,2102975000.0,306083000.0,1106869000.0,0.161,2.437,14.922,14.841,340972000.0,0.0,51.5,2.238,2.222,431064000.0,-792567000.0,3155782000.0,3155782000.0,319652000.0,0.063,0.17,0.526,0.182,45277000.0,1727399000.0,1.0,137127834.0,136176000.0,139684000.0,23.174,3244274000.0,0.0,34674000.0,258326000.0,23.824,-18096000.0
40,EXPE,MRT,2011-06-30,2011-06-30,2011-06-30,2021-08-25,22608000.0,8045277000.0,7323132000.0,2954000000.0,5091277000.0,0.426,21.054,-161864000.0,1430802000.0,1430802000.0,730306000.0,442707000.0,0.985,1.747,1645237000.0,0.0,1645237000.0,1645237000.0,36194000.0,127327000.0,0.0,0.01,0.56,574961000.0,702288000.0,0.225,702288000.0,574961000.0,504934000.0,3.19,3.13,3.19,2880075000.0,2741397250.0,2880075000.0,8596623826.0,15.0,12.241,596727000.0,4.362,1.0,2392886000.0,0.766,4472020000.0,70027000.0,789573000.0,1140505000.0,0.0,1182872000.0,881602000.0,301270000.0,5031429000.0,2998119000.0,2033310000.0,7924743826.0,532795000.0,12259000.0,-318982000.0,742470000.0,-77538000.0,363764000.0,-782743000.0,-633100000.0,758591000.0,48625000.0,440275000.0,440275000.0,440275000.0,0.0,2432000.0,0.141,2019098000.0,373788000.0,1139644000.0,0.176,2.752,18.0,18.176,317987000.0,0.0,57.98,2.537,2.54,469488000.0,-1002101000.0,3123192000.0,3123192000.0,314477000.0,0.06,0.161,0.504,0.184,45275000.0,1660150000.0,1.0,136680646.0,136796000.0,139053000.0,22.831,3573257000.0,0.0,64659000.0,265717000.0,26.121,-44119000.0
41,EXPE,MRT,2011-03-31,2011-03-31,2011-03-31,2021-08-25,15638000.0,7457588000.0,6967536250.0,2427450000.0,5030138000.0,0.437,19.741,-152787000.0,973184000.0,973184000.0,703067000.0,417170000.0,0.915,1.734,1645064000.0,0.0,1645064000.0,1645064000.0,35958000.0,128421000.0,0.0,0.012,0.56,573584000.0,702005000.0,0.231,702005000.0,573584000.0,505837000.0,2.96,2.92,2.96,2703087000.0,2672862000.0,2703087000.0,7126567696.0,12.0,10.152,525724000.0,3.839,1.0,2340494000.0,0.769,4460883000.0,67747000.0,1015705000.0,873299500.0,0.0,1136717000.0,868663000.0,268054000.0,4688489000.0,2652880000.0,2035609000.0,6210220696.0,-94844000.0,-15773000.0,-324435000.0,742470000.0,-78208000.0,260885000.0,-1119604000.0,-955679000.0,678511000.0,4163000.0,414144000.0,414144000.0,414144000.0,0.0,3026000.0,0.136,1916723000.0,423771000.0,1005499000.0,0.189,2.297,14.995,15.311,301201000.0,0.0,45.32,2.04,2.039,434045000.0,-1142494000.0,3043561000.0,3043561000.0,308796000.0,0.059,0.155,0.657,0.188,48413000.0,1563557000.0,1.0,137030466.0,136930000.0,139084000.0,22.227,2996705000.0,0.0,91693000.0,258460000.0,21.885,-225430000.0
42,EXPE,MRT,2010-12-31,2010-12-31,2010-12-31,2021-08-25,-8803000.0,6656922000.0,6708257000.0,1707555000.0,4949367000.0,0.452,18.923,-136376000.0,635414000.0,635414000.0,685487000.0,425560000.0,0.901,1.467,1249221000.0,0.0,1249221000.0,1249221000.0,16811000.0,128045000.0,0.0,0.011,0.56,608270000.0,736315000.0,0.243,736315000.0,608270000.0,541842000.0,2.98,2.93,2.98,2672544000.0,2631793750.0,2672544000.0,7630016324.0,13.0,10.362,469011000.0,3.321,1.0,2348158000.0,0.774,3612277000.0,66428000.0,1763105000.0,484989750.0,0.0,721599000.0,495331000.0,226268000.0,3920219000.0,1895347000.0,2024872000.0,6951393324.0,10019000.0,-16019000.0,-451378000.0,742470000.0,-79076000.0,127860000.0,-744347000.0,-595481000.0,605387000.0,-19880000.0,421500000.0,421500000.0,421500000.0,0.0,4060000.0,0.139,1847371000.0,500787000.0,875726000.0,0.188,2.601,16.492,16.839,246317000.0,0.0,50.18,2.291,2.336,275846000.0,-1194533000.0,3033645000.0,3033645000.0,308780000.0,0.063,0.16,1.254,0.201,52507000.0,1493385000.0,1.0,138529162.0,141233000.0,144014000.0,21.48,3044645000.0,0.0,120342000.0,264142000.0,21.558,-187792000.0
43,EXPE,MRT,2010-09-30,2010-09-30,2010-09-30,2021-08-25,-3225000.0,7132741000.0,6528315500.0,2208322000.0,4924419000.0,0.463,19.273,-129234000.0,966105000.0,966105000.0,657605000.0,458189000.0,0.928,1.609,1644728000.0,0.0,1644728000.0,1644728000.0,30794000.0,126131000.0,0.0,0.007,0.42,618452000.0,744583000.0,0.246,744583000.0,618452000.0,564225000.0,3.18,3.13,3.18,2709883000.0,2634328000.0,2709883000.0,8114438088.0,13.0,10.898,664155000.0,4.723,1.0,2367277000.0,0.783,4437504000.0,54227000.0,993637000.0,22599500.0,0.0,828544000.0,603461000.0,225083000.0,4360887000.0,2380223000.0,1980664000.0,8031267088.0,88929000.0,-28026000.0,-344318000.0,742994000.0,-59825000.0,251682000.0,-911049000.0,-709448000.0,793389000.0,-22317000.0,452433000.0,452433000.0,452433000.0,0.0,5756000.0,0.15,1817429000.0,549848000.0,1035795000.0,0.132,2.964,17.751,17.755,261832000.0,0.0,56.46,2.655,2.624,408089000.0,-1265826000.0,3024882000.0,3024882000.0,315952000.0,0.069,0.172,27.366,0.204,55653000.0,1480704000.0,1.0,142247026.0,140607500.0,143142000.0,21.513,2695237000.0,0.0,111792000.0,237121000.0,19.169,-171901000.0
44,EXPE,MRT,2010-06-30,2010-06-30,2010-06-30,2021-08-25,-46013000.0,6622894000.0,6281928500.0,1815691000.0,4807203000.0,0.46,18.346,-109918000.0,812203000.0,812203000.0,637008000.0,397978000.0,0.702,1.518,895374000.0,0.0,895374000.0,895374000.0,26853000.0,122829000.0,0.0,0.007,0.28,572904000.0,695733000.0,0.241,695733000.0,572904000.0,524490000.0,2.74,2.69,2.74,2605934000.0,2599301500.0,2605934000.0,5214281224.0,9.0,7.495,654869000.0,4.61,1.0,2252442000.0,0.78,4398092000.0,48414000.0,-279249000.0,-324202750.0,0.0,483385000.0,331286000.0,152099000.0,3956340000.0,2587222000.0,1369118000.0,5334278224.0,-89803000.0,-28026000.0,-155176000.0,0.0,-40122000.0,-223725000.0,-574395000.0,-393417000.0,764787000.0,-33694000.0,392897000.0,392897000.0,392897000.0,0.0,5081000.0,0.136,1756424000.0,496018000.0,1003184000.0,0.102,2.047,13.577,13.708,257012000.0,0.0,37.56,1.846,1.846,390685000.0,-1442376000.0,2889450000.0,2889450000.0,301292000.0,0.063,0.151,-1.767,0.198,57151000.0,1419116000.0,1.0,142020187.0,142044000.0,144487500.0,20.342,2224802000.0,0.0,131593000.0,226962000.0,15.663,-771531000.0
45,EXPE,MRT,2010-03-31,2010-03-31,2010-03-31,2021-08-25,-19833000.0,6420471000.0,6177721250.0,1713378000.0,4707093000.0,0.457,17.594,-85131000.0,1015225000.0,1015225000.0,617199000.0,324468000.0,0.701,1.502,895228000.0,0.0,895228000.0,895228000.0,24634000.0,118265000.0,0.0,0.003,0.14,474312000.0,592577000.0,0.21,592577000.0,474312000.0,425302000.0,2.22,2.17,2.22,2538814000.0,2553965750.0,2538814000.0,7465232285.0,16.0,12.598,708396000.0,4.909,1.0,2208059000.0,0.782,4393373000.0,49010000.0,-537534000.0,-397791000.0,0.0,124347000.0,46503000.0,77844000.0,3813604000.0,2444635000.0,1368969000.0,7226762285.0,498864000.0,2130000.0,-159631000.0,0.0,-20220000.0,-192949000.0,-77158000.0,55806000.0,793527000.0,-1780000.0,319537000.0,319537000.0,319537000.0,0.0,4931000.0,0.113,1791089000.0,416970000.0,897626000.0,0.063,2.847,22.616,22.477,235876000.0,0.0,49.9,2.558,2.549,376669000.0,-1556638000.0,2825258000.0,2825258000.0,291753000.0,0.052,0.125,-1.192,0.168,56076000.0,1382053000.0,1.0,144824896.0,144301000.0,147251000.0,19.579,2027098000.0,0.0,105765000.0,230107000.0,14.048,-731257000.0
46,EXPE,MRT,2009-12-31,2009-12-31,2009-12-31,2021-08-25,3379000.0,5937156000.0,6009796250.0,1225049000.0,4712107000.0,0.456,18.616,-78842000.0,656616000.0,656616000.0,602682000.0,303623000.0,0.668,1.188,895086000.0,0.0,895086000.0,895086000.0,17204000.0,117327000.0,0.0,0.0,0.0,450480000.0,567807000.0,0.207,567807000.0,450480000.0,401028000.0,2.08,2.05,2.08,2682681000.0,2503277500.0,2682681000.0,7470378563.0,17.0,13.157,597162000.0,4.144,1.0,2140369000.0,0.78,4427025000.0,49452000.0,-86456000.0,-319005250.0,0.0,94111000.0,45849000.0,48262000.0,3187430000.0,1835057000.0,1352373000.0,7429607563.0,-46231000.0,-36000.0,7831000.0,-650000000.0,0.0,-660919000.0,-47819000.0,77171000.0,676004000.0,9279000.0,299526000.0,299526000.0,299526000.0,0.0,4097000.0,0.109,1742626000.0,397743000.0,813364000.0,0.0,2.769,24.805,24.74,236820000.0,0.0,51.46,2.709,2.703,307817000.0,-1616033000.0,2743051000.0,2743051000.0,282634000.0,0.05,0.12,-1.412,0.164,55756000.0,1333950000.0,1.0,144376362.0,144107000.0,146071000.0,19.035,1510131000.0,0.0,101502000.0,223959000.0,10.479,-610008000.0
47,EXPE,MRT,2009-09-30,2009-09-30,2009-09-30,2021-08-25,6743000.0,6147193000.0,5999069500.0,1455981000.0,4691212000.0,0.48,17.819,-103775000.0,854176000.0,854176000.0,600398000.0,-2560745000.0,0.669,1.366,894947000.0,0.0,894947000.0,894947000.0,19826000.0,94035000.0,0.0,0.0,0.0,-2492349000.0,-2398314000.0,-0.833,-2398314000.0,-2492349000.0,-2578860000.0,-17.92,-17.9,-17.92,2569777000.0,2411870750.0,2569777000.0,6920642885.0,-3.0,-2.886,469716000.0,3.257,1.0,2278321000.0,0.791,4403897000.0,86511000.0,-393572000.0,-89423000.0,0.0,104226000.0,48833000.0,55393000.0,3511045000.0,2177639000.0,1333406000.0,6908694885.0,178908000.0,-17388000.0,-3598000.0,-250038000.0,0.0,-269165000.0,-106447000.0,10250000.0,573491000.0,-18971000.0,-2562682000.0,-2562682000.0,-2562682000.0,0.0,1937000.0,-0.89,4736836000.0,-2458515000.0,953917000.0,0.0,2.688,-2.696,-2.673,231922000.0,0.0,47.9,2.4,2.4,367935000.0,-1718259000.0,2878719000.0,2878719000.0,306268000.0,-0.427,-1.063,27.871,-0.866,107958000.0,1286903000.0,1.0,144231626.0,144213000.0,146864000.0,19.962,1743296000.0,0.0,-16178000.0,212137000.0,12.088,-721658000.0
48,EXPE,MRT,2009-06-30,2009-06-30,2009-06-30,2021-08-25,-5760000.0,6206065000.0,6709578500.0,1516966000.0,4689099000.0,0.426,16.827,-131146000.0,882863000.0,882863000.0,608697000.0,-2584071000.0,0.634,1.533,894811000.0,0.0,894811000.0,894811000.0,20596000.0,109301000.0,0.0,0.0,0.0,-2526820000.0,-2417519000.0,-0.845,-2417519000.0,-2526820000.0,-2612212000.0,-18.08,-18.04,-18.08,2424591000.0,3046822000.0,2424591000.0,4762507047.0,-2.0,-1.97,363038000.0,2.52,1.0,2250931000.0,0.787,4398966000.0,85392000.0,-573602000.0,18166000.0,0.0,102762000.0,47861000.0,54901000.0,3715999000.0,2392649000.0,1323350000.0,4355071047.0,-165259000.0,-370113000.0,-3873000.0,-1470000.0,0.0,-4198000.0,-565792000.0,11526000.0,494184000.0,-89453000.0,-2584872000.0,-2584872000.0,-2584872000.0,0.0,801000.0,-0.904,4732834000.0,-2481903000.0,936408000.0,0.0,1.796,-1.685,-1.671,235232000.0,0.0,30.22,1.523,1.523,371417000.0,-1835273000.0,2859628000.0,2859628000.0,299826000.0,-0.385,-0.848,-139.096,-0.884,93439000.0,1296885000.0,1.0,144112212.0,144090000.0,145444500.0,19.846,1807099000.0,0.0,-27340000.0,198005000.0,12.541,-875683000.0
49,EXPE,MRT,2009-03-31,2009-03-31,2009-03-31,2021-08-25,-41733000.0,5748771000.0,7438432750.0,1090503000.0,4658268000.0,0.388,16.26,-150025000.0,487242000.0,487242000.0,629962000.0,-2530684000.0,0.534,1.433,894678000.0,0.0,894678000.0,894678000.0,17530000.0,127016000.0,0.0,0.0,0.0,-2447490000.0,-2320474000.0,-0.804,-2320474000.0,-2447490000.0,-2525419000.0,-17.68,-17.66,-17.68,2336061000.0,3693181250.0,2336061000.0,3484825811.0,-1.0,-1.502,308888000.0,2.15,1.0,2254946000.0,0.782,4338035000.0,77929000.0,-222391000.0,-22075500.0,0.0,170055000.0,89974000.0,80081000.0,3348210000.0,2040563000.0,1307647000.0,2609045811.0,-222634000.0,-458396000.0,-2813000.0,152348000.0,0.0,162569000.0,-756247000.0,-73420000.0,458913000.0,-87869000.0,-2529685000.0,-2529685000.0,-2529685000.0,0.0,-999000.0,-0.877,4680950000.0,-2426004000.0,812047000.0,0.0,1.117,-1.031,-1.027,240152000.0,0.0,18.16,0.904,0.904,323671000.0,-1876175000.0,2884908000.0,2884908000.0,293489000.0,-0.34,-0.685,110.869,-0.848,79863000.0,1322289000.0,1.0,143669924.0,143672000.0,143937500.0,20.08,1410736000.0,0.0,4266000.0,199041000.0,9.819,-950060000.0
50,EXPE,MRT,2008-12-31,2008-12-31,2008-12-31,2021-08-25,-16002000.0,5894249000.0,8158933250.0,1198714000.0,4695535000.0,0.36,16.194,-159827000.0,668768000.0,668768000.0,638709000.0,-2520670000.0,0.765,1.516,1544548000.0,0.0,1544548000.0,1544548000.0,15774000.0,146236000.0,0.0,0.0,0.0,-2439813000.0,-2293577000.0,-0.781,-2293577000.0,-2439813000.0,-2511797000.0,-17.6,-17.6,-17.6,2317054000.0,4330775000.0,2317054000.0,2842107583.0,-1.0,-1.239,360861000.0,2.522,1.0,2298304000.0,0.783,4371988000.0,71984000.0,831873000.0,-159333750.0,0.0,168355000.0,92762000.0,75593000.0,3513285000.0,1566168000.0,1947117000.0,2364413583.0,48026000.0,-538439000.0,-6512000.0,457348000.0,0.0,464801000.0,-859558000.0,-83711000.0,520688000.0,-77905000.0,-2517763000.0,-2517763000.0,-2517763000.0,0.0,-2907000.0,-0.857,4727257000.0,-2428953000.0,775593000.0,0.0,1.02,-0.939,-0.936,247954000.0,0.0,16.48,0.805,0.803,267270000.0,-1915559000.0,2937013000.0,2937013000.0,287763000.0,-0.309,-0.581,15.313,-0.831,61291000.0,1374058000.0,1.0,143471698.0,143083500.0,143083500.0,20.527,1522261000.0,0.0,5966000.0,189541000.0,10.639,-367454000.0
51,EXPE,MRT,2008-09-30,2008-09-30,2008-09-30,2021-08-25,28053000.0,8989229000.0,8759226500.0,1285790000.0,7703439000.0,0.34,35.647,-148022000.0,666727000.0,666727000.0,649081000.0,302848000.0,0.627,0.759,1144421000.0,0.0,1144421000.0,1144421000.0,15689000.0,208502000.0,0.0,0.0,0.0,588580000.0,797082000.0,0.267,797082000.0,588580000.0,521599000.0,2.16,2.1,2.16,5109582000.0,4956031750.0,5109582000.0,4171088860.0,7.0,5.233,366220000.0,2.555,1.0,2332423000.0,0.782,7379240000.0,66981000.0,36784000.0,-368568500.0,0.0,81966000.0,0.0,81966000.0,3879647000.0,2050899000.0,1828748000.0,4331282860.0,-176860000.0,-529414000.0,2252000.0,142386000.0,0.0,131790000.0,-771680000.0,-13884000.0,514242000.0,-51212000.0,307576000.0,307576000.0,307576000.0,0.0,-4728000.0,0.103,1743960000.0,588463000.0,966796000.0,0.0,0.848,14.082,13.991,242233000.0,0.0,30.22,1.453,1.453,351255000.0,844423000.0,2981504000.0,2981504000.0,330533000.0,0.035,0.062,-1.597,0.197,0.0,1342632000.0,1.0,143325045.0,143337000.0,145862000.0,20.801,1609989000.0,0.0,214023000.0,389590000.0,11.232,-765109000.0
52,EXPE,MRT,2008-06-30,2008-06-30,2008-06-30,2021-08-25,39172000.0,9121482000.0,8627450750.0,1683359000.0,7438123000.0,0.337,35.037,-118417000.0,1054490000.0,1054490000.0,622399000.0,307956000.0,0.653,0.821,894296000.0,0.0,894296000.0,894296000.0,19009000.0,206098000.0,0.0,0.0,0.0,583549000.0,789647000.0,0.272,789647000.0,583549000.0,522689000.0,2.18,2.08,2.18,5010028000.0,4889198250.0,5010028000.0,5273576324.0,9.0,6.678,542093000.0,3.791,1.0,2285364000.0,0.786,7116585000.0,60860000.0,-734568000.0,-474627000.0,0.0,112674000.0,0.0,112674000.0,4111454000.0,2579271000.0,1532183000.0,5261298324.0,16149000.0,-176689000.0,-716508000.0,393818000.0,0.0,-356208000.0,-309844000.0,-14738000.0,660510000.0,21691000.0,312347000.0,312347000.0,312347000.0,0.0,-4391000.0,0.107,1716715000.0,568649000.0,1016205000.0,0.0,1.05,16.844,16.862,208864000.0,0.0,36.76,1.809,1.808,398500000.0,749599000.0,2907763000.0,2907763000.0,305790000.0,0.036,0.064,-1.229,0.201,0.0,1337344000.0,1.0,143125634.0,142993000.0,146999500.0,20.335,2004897000.0,0.0,210342000.0,403501000.0,14.021,-895912000.0
53,EXPE,MRT,2008-03-31,2008-03-31,2008-03-31,2021-08-25,38192000.0,8630773000.0,8515977000.0,1298540000.0,7332233000.0,0.329,34.277,-101514000.0,727722000.0,727722000.0,596018000.0,308862000.0,0.548,0.766,740000000.0,0.0,740000000.0,740000000.0,18372000.0,201425000.0,0.0,0.0,0.0,578288000.0,779713000.0,0.278,779713000.0,578288000.0,520868000.0,2.14,2.02,2.14,4886436000.0,4995583000.0,4886436000.0,6702696987.0,12.0,8.596,636278000.0,4.463,1.0,2206620000.0,0.787,7046078000.0,57420000.0,-771424000.0,-537909500.0,0.0,101733000.0,0.0,101733000.0,3744337000.0,2368397000.0,1375940000.0,6251737987.0,60146000.0,-102226000.0,-691747000.0,240000000.0,0.0,-489738000.0,-215616000.0,-11876000.0,737792000.0,27708000.0,312394000.0,312394000.0,312394000.0,0.0,-3532000.0,0.111,1654887000.0,551733000.0,962317000.0,0.0,1.279,20.012,20.458,184422000.0,0.0,43.78,2.231,2.227,367930000.0,653510000.0,2802638000.0,2802638000.0,275757000.0,0.037,0.063,-1.075,0.206,0.0,1304706000.0,1.0,142798949.0,142558500.0,147015500.0,19.66,1584695000.0,0.0,208474000.0,360958000.0,11.116,-1069857000.0
54,EXPE,MRT,2007-12-31,2007-12-31,2007-12-31,2021-08-25,31765000.0,8295422000.0,8422972000.0,1045655000.0,7249767000.0,0.316,32.484,-86658000.0,634041000.0,634041000.0,565056000.0,293870000.0,0.589,0.722,1085000000.0,0.0,1085000000.0,1085000000.0,11957000.0,199944000.0,0.0,0.0,0.0,551874000.0,751818000.0,0.282,751818000.0,551874000.0,498978000.0,2.0,1.88,2.0,4818081000.0,5098317250.0,4818081000.0,9138646256.0,17.0,12.155,625411000.0,4.217,1.0,2100276000.0,0.788,6977095000.0,52896000.0,-5066000.0,-530975500.0,0.0,93182000.0,0.0,93182000.0,3477341000.0,1774352000.0,1702989000.0,8995925256.0,-235888000.0,-59622000.0,-1342135000.0,585000000.0,0.0,-789979000.0,-179506000.0,-33226000.0,712069000.0,21528000.0,295864000.0,295864000.0,295864000.0,0.0,-1994000.0,0.111,1571207000.0,529069000.0,852277000.0,0.0,1.867,30.406,31.62,179490000.0,0.0,63.24,3.375,3.519,268008000.0,602204000.0,2665332000.0,2665332000.0,246063000.0,0.035,0.058,-1.039,0.207,0.0,1247575000.0,1.0,142250558.0,148320000.0,157116500.0,17.97,1318327000.0,0.0,203114000.0,351168000.0,8.888,-728697000.0
55,EXPE,MRT,2007-09-30,2007-09-30,2007-09-30,2021-08-25,26865000.0,8462126000.0,8415195750.0,1318720000.0,7143406000.0,0.301,33.147,-82671000.0,857279000.0,857279000.0,537778000.0,297647000.0,0.631,0.748,1000000000.0,0.0,1000000000.0,1000000000.0,13765000.0,206591000.0,0.0,0.0,0.0,531859000.0,738450000.0,0.292,738450000.0,531859000.0,486805000.0,1.94,1.86,1.94,4842248000.0,5369869500.0,4842248000.0,9188095366.0,17.0,12.442,776557000.0,5.316,1.0,1993540000.0,0.788,6901459000.0,45054000.0,-387450000.0,-627885000.0,0.0,89006000.0,0.0,89006000.0,3619878000.0,2090838000.0,1529040000.0,9721209366.0,-109161000.0,-49147000.0,-1345302000.0,500313000.0,0.0,-847105000.0,-161189000.0,-29371000.0,859228000.0,39905000.0,297647000.0,297647000.0,297647000.0,0.0,0.0,0.118,1493269000.0,500271000.0,1009219000.0,0.0,2.008,32.66,32.866,152941000.0,0.0,63.76,3.84,3.68,317901000.0,536847000.0,2531318000.0,2531318000.0,166720000.0,0.035,0.055,-0.847,0.21,0.0,1243271000.0,1.0,152465642.0,146085500.0,156378000.0,17.328,1560667000.0,275000.0,189158000.0,414920000.0,10.683,-772118000.0
56,EXPE,MRT,2007-06-30,2007-06-30,2007-06-30,2021-08-25,16290000.0,8675587000.0,8395722250.0,1526384000.0,7149203000.0,0.284,35.874,-97576000.0,1033114000.0,1033114000.0,519819000.0,257029000.0,0.689,0.596,500000000.0,0.0,500000000.0,500000000.0,12798000.0,215110000.0,0.0,0.0,0.0,454323000.0,669433000.0,0.281,669433000.0,454323000.0,418352000.0,1.62,1.56,1.62,5435567000.0,5607920750.0,5435567000.0,8721364064.0,19.0,13.028,733564000.0,4.841,1.0,1865845000.0,0.782,6913432000.0,35971000.0,-987698000.0,-684527250.0,0.0,86723000.0,0.0,86723000.0,3240020000.0,2216739000.0,1023281000.0,8878668064.0,368063000.0,-74086000.0,-790309000.0,496014000.0,0.0,-295351000.0,-201138000.0,-29476000.0,831140000.0,33412000.0,257029000.0,257029000.0,257029000.0,0.0,0.0,0.108,1456054000.0,409791000.0,932436000.0,0.0,1.633,34.543,36.16,149048000.0,0.0,58.58,3.722,3.721,313335000.0,437252000.0,2385664000.0,2385664000.0,155302000.0,0.031,0.046,-0.664,0.19,0.0,1161807000.0,1.0,151564836.0,151517500.0,160098000.0,15.745,1762155000.0,5145000.0,161323000.0,428474000.0,11.63,-690355000.0
57,EXPE,MRT,2007-03-31,2007-03-31,2007-03-31,2021-08-25,13635000.0,8258753000.0,8264320500.0,1114657000.0,7144096000.0,0.278,34.418,-97925000.0,657304000.0,657304000.0,504622000.0,256375000.0,0.578,0.559,500000000.0,0.0,500000000.0,500000000.0,11602000.0,227566000.0,0.0,0.0,0.0,436324000.0,663890000.0,0.289,663890000.0,436324000.0,409780000.0,1.54,1.5,1.54,5297373000.0,5705918250.0,5297373000.0,6641569413.0,15.0,10.004,605644000.0,3.935,1.0,1789577000.0,0.78,6916425000.0,26544000.0,-743688000.0,-763890000.0,0.0,85800000.0,0.0,85800000.0,2961380000.0,1928712000.0,1032668000.0,7005936413.0,128692000.0,-58943000.0,-928151000.0,495826000.0,0.0,-427795000.0,-186470000.0,-29602000.0,703569000.0,39388000.0,256375000.0,256375000.0,256375000.0,0.0,0.0,0.112,1397156000.0,392421000.0,812645000.0,0.0,1.323,27.327,30.104,141871000.0,0.0,46.36,3.054,3.11,289926000.0,341116000.0,2294199000.0,2294199000.0,147079000.0,0.031,0.045,-0.571,0.19,0.0,1099888000.0,1.0,151120285.0,153914000.0,161874500.0,14.906,1342328000.0,5201000.0,153405000.0,373232000.0,8.721,-814055000.0
58,EXPE,MRT,2006-12-31,2006-12-31,2006-12-31,2021-08-25,11979000.0,8264317000.0,8205643250.0,1177818000.0,7086499000.0,0.273,34.932,-92631000.0,864367000.0,864367000.0,502638000.0,244934000.0,0.84,0.4,500000000.0,0.0,500000000.0,500000000.0,10317000.0,249468000.0,0.0,0.0,0.0,401651000.0,651119000.0,0.291,651119000.0,401651000.0,384385000.0,1.44,1.4,1.44,5904290000.0,5844762500.0,5904290000.0,6483204783.0,16.0,9.957,524809000.0,3.105,1.0,1734948000.0,0.775,6890066000.0,17266000.0,-392704000.0,-863789500.0,0.0,59289000.0,0.0,59289000.0,2360027000.0,1402588000.0,957439000.0,6946914783.0,555858000.0,-19355000.0,-260433000.0,265346000.0,0.0,9772000.0,-113500000.0,-1514000.0,617440000.0,42146000.0,244934000.0,244934000.0,244934000.0,0.0,0.0,0.109,1383619000.0,351329000.0,720737000.0,0.0,1.177,28.362,29.139,137144000.0,0.0,41.96,3.105,3.17,211430000.0,309912000.0,2237586000.0,2237586000.0,140371000.0,0.03,0.042,-0.465,0.18,0.0,1075844000.0,1.0,165560410.0,169023500.0,176090500.0,13.238,1374251000.0,0.0,139451000.0,392869000.0,8.131,-224770000.0
59,EXPE,MRT,2006-09-30,2006-09-30,2006-09-30,2021-08-25,6778000.0,8384232000.0,8078787000.0,1295955000.0,7088277000.0,0.272,35.08,-79036000.0,963966000.0,963966000.0,493469000.0,203028000.0,0.796,0.447,500256000.0,256000.0,500000000.0,500256000.0,11083000.0,249626000.0,0.0,0.0,0.0,357585000.0,607211000.0,0.276,607211000.0,357585000.0,348633000.0,1.2,1.12,1.2,5794453000.0,5802130750.0,5794453000.0,4513848487.0,13.0,7.434,560066000.0,3.391,1.0,1707578000.0,0.776,6907427000.0,8952000.0,-614019000.0,-967566500.0,0.0,56113000.0,0.0,56113000.0,2589779000.0,1627114000.0,962665000.0,5177719487.0,717817000.0,-30798000.0,-257143000.0,495033000.0,0.0,175279000.0,-113270000.0,-2466000.0,639102000.0,16706000.0,203028000.0,203028000.0,203028000.0,0.0,0.0,0.092,1370080000.0,337498000.0,785386000.0,0.0,0.894,25.502,26.133,124737000.0,0.0,31.36,2.352,2.353,216947000.0,242772000.0,2201047000.0,2201047000.0,133375000.0,0.025,0.035,-0.37,0.162,0.0,1057862000.0,1.0,165105851.0,165179500.0,170568500.0,13.325,1476805000.0,0.0,145605000.0,421932000.0,8.941,-331159000.0
60,EXPE,MRT,2006-06-30,2006-06-30,2006-06-30,2021-08-25,-223000.0,8149980000.0,7926773000.0,1019162000.0,7130818000.0,0.274,33.684,-60334000.0,663964000.0,663964000.0,484395000.0,226086000.0,0.562,0.399,93000.0,93000.0,0.0,93000.0,12580000.0,241995000.0,0.0,0.0,0.0,407415000.0,649410000.0,0.299,649410000.0,407415000.0,403010000.0,1.32,1.24,1.32,5827557000.0,5791662500.0,5827557000.0,4699647299.0,12.0,7.237,724316000.0,4.187,1.0,1687363000.0,0.777,6977212000.0,4405000.0,-1305149000.0,-1065460250.0,0.0,49262000.0,0.0,49262000.0,2322423000.0,1814046000.0,508377000.0,5241165299.0,314472000.0,-7923000.0,-74752000.0,-668000.0,0.0,-210205000.0,-267464000.0,-196109000.0,784650000.0,7491000.0,226086000.0,226086000.0,226086000.0,0.0,0.0,0.104,1290518000.0,396845000.0,738669000.0,0.0,0.899,23.182,22.712,104344000.0,0.0,29.98,2.413,2.388,202913000.0,183795000.0,2171758000.0,2171758000.0,128195000.0,0.029,0.039,-0.382,0.188,0.0,1021866000.0,1.0,174822058.0,173007000.0,179545000.0,12.553,1172768000.0,15551000.0,176924000.0,451467000.0,6.779,-794884000.0
61,EXPE,MRT,2006-03-31,2006-03-31,2006-03-31,2021-08-25,-2204000.0,8024044000.0,,889672000.0,7134372000.0,,33.853,-52732000.0,541891000.0,541891000.0,485430000.0,204036000.0,0.548,0.371,373000.0,373000.0,0.0,373000.0,11084000.0,272355000.0,0.0,0.0,0.0,374216000.0,646571000.0,0.304,646571000.0,374216000.0,370286000.0,1.2,1.14,1.2,5852750000.0,,5852750000.0,6977276616.0,19.0,10.791,760693000.0,4.4,1.0,1642877000.0,0.772,7002160000.0,3930000.0,-1143286000.0,,0.0,39204000.0,0.0,39204000.0,2171294000.0,1623652000.0,547642000.0,7067522616.0,227652000.0,-3295000.0,38012000.0,-480000.0,0.0,-96881000.0,-483114000.0,-423984000.0,813425000.0,-5778000.0,204036000.0,204036000.0,204036000.0,0.0,0.0,0.096,1285908000.0,356969000.0,669314000.0,0.0,1.208,34.639,33.783,93008000.0,0.0,40.54,3.321,3.293,199478000.0,88313000.0,2128307000.0,2128307000.0,130059000.0,,,,0.176,0.0,1010871000.0,1.0,174334549.0,172888500.0,182584000.0,12.31,1021884000.0,15687000.0,166250000.0,404792000.0,5.911,-733980000.0
62,EXPE,MRT,2005-12-31,2005-12-31,2005-12-31,2021-08-25,-1598000.0,7756892000.0,8647039500.0,590244000.0,7166648000.0,0.245,34.047,-52315000.0,321001000.0,321001000.0,480219000.0,228730000.0,0.41,0.353,230755000.0,230755000.0,0.0,230755000.0,7068000.0,280834000.0,0.0,0.0,0.0,416813000.0,697647000.0,0.329,697647000.0,416813000.0,414707000.0,1.36,1.3,1.36,5733763000.0,6943196000.0,5733763000.0,7958467943.0,19.0,11.408,806872000.0,4.791,1.0,1639236000.0,0.773,7036233000.0,2106000.0,-807812000.0,261083500.0,0.0,39431000.0,0.0,39431000.0,2023129000.0,1438225000.0,584904000.0,8219142943.0,155748000.0,10547000.0,29060000.0,230000000.0,0.0,106507000.0,-801343000.0,-756638000.0,859187000.0,-8603000.0,228730000.0,228730000.0,228730000.0,0.0,0.0,0.108,1242184000.0,397052000.0,642462000.0,0.0,1.433,35.934,35.235,90984000.0,0.0,47.92,3.878,3.808,174019000.0,64978000.0,2119455000.0,2119455000.0,130507000.0,0.026,0.033,1.596,0.197,0.0,973013000.0,1.0,171518008.0,168409500.0,174765000.0,12.585,720659000.0,0.0,185977000.0,415463000.0,4.279,-847981000.0
63,EXPE,MRT,2005-09-30,2005-09-30,2005-09-30,2021-08-25,192000.0,7776176000.0,,564704000.0,7211472000.0,,34.2,-56767000.0,260675000.0,260675000.0,489138000.0,247616000.0,0.392,0.352,0.0,0.0,0.0,0.0,7847000.0,453091000.0,0.0,0.0,0.0,420616000.0,873707000.0,0.423,873707000.0,420616000.0,420145000.0,1.46,1.44,1.46,5752580000.0,,5752580000.0,6639986477.0,16.0,7.6,964572000.0,5.735,1.0,1574567000.0,0.763,7079889000.0,471000.0,-1005594000.0,,0.0,45742000.0,25000.0,45717000.0,2023596000.0,1441206000.0,582390000.0,6795543477.0,76618000.0,11437000.0,20458000.0,0.0,0.0,-364767000.0,-580402000.0,-538100000.0,1021339000.0,448000.0,247616000.0,247616000.0,247616000.0,0.0,0.0,0.12,1193211000.0,381356000.0,778444000.0,0.0,1.181,27.444,27.137,85866000.0,0.0,39.62,3.293,3.229,180622000.0,39744000.0,2063705000.0,2063705000.0,169799000.0,,,,0.204,-134394000.0,1018275000.0,1.0,171518008.0,168204500.0,176675500.0,12.269,696287000.0,8874000.0,172529000.0,389179000.0,4.14,-876502000.0
64,EXPE,MRT,2005-06-30,2005-06-30,2005-06-30,2021-08-25,,,,,,,,,,,469840000.0,223673000.0,,,,,,,,,,,0.0,364792000.0,,,,364792000.0,364631000.0,1.32,1.32,1.32,,,,,,,,,1.0,1513005000.0,0.763,,161000.0,,,,,,,,,,,,,,,,,,,,,223673000.0,223673000.0,223673000.0,0.0,0.0,0.113,1200027000.0,312978000.0,,0.0,,,,,0.0,,,,,,1982845000.0,1982845000.0,161389000.0,,,,0.184,,990046000.0,1.0,171518008.0,167770000.0,170274500.0,11.819,,,140958000.0,,,
65,EXPE,MRT,2005-03-31,2005-03-31,2005-03-31,2021-08-25,,,,,,,,,,,,,,,,,,,,,,,0.0,,,,,,,,,,,,,,,,,,1.0,,,,,,,,,,,,,,,,,,,,,,,,,,,,,,,,,,,,,,,,,,,,,,,,,,,,,,1.0,171518008.0,167770000.0,,,,,,,,
66,EXPE,MRT,2004-12-31,2004-12-31,2004-12-31,2021-08-25,33668000.0,9537187000.0,9146228500.0,2245857000.0,7291330000.0,0.202,48.594,-53407000.0,155557000.0,155557000.0,415483000.0,163473000.0,2.287,0.17,0.0,0.0,0.0,0.0,5353000.0,357285000.0,0.0,,0.0,270005000.0,627290000.0,0.34,627290000.0,270005000.0,269844000.0,0.98,0.96,0.98,8152629000.0,7853465000.0,8152629000.0,,,,738819000.0,4.404,1.0,1427530000.0,0.775,7069472000.0,161000.0,1329979000.0,1037496500.0,0.0,140432000.0,0.0,140432000.0,1384558000.0,982179000.0,402379000.0,,-36001000.0,-261390000.0,0.0,0.0,0.0,107320000.0,-932406000.0,-617524000.0,792226000.0,-3141000.0,163473000.0,163473000.0,163473000.0,0.0,0.0,0.089,1187057000.0,240473000.0,528405000.0,0.0,,,,81426000.0,0.0,,,,2018650000.0,0.0,1843013000.0,1843013000.0,129487000.0,0.018,0.021,0.26,0.147,0.0,915751000.0,1.0,171518008.0,167770000.0,170274500.0,10.985,2467715000.0,8696000.0,106371000.0,334117000.0,14.709,1263678000.0
67,EXPE,MRT,2004-09-30,2004-09-30,2004-09-30,2021-08-25,,,,,,,,,,,,,,,,,,,,,,,0.0,,,,,,,,,,,,,,,,,,1.0,,,,,,,,,,,,,,,,,,,,,,,,,,,,,,,,,,,,,,,,,,,,,,,,,,,,,,1.0,,167770000.0,,,,,,,,
68,EXPE,MRT,2003-12-31,2003-12-31,2003-12-31,2021-08-25,-4027000.0,8755270000.0,,1680162000.0,7075108000.0,,45.028,-46183000.0,211584000.0,211584000.0,1233743000.0,111407000.0,2.036,0.159,0.0,0.0,0.0,0.0,95134000.0,248600000.0,0.0,,0.0,208609000.0,457209000.0,0.195,457209000.0,208609000.0,208609000.0,0.66,0.66,0.66,7554301000.0,,7554301000.0,,,,597840000.0,3.563,1.0,1106070000.0,0.473,6973348000.0,0.0,745014000.0,,0.0,719462000.0,693320000.0,26142000.0,1200969000.0,825324000.0,375645000.0,,-24998000.0,-704885000.0,-41134000.0,0.0,0.0,585748000.0,-1251537000.0,-468376000.0,644023000.0,-3232000.0,111407000.0,111407000.0,111407000.0,0.0,0.0,0.048,862552000.0,243518000.0,433753000.0,0.0,,,,75618000.0,0.0,,,,720471000.0,,2339813000.0,2339813000.0,59743000.0,,,,0.089,0.0,577317000.0,1.0,,167770000.0,170274500.0,13.947,1781922000.0,1417000.0,97202000.0,379770000.0,10.621,854838000.0
69,EXPE,MRT,2002-12-31,2002-12-31,2002-12-31,2021-08-25,,,,,,,,-46504000.0,,,836320000.0,76713000.0,,,,,,,,61348000.0,,,0.0,159292000.0,220640000.0,0.147,220640000.0,159292000.0,159292000.0,,,,,,,,,,404396000.0,,1.0,662755000.0,0.442,,0.0,,,,,,,,,,,168785000.0,211198000.0,0.0,0.0,0.0,120279000.0,-402392000.0,-563050000.0,450900000.0,-2000.0,76713000.0,76713000.0,76713000.0,0.0,0.0,0.051,468985000.0,193770000.0,,,,,,,0.0,,,,,,1499075000.0,1499075000.0,0.0,,,,0.106,5632000.0,399723000.0,1.0,,,,,,,82579000.0,,,
