None,ticker,dimension,calendardate,datekey,reportperiod,lastupdated,accoci,assets,assetsavg,assetsc,assetsnc,assetturnover,bvps,capex,cashneq,cashnequsd,cor,consolinc,currentratio,de,debt,debtc,debtnc,debtusd,deferredrev,depamor,deposits,divyield,dps,ebit,ebitda,ebitdamargin,ebitdausd,ebitusd,ebt,eps,epsdil,epsusd,equity,equityavg,equityusd,ev,evebit,evebitda,fcf,fcfps,fxusd,gp,grossmargin,intangibles,intexp,invcap,invcapavg,inventory,investments,investmentsc,investmentsnc,liabilities,liabilitiesc,liabilitiesnc,marketcap,ncf,ncfbus,ncfcommon,ncfdebt,ncfdiv,ncff,ncfi,ncfinv,ncfo,ncfx,netinc,netinccmn,netinccmnusd,netincdis,netincnci,netmargin,opex,opinc,payables,payoutratio,pb,pe,pe1,ppnenet,prefdivis,price,ps,ps1,receivables,retearn,revenue,revenueusd,rnd,roa,roe,roic,ros,sbcomp,sgna,sharefactor,sharesbas,shareswa,shareswadil,sps,tangibles,taxassets,taxexp,taxliabilities,tbvps,workingcapital
0,IPGP,MRY,2020-12-31,2020-12-31,2020-12-31,2021-08-05,-146065000.0,2935700000.0,2792375500.0,2148077000.0,787623000.0,0.43,48.75,-86807000.0,876231000.0,876231000.0,661728000.0,160338000.0,10.011,0.132,37967000.0,3810000.0,34157000.0,37967000.0,0.0,94554000.0,0.0,0.0,0.0,204926000.0,299480000.0,0.249,299480000.0,204926000.0,204926000.0,3.0,2.97,3.0,2592819000.0,2463613250.0,2592819000.0,11203143701.0,55.0,37.409,198528000.0,3.733,1.0,538996000.0,0.449,103480000.0,0.0,1779378000.0,1763404750.0,364993000.0,514835000.0,514835000.0,0.0,341589000.0,214578000.0,127011000.0,11928154701.0,195569000.0,-429000.0,-37884000.0,-3740000.0,0.0,-10080000.0,-99574000.0,-12331000.0,285335000.0,19888000.0,159572000.0,159572000.0,159572000.0,0.0,766000.0,0.133,353252000.0,185744000.0,25748000.0,0.0,4.6,74.751,74.597,597527000.0,0.0,223.79,9.934,9.913,264321000.0,2188191000.0,1200724000.0,1200724000.0,126898000.0,0.057,0.065,0.116,0.171,35472000.0,180588000.0,1.0,53300660.0,53186000,53785000.0,22.576,2832220000.0,113090000.0,45354000.0,101134000.0,53.251,1933499000.0
1,IPGP,MRY,2019-12-31,2019-12-31,2019-12-31,2021-08-05,-146919000.0,2730436000.0,2706873000.0,1896634000.0,833802000.0,0.486,45.263,-132875000.0,680070000.0,680070000.0,708372000.0,180261000.0,9.883,0.137,41708000.0,3740000.0,37968000.0,41708000.0,0.0,96268000.0,0.0,0.0,0.0,248349000.0,344617000.0,0.262,344617000.0,248349000.0,248349000.0,3.4,3.35,3.4,2401726000.0,2354081250.0,2401726000.0,7153212776.0,29.0,20.757,190646000.0,3.593,1.0,606209000.0,0.461,156363000.0,0.0,1743807000.0,1768676750.0,380790000.0,502546000.0,502546000.0,0.0,327993000.0,191904000.0,136089000.0,7690910776.0,138626000.0,-15115000.0,-40732000.0,-3671000.0,0.0,-37067000.0,-139975000.0,7778000.0,323521000.0,-7853000.0,180234000.0,180234000.0,180234000.0,0.0,27000.0,0.137,359589000.0,246620000.0,27329000.0,0.0,3.202,42.672,42.624,600852000.0,0.0,144.92,5.85,5.849,238479000.0,2028734000.0,1314581000.0,1314581000.0,129997000.0,0.067,0.077,0.14,0.189,33363000.0,185342000.0,1.0,53070044.0,53061000,53839000.0,24.775,2574073000.0,70268000.0,68115000.0,109174000.0,48.512,1704730000.0
2,IPGP,MRY,2018-12-31,2018-12-31,2018-12-31,2021-08-05,-162896000.0,2574450000.0,2541258500.0,1805424000.0,769026000.0,0.574,41.208,-159317000.0,544358000.0,544358000.0,659606000.0,404169000.0,7.346,0.167,45378000.0,3671000.0,41707000.0,45378000.0,0.0,80271000.0,0.0,0.0,0.0,534253000.0,614524000.0,0.421,614524000.0,534253000.0,534253000.0,7.55,7.38,7.55,2205548000.0,2182259250.0,2205548000.0,5448384373.0,10.0,8.866,233984000.0,4.372,1.0,800268000.0,0.548,187861000.0,0.0,1641835000.0,1500541750.0,403579000.0,500432000.0,500432000.0,0.0,368215000.0,245774000.0,122441000.0,6049705373.0,-365542000.0,-109115000.0,-176065000.0,-3604000.0,0.0,-166647000.0,-562999000.0,-294982000.0,393301000.0,-29197000.0,404027000.0,404027000.0,404027000.0,0.0,142000.0,0.277,283013000.0,517255000.0,36302000.0,0.0,2.743,14.974,15.005,543068000.0,0.0,113.29,4.144,4.153,255509000.0,1848500000.0,1459874000.0,1459874000.0,122769000.0,0.159,0.185,0.356,0.366,28027000.0,160244000.0,1.0,53400171.0,53522000,54726000.0,27.276,2386589000.0,62947000.0,130226000.0,131895000.0,44.591,1559650000.0
3,IPGP,MRY,2017-12-31,2017-12-31,2017-12-31,2021-08-05,-77344000.0,2367255000.0,2136608750.0,1754010000.0,613245000.0,0.659,37.804,-110653000.0,909900000.0,909900000.0,611978000.0,347588000.0,8.818,0.171,48982000.0,3604000.0,45378000.0,48982000.0,0.0,64568000.0,0.0,0.0,0.0,551897000.0,616465000.0,0.438,616465000.0,551897000.0,551897000.0,6.5,6.36,6.5,2022322000.0,1862968250.0,2022322000.0,10718600770.0,19.0,17.387,294742000.0,5.51,1.0,796911000.0,0.566,107054000.0,0.0,1200380000.0,1099899250.0,307712000.0,206257000.0,206257000.0,0.0,344933000.0,198903000.0,146030000.0,11548995770.0,286045000.0,-60483000.0,-39987000.0,8158000.0,0.0,-3372000.0,-170805000.0,683000.0,405395000.0,54827000.0,347614000.0,347614000.0,347614000.0,0.0,-26000.0,0.247,231339000.0,565572000.0,35109000.0,0.0,5.711,33.224,32.943,460206000.0,0.0,214.13,8.197,8.13,237278000.0,1443867000.0,1408889000.0,1408889000.0,100870000.0,0.163,0.187,0.502,0.392,23021000.0,130469000.0,1.0,53934506.0,53495000,54699000.0,26.337,2260201000.0,71920000.0,204283000.0,116425000.0,42.251,1555107000.0
4,IPGP,MRY,2016-12-31,2016-12-31,2016-12-31,2021-08-05,-178583000.0,1789999000.0,1674176000.0,1300962000.0,489037000.0,0.601,29.35,-126384000.0,623855000.0,623855000.0,453933000.0,260716000.0,8.22,0.149,40823000.0,3188000.0,37635000.0,40823000.0,0.0,51475000.0,0.0,0.0,0.0,366601000.0,418076000.0,0.416,418076000.0,366601000.0,366601000.0,4.91,4.85,4.91,1557558000.0,1457312250.0,1557558000.0,4638287729.0,13.0,11.094,171312000.0,3.228,1.0,552240000.0,0.549,48617000.0,0.0,1000075000.0,903058750.0,239010000.0,206779000.0,206779000.0,0.0,232275000.0,158275000.0,74000000.0,5242225729.0,41323000.0,-47792000.0,-8946000.0,21156000.0,0.0,27443000.0,-274408000.0,-100700000.0,297696000.0,-9408000.0,260752000.0,260752000.0,260752000.0,0.0,-36000.0,0.259,183431000.0,368809000.0,28048000.0,0.0,3.366,20.104,20.104,379375000.0,0.0,98.71,5.21,5.206,155901000.0,1094108000.0,1006173000.0,1006173000.0,78552000.0,0.156,0.179,0.406,0.364,21734000.0,104879000.0,1.0,53107342.0,53068000,53797000.0,18.96,1741382000.0,76570000.0,105849000.0,60919000.0,32.814,1142687000.0
5,IPGP,MRY,2015-12-31,2015-12-31,2015-12-31,2021-08-05,-181482000.0,1453429000.0,1361359000.0,1102589000.0,350840000.0,0.662,23.911,-69955000.0,582532000.0,582532000.0,409388000.0,242027000.0,7.776,0.153,19667000.0,2000000.0,17667000.0,19667000.0,0.0,42415000.0,0.0,0.0,0.0,342045000.0,384460000.0,0.427,384460000.0,342045000.0,341744000.0,4.6,4.53,4.6,1259528000.0,1178865000.0,1259528000.0,4075177670.0,12.0,10.6,193527000.0,3.674,1.0,491877000.0,0.546,12409000.0,301000.0,736365000.0,649644500.0,203738000.0,106584000.0,106584000.0,0.0,192764000.0,141790000.0,50974000.0,4705982670.0,60382000.0,-4958000.0,0.0,-15673000.0,0.0,-1541000.0,-181567000.0,-106747000.0,263482000.0,-19992000.0,242154000.0,242154000.0,242154000.0,0.0,-127000.0,0.269,152394000.0,339483000.0,26314000.0,0.0,3.736,19.434,19.383,288604000.0,0.0,89.16,5.222,5.211,150479000.0,833356000.0,901265000.0,901265000.0,63334000.0,0.178,0.205,0.527,0.38,18989000.0,89060000.0,1.0,52781322.0,52676000,53427000.0,17.11,1441020000.0,63424000.0,99590000.0,71116000.0,27.356,960799000.0
6,IPGP,MRY,2014-12-31,2014-12-31,2014-12-31,2021-08-05,-112263000.0,1210887000.0,1162918500.0,893838000.0,317049000.0,0.662,20.086,-88167000.0,522150000.0,522150000.0,353314000.0,200445000.0,7.322,0.157,35631000.0,15964000.0,19667000.0,35631000.0,0.0,35612000.0,0.0,0.0,0.0,284551000.0,320163000.0,0.416,320163000.0,284551000.0,284474000.0,3.85,3.79,3.85,1046561000.0,1017110000.0,1046561000.0,3435913701.0,12.0,10.732,91938000.0,1.765,1.0,416518000.0,0.541,9682000.0,77000.0,592611000.0,562993500.0,171009000.0,0.0,0.0,0.0,164326000.0,122075000.0,42251000.0,3909488701.0,73374000.0,0.0,7558000.0,-2008000.0,0.0,11529000.0,-90080000.0,0.0,180105000.0,-28180000.0,200445000.0,200445000.0,200445000.0,0.0,0.0,0.26,139378000.0,277140000.0,17141000.0,0.0,3.736,19.504,19.46,275082000.0,0.0,74.92,5.078,5.071,143109000.0,591202000.0,769832000.0,769832000.0,53403000.0,0.172,0.197,0.505,0.37,9193000.0,85975000.0,1.0,52182177.0,52104000,52824000.0,14.775,1201205000.0,41713000.0,84029000.0,47497000.0,23.054,771763000.0
7,IPGP,MRY,2013-12-31,2013-12-31,2013-12-31,2021-08-05,-1701000.0,1061216000.0,975631250.0,786343000.0,274873000.0,0.664,18.002,-70683000.0,448776000.0,448776000.0,308136000.0,155780000.0,7.857,0.144,15962000.0,4629000.0,11333000.0,15962000.0,0.0,31524000.0,0.0,0.0,0.0,218302000.0,249826000.0,0.386,249826000.0,218302000.0,218301000.0,3.02,2.97,3.02,927969000.0,848212000.0,927969000.0,3627111957.0,17.0,14.519,48684000.0,0.944,1.0,339898000.0,0.525,10019000.0,1000.0,518304000.0,490957750.0,172700000.0,0.0,0.0,0.0,133247000.0,100079000.0,33168000.0,4010919957.0,64723000.0,-5555000.0,7275000.0,-2000000.0,0.0,14149000.0,-75886000.0,495000.0,119367000.0,7093000.0,155780000.0,155780000.0,155780000.0,0.0,0.0,0.24,119215000.0,220683000.0,18787000.0,0.0,4.322,25.747,25.699,252245000.0,0.0,77.61,6.189,6.174,103803000.0,390757000.0,648034000.0,648034000.0,41660000.0,0.16,0.184,0.445,0.337,2846000.0,77555000.0,1.0,51680453.0,51548000,52375000.0,12.571,1051197000.0,35027000.0,62521000.0,39162000.0,20.393,686264000.0
8,IPGP,MRY,2012-12-31,2012-12-31,2012-12-31,2021-08-05,-3094000.0,895498000.0,851700500.0,664959000.0,230539000.0,0.66,14.718,-68184000.0,384053000.0,384053000.0,257801000.0,147744000.0,5.3,0.205,17961000.0,3947000.0,14014000.0,17961000.0,0.0,26144000.0,0.0,0.01,0.65,206156000.0,232300000.0,0.413,232300000.0,206156000.0,206475000.0,2.87,2.81,2.87,742927000.0,700149000.0,742927000.0,3065402630.0,15.0,13.196,107092000.0,2.122,1.0,304727000.0,0.542,10408000.0,-319000.0,393543000.0,381807500.0,139618000.0,0.0,0.0,0.0,152571000.0,125455000.0,27116000.0,3417158630.0,203819000.0,-11596000.0,173408000.0,-6547000.0,-33353000.0,82087000.0,-55257000.0,25451000.0,175276000.0,1713000.0,145004000.0,145004000.0,145004000.0,0.0,2740000.0,0.258,94477000.0,210250000.0,17783000.0,0.226,4.6,23.566,23.223,210563000.0,0.0,66.65,6.075,5.981,96630000.0,234977000.0,562528000.0,562528000.0,31401000.0,0.17,0.207,0.54,0.366,3886000.0,63076000.0,1.0,51270197.0,50477000,51536000.0,11.144,885090000.0,28126000.0,61471000.0,65376000.0,17.535,539504000.0
9,IPGP,MRY,2011-12-31,2011-12-31,2011-12-31,2021-08-05,-12100000.0,608132000.0,563851000.0,434457000.0,173675000.0,0.842,9.36,-53007000.0,180234000.0,180234000.0,217227000.0,121009000.0,4.636,0.267,24396000.0,8670000.0,15726000.0,24396000.0,0.0,23962000.0,0.0,0.0,0.0,172015000.0,195977000.0,0.413,195977000.0,172015000.0,171334000.0,2.48,2.41,2.48,443323000.0,406112000.0,443323000.0,1439203041.0,8.0,7.344,34344000.0,0.725,1.0,257255000.0,0.542,6157000.0,681000.0,352425000.0,305742000.0,116978000.0,25451000.0,25451000.0,0.0,118399000.0,93712000.0,24687000.0,1610216041.0,32374000.0,-750000.0,5268000.0,-1389000.0,0.0,31885000.0,-79099000.0,-25451000.0,87351000.0,-7763000.0,117759000.0,117759000.0,117759000.0,0.0,3250000.0,0.248,84595000.0,172660000.0,11122000.0,0.0,3.632,13.674,13.657,155202000.0,0.0,33.87,3.394,3.381,75755000.0,122833000.0,474482000.0,474482000.0,25422000.0,0.209,0.29,0.563,0.363,15000.0,59173000.0,1.0,47541070.0,47365000,48685000.0,10.018,601975000.0,29014000.0,53575000.0,35596000.0,12.709,340745000.0
10,IPGP,MRY,2010-12-31,2010-12-31,2010-12-31,2021-08-05,810000.0,441855000.0,366190500.0,300801000.0,141054000.0,0.817,6.82,-28374000.0,147860000.0,147860000.0,152798000.0,54352000.0,3.634,0.316,23818000.0,8174000.0,15644000.0,23818000.0,0.0,21845000.0,0.0,0.0,0.0,80079000.0,101924000.0,0.341,101924000.0,80079000.0,78891000.0,1.16,1.13,1.16,316600000.0,276539000.0,316600000.0,1404123958.0,18.0,13.776,35058000.0,0.755,1.0,146458000.0,0.489,7131000.0,1188000.0,227912000.0,218129500.0,72470000.0,0.0,0.0,0.0,100149000.0,82770000.0,17379000.0,1478404958.0,64940000.0,-4108000.0,6298000.0,-591000.0,0.0,37764000.0,-32559000.0,0.0,63432000.0,-3697000.0,53991000.0,53991000.0,53991000.0,0.0,361000.0,0.18,66905000.0,79553000.0,9510000.0,0.0,4.67,27.382,27.259,120683000.0,0.0,31.62,4.94,4.905,55399000.0,5567000.0,299256000.0,299256000.0,19160000.0,0.147,0.195,0.367,0.268,-4247000.0,47745000.0,1.0,46755375.0,46424000,47594000.0,6.446,434724000.0,15745000.0,24900000.0,14981000.0,9.364,218031000.0
11,IPGP,MRY,2009-12-31,2009-12-31,2009-12-31,2021-08-05,11106000.0,312636000.0,317120250.0,180914000.0,131722000.0,0.586,5.637,-10498000.0,82920000.0,82920000.0,121626000.0,5284000.0,4.912,0.219,24007000.0,7340000.0,16667000.0,24007000.0,0.0,19172000.0,0.0,0.0,0.0,9156000.0,28328000.0,0.152,28328000.0,9156000.0,7904000.0,0.12,0.12,0.12,256430000.0,247796000.0,256430000.0,721864406.0,79.0,25.482,43907000.0,0.965,1.0,64268000.0,0.346,3771000.0,1252000.0,213121000.0,228325500.0,52869000.0,0.0,0.0,0.0,56065000.0,36831000.0,19234000.0,764364406.0,31637000.0,0.0,2201000.0,-15139000.0,0.0,-12280000.0,-10639000.0,0.0,54405000.0,151000.0,5419000.0,5419000.0,5419000.0,0.0,-135000.0,0.029,54225000.0,10043000.0,5620000.0,0.0,2.981,141.053,139.417,111453000.0,0.0,16.73,4.112,4.094,30356000.0,-48424000.0,185894000.0,185894000.0,18543000.0,0.017,0.022,0.04,0.049,1551000.0,35646000.0,1.0,45688249.0,45489000,46595000.0,4.087,308865000.0,14429000.0,2485000.0,5249000.0,6.79,144083000.0
12,IPGP,MRY,2008-12-31,2008-12-31,2008-12-31,2021-08-05,8794000.0,313218000.0,301980250.0,181023000.0,132195000.0,0.759,5.351,-37111000.0,51283000.0,51283000.0,121776000.0,38453000.0,3.692,0.294,39099000.0,21102000.0,17997000.0,39099000.0,0.0,15834000.0,0.0,0.0,0.0,55542000.0,71376000.0,0.312,71376000.0,55542000.0,54765000.0,0.82,0.79,0.82,238172000.0,226868500.0,238172000.0,582535630.0,10.0,8.162,-2440000.0,-0.055,1.0,107300000.0,0.468,0.0,777000.0,252008000.0,245983750.0,72555000.0,0.0,0.0,0.0,69919000.0,49026000.0,20893000.0,591184630.0,13311000.0,0.0,4959000.0,7602000.0,0.0,10452000.0,-31618000.0,5450000.0,34671000.0,-194000.0,36654000.0,36654000.0,36654000.0,0.0,1799000.0,0.16,52757000.0,54543000.0,7739000.0,0.0,2.482,16.129,16.073,114492000.0,0.0,13.18,2.581,2.561,41842000.0,-53843000.0,229076000.0,229076000.0,15804000.0,0.121,0.162,0.226,0.242,2074000.0,37098000.0,1.0,44854676.0,44507000,46223000.0,5.147,313218000.0,10543000.0,18111000.0,5093000.0,7.037,131997000.0
13,IPGP,MRY,2007-12-31,2007-12-31,2007-12-31,2021-08-05,15167000.0,263321000.0,245520500.0,155691000.0,107630000.0,0.768,4.626,-34263000.0,37972000.0,37972000.0,103695000.0,32088000.0,4.515,0.315,31218000.0,11218000.0,20000000.0,31218000.0,0.0,12304000.0,0.0,0.0,0.0,44743000.0,57047000.0,0.302,57047000.0,44743000.0,45417000.0,0.69,0.65,0.69,200180000.0,181916000.0,200180000.0,865936741.0,19.0,15.179,-23606000.0,-0.546,1.0,84982000.0,0.45,0.0,-674000.0,222085000.0,193928000.0,60412000.0,6950000.0,6950000.0,0.0,63141000.0,34482000.0,28659000.0,875120741.0,-37695000.0,0.0,3060000.0,-9904000.0,0.0,-7383000.0,-41282000.0,-6950000.0,10657000.0,313000.0,29895000.0,29895000.0,29895000.0,0.0,2193000.0,0.158,39833000.0,45149000.0,9444000.0,0.0,4.372,29.273,28.971,96369000.0,0.0,19.99,4.638,4.584,33946000.0,-90497000.0,188677000.0,188677000.0,9527000.0,0.122,0.164,0.231,0.237,1324000.0,30306000.0,1.0,43777926.0,43269000,45749000.0,4.361,263321000.0,12135000.0,15522000.0,4864000.0,6.086,121209000.0
14,IPGP,MRY,2006-12-31,2006-12-31,2006-12-31,2021-08-05,7883000.0,232492000.0,173986500.0,156439000.0,76053000.0,0.823,5.685,-20352000.0,75667000.0,75667000.0,79931000.0,29233000.0,3.837,0.466,40970000.0,10902000.0,30068000.0,40970000.0,0.0,9105000.0,0.0,0.0,0.0,27731000.0,36836000.0,0.257,36836000.0,27731000.0,26238000.0,0.27,0.26,0.27,158594000.0,56045000.0,158594000.0,1063616224.0,38.0,28.874,-1150000.0,-0.041,1.0,63294000.0,0.442,0.0,1493000.0,157024000.0,132325500.0,42162000.0,0.0,0.0,0.0,73898000.0,40771000.0,33127000.0,1043974224.0,67306000.0,0.0,93169000.0,-5887000.0,0.0,66909000.0,-19127000.0,1225000.0,19202000.0,322000.0,29233000.0,8972000.0,8972000.0,0.0,0.0,0.063,27288000.0,36006000.0,7640000.0,0.0,6.583,116.359,88.889,67153000.0,20261000.0,24.0,7.289,4.674,22353000.0,-120392000.0,143225000.0,143225000.0,6544000.0,0.052,0.16,0.21,0.194,533000.0,20744000.0,1.0,43498926.0,27896000,33005000.0,5.134,232492000.0,13472000.0,-2995000.0,8521000.0,8.334,115668000.0
15,IPGP,MRY,2005-12-31,2005-12-31,2005-12-31,2021-08-05,3782000.0,115481000.0,113013000.0,55807000.0,59674000.0,0.853,-1.773,-15207000.0,8361000.0,8361000.0,62481000.0,7427000.0,1.626,-3.483,34827000.0,19184000.0,15643000.0,34827000.0,0.0,8092000.0,0.0,,0.0,13347000.0,21439000.0,0.222,21439000.0,13347000.0,11507000.0,0.16,0.16,0.16,-46504000.0,-47771000.0,-46504000.0,,,,-1622000.0,-0.062,1.0,33904000.0,0.352,0.0,1840000.0,107627000.0,111506500.0,26525000.0,6339000.0,0.0,6339000.0,161985000.0,34320000.0,127665000.0,,5813000.0,0.0,0.0,123000.0,0.0,1135000.0,-8641000.0,6566000.0,13585000.0,-266000.0,7427000.0,5076000.0,5076000.0,0.0,0.0,0.053,19622000.0,14282000.0,5164000.0,0.0,,,,50995000.0,2351000.0,,,,15434000.0,-149625000.0,96385000.0,96385000.0,5788000.0,0.045,-0.106,0.12,0.138,7000.0,13834000.0,1.0,,26232000,30167000.0,3.674,115481000.0,3005000.0,4080000.0,147000.0,4.402,21487000.0
16,IPGP,MRY,2004-12-31,2004-12-31,2004-12-31,2021-08-05,7332000.0,110545000.0,,46651000.0,63894000.0,,-1.908,-3957000.0,9155000.0,9155000.0,42274000.0,2012000.0,1.814,-3.254,39713000.0,14254000.0,25459000.0,39713000.0,0.0,7154000.0,0.0,,0.0,2561000.0,9715000.0,0.16,9715000.0,2561000.0,411000.0,-0.01,-0.01,-0.01,-49038000.0,,-49038000.0,,,,2291000.0,0.089,1.0,18433000.0,0.304,0.0,2150000.0,115386000.0,,29577000.0,6265000.0,0.0,6265000.0,159583000.0,25717000.0,133866000.0,,2012000.0,0.0,268000.0,-836000.0,0.0,-426000.0,-3870000.0,87000.0,6248000.0,60000.0,2012000.0,-339000.0,-339000.0,0.0,0.0,-0.006,15373000.0,3060000.0,3240000.0,0.0,,,,45982000.0,2351000.0,,,,10806000.0,-157052000.0,60707000.0,60707000.0,4831000.0,,,,0.042,903000.0,10542000.0,1.0,,25698000,25698000.0,2.362,110545000.0,6409000.0,-1601000.0,1049000.0,4.302,20934000.0
17,IPGP,MRY,2003-12-31,2003-12-31,2003-12-31,2021-08-05,,,,,,,,,,,38583000.0,-28210000.0,,,,,,,,,,,0.0,-28910000.0,,,,-28910000.0,-30415000.0,-1.4,-1.4,-1.4,,,,,,,,,1.0,-4843000.0,-0.144,,1505000.0,,,,,,,,,,,,,,,,,,,,,-28210000.0,-28210000.0,-28210000.0,0.0,0.0,-0.836,22171000.0,-27014000.0,,0.0,,,,,0.0,,,,,,33740000.0,33740000.0,10063000.0,,,,-0.857,,12108000.0,1.0,,25534000,25534000.0,1.321,,,-2205000.0,,,
0,IPGP,MRQ,2021-06-30,2021-06-30,2021-06-30,2021-08-05,-159407000.0,3086512000.0,,2290592000.0,795920000.0,,50.586,-26795000.0,754199000.0,754199000.0,191130000.0,69677000.0,8.951,0.141,36071000.0,3846000.0,32225000.0,36071000.0,0.0,24157000.0,0.0,0.0,0.0,92403000.0,116560000.0,0.314,116560000.0,92403000.0,91996000.0,1.31,1.29,1.31,2704918000.0,,2704918000.0,10433043630.0,36.0,27.138,88852000.0,1.662,1.0,180528000.0,0.486,98070000.0,407000.0,2014409000.0,,404547000.0,743210000.0,743210000.0,0.0,380232000.0,255905000.0,124327000.0,11292763630.0,-142542000.0,0.0,-38683000.0,-950000.0,0.0,-34047000.0,-222949000.0,-195609000.0,115647000.0,-1193000.0,69800000.0,69800000.0,69800000.0,0.0,-123000.0,0.188,85450000.0,95078000.0,50714000.0,0.0,4.175,50.67,50.423,612420000.0,0.0,210.77,8.229,8.213,250669000.0,2326118000.0,371658000.0,371658000.0,35191000.0,,,,,9863000.0,50259000.0,1.0,53578610.0,53472000,53999000.0,6.951,2988442000.0,110561000.0,22196000.0,101283000.0,55.888,2034687000.0
1,IPGP,MRQ,2021-03-31,2021-03-31,2021-03-31,2021-08-05,-178257000.0,2982951000.0,,2202261000.0,780690000.0,,49.299,-27291000.0,896741000.0,896741000.0,181594000.0,68222000.0,10.255,0.13,37021000.0,3828000.0,33193000.0,37021000.0,0.0,23819000.0,0.0,0.0,0.0,89000000.0,112819000.0,0.326,112819000.0,89000000.0,88505000.0,1.27,1.26,1.27,2639502000.0,,2639502000.0,10454111896.0,43.0,30.87,60252000.0,1.125,1.0,163991000.0,0.475,100532000.0,495000.0,1807946000.0,,368149000.0,548196000.0,548196000.0,0.0,342281000.0,214753000.0,127528000.0,11292375896.0,18188000.0,0.0,-3048000.0,-946000.0,0.0,-1637000.0,-60694000.0,-33401000.0,87543000.0,-7024000.0,68127000.0,68127000.0,68127000.0,0.0,95000.0,0.197,82314000.0,81677000.0,44704000.0,0.0,4.278,59.031,58.758,600911000.0,0.0,210.94,8.706,8.707,252877000.0,2256318000.0,345585000.0,345585000.0,33339000.0,,,,,8815000.0,48975000.0,1.0,53533592.0,53541000,54201000.0,6.455,2882419000.0,111697000.0,20378000.0,97781000.0,53.836,1987508000.0
2,IPGP,MRQ,2020-12-31,2020-12-31,2020-12-31,2021-08-05,-146065000.0,2935700000.0,,2148077000.0,787623000.0,,48.613,-25625000.0,876231000.0,876231000.0,189751000.0,49676000.0,10.011,0.132,37967000.0,3810000.0,34157000.0,37967000.0,0.0,23366000.0,0.0,0.0,0.0,65259000.0,88625000.0,0.263,88625000.0,65259000.0,65259000.0,0.93,0.92,0.93,2592819000.0,,2592819000.0,11203143701.0,55.0,37.409,59693000.0,1.119,1.0,146879000.0,0.436,103480000.0,0.0,1779378000.0,,364993000.0,514835000.0,514835000.0,0.0,341589000.0,214578000.0,127011000.0,11928154701.0,112503000.0,-429000.0,0.0,-942000.0,0.0,15485000.0,-3496000.0,22582000.0,85318000.0,15196000.0,49339000.0,49339000.0,49339000.0,0.0,337000.0,0.147,76452000.0,70427000.0,25748000.0,0.0,4.6,74.751,74.597,597527000.0,0.0,223.79,9.934,9.913,264321000.0,2188191000.0,336630000.0,336630000.0,31766000.0,,,,,9078000.0,44686000.0,1.0,53300660.0,53336000,54067000.0,6.311,2832220000.0,113090000.0,15920000.0,101134000.0,53.101,1933499000.0
3,IPGP,MRQ,2020-09-30,2020-09-30,2020-09-30,2021-08-05,-193827000.0,2794932000.0,,2031653000.0,763279000.0,,46.522,-24272000.0,763920000.0,763920000.0,165649000.0,35530000.0,10.085,0.131,38909000.0,3792000.0,35117000.0,38909000.0,0.0,23838000.0,0.0,0.0,0.0,42596000.0,66434000.0,0.209,66434000.0,42596000.0,42596000.0,0.67,0.66,0.67,2470213000.0,,2470213000.0,8344072661.0,61.0,35.892,45489000.0,0.857,1.0,152792000.0,0.48,102730000.0,0.0,1765746000.0,,370344000.0,537696000.0,537696000.0,0.0,323858000.0,201445000.0,122413000.0,9052085661.0,16008000.0,0.0,-9654000.0,-936000.0,0.0,-2094000.0,-60874000.0,-36504000.0,69761000.0,9215000.0,35604000.0,35604000.0,35604000.0,0.0,-74000.0,0.112,122681000.0,30111000.0,37375000.0,0.0,3.664,85.572,84.985,576398000.0,0.0,169.97,7.732,7.709,240352000.0,2138852000.0,318441000.0,318441000.0,31710000.0,,,,,8741000.0,46370000.0,1.0,53256961.0,53098000,53664000.0,5.997,2692202000.0,99052000.0,6992000.0,91102000.0,50.703,1830208000.0
4,IPGP,MRQ,2020-06-30,2020-06-30,2020-06-30,2021-08-05,-184501000.0,2758736000.0,,1950526000.0,808210000.0,,45.934,-19248000.0,747859000.0,747859000.0,159962000.0,38366000.0,9.988,0.132,39846000.0,3775000.0,36071000.0,39846000.0,0.0,23251000.0,0.0,0.0,0.0,47518000.0,70769000.0,0.239,70769000.0,47518000.0,49374000.0,0.72,0.71,0.72,2436352000.0,,2436352000.0,7975812792.0,46.0,29.697,54227000.0,1.022,1.0,136449000.0,0.46,149906000.0,-1856000.0,1705531000.0,,367166000.0,501040000.0,501040000.0,0.0,321430000.0,195286000.0,126144000.0,8505091792.0,177701000.0,0.0,-15514000.0,-934000.0,0.0,-2679000.0,104550000.0,123762000.0,73475000.0,2355000.0,38226000.0,38226000.0,38226000.0,0.0,140000.0,0.129,76474000.0,59975000.0,42261000.0,0.0,3.491,66.742,66.552,585644000.0,0.0,160.39,7.199,7.201,203568000.0,2103248000.0,296411000.0,296411000.0,31584000.0,,,,,9223000.0,43725000.0,1.0,53027569.0,53040000,53530000.0,5.588,2608830000.0,93322000.0,11148000.0,91097000.0,49.186,1755240000.0
5,IPGP,MRQ,2020-03-31,2020-03-31,2020-03-31,2021-08-05,-220081000.0,2680134000.0,,1874526000.0,805608000.0,,44.372,-17662000.0,570058000.0,570058000.0,146366000.0,36766000.0,9.592,0.138,40779000.0,3757000.0,37022000.0,40779000.0,0.0,24099000.0,0.0,0.0,0.0,44624000.0,68723000.0,0.276,68723000.0,44624000.0,47697000.0,0.69,0.68,0.69,2355069000.0,,2355069000.0,5212954303.0,24.0,16.391,39119000.0,0.737,1.0,102876000.0,0.413,152459000.0,-3073000.0,1802964000.0,,363383000.0,625085000.0,625085000.0,0.0,324204000.0,195432000.0,128772000.0,5851316303.0,-110643000.0,0.0,-12716000.0,-928000.0,0.0,-20792000.0,-139754000.0,-122171000.0,56781000.0,-6878000.0,36403000.0,36403000.0,36403000.0,0.0,363000.0,0.146,77645000.0,25231000.0,39648000.0,0.0,2.485,36.236,36.157,580980000.0,0.0,110.28,4.686,4.687,200646000.0,2065022000.0,249242000.0,249242000.0,31838000.0,,,,,8430000.0,45807000.0,1.0,53058726.0,53075000,53676000.0,4.696,2527675000.0,83641000.0,11294000.0,95106000.0,47.625,1679094000.0
6,IPGP,MRQ,2019-12-31,2019-12-31,2019-12-31,2021-08-05,-146919000.0,2730436000.0,,1896634000.0,833802000.0,,45.294,-25683000.0,680070000.0,680070000.0,182424000.0,-4303000.0,9.883,0.137,41708000.0,3740000.0,37968000.0,41708000.0,0.0,23737000.0,0.0,0.0,0.0,2813000.0,26550000.0,0.087,26550000.0,2813000.0,2813000.0,-0.08,-0.08,-0.08,2401726000.0,,2401726000.0,7153212776.0,29.0,20.757,104256000.0,1.966,1.0,124203000.0,0.405,156363000.0,0.0,1743807000.0,,380790000.0,502546000.0,502546000.0,0.0,327993000.0,191904000.0,136089000.0,7690910776.0,99866000.0,0.0,-14811000.0,-924000.0,0.0,-10043000.0,-28738000.0,-3049000.0,129939000.0,8708000.0,-4450000.0,-4450000.0,-4450000.0,0.0,147000.0,-0.015,118628000.0,5575000.0,27329000.0,0.0,3.202,42.672,42.624,600852000.0,0.0,144.92,5.85,5.849,238479000.0,2028734000.0,306627000.0,306627000.0,30469000.0,,,,,7792000.0,43909000.0,1.0,53070044.0,53025000,53764000.0,5.783,2574073000.0,70268000.0,7263000.0,109174000.0,48.545,1704730000.0
7,IPGP,MRQ,2019-09-30,2019-09-30,2019-09-30,2021-08-05,-174311000.0,2730904000.0,,1865515000.0,865389000.0,,44.969,-20988000.0,580329000.0,580329000.0,176280000.0,57127000.0,9.075,0.147,42631000.0,3722000.0,38909000.0,42631000.0,0.0,25045000.0,0.0,0.0,0.0,77485000.0,102530000.0,0.312,102530000.0,77485000.0,77485000.0,1.08,1.07,1.08,2380111000.0,,2380111000.0,6727503697.0,19.0,15.276,70815000.0,1.338,1.0,152858000.0,0.464,195515000.0,0.0,1792128000.0,,417163000.0,498508000.0,498508000.0,0.0,350244000.0,205563000.0,144681000.0,7213965697.0,50141000.0,0.0,-23637000.0,-920000.0,0.0,-22881000.0,-4979000.0,15975000.0,91803000.0,-13802000.0,57253000.0,57253000.0,57253000.0,0.0,-126000.0,0.174,77905000.0,74953000.0,30466000.0,0.0,3.031,27.72,27.617,596138000.0,0.0,135.6,5.392,5.364,252926000.0,2033184000.0,329138000.0,329138000.0,32160000.0,,,,,8540000.0,45745000.0,1.0,53200337.0,52928000,53622000.0,6.219,2535389000.0,74108000.0,20232000.0,125716000.0,47.903,1659952000.0
8,IPGP,MRQ,2019-06-30,2019-06-30,2019-06-30,2021-08-05,-143943000.0,2737416000.0,,1863082000.0,874334000.0,,44.618,-53397000.0,530013000.0,530013000.0,183532000.0,72521000.0,8.384,0.156,43551000.0,3705000.0,39846000.0,43551000.0,0.0,24684000.0,0.0,0.0,0.0,95550000.0,120234000.0,0.331,120234000.0,95550000.0,95550000.0,1.36,1.34,1.36,2366647000.0,,2366647000.0,7692965240.0,19.0,15.83,4727000.0,0.089,1.0,180237000.0,0.495,200774000.0,0.0,1827952000.0,,425996000.0,512816000.0,512816000.0,0.0,370055000.0,222228000.0,147827000.0,8197436240.0,-18827000.0,0.0,-2284000.0,-916000.0,0.0,2917000.0,-83106000.0,-29903000.0,58124000.0,3238000.0,72272000.0,72272000.0,72272000.0,0.0,249000.0,0.199,84073000.0,96164000.0,38016000.0,0.0,3.464,27.009,27.014,600977000.0,0.0,154.25,6.005,5.993,273697000.0,1975931000.0,363769000.0,363769000.0,34872000.0,,,,,8893000.0,49201000.0,1.0,53143833.0,53042000,53848000.0,6.858,2536642000.0,70718000.0,23278000.0,127279000.0,47.823,1640854000.0
9,IPGP,MRQ,2019-03-31,2019-03-31,2019-03-31,2021-08-05,-157751000.0,2628736000.0,,1792094000.0,836642000.0,,42.789,-32807000.0,548938000.0,548938000.0,166136000.0,54916000.0,8.541,0.159,44467000.0,3688000.0,40779000.0,44467000.0,0.0,22802000.0,0.0,0.0,0.0,72501000.0,95303000.0,0.303,95303000.0,72501000.0,72501000.0,1.04,1.02,1.04,2267841000.0,,2267841000.0,7539593726.0,16.0,13.74,10848000.0,0.205,1.0,148911000.0,0.473,203629000.0,0.0,1710820000.0,,417817000.0,481139000.0,481139000.0,0.0,360448000.0,209816000.0,150632000.0,8038573726.0,7446000.0,-15115000.0,0.0,-911000.0,0.0,-7060000.0,-23152000.0,24755000.0,43655000.0,-5997000.0,55159000.0,55159000.0,55159000.0,0.0,-243000.0,0.175,78983000.0,69928000.0,39970000.0,0.0,3.545,22.782,22.927,570756000.0,0.0,151.78,5.681,5.685,231850000.0,1903659000.0,315047000.0,315047000.0,32496000.0,,,,,8138000.0,46487000.0,1.0,52962009.0,53001000,53874000.0,5.944,2425107000.0,68399000.0,17342000.0,122860000.0,45.756,1582278000.0
10,IPGP,MRQ,2018-12-31,2018-12-31,2018-12-31,2021-08-05,-162896000.0,2574450000.0,,1805424000.0,769026000.0,,41.569,-26717000.0,544358000.0,544358000.0,163303000.0,75466000.0,7.346,0.167,45378000.0,3671000.0,41707000.0,45378000.0,0.0,21377000.0,0.0,0.0,0.0,100958000.0,122335000.0,0.371,122335000.0,100958000.0,100958000.0,1.43,1.41,1.43,2205548000.0,,2205548000.0,5448384373.0,10.0,8.866,86333000.0,1.627,1.0,166748000.0,0.505,187861000.0,0.0,1641835000.0,,403579000.0,500432000.0,500432000.0,0.0,368215000.0,245774000.0,122441000.0,6049705373.0,-103248000.0,-104692000.0,-64139000.0,-908000.0,0.0,-64518000.0,-146131000.0,-14830000.0,113050000.0,-5649000.0,75559000.0,75559000.0,75559000.0,0.0,-93000.0,0.229,75357000.0,91391000.0,36302000.0,0.0,2.743,14.974,15.005,543068000.0,0.0,113.29,4.144,4.153,255509000.0,1848500000.0,330051000.0,330051000.0,31501000.0,,,,,6584000.0,43856000.0,1.0,53400171.0,53057000,53919000.0,6.221,2386589000.0,62947000.0,25399000.0,131895000.0,44.982,1559650000.0
11,IPGP,MRQ,2018-09-30,2018-09-30,2018-09-30,2021-08-05,-144409000.0,2562099000.0,,1882285000.0,679814000.0,,41.178,-36725000.0,647606000.0,647606000.0,161162000.0,100752000.0,8.635,0.161,46285000.0,3654000.0,42631000.0,46285000.0,0.0,20167000.0,0.0,0.0,0.0,127935000.0,148102000.0,0.416,148102000.0,127935000.0,127935000.0,1.88,1.84,1.88,2205963000.0,,2205963000.0,7620820489.0,13.0,11.568,34975000.0,0.653,1.0,195184000.0,0.548,102613000.0,0.0,1640180000.0,,397409000.0,474422000.0,474422000.0,0.0,355291000.0,217985000.0,137306000.0,8390424489.0,-169186000.0,-1000.0,-60862000.0,-902000.0,0.0,-59902000.0,-188547000.0,-151940000.0,71700000.0,7563000.0,100517000.0,100517000.0,100517000.0,0.0,235000.0,0.282,69633000.0,125551000.0,29494000.0,0.0,3.804,21.998,21.92,529163000.0,0.0,156.07,5.628,5.608,251613000.0,1772941000.0,356346000.0,356346000.0,30909000.0,,,,,7719000.0,38724000.0,1.0,53760649.0,53571000,54696000.0,6.652,2459486000.0,81217000.0,27418000.0,142452000.0,45.911,1664300000.0
12,IPGP,MRQ,2018-06-30,2018-06-30,2018-06-30,2021-08-05,-129357000.0,2530478000.0,,1836035000.0,694443000.0,,40.478,-56972000.0,816792000.0,816792000.0,178638000.0,121617000.0,8.731,0.165,47188000.0,3637000.0,43551000.0,47188000.0,0.0,19504000.0,0.0,0.0,0.0,163506000.0,183010000.0,0.442,183010000.0,163506000.0,163506000.0,2.27,2.21,2.27,2172157000.0,,2172157000.0,11042217584.0,18.0,16.052,51926000.0,0.968,1.0,234975000.0,0.568,106865000.0,0.0,1443730000.0,,376019000.0,308970000.0,308970000.0,0.0,358321000.0,210279000.0,148042000.0,11963253584.0,-152331000.0,-4422000.0,-30993000.0,-899000.0,0.0,-24374000.0,-188878000.0,-127596000.0,108898000.0,-47977000.0,121617000.0,121617000.0,121617000.0,0.0,0.0,0.294,70466000.0,164509000.0,42989000.0,0.0,5.508,30.172,29.815,514767000.0,0.0,220.63,7.834,7.753,242128000.0,1672424000.0,413613000.0,413613000.0,31813000.0,,,,,7309000.0,38653000.0,1.0,54223150.0,53662000,54992000.0,7.708,2423613000.0,68033000.0,41889000.0,133830000.0,45.164,1625756000.0
13,IPGP,MRQ,2018-03-31,2018-03-31,2018-03-31,2021-08-05,-50694000.0,2498007000.0,,1864886000.0,633121000.0,,39.955,-38903000.0,969123000.0,969123000.0,156502000.0,106334000.0,9.536,0.164,48087000.0,3621000.0,44466000.0,48087000.0,0.0,19223000.0,0.0,0.0,0.0,141854000.0,161077000.0,0.448,161077000.0,141854000.0,141854000.0,1.98,1.93,1.98,2145369000.0,,2145369000.0,11754699286.0,20.0,17.763,60750000.0,1.131,1.0,203362000.0,0.565,104989000.0,0.0,1276422000.0,,356375000.0,206786000.0,206786000.0,0.0,352638000.0,195560000.0,157078000.0,12615617286.0,59223000.0,0.0,-20071000.0,-895000.0,0.0,-17853000.0,-39443000.0,-616000.0,99653000.0,16866000.0,106334000.0,106334000.0,106334000.0,0.0,0.0,0.295,67557000.0,135805000.0,33369000.0,0.0,5.88,33.286,32.963,483907000.0,0.0,233.38,8.507,8.45,235477000.0,1550807000.0,359864000.0,359864000.0,28546000.0,,,,,6415000.0,39011000.0,1.0,54056120.0,53694000,55182000.0,6.702,2393018000.0,67370000.0,35520000.0,135432000.0,44.568,1669326000.0
14,IPGP,MRQ,2017-12-31,2017-12-31,2017-12-31,2021-08-05,-77344000.0,2367255000.0,,1754010000.0,613245000.0,,37.715,-26869000.0,909900000.0,909900000.0,152262000.0,52956000.0,8.818,0.171,48982000.0,3604000.0,45378000.0,48982000.0,0.0,18152000.0,0.0,0.0,0.0,148422000.0,166574000.0,0.461,166574000.0,148422000.0,148422000.0,0.99,0.96,0.99,2022322000.0,,2022322000.0,10718600770.0,19.0,17.387,81676000.0,1.523,1.0,208793000.0,0.578,107054000.0,0.0,1200380000.0,,307712000.0,206257000.0,206257000.0,0.0,344933000.0,198903000.0,146030000.0,11548995770.0,29633000.0,-9889000.0,-13076000.0,-891000.0,0.0,-8609000.0,-77489000.0,-40875000.0,108545000.0,7186000.0,52956000.0,52956000.0,52956000.0,0.0,0.0,0.147,61619000.0,147174000.0,35109000.0,0.0,5.711,33.224,32.943,460206000.0,0.0,214.13,8.197,8.13,237278000.0,1443867000.0,361055000.0,361055000.0,26589000.0,,,,,6032000.0,35030000.0,1.0,53934506.0,53621000,55086000.0,6.733,2260201000.0,71920000.0,95466000.0,116425000.0,42.151,1555107000.0
15,IPGP,MRQ,2017-09-30,2017-09-30,2017-09-30,2021-08-05,-89297000.0,2246065000.0,,1642539000.0,603526000.0,,36.66,-55436000.0,880267000.0,880267000.0,168060000.0,115597000.0,9.015,0.146,49872000.0,3576000.0,46296000.0,49872000.0,0.0,16702000.0,0.0,0.0,0.0,160556000.0,177258000.0,0.451,177258000.0,160556000.0,160556000.0,2.16,2.11,2.16,1959099000.0,,1959099000.0,9175407913.0,18.0,16.074,108312000.0,2.027,1.0,224555000.0,0.572,100812000.0,0.0,1132667000.0,,282495000.0,165655000.0,165655000.0,0.0,286966000.0,182191000.0,104775000.0,9960955913.0,72156000.0,-39287000.0,-2799000.0,27309000.0,0.0,30654000.0,-138020000.0,-43369000.0,163748000.0,15774000.0,115597000.0,115597000.0,115597000.0,0.0,0.0,0.294,60416000.0,164139000.0,34271000.0,0.0,5.084,26.937,26.743,441494000.0,0.0,185.06,7.501,7.447,226756000.0,1390911000.0,392615000.0,392615000.0,25541000.0,,,,,5930000.0,34875000.0,1.0,53825548.0,53440000,54698000.0,7.347,2145253000.0,81186000.0,44959000.0,68539000.0,40.143,1460348000.0
16,IPGP,MRQ,2017-06-30,2017-06-30,2017-06-30,2021-08-05,-119167000.0,2030542000.0,,1510774000.0,519768000.0,,33.802,-6572000.0,808111000.0,808111000.0,163077000.0,104103000.0,9.636,0.125,22563000.0,1188000.0,21375000.0,22563000.0,0.0,15210000.0,0.0,0.0,0.0,141646000.0,156856000.0,0.425,156856000.0,141646000.0,141646000.0,1.95,1.91,1.95,1804357000.0,,1804357000.0,7131490514.0,16.0,14.21,75710000.0,1.418,1.0,206296000.0,0.559,61022000.0,0.0,1027187000.0,,260661000.0,122304000.0,122304000.0,0.0,226185000.0,156785000.0,69400000.0,7789241514.0,110333000.0,-11307000.0,-11573000.0,-17463000.0,0.0,-21681000.0,24330000.0,42730000.0,82282000.0,25402000.0,104116000.0,104116000.0,104116000.0,0.0,-13000.0,0.282,57971000.0,148325000.0,28996000.0,0.0,4.317,24.083,23.944,389853000.0,0.0,145.1,6.484,6.447,237332000.0,1275314000.0,369373000.0,369373000.0,25960000.0,,,,,5708000.0,32011000.0,1.0,53681885.0,53380000,54471000.0,6.92,1969520000.0,85755000.0,37530000.0,58127000.0,36.896,1353989000.0
17,IPGP,MRQ,2017-03-31,2017-03-31,2017-03-31,2021-08-05,-151626000.0,1902573000.0,,1391014000.0,511559000.0,,31.219,-21776000.0,697778000.0,697778000.0,128579000.0,74932000.0,8.819,0.142,40027000.0,3188000.0,36839000.0,40027000.0,0.0,14504000.0,0.0,0.0,0.0,101273000.0,115777000.0,0.405,115777000.0,101273000.0,101273000.0,1.4,1.38,1.4,1666095000.0,,1666095000.0,5876487884.0,15.0,12.981,29044000.0,0.544,1.0,157267000.0,0.55,47723000.0,0.0,1039363000.0,,261893000.0,165025000.0,165025000.0,0.0,236301000.0,157736000.0,78565000.0,6459519884.0,73923000.0,0.0,-12539000.0,-797000.0,0.0,-3736000.0,20374000.0,42197000.0,50820000.0,6465000.0,74945000.0,74945000.0,74945000.0,0.0,-13000.0,0.262,51333000.0,105934000.0,25388000.0,0.0,3.877,22.557,22.477,395858000.0,0.0,120.7,5.955,5.938,180226000.0,1171198000.0,285846000.0,285846000.0,22780000.0,,,,,5351000.0,28553000.0,1.0,53517149.0,53368000,54370000.0,5.356,1854850000.0,89007000.0,26328000.0,65149000.0,34.756,1233278000.0
18,IPGP,MRQ,2016-12-31,2016-12-31,2016-12-31,2021-08-05,-178583000.0,1789999000.0,,1300962000.0,489037000.0,,29.302,-26557000.0,623855000.0,623855000.0,124786000.0,75129000.0,8.22,0.149,40823000.0,3188000.0,37635000.0,40823000.0,0.0,13829000.0,0.0,0.0,0.0,107113000.0,120942000.0,0.432,120942000.0,107113000.0,106278000.0,1.41,1.4,1.41,1557558000.0,,1557558000.0,4638287729.0,13.0,11.094,75294000.0,1.416,1.0,155335000.0,0.555,48617000.0,835000.0,1000075000.0,,239010000.0,206779000.0,206779000.0,0.0,232275000.0,158275000.0,74000000.0,5242225729.0,-21703000.0,-1265000.0,-5463000.0,-797000.0,0.0,737000.0,-107504000.0,-80134000.0,101851000.0,-16787000.0,75132000.0,75132000.0,75132000.0,0.0,-3000.0,0.268,51955000.0,103380000.0,28048000.0,0.0,3.366,20.104,20.104,379375000.0,0.0,98.71,5.21,5.206,155901000.0,1094108000.0,280121000.0,280121000.0,22108000.0,,,,,5635000.0,29847000.0,1.0,53107342.0,53155000,53932000.0,5.27,1741382000.0,76570000.0,31146000.0,60919000.0,32.76,1142687000.0
19,IPGP,MRQ,2016-09-30,2016-09-30,2016-09-30,2021-08-05,-148430000.0,1727298000.0,,1276498000.0,450800000.0,,28.318,-29148000.0,645558000.0,645558000.0,121226000.0,69227000.0,8.202,0.149,41620000.0,3188000.0,38432000.0,41620000.0,0.0,13993000.0,0.0,0.0,0.0,94288000.0,108281000.0,0.407,108281000.0,94288000.0,94661000.0,1.3,1.29,1.3,1502846000.0,,1502846000.0,3832270915.0,11.0,9.789,58393000.0,1.1,1.0,144791000.0,0.544,48514000.0,-373000.0,919219000.0,,242370000.0,126970000.0,126970000.0,0.0,224282000.0,155627000.0,68655000.0,4377139915.0,58272000.0,0.0,-3483000.0,-797000.0,0.0,-3673000.0,-29279000.0,-75000.0,87541000.0,3683000.0,69235000.0,69235000.0,69235000.0,0.0,-8000.0,0.26,47800000.0,96991000.0,17899000.0,0.0,2.913,17.77,17.748,367474000.0,0.0,82.35,4.609,4.602,162725000.0,1018976000.0,266017000.0,266017000.0,20543000.0,,,,,5663000.0,27257000.0,1.0,53152883.0,53071000,53761000.0,5.012,1678784000.0,75333000.0,25426000.0,68387000.0,31.633,1120871000.0
20,IPGP,MRQ,2016-06-30,2016-06-30,2016-06-30,2021-08-05,-156451000.0,1629307000.0,,1197247000.0,432060000.0,,26.816,-45848000.0,587286000.0,587286000.0,115084000.0,67031000.0,8.87,0.145,42417000.0,3188000.0,39229000.0,42417000.0,0.0,12259000.0,0.0,0.0,0.0,95445000.0,107704000.0,0.426,107704000.0,95445000.0,95445000.0,1.26,1.25,1.26,1422989000.0,,1422989000.0,3651710760.0,11.0,9.514,-2441000.0,-0.046,1.0,137703000.0,0.545,49857000.0,0.0,899605000.0,,241282000.0,126794000.0,126794000.0,0.0,206144000.0,134976000.0,71168000.0,4246235760.0,-26406000.0,-46527000.0,0.0,23259000.0,0.0,28244000.0,-92941000.0,-592000.0,43407000.0,-5116000.0,67058000.0,67058000.0,67058000.0,0.0,-27000.0,0.265,44252000.0,93451000.0,20414000.0,0.0,2.984,17.702,17.66,350432000.0,0.0,80.0,4.58,4.579,151476000.0,949741000.0,252787000.0,252787000.0,18412000.0,,,,,5477000.0,25840000.0,1.0,53077947.0,53065000,53788000.0,4.764,1579450000.0,70805000.0,28387000.0,62779000.0,29.764,1062271000.0
21,IPGP,MRQ,2016-03-31,2016-03-31,2016-03-31,2021-08-05,-152987000.0,1550100000.0,,1197639000.0,352461000.0,,25.442,-24831000.0,613692000.0,613692000.0,92838000.0,49328000.0,7.949,0.151,19167000.0,2000000.0,17167000.0,19167000.0,0.0,11394000.0,0.0,0.0,0.0,70216000.0,81610000.0,0.394,81610000.0,70216000.0,70216000.0,0.93,0.92,0.93,1345856000.0,,1345856000.0,4518588483.0,14.0,12.075,40066000.0,0.757,1.0,114410000.0,0.552,11568000.0,0.0,793336000.0,,226907000.0,126273000.0,126273000.0,0.0,203102000.0,150671000.0,52431000.0,5081453483.0,31160000.0,0.0,0.0,-509000.0,0.0,2135000.0,-44684000.0,-19899000.0,64897000.0,8812000.0,49326000.0,49326000.0,49326000.0,0.0,2000.0,0.238,39424000.0,74986000.0,20277000.0,0.0,3.776,21.704,21.688,309206000.0,0.0,96.08,5.587,5.588,146505000.0,882682000.0,207248000.0,207248000.0,17489000.0,,,,,4959000.0,21935000.0,1.0,52887734.0,52898000,53621000.0,3.918,1538532000.0,71574000.0,20890000.0,92671000.0,29.085,1046968000.0
22,IPGP,MRQ,2015-12-31,2015-12-31,2015-12-31,2021-08-05,-181482000.0,1453429000.0,,1102589000.0,350840000.0,,23.846,-19427000.0,582532000.0,582532000.0,101583000.0,60678000.0,7.776,0.153,19667000.0,2000000.0,17667000.0,19667000.0,0.0,11336000.0,0.0,0.0,0.0,82539000.0,93875000.0,0.42,93875000.0,82539000.0,82573000.0,1.15,1.13,1.15,1259528000.0,,1259528000.0,4075177670.0,12.0,10.6,49444000.0,0.936,1.0,122043000.0,0.546,12409000.0,-34000.0,736365000.0,,203738000.0,106584000.0,106584000.0,0.0,192764000.0,141790000.0,50974000.0,4705982670.0,-68688000.0,0.0,-10489000.0,-566000.0,0.0,-2745000.0,-126144000.0,-106747000.0,68871000.0,-8670000.0,60704000.0,60704000.0,60704000.0,0.0,-26000.0,0.271,41127000.0,80916000.0,26314000.0,0.0,3.736,19.434,19.383,288604000.0,0.0,89.16,5.222,5.211,150479000.0,833356000.0,223626000.0,223626000.0,17769000.0,,,,,10936000.0,23358000.0,1.0,52781322.0,52820000,53538000.0,4.234,1441020000.0,63424000.0,21869000.0,71116000.0,27.282,960799000.0
23,IPGP,MRQ,2015-09-30,2015-09-30,2015-09-30,2021-08-05,-155802000.0,1408206000.0,,1078072000.0,330134000.0,,23.059,-18061000.0,651220000.0,651220000.0,110237000.0,62757000.0,7.243,0.158,20415000.0,2248000.0,18167000.0,20415000.0,0.0,10903000.0,0.0,0.0,0.0,89728000.0,100631000.0,0.413,100631000.0,89728000.0,89688000.0,1.19,1.18,1.19,1214658000.0,,1214658000.0,3456229693.0,10.0,9.108,75140000.0,1.426,1.0,133304000.0,0.547,13252000.0,40000.0,615299000.0,,197635000.0,0.0,0.0,0.0,192320000.0,148850000.0,43470000.0,4005470693.0,79712000.0,0.0,915000.0,-1997000.0,0.0,-925000.0,-18084000.0,0.0,93201000.0,5520000.0,62791000.0,62791000.0,62791000.0,0.0,-34000.0,0.258,38617000.0,94687000.0,20862000.0,0.0,3.298,16.838,16.808,286514000.0,0.0,75.97,4.526,4.522,154814000.0,772652000.0,243541000.0,243541000.0,16221000.0,,,,,4856000.0,22396000.0,1.0,52724374.0,52675000,53392000.0,4.623,1394954000.0,60419000.0,26897000.0,74130000.0,26.482,929222000.0
24,IPGP,MRQ,2015-06-30,2015-06-30,2015-06-30,2021-08-05,-139262000.0,1334541000.0,,1002370000.0,332171000.0,,22.073,-18571000.0,571508000.0,571508000.0,106435000.0,61244000.0,7.97,0.147,22267000.0,3600000.0,18667000.0,22267000.0,0.0,10433000.0,0.0,0.0,0.0,87659000.0,98092000.0,0.417,98092000.0,87659000.0,87547000.0,1.16,1.15,1.16,1162321000.0,,1162321000.0,3973854024.0,12.0,10.86,30831000.0,0.586,1.0,128703000.0,0.547,14529000.0,112000.0,645000000.0,,190848000.0,0.0,0.0,0.0,170786000.0,125771000.0,45015000.0,4482638024.0,30034000.0,0.0,5165000.0,-10405000.0,0.0,-4348000.0,-18545000.0,0.0,49402000.0,3525000.0,61299000.0,61299000.0,61299000.0,0.0,-55000.0,0.261,38093000.0,90610000.0,21537000.0,0.0,3.857,19.465,19.402,288553000.0,0.0,85.175,5.329,5.332,169828000.0,709860000.0,235138000.0,235138000.0,15114000.0,,,,,3843000.0,22979000.0,1.0,52628565.0,52657000,53442000.0,4.465,1320012000.0,53440000.0,26248000.0,58708000.0,25.068,876599000.0
25,IPGP,MRQ,2015-03-31,2015-03-31,2015-03-31,2021-08-05,-150539000.0,1249260000.0,,931028000.0,318232000.0,,20.557,-13896000.0,541474000.0,541474000.0,91133000.0,57346000.0,7.561,0.156,32690000.0,13523000.0,19167000.0,32690000.0,0.0,9743000.0,0.0,0.0,0.0,82120000.0,91863000.0,0.462,91863000.0,82120000.0,81936000.0,1.09,1.08,1.09,1078953000.0,,1078953000.0,4378609862.0,14.0,12.662,38112000.0,0.726,1.0,107827000.0,0.542,15432000.0,184000.0,601914000.0,,174140000.0,0.0,0.0,0.0,168741000.0,123130000.0,45611000.0,4865128862.0,19324000.0,-4958000.0,4409000.0,-2705000.0,0.0,6477000.0,-18794000.0,0.0,52008000.0,-20367000.0,57359000.0,57359000.0,57359000.0,0.0,-13000.0,0.288,34557000.0,73270000.0,15916000.0,0.0,4.509,22.392,22.284,274145000.0,0.0,92.7,6.095,6.095,149781000.0,648561000.0,198960000.0,198960000.0,14230000.0,,,,,-646000.0,20327000.0,1.0,52482512.0,52486000,53267000.0,3.791,1233828000.0,47716000.0,24577000.0,57926000.0,23.508,807898000.0
26,IPGP,MRQ,2014-12-31,2014-12-31,2014-12-31,2021-08-05,-112263000.0,1210887000.0,,893838000.0,317049000.0,,20.035,-15862000.0,522150000.0,522150000.0,93485000.0,56431000.0,7.322,0.157,35631000.0,15964000.0,19667000.0,35631000.0,0.0,9203000.0,0.0,0.0,0.0,79689000.0,88892000.0,0.429,88892000.0,79689000.0,79755000.0,1.08,1.06,1.08,1046561000.0,,1046561000.0,3435913701.0,12.0,10.732,40156000.0,0.769,1.0,113917000.0,0.549,9682000.0,-66000.0,592611000.0,,171009000.0,0.0,0.0,0.0,164326000.0,122075000.0,42251000.0,3909488701.0,34632000.0,0.0,3828000.0,-223000.0,0.0,6888000.0,-15841000.0,0.0,56018000.0,-12433000.0,56431000.0,56431000.0,56431000.0,0.0,0.0,0.272,36865000.0,77052000.0,17141000.0,0.0,3.736,19.504,19.46,275082000.0,0.0,74.92,5.078,5.071,143109000.0,591202000.0,207402000.0,207402000.0,13810000.0,,,,,822000.0,23055000.0,1.0,52182177.0,52236000,52956000.0,3.97,1201205000.0,41713000.0,23324000.0,47497000.0,22.996,771763000.0
27,IPGP,MRQ,2014-09-30,2014-09-30,2014-09-30,2021-08-05,-54474000.0,1185388000.0,,863254000.0,322134000.0,,19.903,-26778000.0,487518000.0,487518000.0,90561000.0,55200000.0,6.743,0.143,13943000.0,13943000.0,0.0,13943000.0,0.0,9321000.0,0.0,0.0,0.0,77751000.0,87072000.0,0.436,87072000.0,77751000.0,77747000.0,1.06,1.05,1.06,1036703000.0,,1036703000.0,3116419030.0,12.0,10.808,20434000.0,0.392,1.0,109090000.0,0.546,10302000.0,4000.0,573498000.0,,179476000.0,0.0,0.0,0.0,148685000.0,128013000.0,20672000.0,3585127030.0,4086000.0,0.0,351000.0,-583000.0,0.0,38000.0,-28754000.0,0.0,47212000.0,-14410000.0,55200000.0,55200000.0,55200000.0,0.0,0.0,0.276,35115000.0,73975000.0,18969000.0,0.0,3.458,19.85,19.821,271286000.0,0.0,68.78,4.923,4.919,136629000.0,534771000.0,199651000.0,199651000.0,13447000.0,,,,,3625000.0,21668000.0,1.0,52124557.0,52088000,52792000.0,3.833,1175086000.0,45841000.0,22547000.0,48911000.0,22.56,735241000.0
28,IPGP,MRQ,2014-06-30,2014-06-30,2014-06-30,2021-08-05,-7601000.0,1158386000.0,,854092000.0,304294000.0,,19.664,-34190000.0,483432000.0,483432000.0,87977000.0,48283000.0,7.547,0.131,14724000.0,14724000.0,0.0,14724000.0,0.0,8986000.0,0.0,0.0,0.0,68988000.0,77974000.0,0.406,77974000.0,68988000.0,68988000.0,0.93,0.92,0.93,1023860000.0,,1023860000.0,3115099226.0,13.0,11.546,-706000.0,-0.014,1.0,104227000.0,0.542,8927000.0,0.0,567579000.0,,178925000.0,0.0,0.0,0.0,134526000.0,113172000.0,21354000.0,3581075226.0,2823000.0,0.0,2768000.0,103000.0,0.0,3732000.0,-34180000.0,0.0,33484000.0,-213000.0,48283000.0,48283000.0,48283000.0,0.0,0.0,0.251,34533000.0,69694000.0,15059000.0,0.0,3.498,21.348,21.3,268122000.0,0.0,68.8,5.11,5.112,124144000.0,479571000.0,192204000.0,192204000.0,13362000.0,,,,,3044000.0,21171000.0,1.0,52050512.0,52068000,52769000.0,3.691,1149459000.0,43096000.0,20705000.0,41364000.0,22.076,740920000.0
29,IPGP,MRQ,2014-03-31,2014-03-31,2014-03-31,2021-08-05,-14328000.0,1097013000.0,,825133000.0,271880000.0,,18.498,-11337000.0,480609000.0,480609000.0,81291000.0,40531000.0,7.989,0.141,14633000.0,3633000.0,11000000.0,14633000.0,0.0,8102000.0,0.0,0.0,0.0,58123000.0,66225000.0,0.388,66225000.0,58123000.0,57984000.0,0.78,0.77,0.78,961316000.0,,961316000.0,3260145836.0,14.0,12.582,32054000.0,0.617,1.0,89284000.0,0.523,9473000.0,139000.0,518286000.0,,170556000.0,0.0,0.0,0.0,135697000.0,103278000.0,32419000.0,3692959836.0,31833000.0,0.0,611000.0,-1305000.0,0.0,871000.0,-11305000.0,0.0,43391000.0,-1124000.0,40531000.0,40531000.0,40531000.0,0.0,0.0,0.238,32865000.0,56419000.0,18620000.0,0.0,3.842,22.911,22.855,249361000.0,0.0,71.08,5.457,5.458,107598000.0,431288000.0,170575000.0,170575000.0,12784000.0,,,,,1702000.0,20081000.0,1.0,51954978.0,51970000,52724000.0,3.282,1087540000.0,39266000.0,17453000.0,38577000.0,20.926,721855000.0
30,IPGP,MRQ,2013-12-31,2013-12-31,2013-12-31,2021-08-05,-1701000.0,1061216000.0,,786343000.0,274873000.0,,17.925,-22552000.0,448776000.0,448776000.0,84337000.0,36595000.0,7.857,0.144,15962000.0,4629000.0,11333000.0,15962000.0,0.0,8110000.0,0.0,0.0,0.0,48959000.0,57069000.0,0.344,57069000.0,48959000.0,48983000.0,0.7,0.69,0.7,927969000.0,,927969000.0,3627111957.0,17.0,14.519,35854000.0,0.693,1.0,81522000.0,0.492,10019000.0,-24000.0,518304000.0,,172700000.0,0.0,0.0,0.0,133247000.0,100079000.0,33168000.0,4010919957.0,50421000.0,0.0,4047000.0,1414000.0,0.0,10725000.0,-22642000.0,495000.0,58406000.0,3932000.0,36595000.0,36595000.0,36595000.0,0.0,0.0,0.221,31105000.0,50417000.0,18787000.0,0.0,4.322,25.747,25.699,252245000.0,0.0,77.61,6.189,6.174,103803000.0,390757000.0,165859000.0,165859000.0,10878000.0,,,,,-2148000.0,20227000.0,1.0,51680453.0,51770000,52462000.0,3.204,1051197000.0,35027000.0,12388000.0,39162000.0,20.305,686264000.0
31,IPGP,MRQ,2013-09-30,2013-09-30,2013-09-30,2021-08-05,-4961000.0,1009796000.0,,749208000.0,260588000.0,,17.005,-14034000.0,398355000.0,398355000.0,79339000.0,42338000.0,7.081,0.153,14547000.0,2880000.0,11667000.0,14547000.0,0.0,8529000.0,0.0,0.012,0.0,59991000.0,68520000.0,0.398,68520000.0,59991000.0,60054000.0,0.82,0.81,0.82,875687000.0,,875687000.0,2549826255.0,12.0,10.282,22653000.0,0.44,1.0,92813000.0,0.539,10586000.0,-63000.0,509595000.0,,171268000.0,0.0,0.0,0.0,134109000.0,105807000.0,28302000.0,2904155255.0,28871000.0,0.0,1051000.0,-608000.0,0.0,1697000.0,-13999000.0,0.0,36687000.0,4486000.0,42338000.0,42338000.0,42338000.0,0.0,0.0,0.246,31477000.0,61336000.0,14293000.0,0.0,3.316,18.846,18.909,236507000.0,0.0,56.35,4.63,4.626,120640000.0,354162000.0,172152000.0,172152000.0,11501000.0,,,,,1878000.0,19976000.0,1.0,51537804.0,51495000,52367000.0,3.343,999210000.0,34973000.0,17716000.0,45716000.0,19.404,643401000.0
32,IPGP,MRQ,2013-06-30,2013-06-30,2013-06-30,2021-08-05,-16906000.0,939255000.0,,691585000.0,247670000.0,,15.856,-16440000.0,369484000.0,369484000.0,78249000.0,41720000.0,7.264,0.151,15155000.0,3155000.0,12000000.0,15155000.0,0.0,7668000.0,0.0,0.011,0.0,59636000.0,67304000.0,0.4,67304000.0,59636000.0,59601000.0,0.81,0.8,0.81,815967000.0,,815967000.0,2792927177.0,13.0,11.331,19173000.0,0.373,1.0,89922000.0,0.535,11411000.0,35000.0,478313000.0,,154093000.0,0.0,0.0,0.0,123288000.0,95202000.0,28086000.0,3124786177.0,13769000.0,0.0,1457000.0,-8648000.0,0.0,-6299000.0,-16408000.0,0.0,35613000.0,863000.0,41720000.0,41720000.0,41720000.0,0.0,0.0,0.248,30157000.0,59765000.0,18525000.0,0.0,3.83,20.265,20.311,225195000.0,0.0,60.73,5.111,5.111,114498000.0,311824000.0,168171000.0,168171000.0,10483000.0,,,,,2048000.0,19674000.0,1.0,51453749.0,51462000,52385000.0,3.268,927844000.0,30970000.0,17881000.0,36158000.0,18.03,596383000.0
33,IPGP,MRQ,2013-03-31,2013-03-31,2013-03-31,2021-08-05,-12639000.0,892258000.0,,649371000.0,242887000.0,,15.041,-17657000.0,355715000.0,355715000.0,66211000.0,35127000.0,7.37,0.154,23856000.0,11331000.0,12525000.0,23856000.0,0.0,7217000.0,0.0,0.01,0.0,49716000.0,56933000.0,0.401,56933000.0,49716000.0,49663000.0,0.68,0.67,0.68,773225000.0,,773225000.0,3048417000.0,14.0,12.725,-28996000.0,-0.564,1.0,75641000.0,0.533,14670000.0,53000.0,457619000.0,,142096000.0,0.0,0.0,0.0,119033000.0,88110000.0,30923000.0,3414509000.0,-28338000.0,-5555000.0,720000.0,5842000.0,0.0,8026000.0,-22837000.0,0.0,-11339000.0,-2188000.0,35127000.0,35127000.0,35127000.0,0.0,0.0,0.248,26476000.0,49165000.0,14575000.0,0.0,4.416,22.731,22.743,218995000.0,0.0,66.41,5.875,5.874,102793000.0,270104000.0,141852000.0,141852000.0,8798000.0,,,,,1068000.0,17678000.0,1.0,51415585.0,51407000,52350000.0,2.759,877588000.0,27846000.0,14536000.0,30464000.0,17.071,561261000.0
34,IPGP,MRQ,2012-12-31,2012-12-31,2012-12-31,2021-08-05,-3094000.0,895498000.0,,664959000.0,230539000.0,,14.483,-16469000.0,384053000.0,384053000.0,69856000.0,34912000.0,5.3,0.205,17961000.0,3947000.0,14014000.0,17961000.0,0.0,6976000.0,0.0,0.01,0.65,48248000.0,55224000.0,0.381,55224000.0,48248000.0,48026000.0,0.67,0.65,0.67,742927000.0,,742927000.0,3065402630.0,15.0,13.196,42302000.0,0.825,1.0,75174000.0,0.518,10408000.0,222000.0,393543000.0,,139618000.0,0.0,0.0,0.0,152571000.0,125455000.0,27116000.0,3417158630.0,11484000.0,0.0,1170000.0,-2741000.0,-33353000.0,-34115000.0,-17085000.0,-1000.0,58771000.0,3913000.0,34912000.0,34912000.0,34912000.0,0.0,0.0,0.241,26281000.0,48893000.0,17783000.0,0.97,4.6,23.566,23.223,210563000.0,0.0,66.65,6.075,5.981,96630000.0,234977000.0,145030000.0,145030000.0,9270000.0,,,,,1398000.0,17011000.0,1.0,51270197.0,51296000,52301000.0,2.827,885090000.0,28126000.0,13114000.0,65376000.0,17.255,539504000.0
35,IPGP,MRQ,2012-09-30,2012-09-30,2012-09-30,2021-08-05,-10705000.0,878385000.0,,661106000.0,217279000.0,,14.28,-15749000.0,372569000.0,372569000.0,70420000.0,42435000.0,5.451,0.204,20813000.0,6472000.0,14341000.0,20813000.0,0.0,6810000.0,0.0,0.0,0.0,60212000.0,67022000.0,0.429,67022000.0,60212000.0,60267000.0,0.83,0.81,0.83,729572000.0,,729572000.0,2601303833.0,13.0,11.391,22301000.0,0.437,1.0,85959000.0,0.55,10988000.0,-55000.0,394360000.0,,135121000.0,0.0,0.0,0.0,148813000.0,121281000.0,27532000.0,2926593833.0,26991000.0,-11596000.0,1967000.0,413000.0,0.0,5155000.0,-17854000.0,9765000.0,38050000.0,1640000.0,42435000.0,42435000.0,42435000.0,0.0,0.0,0.271,24156000.0,61803000.0,14291000.0,0.0,4.011,20.73,20.035,195153000.0,0.0,57.3,5.409,5.411,110649000.0,233418000.0,156379000.0,156379000.0,7762000.0,,,,,-616000.0,16394000.0,1.0,51074936.0,51090000,52102000.0,3.061,867397000.0,28890000.0,17832000.0,44785000.0,16.978,539825000.0
36,IPGP,MRQ,2012-06-30,2012-06-30,2012-06-30,2021-08-05,-21208000.0,798014000.0,,602957000.0,195057000.0,,13.135,-22187000.0,345578000.0,345578000.0,63017000.0,39849000.0,5.81,0.192,20288000.0,5617000.0,14671000.0,20288000.0,0.0,6143000.0,0.0,0.0,0.0,54246000.0,60389000.0,0.438,60389000.0,54246000.0,54861000.0,0.74,0.72,0.74,669731000.0,,669731000.0,1871365666.0,10.0,8.682,29263000.0,0.574,1.0,74910000.0,0.543,4946000.0,-615000.0,364000000.0,,121979000.0,9765000.0,9765000.0,0.0,128283000.0,103778000.0,24505000.0,2222077666.0,-31493000.0,0.0,1254000.0,-6553000.0,0.0,-60652000.0,-13689000.0,8686000.0,51450000.0,-8602000.0,37742000.0,37742000.0,37742000.0,0.0,2107000.0,0.274,21819000.0,53091000.0,13200000.0,0.0,3.318,16.884,16.085,177441000.0,0.0,43.59,4.326,4.327,86132000.0,190983000.0,137927000.0,137927000.0,7229000.0,,,,,2154000.0,14590000.0,1.0,50976776.0,50989000,52071000.0,2.705,793068000.0,31647000.0,17119000.0,38736000.0,15.554,499179000.0
37,IPGP,MRQ,2012-03-31,2012-03-31,2012-03-31,2021-08-05,877000.0,834905000.0,,647678000.0,187227000.0,,13.59,-13779000.0,377071000.0,377071000.0,54508000.0,30548000.0,6.28,0.195,26359000.0,11227000.0,15132000.0,26359000.0,0.0,6215000.0,0.0,0.0,0.0,43450000.0,49665000.0,0.403,49665000.0,43450000.0,43321000.0,0.63,0.61,0.63,658366000.0,,658366000.0,2325933014.0,13.0,11.281,13226000.0,0.273,1.0,68684000.0,0.558,5727000.0,129000.0,375327000.0,,123430000.0,18451000.0,18451000.0,0.0,128152000.0,103139000.0,25013000.0,2481771014.0,196837000.0,0.0,169017000.0,2334000.0,0.0,171699000.0,-6629000.0,7001000.0,27005000.0,4762000.0,29915000.0,29915000.0,29915000.0,0.0,633000.0,0.243,22221000.0,46463000.0,13488000.0,0.0,3.77,19.917,19.866,169876000.0,0.0,52.05,4.986,5.066,88426000.0,153241000.0,123192000.0,123192000.0,7140000.0,,,,,950000.0,15081000.0,1.0,47680519.0,48446000,49582000.0,2.543,829178000.0,31370000.0,13406000.0,34410000.0,17.116,544539000.0
38,IPGP,MRQ,2011-12-31,2011-12-31,2011-12-31,2021-08-05,-12100000.0,608132000.0,,434457000.0,173675000.0,,9.32,-18257000.0,180234000.0,180234000.0,57100000.0,31855000.0,4.636,0.267,24396000.0,8670000.0,15726000.0,24396000.0,0.0,5780000.0,0.0,0.0,0.0,45509000.0,51289000.0,0.415,51289000.0,45509000.0,45413000.0,0.66,0.64,0.66,443323000.0,,443323000.0,1439203041.0,8.0,7.344,13099000.0,0.275,1.0,66424000.0,0.538,6157000.0,96000.0,352425000.0,,116978000.0,25451000.0,25451000.0,0.0,118399000.0,93712000.0,24687000.0,1610216041.0,-16352000.0,-300000.0,777000.0,-928000.0,0.0,372000.0,-44088000.0,-25451000.0,31356000.0,-3992000.0,31086000.0,31086000.0,31086000.0,0.0,769000.0,0.252,21803000.0,44621000.0,11122000.0,0.0,3.632,13.674,13.657,155202000.0,0.0,33.87,3.394,3.381,75755000.0,122833000.0,123524000.0,123524000.0,6580000.0,,,,,1345000.0,15223000.0,1.0,47541070.0,47566000,48688000.0,2.597,601975000.0,29014000.0,14327000.0,35596000.0,12.656,340745000.0
39,IPGP,MRQ,2011-09-30,2011-09-30,2011-09-30,2021-08-05,-2447000.0,596324000.0,,431612000.0,164712000.0,,8.818,-11964000.0,196586000.0,196586000.0,58605000.0,34269000.0,3.9,0.424,25573000.0,9277000.0,16296000.0,25573000.0,0.0,6227000.0,0.0,0.0,0.0,47977000.0,54204000.0,0.42,54204000.0,47977000.0,47768000.0,0.68,0.66,0.68,418727000.0,,418727000.0,1899622126.0,11.0,10.025,17039000.0,0.359,1.0,70459000.0,0.546,6954000.0,209000.0,307699000.0,,117276000.0,0.0,0.0,0.0,177361000.0,110658000.0,66703000.0,2062269126.0,8390000.0,0.0,502000.0,71000.0,0.0,1825000.0,-11887000.0,0.0,29003000.0,-10551000.0,32869000.0,32869000.0,32869000.0,0.0,1400000.0,0.255,23154000.0,47305000.0,15241000.0,0.0,4.925,18.132,18.1,143339000.0,0.0,43.44,4.563,4.564,80361000.0,91753000.0,129064000.0,129064000.0,6501000.0,,,,,627000.0,16653000.0,1.0,47473967.0,47483000,48747000.0,2.718,589370000.0,28620000.0,14899000.0,34892000.0,12.412,320954000.0
40,IPGP,MRQ,2011-06-30,2011-06-30,2011-06-30,2021-08-05,17000000.0,561381000.0,,399800000.0,161581000.0,,8.501,-13199000.0,188196000.0,188196000.0,55230000.0,31507000.0,4.402,0.395,25549000.0,8791000.0,16758000.0,25549000.0,0.0,6297000.0,0.0,0.0,0.0,44733000.0,51030000.0,0.418,51030000.0,44733000.0,44563000.0,0.65,0.63,0.65,402159000.0,,402159000.0,3301405968.0,24.0,20.504,3639000.0,0.077,1.0,66706000.0,0.547,7736000.0,170000.0,300170000.0,,109273000.0,0.0,0.0,0.0,158977000.0,90828000.0,68149000.0,3436793968.0,27578000.0,0.0,-895000.0,216000.0,0.0,22444000.0,-13236000.0,0.0,16838000.0,1532000.0,30736000.0,30736000.0,30736000.0,0.0,771000.0,0.252,20790000.0,45916000.0,14884000.0,0.0,8.546,36.526,36.355,141902000.0,0.0,72.71,8.535,8.542,73284000.0,59371000.0,121936000.0,121936000.0,6610000.0,,,,,-1456000.0,14180000.0,1.0,47267143.0,47310000,48610000.0,2.577,553645000.0,16135000.0,13827000.0,21082000.0,11.702,308972000.0
41,IPGP,MRQ,2011-03-31,2011-03-31,2011-03-31,2021-08-05,13890000.0,489567000.0,,336810000.0,152757000.0,,7.649,-9587000.0,160618000.0,160618000.0,46292000.0,23378000.0,4.038,0.358,25230000.0,8118000.0,17112000.0,25230000.0,0.0,5658000.0,0.0,0.0,0.0,33796000.0,39454000.0,0.395,39454000.0,33796000.0,33590000.0,0.49,0.47,0.49,360239000.0,,360239000.0,2599346252.0,24.0,19.855,567000.0,0.012,1.0,53666000.0,0.537,8104000.0,206000.0,262674000.0,,88698000.0,0.0,0.0,0.0,129118000.0,83401000.0,45717000.0,2723388252.0,12758000.0,-450000.0,4884000.0,-748000.0,0.0,7244000.0,-9888000.0,0.0,10154000.0,5248000.0,23068000.0,23068000.0,23068000.0,0.0,310000.0,0.231,18840000.0,34826000.0,12526000.0,0.0,7.56,36.971,36.739,131300000.0,0.0,57.68,7.826,7.806,57970000.0,28635000.0,99958000.0,99958000.0,5731000.0,,,,,-501000.0,13117000.0,1.0,47215469.0,47099000,48690000.0,2.122,481463000.0,16175000.0,10522000.0,18011000.0,10.222,253409000.0
42,IPGP,MRQ,2010-12-31,2010-12-31,2010-12-31,2021-08-05,810000.0,441855000.0,,300801000.0,141054000.0,,6.759,-14173000.0,147860000.0,147860000.0,45466000.0,27268000.0,3.634,0.316,23818000.0,8174000.0,15644000.0,23818000.0,0.0,5747000.0,0.0,0.0,0.0,39061000.0,44808000.0,0.444,44808000.0,39061000.0,38622000.0,0.58,0.56,0.58,316600000.0,,316600000.0,1404123958.0,18.0,13.776,19852000.0,0.424,1.0,55519000.0,0.55,7131000.0,439000.0,227912000.0,,72470000.0,0.0,0.0,0.0,100149000.0,82770000.0,17379000.0,1478404958.0,51230000.0,0.0,-416000.0,1891000.0,0.0,33632000.0,-14421000.0,0.0,34025000.0,-2006000.0,27062000.0,27062000.0,27062000.0,0.0,206000.0,0.268,16814000.0,38705000.0,9510000.0,0.0,4.67,27.382,27.259,120683000.0,0.0,31.62,4.94,4.905,55399000.0,5567000.0,100985000.0,100985000.0,5292000.0,,,,,-6725000.0,11936000.0,1.0,46755375.0,46841000,48146000.0,2.156,434724000.0,15745000.0,11560000.0,14981000.0,9.281,218031000.0
43,IPGP,MRQ,2010-09-30,2010-09-30,2010-09-30,2021-08-05,3712000.0,373976000.0,,239613000.0,134363000.0,,6.128,-5500000.0,96630000.0,96630000.0,39878000.0,13315000.0,3.396,0.31,22349000.0,5967000.0,16382000.0,22349000.0,0.0,5584000.0,0.0,0.0,0.0,20134000.0,25718000.0,0.322,25718000.0,20134000.0,19784000.0,0.28,0.28,0.28,285156000.0,,285156000.0,1051454009.0,23.0,15.665,469000.0,0.01,1.0,39931000.0,0.5,0.0,350000.0,229147000.0,,64898000.0,0.0,0.0,0.0,88524000.0,70548000.0,17976000.0,1117827009.0,5975000.0,0.0,5448000.0,-2325000.0,0.0,3023000.0,-5446000.0,0.0,5969000.0,2429000.0,13226000.0,13226000.0,13226000.0,0.0,89000.0,0.166,17630000.0,22301000.0,10663000.0,0.0,3.92,37.198,37.719,111847000.0,0.0,24.14,4.426,4.448,53720000.0,-21495000.0,79809000.0,79809000.0,4981000.0,,,,,915000.0,12327000.0,1.0,46306007.0,46533000,47700000.0,1.715,373976000.0,19590000.0,6558000.0,13786000.0,8.037,169065000.0
44,IPGP,MRQ,2010-06-30,2010-06-30,2010-06-30,2021-08-05,-9740000.0,333724000.0,,204879000.0,128845000.0,,5.455,-3748000.0,90655000.0,90655000.0,36797000.0,10345000.0,3.235,0.323,24282000.0,7633000.0,16649000.0,24282000.0,0.0,5288000.0,0.0,0.0,0.0,15646000.0,20934000.0,0.311,20934000.0,15646000.0,15455000.0,0.22,0.22,0.22,252116000.0,,252116000.0,644188498.0,22.0,12.897,11814000.0,0.256,1.0,30461000.0,0.453,0.0,191000.0,204024000.0,,54029000.0,0.0,0.0,0.0,81401000.0,63327000.0,18074000.0,703831498.0,6248000.0,-3360000.0,1055000.0,-986000.0,0.0,69000.0,-7172000.0,0.0,15562000.0,-2211000.0,10306000.0,10306000.0,10306000.0,0.0,39000.0,0.153,17071000.0,13390000.0,10427000.0,0.0,2.792,36.888,37.146,106106000.0,0.0,15.23,3.22,3.221,39907000.0,-34721000.0,67258000.0,67258000.0,4729000.0,,,,,793000.0,12316000.0,1.0,46213493.0,46220000,47333000.0,1.455,333724000.0,18423000.0,5149000.0,11405000.0,7.22,141552000.0
45,IPGP,MRQ,2010-03-31,2010-03-31,2010-03-31,2021-08-05,2582000.0,315207000.0,,185161000.0,130046000.0,,5.473,-4953000.0,84407000.0,84407000.0,30657000.0,3424000.0,4.196,0.249,24764000.0,8431000.0,16333000.0,24764000.0,0.0,5226000.0,0.0,0.0,0.0,5238000.0,10464000.0,0.204,10464000.0,5238000.0,5030000.0,0.07,0.07,0.07,252284000.0,,252284000.0,622877316.0,51.0,19.29,2923000.0,0.063,1.0,20547000.0,0.401,0.0,208000.0,211435000.0,,52135000.0,0.0,0.0,0.0,62755000.0,44129000.0,18626000.0,681790316.0,1487000.0,-748000.0,211000.0,829000.0,0.0,1040000.0,-5520000.0,0.0,7876000.0,-1909000.0,3397000.0,3397000.0,3397000.0,0.0,27000.0,0.066,15390000.0,5157000.0,5824000.0,0.0,2.702,90.363,92.422,109639000.0,0.0,14.787,3.557,3.556,30078000.0,-45027000.0,51204000.0,51204000.0,4158000.0,,,,,770000.0,11166000.0,1.0,46105854.0,46098000,47191000.0,1.111,315207000.0,16994000.0,1633000.0,6851000.0,6.838,141032000.0
46,IPGP,MRQ,2009-12-31,2009-12-31,2009-12-31,2021-08-05,11106000.0,312636000.0,,180914000.0,131722000.0,,5.593,-918000.0,82920000.0,82920000.0,34381000.0,3157000.0,4.912,0.219,24007000.0,7340000.0,16667000.0,24007000.0,0.0,5148000.0,0.0,0.0,0.0,4858000.0,10006000.0,0.184,10006000.0,4858000.0,4629000.0,0.07,0.07,0.07,256430000.0,,256430000.0,721864406.0,79.0,25.482,15795000.0,0.344,1.0,19912000.0,0.367,3771000.0,229000.0,213121000.0,,52869000.0,0.0,0.0,0.0,56065000.0,36831000.0,19234000.0,764364406.0,6611000.0,0.0,80000.0,-9742000.0,0.0,-8435000.0,-1117000.0,0.0,16713000.0,-550000.0,3122000.0,3122000.0,3122000.0,0.0,35000.0,0.058,14972000.0,4940000.0,5620000.0,0.0,2.981,141.053,139.417,111453000.0,0.0,16.73,4.112,4.094,30356000.0,-48424000.0,54293000.0,54293000.0,5098000.0,,,,,-441000.0,10097000.0,1.0,45688249.0,45852000,47009000.0,1.184,308865000.0,14429000.0,1507000.0,5249000.0,6.736,144083000.0
47,IPGP,MRQ,2009-09-30,2009-09-30,2009-09-30,2021-08-05,12965000.0,318939000.0,,184063000.0,134876000.0,,5.554,-1854000.0,76309000.0,76309000.0,29085000.0,2266000.0,3.98,0.26,33809000.0,16809000.0,17000000.0,33809000.0,0.0,4981000.0,0.0,0.0,0.0,3562000.0,8543000.0,0.186,8543000.0,3562000.0,3296000.0,0.05,0.05,0.05,253097000.0,,253097000.0,663960255.0,36.0,17.865,12038000.0,0.264,1.0,16723000.0,0.365,0.0,266000.0,230188000.0,,59155000.0,0.0,0.0,0.0,65736000.0,46251000.0,19485000.0,691960255.0,-1759000.0,0.0,1644000.0,-16506000.0,0.0,-14923000.0,-1742000.0,0.0,13892000.0,1014000.0,2255000.0,2255000.0,2255000.0,0.0,11000.0,0.049,13190000.0,3533000.0,4624000.0,0.0,2.734,60.928,60.8,114957000.0,0.0,15.2,3.646,3.65,29768000.0,-51546000.0,45808000.0,45808000.0,4569000.0,,,,,787000.0,8546000.0,1.0,45523701.0,45573000,46695000.0,1.005,318939000.0,16327000.0,1041000.0,6027000.0,6.998,137812000.0
48,IPGP,MRQ,2009-06-30,2009-06-30,2009-06-30,2021-08-05,8683000.0,323101000.0,,189831000.0,133270000.0,,5.374,-3040000.0,78068000.0,78068000.0,28613000.0,-1165000.0,3.178,0.323,50068000.0,32734000.0,17334000.0,50068000.0,0.0,4663000.0,0.0,0.0,0.0,-1386000.0,3277000.0,0.081,3277000.0,-1386000.0,-1753000.0,-0.03,-0.03,-0.03,244129000.0,,244129000.0,474849077.0,15.0,9.771,3250000.0,0.072,1.0,11772000.0,0.291,0.0,367000.0,235377000.0,,62085000.0,0.0,0.0,0.0,78877000.0,59724000.0,19153000.0,497708077.0,6467000.0,0.0,340000.0,1223000.0,0.0,1510000.0,-3116000.0,0.0,6290000.0,1783000.0,-1229000.0,-1229000.0,-1229000.0,0.0,64000.0,-0.03,13558000.0,-1786000.0,6065000.0,0.0,2.039,24.892,24.932,115258000.0,0.0,10.97,2.416,2.419,32006000.0,-53801000.0,40385000.0,40385000.0,4734000.0,,,,,570000.0,8824000.0,1.0,45369925.0,45431000,45431000.0,0.889,323101000.0,14542000.0,-524000.0,3815000.0,7.112,130107000.0
49,IPGP,MRQ,2009-03-31,2009-03-31,2009-03-31,2021-08-05,1886000.0,313805000.0,,183678000.0,130127000.0,,5.267,-4686000.0,71601000.0,71601000.0,29547000.0,1026000.0,3.261,0.32,48742000.0,31093000.0,17649000.0,48742000.0,0.0,4380000.0,0.0,0.0,0.0,2122000.0,6502000.0,0.143,6502000.0,2122000.0,1732000.0,0.03,0.03,0.03,237528000.0,,237528000.0,369648753.0,8.0,5.959,12824000.0,0.284,1.0,15861000.0,0.349,0.0,390000.0,234616000.0,,66445000.0,0.0,0.0,0.0,76068000.0,56330000.0,19738000.0,381832753.0,20318000.0,0.0,137000.0,9886000.0,0.0,9568000.0,-4664000.0,0.0,17510000.0,-2096000.0,1271000.0,1271000.0,1271000.0,0.0,-245000.0,0.028,12321000.0,3540000.0,5029000.0,0.0,1.608,12.824,12.758,112865000.0,0.0,8.42,1.723,1.713,29740000.0,-52572000.0,45408000.0,45408000.0,4142000.0,,,,,635000.0,8179000.0,1.0,45348308.0,45094000,46152000.0,1.007,313805000.0,12392000.0,461000.0,4790000.0,6.959,127348000.0
50,IPGP,MRQ,2008-12-31,2008-12-31,2008-12-31,2021-08-05,8794000.0,313218000.0,,181023000.0,132195000.0,,5.306,-7622000.0,51283000.0,51283000.0,31663000.0,9455000.0,3.692,0.294,39099000.0,21102000.0,17997000.0,39099000.0,0.0,4733000.0,0.0,0.0,0.0,14111000.0,18844000.0,0.324,18844000.0,14111000.0,13806000.0,0.2,0.19,0.2,238172000.0,,238172000.0,582535630.0,10.0,8.162,2023000.0,0.045,1.0,26531000.0,0.456,0.0,305000.0,252008000.0,,72555000.0,0.0,0.0,0.0,69919000.0,49026000.0,20893000.0,591184630.0,6944000.0,0.0,2600000.0,3046000.0,0.0,4832000.0,-7770000.0,0.0,9645000.0,237000.0,9060000.0,9060000.0,9060000.0,0.0,395000.0,0.156,12482000.0,14049000.0,7739000.0,0.0,2.482,16.129,16.073,114492000.0,0.0,13.18,2.581,2.561,41842000.0,-53843000.0,58194000.0,58194000.0,4353000.0,,,,,575000.0,8274000.0,1.0,44854676.0,44888000,46340000.0,1.296,313218000.0,10543000.0,4746000.0,5093000.0,6.978,131997000.0
51,IPGP,MRQ,2008-09-30,2008-09-30,2008-09-30,2021-08-05,11954000.0,303917000.0,,173753000.0,130164000.0,,5.112,-9164000.0,44339000.0,44339000.0,32590000.0,11482000.0,3.517,0.331,35690000.0,17334000.0,18356000.0,35690000.0,0.0,3576000.0,0.0,0.0,0.0,16397000.0,19973000.0,0.322,19973000.0,16397000.0,16203000.0,0.24,0.23,0.24,228419000.0,,228419000.0,865340409.0,16.0,12.623,4214000.0,0.094,1.0,29422000.0,0.474,0.0,194000.0,245864000.0,,72797000.0,0.0,0.0,0.0,75498000.0,49404000.0,26094000.0,870373409.0,-587000.0,0.0,994000.0,-4074000.0,0.0,-4375000.0,-9109000.0,0.0,13378000.0,-481000.0,10893000.0,10893000.0,10893000.0,0.0,589000.0,0.176,13927000.0,15495000.0,10031000.0,0.0,3.81,24.223,24.387,112479000.0,0.0,19.51,3.852,3.858,39503000.0,-62903000.0,62012000.0,62012000.0,4130000.0,,,,,495000.0,9797000.0,1.0,44611656.0,44685000,46375000.0,1.388,303917000.0,10699000.0,5310000.0,5169000.0,6.801,124349000.0
52,IPGP,MRQ,2008-06-30,2008-06-30,2008-06-30,2021-08-05,21399000.0,303031000.0,,176006000.0,127025000.0,,5.084,-7363000.0,44926000.0,44926000.0,29047000.0,9021000.0,3.456,0.344,39893000.0,21183000.0,18710000.0,39893000.0,0.0,3916000.0,0.0,0.0,0.0,12793000.0,16709000.0,0.298,16709000.0,12793000.0,12610000.0,0.19,0.19,0.19,225482000.0,,225482000.0,829493110.0,17.0,13.044,-1074000.0,-0.024,1.0,26947000.0,0.481,0.0,183000.0,247074000.0,,76574000.0,0.0,0.0,0.0,77549000.0,50924000.0,26625000.0,832855110.0,6228000.0,0.0,1055000.0,5289000.0,0.0,6344000.0,-6286000.0,1000000.0,6289000.0,-119000.0,8552000.0,8552000.0,8552000.0,0.0,469000.0,0.153,13915000.0,13032000.0,9613000.0,0.0,3.694,24.791,24.75,111207000.0,0.0,18.81,3.931,3.938,37747000.0,-73796000.0,55994000.0,55994000.0,4447000.0,,,,,617000.0,9468000.0,1.0,44277252.0,44355000,46132000.0,1.262,303031000.0,11654000.0,4058000.0,5460000.0,6.832,125082000.0
53,IPGP,MRQ,2008-03-31,2008-03-31,2008-03-31,2021-08-05,21542000.0,287755000.0,,165372000.0,122383000.0,,4.885,-12962000.0,38698000.0,38698000.0,28476000.0,8495000.0,3.642,0.336,35336000.0,15336000.0,20000000.0,35336000.0,0.0,3609000.0,0.0,0.0,0.0,12241000.0,15850000.0,0.3,15850000.0,12241000.0,12146000.0,0.18,0.18,0.18,215401000.0,,215401000.0,685072309.0,15.0,11.524,-7603000.0,-0.172,1.0,24400000.0,0.461,0.0,95000.0,238989000.0,,69630000.0,1000000.0,1000000.0,0.0,72354000.0,45404000.0,26950000.0,691826309.0,726000.0,0.0,310000.0,3341000.0,0.0,3651000.0,-8453000.0,4450000.0,5359000.0,169000.0,8149000.0,8149000.0,8149000.0,0.0,346000.0,0.154,12433000.0,11967000.0,11364000.0,0.0,3.212,22.011,21.792,107010000.0,0.0,15.69,3.463,3.463,37269000.0,-82348000.0,52876000.0,52876000.0,2874000.0,,,,,387000.0,9559000.0,1.0,44093455.0,44095000,46041000.0,1.199,287755000.0,12022000.0,3997000.0,4807000.0,6.526,119968000.0
54,IPGP,MRQ,2007-12-31,2007-12-31,2007-12-31,2021-08-05,15167000.0,263321000.0,,155691000.0,107630000.0,,4.568,-7883000.0,37972000.0,37972000.0,31440000.0,10530000.0,4.515,0.315,31218000.0,11218000.0,20000000.0,31218000.0,0.0,3749000.0,0.0,0.0,0.0,12273000.0,16022000.0,0.291,16022000.0,12273000.0,12236000.0,0.19,0.18,0.19,200180000.0,,200180000.0,865936741.0,19.0,15.179,3280000.0,0.075,1.0,23627000.0,0.429,0.0,37000.0,222085000.0,,60412000.0,6950000.0,6950000.0,0.0,63141000.0,34482000.0,28659000.0,875120741.0,-6778000.0,0.0,1368000.0,-4494000.0,0.0,-3665000.0,-14566000.0,-6614000.0,11163000.0,290000.0,8337000.0,8337000.0,8337000.0,0.0,2193000.0,0.151,12450000.0,11177000.0,9444000.0,0.0,4.372,29.273,28.971,96369000.0,0.0,19.99,4.638,4.584,33946000.0,-90497000.0,55067000.0,55067000.0,2656000.0,,,,,419000.0,9794000.0,1.0,43777926.0,43827000,46028000.0,1.256,263321000.0,12135000.0,3899000.0,4864000.0,6.008,121209000.0
55,IPGP,MRQ,2007-09-30,2007-09-30,2007-09-30,2021-08-05,12646000.0,258212000.0,,161323000.0,96889000.0,,4.325,-8599000.0,44750000.0,44750000.0,26200000.0,8557000.0,3.762,0.377,35566000.0,15566000.0,20000000.0,35566000.0,0.0,3145000.0,0.0,0.0,0.0,11864000.0,15009000.0,0.313,15009000.0,11864000.0,12062000.0,0.2,0.19,0.2,187536000.0,,187536000.0,836060505.0,21.0,16.093,-7114000.0,-0.164,1.0,21705000.0,0.453,0.0,-198000.0,206150000.0,,58850000.0,0.0,0.0,0.0,70676000.0,42878000.0,27798000.0,852037505.0,-1959000.0,0.0,841000.0,4587000.0,0.0,5428000.0,-8952000.0,-353000.0,1485000.0,80000.0,8557000.0,8557000.0,8557000.0,0.0,0.0,0.179,8891000.0,12814000.0,9204000.0,0.0,4.543,47.512,45.721,89811000.0,0.0,19.66,4.849,4.852,33277000.0,-98834000.0,47905000.0,47905000.0,2354000.0,,,,,396000.0,6537000.0,1.0,43338632.0,43362000,45731000.0,1.105,258212000.0,15164000.0,3505000.0,3930000.0,5.955,118445000.0
56,IPGP,MRQ,2007-06-30,2007-06-30,2007-06-30,2021-08-05,8986000.0,240125000.0,,148638000.0,91487000.0,,4.047,-10576000.0,46709000.0,46709000.0,23633000.0,6388000.0,3.929,0.381,30732000.0,10732000.0,20000000.0,30732000.0,0.0,2685000.0,0.0,0.0,0.0,9882000.0,12567000.0,0.286,12567000.0,9882000.0,9999000.0,0.15,0.14,0.15,173925000.0,,173925000.0,828012421.0,23.0,17.741,-13145000.0,-0.306,1.0,20319000.0,0.462,0.0,-117000.0,186318000.0,,52691000.0,0.0,0.0,0.0,66200000.0,37830000.0,28370000.0,856293421.0,-2420000.0,0.0,828000.0,9897000.0,0.0,10725000.0,-10570000.0,6000.0,-2569000.0,-6000.0,6388000.0,6388000.0,6388000.0,0.0,0.0,0.145,10213000.0,10106000.0,10788000.0,0.0,4.923,60.631,55.417,81483000.0,0.0,19.95,5.221,5.228,26726000.0,-107391000.0,43952000.0,43952000.0,2388000.0,,,,,290000.0,7825000.0,1.0,42921976.0,42974000,45631000.0,1.023,240125000.0,18104000.0,3611000.0,6885000.0,5.588,110808000.0
57,IPGP,MRQ,2007-03-31,2007-03-31,2007-03-31,2021-08-05,8458000.0,220424000.0,,133439000.0,86985000.0,,3.869,-7205000.0,49129000.0,49129000.0,22422000.0,6613000.0,4.307,0.328,20848000.0,848000.0,20000000.0,20848000.0,0.0,2725000.0,0.0,0.0,0.0,10724000.0,13449000.0,0.322,13449000.0,10724000.0,11120000.0,0.15,0.15,0.15,166023000.0,,166023000.0,789300414.0,24.0,18.305,-6627000.0,-0.154,1.0,19331000.0,0.463,0.0,-396000.0,161159000.0,,45167000.0,0.0,0.0,0.0,54401000.0,30984000.0,23417000.0,823997414.0,-26538000.0,0.0,23000.0,-19894000.0,0.0,-19871000.0,-7194000.0,11000.0,578000.0,-51000.0,6613000.0,6613000.0,6613000.0,0.0,0.0,0.158,8279000.0,11052000.0,8640000.0,0.0,4.963,65.825,56.471,73826000.0,0.0,19.2,5.413,5.412,24413000.0,-113779000.0,41753000.0,41753000.0,2129000.0,,,,,219000.0,6150000.0,1.0,42916532.0,42909000,45602000.0,0.973,220424000.0,12853000.0,4507000.0,7734000.0,5.137,102455000.0
58,IPGP,MRQ,2006-12-31,2006-12-31,2006-12-31,2021-08-05,7883000.0,232492000.0,,156439000.0,76053000.0,,5.212,-5957000.0,75667000.0,75667000.0,21948000.0,16636000.0,3.837,0.466,40970000.0,10902000.0,30068000.0,40970000.0,0.0,3441000.0,0.0,0.0,0.0,7486000.0,10927000.0,0.26,10927000.0,7486000.0,7044000.0,-0.07,-0.05,-0.07,158594000.0,,158594000.0,1063616224.0,38.0,28.874,3370000.0,0.111,1.0,20149000.0,0.479,0.0,442000.0,157024000.0,,42162000.0,0.0,0.0,0.0,73898000.0,40771000.0,33127000.0,1043974224.0,64310000.0,0.0,92726000.0,-11154000.0,0.0,61199000.0,-6365000.0,-408000.0,9327000.0,149000.0,16636000.0,-3625000.0,-3625000.0,0.0,0.0,-0.086,9511000.0,10638000.0,7640000.0,0.0,6.583,116.359,88.889,67153000.0,20261000.0,24.0,7.289,4.674,22353000.0,-120392000.0,42097000.0,42097000.0,2230000.0,,,,,216000.0,7281000.0,1.0,43498926.0,30428000,33059000.0,1.383,232492000.0,13472000.0,-9592000.0,8521000.0,7.641,115668000.0
59,IPGP,MRQ,2006-09-30,2006-09-30,2006-09-30,2021-08-05,6042000.0,141401000.0,,78681000.0,62720000.0,,-1.15,-5361000.0,11395000.0,11395000.0,18864000.0,4747000.0,1.934,-5.502,31037000.0,17911000.0,13126000.0,31037000.0,0.0,1910000.0,0.0,,0.0,7820000.0,9730000.0,0.269,9730000.0,7820000.0,7478000.0,0.13,0.12,0.13,-31411000.0,,-31411000.0,,,,-5794000.0,-0.212,1.0,17337000.0,0.479,0.0,342000.0,120356000.0,,40367000.0,153000.0,0.0,153000.0,172812000.0,40687000.0,132125000.0,,75000.0,0.0,-462000.0,5763000.0,0.0,5301000.0,-4799000.0,562000.0,-433000.0,6000.0,4747000.0,4747000.0,4747000.0,0.0,0.0,0.131,6999000.0,10338000.0,6951000.0,0.0,,,,61232000.0,0.0,,,,22459000.0,-137028000.0,36201000.0,36201000.0,1692000.0,,,,,191000.0,5307000.0,1.0,43498926.0,27304000,32859000.0,1.326,141401000.0,174000.0,2731000.0,2761000.0,5.179,37994000.0
60,IPGP,MRQ,2006-06-30,2006-06-30,2006-06-30,2021-08-05,,,,,,,,-5169000.0,,,18841000.0,4783000.0,,,,,,,,1937000.0,,,0.0,7076000.0,9013000.0,0.28,9013000.0,7076000.0,6722000.0,0.13,0.12,0.13,,,,,,,-1655000.0,-0.061,1.0,13343000.0,0.415,,354000.0,,,,,,,,,,,429000.0,0.0,360000.0,1644000.0,0.0,2004000.0,-5195000.0,-26000.0,3514000.0,106000.0,4783000.0,4783000.0,4783000.0,0.0,0.0,0.149,5804000.0,7539000.0,,0.0,,,,,0.0,,,,,,32184000.0,32184000.0,1387000.0,,,,,126000.0,4417000.0,1.0,,27074000,31156000.0,1.189,,,1939000.0,,,
61,IPGP,MRQ,2006-03-31,2006-03-31,2006-03-31,2021-08-05,,,,,,,,-3865000.0,,,20278000.0,3067000.0,,,,,,,,1817000.0,,,0.0,5349000.0,7166000.0,0.219,7166000.0,5349000.0,4994000.0,0.08,0.07,0.08,,,,,,,2929000.0,0.109,1.0,12465000.0,0.381,,355000.0,,,,,,,,,,,2492000.0,0.0,545000.0,-2140000.0,0.0,-1595000.0,-2768000.0,1097000.0,6794000.0,61000.0,3067000.0,3067000.0,3067000.0,0.0,0.0,0.094,4974000.0,7491000.0,,0.0,,,,,0.0,,,,,,32743000.0,32743000.0,1235000.0,,,,,0.0,3739000.0,1.0,,26771000,30658000.0,1.223,,,1927000.0,,,
62,IPGP,MRQ,2005-12-31,2005-12-31,2005-12-31,2021-08-05,3782000.0,115481000.0,,55807000.0,59674000.0,,-1.747,-5237000.0,8361000.0,8361000.0,20718000.0,3925000.0,1.626,-3.483,34827000.0,19184000.0,15643000.0,34827000.0,0.0,2724000.0,0.0,,0.0,6398000.0,9122000.0,0.267,9122000.0,6398000.0,5968000.0,0.1,0.1,0.1,-46504000.0,,-46504000.0,,,,5620000.0,0.211,1.0,13429000.0,0.393,0.0,430000.0,107627000.0,,26525000.0,6339000.0,0.0,6339000.0,161985000.0,34320000.0,127665000.0,,-168000.0,0.0,-605000.0,-6109000.0,0.0,-5713000.0,-5237000.0,0.0,10857000.0,-75000.0,3925000.0,1574000.0,1574000.0,0.0,0.0,0.046,6402000.0,7027000.0,5164000.0,0.0,,,,50995000.0,2351000.0,,,,15434000.0,-149625000.0,34147000.0,34147000.0,1611000.0,,,,,7000.0,4791000.0,1.0,,26613000,30548000.0,1.283,115481000.0,3005000.0,2043000.0,147000.0,4.339,21487000.0
63,IPGP,MRQ,2004-12-31,2004-12-31,2004-12-31,2021-08-05,7332000.0,110545000.0,,46651000.0,63894000.0,,-1.908,0.0,9155000.0,9155000.0,,,1.814,-3.254,39713000.0,14254000.0,25459000.0,39713000.0,0.0,0.0,0.0,,0.0,,,,,,,,,,-49038000.0,,-49038000.0,,,,0.0,0.0,1.0,,,0.0,,115386000.0,,29577000.0,6265000.0,0.0,6265000.0,159583000.0,25717000.0,133866000.0,,0.0,0.0,0.0,0.0,0.0,0.0,0.0,0.0,0.0,0.0,,,,,,,,,3240000.0,,,,,45982000.0,,,,,10806000.0,-157052000.0,,,,,,,,0.0,,1.0,,25698000,,,110545000.0,6409000.0,,1049000.0,4.302,20934000.0
0,IPGP,MRT,2021-06-30,2021-06-30,2021-06-30,2021-08-05,-159407000.0,3086512000.0,2950023750.0,2290592000.0,795920000.0,0.465,50.586,-103983000.0,754199000.0,754199000.0,728124000.0,223105000.0,8.951,0.141,36071000.0,3846000.0,32225000.0,36071000.0,0.0,95180000.0,0.0,0.0,0.0,289258000.0,384438000.0,0.28,384438000.0,289258000.0,288356000.0,4.18,4.13,4.18,2704918000.0,2601863000.0,2704918000.0,10433043630.0,36.0,27.138,254286000.0,4.755,1.0,644190000.0,0.469,98070000.0,902000.0,2014409000.0,1841869750.0,404547000.0,743210000.0,743210000.0,0.0,380232000.0,255905000.0,124327000.0,11292763630.0,4157000.0,-429000.0,-51385000.0,-3774000.0,0.0,-22293000.0,-348013000.0,-242932000.0,358269000.0,16194000.0,222870000.0,222870000.0,222870000.0,0.0,235000.0,0.162,366897000.0,277293000.0,50714000.0,0.0,4.175,50.67,50.423,612420000.0,0.0,210.77,8.229,8.213,250669000.0,2326118000.0,1372314000.0,1372314000.0,132006000.0,0.076,0.086,0.157,0.211,36497000.0,190290000.0,1.0,53578610.0,53472000,53999000.0,25.664,2988442000.0,110561000.0,65486000.0,101283000.0,55.888,2034687000.0
1,IPGP,MRT,2021-03-31,2021-03-31,2021-03-31,2021-08-05,-178257000.0,2982951000.0,2868079750.0,2202261000.0,780690000.0,0.452,49.299,-96436000.0,896741000.0,896741000.0,696956000.0,191794000.0,10.255,0.13,37021000.0,3828000.0,33193000.0,37021000.0,0.0,94274000.0,0.0,0.0,0.0,244373000.0,338647000.0,0.261,338647000.0,244373000.0,245734000.0,3.59,3.55,3.59,2639502000.0,2534721500.0,2639502000.0,10454111896.0,43.0,30.87,219661000.0,4.103,1.0,600111000.0,0.463,100532000.0,-1361000.0,1807946000.0,1764650250.0,368149000.0,548196000.0,548196000.0,0.0,342281000.0,214753000.0,127528000.0,11292375896.0,324400000.0,-429000.0,-28216000.0,-3758000.0,0.0,9075000.0,-20514000.0,76439000.0,316097000.0,19742000.0,191296000.0,191296000.0,191296000.0,0.0,498000.0,0.147,357921000.0,242190000.0,44704000.0,0.0,4.278,59.031,58.758,600911000.0,0.0,210.94,8.706,8.707,252877000.0,2256318000.0,1297067000.0,1297067000.0,128399000.0,0.067,0.075,0.138,0.188,35857000.0,183756000.0,1.0,53533592.0,53541000,54201000.0,24.226,2882419000.0,111697000.0,54438000.0,97781000.0,53.836,1987508000.0
2,IPGP,MRT,2020-12-31,2020-12-31,2020-12-31,2021-08-05,-146065000.0,2935700000.0,2792375500.0,2148077000.0,787623000.0,0.43,48.75,-86807000.0,876231000.0,876231000.0,661728000.0,160338000.0,10.011,0.132,37967000.0,3810000.0,34157000.0,37967000.0,0.0,94554000.0,0.0,0.0,0.0,204926000.0,299480000.0,0.249,299480000.0,204926000.0,204926000.0,3.0,2.97,3.0,2592819000.0,2463613250.0,2592819000.0,11203143701.0,55.0,37.409,198528000.0,3.733,1.0,538996000.0,0.449,103480000.0,0.0,1779378000.0,1763404750.0,364993000.0,514835000.0,514835000.0,0.0,341589000.0,214578000.0,127011000.0,11928154701.0,195569000.0,-429000.0,-37884000.0,-3740000.0,0.0,-10080000.0,-99574000.0,-12331000.0,285335000.0,19888000.0,159572000.0,159572000.0,159572000.0,0.0,766000.0,0.133,353252000.0,185744000.0,25748000.0,0.0,4.6,74.751,74.597,597527000.0,0.0,223.79,9.934,9.913,264321000.0,2188191000.0,1200724000.0,1200724000.0,126898000.0,0.057,0.065,0.116,0.171,35472000.0,180588000.0,1.0,53300660.0,53186000,53785000.0,22.576,2832220000.0,113090000.0,45354000.0,101134000.0,53.251,1933499000.0
3,IPGP,MRT,2020-09-30,2020-09-30,2020-09-30,2021-08-05,-193827000.0,2794932000.0,2741059500.0,2031653000.0,763279000.0,0.427,46.522,-86865000.0,763920000.0,763920000.0,654401000.0,106359000.0,10.085,0.131,38909000.0,3792000.0,35117000.0,38909000.0,0.0,94925000.0,0.0,0.0,0.0,137551000.0,232476000.0,0.199,232476000.0,137551000.0,142480000.0,2.0,1.97,2.0,2470213000.0,2415840000.0,2470213000.0,8344072661.0,61.0,35.892,243091000.0,4.578,1.0,516320000.0,0.441,102730000.0,-4929000.0,1765746000.0,1754512000.0,370344000.0,537696000.0,537696000.0,0.0,323858000.0,201445000.0,122413000.0,9052085661.0,182932000.0,0.0,-52695000.0,-3722000.0,0.0,-35608000.0,-124816000.0,-37962000.0,329956000.0,13400000.0,105783000.0,105783000.0,105783000.0,0.0,576000.0,0.09,395428000.0,120892000.0,37375000.0,0.0,3.664,85.572,84.985,576398000.0,0.0,169.97,7.732,7.709,240352000.0,2138852000.0,1170721000.0,1170721000.0,125601000.0,0.039,0.044,0.078,0.117,34186000.0,179811000.0,1.0,53256961.0,53098000,53664000.0,22.048,2692202000.0,99052000.0,36697000.0,91102000.0,50.703,1830208000.0
4,IPGP,MRT,2020-06-30,2020-06-30,2020-06-30,2021-08-05,-184501000.0,2758736000.0,2725052500.0,1950526000.0,808210000.0,0.434,45.934,-83581000.0,747859000.0,747859000.0,665032000.0,127956000.0,9.988,0.132,39846000.0,3775000.0,36071000.0,39846000.0,0.0,96132000.0,0.0,0.0,0.0,172440000.0,268572000.0,0.227,268572000.0,172440000.0,177369000.0,2.41,2.38,2.41,2436352000.0,2393314500.0,2436352000.0,7975812792.0,46.0,29.697,268417000.0,5.061,1.0,516386000.0,0.437,149906000.0,-4929000.0,1705531000.0,1761107500.0,367166000.0,501040000.0,501040000.0,0.0,321430000.0,195286000.0,126144000.0,8505091792.0,217065000.0,0.0,-66678000.0,-3706000.0,0.0,-56395000.0,-68921000.0,14517000.0,351998000.0,-9617000.0,127432000.0,127432000.0,127432000.0,0.0,524000.0,0.108,350652000.0,165734000.0,42261000.0,0.0,3.491,66.742,66.552,585644000.0,0.0,160.39,7.199,7.201,203568000.0,2103248000.0,1181418000.0,1181418000.0,126051000.0,0.047,0.053,0.098,0.146,33985000.0,179186000.0,1.0,53027569.0,53040000,53530000.0,22.274,2608830000.0,93322000.0,49937000.0,91097000.0,49.186,1755240000.0
5,IPGP,MRT,2020-03-31,2020-03-31,2020-03-31,2021-08-05,-220081000.0,2680134000.0,2719722500.0,1874526000.0,805608000.0,0.459,44.372,-117730000.0,570058000.0,570058000.0,688602000.0,162111000.0,9.592,0.138,40779000.0,3757000.0,37022000.0,40779000.0,0.0,97565000.0,0.0,0.0,0.0,220472000.0,318037000.0,0.255,318037000.0,220472000.0,223545000.0,3.05,3.01,3.05,2355069000.0,2375888250.0,2355069000.0,5212954303.0,24.0,16.391,218917000.0,4.125,1.0,560174000.0,0.449,152459000.0,-3073000.0,1802964000.0,1791712750.0,363383000.0,625085000.0,625085000.0,0.0,324204000.0,195432000.0,128772000.0,5851316303.0,20537000.0,0.0,-53448000.0,-3688000.0,0.0,-50799000.0,-256577000.0,-139148000.0,336647000.0,-8734000.0,161478000.0,161478000.0,161478000.0,0.0,633000.0,0.129,358251000.0,201923000.0,39648000.0,0.0,2.485,36.236,36.157,580980000.0,0.0,110.28,4.686,4.687,200646000.0,2065022000.0,1248776000.0,1248776000.0,129339000.0,0.059,0.068,0.123,0.177,33655000.0,184662000.0,1.0,53058726.0,53075000,53676000.0,23.529,2527675000.0,83641000.0,62067000.0,95106000.0,47.625,1679094000.0
6,IPGP,MRT,2019-12-31,2019-12-31,2019-12-31,2021-08-05,-146919000.0,2730436000.0,2706873000.0,1896634000.0,833802000.0,0.486,45.263,-132875000.0,680070000.0,680070000.0,708372000.0,180261000.0,9.883,0.137,41708000.0,3740000.0,37968000.0,41708000.0,0.0,96268000.0,0.0,0.0,0.0,248349000.0,344617000.0,0.262,344617000.0,248349000.0,248349000.0,3.4,3.35,3.4,2401726000.0,2354081250.0,2401726000.0,7153212776.0,29.0,20.757,190646000.0,3.593,1.0,606209000.0,0.461,156363000.0,0.0,1743807000.0,1768676750.0,380790000.0,502546000.0,502546000.0,0.0,327993000.0,191904000.0,136089000.0,7690910776.0,138626000.0,-15115000.0,-40732000.0,-3671000.0,0.0,-37067000.0,-139975000.0,7778000.0,323521000.0,-7853000.0,180234000.0,180234000.0,180234000.0,0.0,27000.0,0.137,359589000.0,246620000.0,27329000.0,0.0,3.202,42.672,42.624,600852000.0,0.0,144.92,5.85,5.849,238479000.0,2028734000.0,1314581000.0,1314581000.0,129997000.0,0.067,0.077,0.14,0.189,33363000.0,185342000.0,1.0,53070044.0,53061000,53839000.0,24.775,2574073000.0,70268000.0,68115000.0,109174000.0,48.512,1704730000.0
7,IPGP,MRT,2019-09-30,2019-09-30,2019-09-30,2021-08-05,-174311000.0,2730904000.0,2667876500.0,1865515000.0,865389000.0,0.502,44.969,-133909000.0,580329000.0,580329000.0,689251000.0,260030000.0,9.075,0.147,42631000.0,3722000.0,38909000.0,42631000.0,0.0,93908000.0,0.0,0.0,0.0,346494000.0,440402000.0,0.329,440402000.0,346494000.0,346494000.0,4.91,4.84,4.91,2380111000.0,2305036750.0,2380111000.0,6727503697.0,19.0,15.276,172723000.0,3.263,1.0,648754000.0,0.485,195515000.0,0.0,1792128000.0,1743183750.0,417163000.0,498508000.0,498508000.0,0.0,350244000.0,205563000.0,144681000.0,7213965697.0,-64488000.0,-119807000.0,-90060000.0,-3655000.0,0.0,-91542000.0,-257368000.0,-4003000.0,306632000.0,-22210000.0,260243000.0,260243000.0,260243000.0,0.0,-213000.0,0.195,316318000.0,332436000.0,30466000.0,0.0,3.031,27.72,27.617,596138000.0,0.0,135.6,5.392,5.364,252926000.0,2033184000.0,1338005000.0,1338005000.0,131029000.0,0.098,0.113,0.199,0.259,32155000.0,185289000.0,1.0,53200337.0,52928000,53622000.0,25.28,2535389000.0,74108000.0,86251000.0,125716000.0,47.903,1659952000.0
8,IPGP,MRT,2019-06-30,2019-06-30,2019-06-30,2021-08-05,-143943000.0,2737416000.0,2625675250.0,1863082000.0,874334000.0,0.52,44.618,-149646000.0,530013000.0,530013000.0,674133000.0,303655000.0,8.384,0.156,43551000.0,3705000.0,39846000.0,43551000.0,0.0,89030000.0,0.0,0.0,0.0,396944000.0,485974000.0,0.356,485974000.0,396944000.0,396944000.0,5.71,5.61,5.71,2366647000.0,2261499750.0,2366647000.0,7692965240.0,19.0,15.83,136883000.0,2.581,1.0,691080000.0,0.506,200774000.0,0.0,1827952000.0,1705196750.0,425996000.0,512816000.0,512816000.0,0.0,370055000.0,222228000.0,147827000.0,8197436240.0,-283815000.0,-119808000.0,-127285000.0,-3637000.0,0.0,-128563000.0,-440936000.0,-171918000.0,286529000.0,-845000.0,303507000.0,303507000.0,303507000.0,0.0,148000.0,0.222,308046000.0,383034000.0,38016000.0,0.0,3.464,27.009,27.014,600977000.0,0.0,154.25,6.005,5.993,273697000.0,1975931000.0,1365213000.0,1365213000.0,129778000.0,0.116,0.134,0.233,0.291,31334000.0,178268000.0,1.0,53143833.0,53042000,53848000.0,25.738,2536642000.0,70718000.0,93437000.0,127279000.0,47.823,1640854000.0
9,IPGP,MRT,2019-03-31,2019-03-31,2019-03-31,2021-08-05,-157751000.0,2628736000.0,2573940750.0,1792094000.0,836642000.0,0.55,42.789,-153221000.0,548938000.0,548938000.0,669239000.0,352751000.0,8.541,0.159,44467000.0,3688000.0,40779000.0,44467000.0,0.0,83850000.0,0.0,0.0,0.0,464900000.0,548750000.0,0.388,548750000.0,464900000.0,464900000.0,6.62,6.48,6.62,2267841000.0,2212877250.0,2267841000.0,7539593726.0,16.0,13.74,184082000.0,3.473,1.0,745818000.0,0.527,203629000.0,0.0,1710820000.0,1609141250.0,417817000.0,481139000.0,481139000.0,0.0,360448000.0,209816000.0,150632000.0,8038573726.0,-417319000.0,-124230000.0,-155994000.0,-3620000.0,0.0,-155854000.0,-546708000.0,-269611000.0,337303000.0,-52060000.0,352852000.0,352852000.0,352852000.0,0.0,-101000.0,0.249,294439000.0,451379000.0,39970000.0,0.0,3.545,22.782,22.927,570756000.0,0.0,151.78,5.681,5.685,231850000.0,1903659000.0,1415057000.0,1415057000.0,126719000.0,0.137,0.159,0.289,0.329,29750000.0,167720000.0,1.0,52962009.0,53001000,53874000.0,26.699,2425107000.0,68399000.0,112048000.0,122860000.0,45.756,1582278000.0
10,IPGP,MRT,2018-12-31,2018-12-31,2018-12-31,2021-08-05,-162896000.0,2574450000.0,2541258500.0,1805424000.0,769026000.0,0.574,41.208,-159317000.0,544358000.0,544358000.0,659606000.0,404169000.0,7.346,0.167,45378000.0,3671000.0,41707000.0,45378000.0,0.0,80271000.0,0.0,0.0,0.0,534253000.0,614524000.0,0.421,614524000.0,534253000.0,534253000.0,7.55,7.38,7.55,2205548000.0,2182259250.0,2205548000.0,5448384373.0,10.0,8.866,233984000.0,4.372,1.0,800268000.0,0.548,187861000.0,0.0,1641835000.0,1500541750.0,403579000.0,500432000.0,500432000.0,0.0,368215000.0,245774000.0,122441000.0,6049705373.0,-365542000.0,-109115000.0,-176065000.0,-3604000.0,0.0,-166647000.0,-562999000.0,-294982000.0,393301000.0,-29197000.0,404027000.0,404027000.0,404027000.0,0.0,142000.0,0.277,283013000.0,517255000.0,36302000.0,0.0,2.743,14.974,15.005,543068000.0,0.0,113.29,4.144,4.153,255509000.0,1848500000.0,1459874000.0,1459874000.0,122769000.0,0.159,0.185,0.356,0.366,28027000.0,160244000.0,1.0,53400171.0,53522000,54726000.0,27.276,2386589000.0,62947000.0,130226000.0,131895000.0,44.591,1559650000.0
11,IPGP,MRT,2018-09-30,2018-09-30,2018-09-30,2021-08-05,-144409000.0,2562099000.0,2489459750.0,1882285000.0,679814000.0,0.599,41.178,-159469000.0,647606000.0,647606000.0,648564000.0,381659000.0,8.635,0.161,46285000.0,3654000.0,42631000.0,46285000.0,0.0,77046000.0,0.0,0.0,0.0,581717000.0,658763000.0,0.442,658763000.0,581717000.0,581717000.0,7.12,6.94,7.12,2205963000.0,2136452750.0,2205963000.0,7620820489.0,13.0,11.568,229327000.0,4.281,1.0,842314000.0,0.565,102613000.0,0.0,1640180000.0,1390178000.0,397409000.0,474422000.0,474422000.0,0.0,355291000.0,217985000.0,137306000.0,8390424489.0,-232661000.0,-14312000.0,-125002000.0,-3587000.0,0.0,-110738000.0,-494357000.0,-321027000.0,388796000.0,-16362000.0,381424000.0,381424000.0,381424000.0,0.0,235000.0,0.256,269275000.0,573039000.0,29494000.0,0.0,3.804,21.998,21.92,529163000.0,0.0,156.07,5.628,5.608,251613000.0,1772941000.0,1490878000.0,1490878000.0,117857000.0,0.153,0.179,0.418,0.39,27475000.0,151418000.0,1.0,53760649.0,53571000,54696000.0,27.83,2459486000.0,81217000.0,200293000.0,142452000.0,45.911,1664300000.0
12,IPGP,MRT,2018-06-30,2018-06-30,2018-06-30,2021-08-05,-129357000.0,2530478000.0,2410451250.0,1836035000.0,694443000.0,0.634,40.478,-178180000.0,816792000.0,816792000.0,655462000.0,396504000.0,8.731,0.165,47188000.0,3637000.0,43551000.0,47188000.0,0.0,73581000.0,0.0,0.0,0.0,614338000.0,687919000.0,0.45,687919000.0,614338000.0,614338000.0,7.4,7.21,7.4,2172157000.0,2074736750.0,2172157000.0,11042217584.0,18.0,16.052,302664000.0,5.64,1.0,871685000.0,0.571,106865000.0,0.0,1443730000.0,1263299750.0,376019000.0,308970000.0,308970000.0,0.0,358321000.0,210279000.0,148042000.0,11963253584.0,8681000.0,-53598000.0,-66939000.0,24624000.0,0.0,-20182000.0,-443830000.0,-212456000.0,480844000.0,-8151000.0,396504000.0,396504000.0,396504000.0,0.0,0.0,0.26,260058000.0,611627000.0,42989000.0,0.0,5.508,30.172,29.815,514767000.0,0.0,220.63,7.834,7.753,242128000.0,1672424000.0,1527147000.0,1527147000.0,112489000.0,0.164,0.191,0.486,0.402,25686000.0,147569000.0,1.0,54223150.0,53662000,54992000.0,28.459,2423613000.0,68033000.0,217834000.0,133830000.0,45.164,1625756000.0
13,IPGP,MRT,2018-03-31,2018-03-31,2018-03-31,2021-08-05,-50694000.0,2498007000.0,2285467250.0,1864886000.0,633121000.0,0.649,39.955,-127780000.0,969123000.0,969123000.0,639901000.0,378990000.0,9.536,0.164,48087000.0,3621000.0,44466000.0,48087000.0,0.0,69287000.0,0.0,0.0,0.0,592478000.0,661765000.0,0.446,661765000.0,592478000.0,592478000.0,7.08,6.91,7.08,2145369000.0,1982786750.0,2145369000.0,11754699286.0,20.0,17.763,326448000.0,6.08,1.0,843006000.0,0.568,104989000.0,0.0,1276422000.0,1159164000.0,356375000.0,206786000.0,206786000.0,0.0,352638000.0,195560000.0,157078000.0,12615617286.0,271345000.0,-60483000.0,-47519000.0,8060000.0,0.0,-17489000.0,-230622000.0,-42130000.0,454228000.0,65228000.0,379003000.0,379003000.0,379003000.0,0.0,-13000.0,0.256,247563000.0,595443000.0,33369000.0,0.0,5.88,33.286,32.963,483907000.0,0.0,233.38,8.507,8.45,235477000.0,1550807000.0,1482907000.0,1482907000.0,106636000.0,0.166,0.191,0.511,0.4,24085000.0,140927000.0,1.0,54056120.0,53694000,55182000.0,27.618,2393018000.0,67370000.0,213475000.0,135432000.0,44.568,1669326000.0
14,IPGP,MRT,2017-12-31,2017-12-31,2017-12-31,2021-08-05,-77344000.0,2367255000.0,2136608750.0,1754010000.0,613245000.0,0.659,37.804,-110653000.0,909900000.0,909900000.0,611978000.0,347588000.0,8.818,0.171,48982000.0,3604000.0,45378000.0,48982000.0,0.0,64568000.0,0.0,0.0,0.0,551897000.0,616465000.0,0.438,616465000.0,551897000.0,551897000.0,6.5,6.36,6.5,2022322000.0,1862968250.0,2022322000.0,10718600770.0,19.0,17.387,294742000.0,5.51,1.0,796911000.0,0.566,107054000.0,0.0,1200380000.0,1099899250.0,307712000.0,206257000.0,206257000.0,0.0,344933000.0,198903000.0,146030000.0,11548995770.0,286045000.0,-60483000.0,-39987000.0,8158000.0,0.0,-3372000.0,-170805000.0,683000.0,405395000.0,54827000.0,347614000.0,347614000.0,347614000.0,0.0,-26000.0,0.247,231339000.0,565572000.0,35109000.0,0.0,5.711,33.224,32.943,460206000.0,0.0,214.13,8.197,8.13,237278000.0,1443867000.0,1408889000.0,1408889000.0,100870000.0,0.163,0.187,0.502,0.392,23021000.0,130469000.0,1.0,53934506.0,53495000,54699000.0,26.337,2260201000.0,71920000.0,204283000.0,116425000.0,42.251,1555107000.0
15,IPGP,MRT,2017-09-30,2017-09-30,2017-09-30,2021-08-05,-89297000.0,2246065000.0,1992294750.0,1642539000.0,603526000.0,0.667,36.66,-110341000.0,880267000.0,880267000.0,584502000.0,369761000.0,9.015,0.146,49872000.0,3576000.0,46296000.0,49872000.0,0.0,60245000.0,0.0,0.0,0.0,510588000.0,570833000.0,0.43,570833000.0,510588000.0,509753000.0,6.92,6.8,6.92,1959099000.0,1746777250.0,1959099000.0,9175407913.0,18.0,16.074,288360000.0,5.396,1.0,743453000.0,0.56,100812000.0,835000.0,1132667000.0,1049823000.0,282495000.0,165655000.0,165655000.0,0.0,286966000.0,182191000.0,104775000.0,9960955913.0,234709000.0,-51859000.0,-32374000.0,8252000.0,0.0,5974000.0,-200820000.0,-38576000.0,398701000.0,30854000.0,369790000.0,369790000.0,369790000.0,0.0,-29000.0,0.278,221675000.0,521778000.0,34271000.0,0.0,5.084,26.937,26.743,441494000.0,0.0,185.06,7.501,7.447,226756000.0,1390911000.0,1327955000.0,1327955000.0,96389000.0,0.186,0.212,0.486,0.384,22624000.0,125286000.0,1.0,53825548.0,53440000,54698000.0,24.849,2145253000.0,81186000.0,139963000.0,68539000.0,40.143,1460348000.0
16,IPGP,MRT,2017-06-30,2017-06-30,2017-06-30,2021-08-05,-119167000.0,2030542000.0,1862603000.0,1510774000.0,519768000.0,0.645,33.802,-84053000.0,808111000.0,808111000.0,537668000.0,323391000.0,9.636,0.125,22563000.0,1188000.0,21375000.0,22563000.0,0.0,57536000.0,0.0,0.0,0.0,444320000.0,501856000.0,0.418,501856000.0,444320000.0,443858000.0,6.06,5.98,6.06,1804357000.0,1632714000.0,1804357000.0,7131490514.0,16.0,14.21,238441000.0,4.467,1.0,663689000.0,0.552,61022000.0,462000.0,1027187000.0,996461000.0,260661000.0,122304000.0,122304000.0,0.0,226185000.0,156785000.0,69400000.0,7789241514.0,220825000.0,-12572000.0,-33058000.0,-19854000.0,0.0,-28353000.0,-92079000.0,4718000.0,322494000.0,18763000.0,323428000.0,323428000.0,323428000.0,0.0,-37000.0,0.269,209059000.0,454630000.0,28996000.0,0.0,4.317,24.083,23.944,389853000.0,0.0,145.1,6.484,6.447,237332000.0,1275314000.0,1201357000.0,1201357000.0,91391000.0,0.174,0.198,0.446,0.37,22357000.0,117668000.0,1.0,53681885.0,53380000,54471000.0,22.506,1969520000.0,85755000.0,120430000.0,58127000.0,36.896,1353989000.0
17,IPGP,MRT,2017-03-31,2017-03-31,2017-03-31,2021-08-05,-151626000.0,1902573000.0,1762294250.0,1391014000.0,511559000.0,0.616,31.219,-123329000.0,697778000.0,697778000.0,489675000.0,286319000.0,8.819,0.142,40027000.0,3188000.0,36839000.0,40027000.0,0.0,54585000.0,0.0,0.0,0.0,398119000.0,452704000.0,0.417,452704000.0,398119000.0,397657000.0,5.37,5.32,5.37,1666095000.0,1537372000.0,1666095000.0,5876487884.0,15.0,12.981,160290000.0,3.003,1.0,595096000.0,0.549,47723000.0,462000.0,1039363000.0,964565500.0,261893000.0,165025000.0,165025000.0,0.0,236301000.0,157736000.0,78565000.0,6459519884.0,84086000.0,-47792000.0,-21485000.0,20868000.0,0.0,21572000.0,-209350000.0,-38604000.0,283619000.0,-11755000.0,286370000.0,286370000.0,286370000.0,0.0,-51000.0,0.264,195340000.0,399756000.0,25388000.0,0.0,3.877,22.557,22.477,395858000.0,0.0,120.7,5.955,5.938,180226000.0,1171198000.0,1084771000.0,1084771000.0,83843000.0,0.162,0.186,0.413,0.367,22126000.0,111497000.0,1.0,53517149.0,53368000,54370000.0,20.326,1854850000.0,89007000.0,111287000.0,65149000.0,34.756,1233278000.0
18,IPGP,MRT,2016-12-31,2016-12-31,2016-12-31,2021-08-05,-178583000.0,1789999000.0,1674176000.0,1300962000.0,489037000.0,0.601,29.35,-126384000.0,623855000.0,623855000.0,453933000.0,260716000.0,8.22,0.149,40823000.0,3188000.0,37635000.0,40823000.0,0.0,51475000.0,0.0,0.0,0.0,366601000.0,418076000.0,0.416,418076000.0,366601000.0,366601000.0,4.91,4.85,4.91,1557558000.0,1457312250.0,1557558000.0,4638287729.0,13.0,11.094,171312000.0,3.228,1.0,552240000.0,0.549,48617000.0,0.0,1000075000.0,903058750.0,239010000.0,206779000.0,206779000.0,0.0,232275000.0,158275000.0,74000000.0,5242225729.0,41323000.0,-47792000.0,-8946000.0,21156000.0,0.0,27443000.0,-274408000.0,-100700000.0,297696000.0,-9408000.0,260752000.0,260752000.0,260752000.0,0.0,-36000.0,0.259,183431000.0,368809000.0,28048000.0,0.0,3.366,20.104,20.104,379375000.0,0.0,98.71,5.21,5.206,155901000.0,1094108000.0,1006173000.0,1006173000.0,78552000.0,0.156,0.179,0.406,0.364,21734000.0,104879000.0,1.0,53107342.0,53068000,53797000.0,18.96,1741382000.0,76570000.0,105849000.0,60919000.0,32.814,1142687000.0
19,IPGP,MRT,2016-09-30,2016-09-30,2016-09-30,2021-08-05,-148430000.0,1727298000.0,1590033500.0,1276498000.0,450800000.0,0.597,28.318,-119254000.0,645558000.0,645558000.0,430731000.0,246264000.0,8.202,0.149,41620000.0,3188000.0,38432000.0,41620000.0,0.0,48982000.0,0.0,0.0,0.0,342488000.0,391470000.0,0.412,391470000.0,342488000.0,342895000.0,4.64,4.59,4.64,1502846000.0,1382804750.0,1502846000.0,3832270915.0,11.0,9.789,145462000.0,2.741,1.0,518947000.0,0.546,48514000.0,-407000.0,919219000.0,837131250.0,242370000.0,126970000.0,126970000.0,0.0,224282000.0,155627000.0,68655000.0,4377139915.0,-5662000.0,-46527000.0,-13972000.0,21387000.0,0.0,23961000.0,-293048000.0,-127313000.0,264716000.0,-1291000.0,246323000.0,246323000.0,246323000.0,0.0,-59000.0,0.259,172603000.0,346344000.0,17899000.0,0.0,2.913,17.77,17.748,367474000.0,0.0,82.35,4.609,4.602,162725000.0,1018976000.0,949678000.0,949678000.0,74213000.0,0.155,0.178,0.409,0.361,27035000.0,98390000.0,1.0,53152883.0,53071000,53761000.0,17.894,1678784000.0,75333000.0,96572000.0,68387000.0,31.633,1120871000.0
20,IPGP,MRT,2016-06-30,2016-06-30,2016-06-30,2021-08-05,-156451000.0,1629307000.0,1510260500.0,1197247000.0,432060000.0,0.614,26.816,-108167000.0,587286000.0,587286000.0,419742000.0,239794000.0,8.87,0.145,42417000.0,3188000.0,39229000.0,42417000.0,0.0,45892000.0,0.0,0.0,0.0,337928000.0,383820000.0,0.414,383820000.0,337928000.0,337922000.0,4.53,4.48,4.53,1422989000.0,1310757750.0,1422989000.0,3651710760.0,11.0,9.514,162209000.0,3.057,1.0,507460000.0,0.547,49857000.0,6000.0,899605000.0,761151250.0,241282000.0,126794000.0,126794000.0,0.0,206144000.0,134976000.0,71168000.0,4246235760.0,15778000.0,-46527000.0,-9574000.0,20187000.0,0.0,26709000.0,-281853000.0,-127238000.0,270376000.0,546000.0,239879000.0,239879000.0,239879000.0,0.0,-85000.0,0.259,163420000.0,344040000.0,20414000.0,0.0,2.984,17.702,17.66,350432000.0,0.0,80.0,4.58,4.579,151476000.0,949741000.0,927202000.0,927202000.0,69891000.0,0.159,0.183,0.444,0.364,26228000.0,93529000.0,1.0,53077947.0,53065000,53788000.0,17.473,1579450000.0,70805000.0,98043000.0,62779000.0,29.764,1062271000.0
21,IPGP,MRT,2016-03-31,2016-03-31,2016-03-31,2021-08-05,-152987000.0,1550100000.0,1436569000.0,1197639000.0,352461000.0,0.633,25.442,-80890000.0,613692000.0,613692000.0,411093000.0,234007000.0,7.949,0.151,19167000.0,2000000.0,17167000.0,19167000.0,0.0,44066000.0,0.0,0.0,0.0,330142000.0,374208000.0,0.411,374208000.0,330142000.0,330024000.0,4.43,4.38,4.43,1345856000.0,1245590750.0,1345856000.0,4518588483.0,14.0,12.075,195481000.0,3.695,1.0,498460000.0,0.548,11568000.0,118000.0,793336000.0,697500000.0,226907000.0,126273000.0,126273000.0,0.0,203102000.0,150671000.0,52431000.0,5081453483.0,72218000.0,0.0,-4409000.0,-13477000.0,0.0,-5883000.0,-207457000.0,-126646000.0,276371000.0,9187000.0,234120000.0,234120000.0,234120000.0,0.0,-113000.0,0.257,157261000.0,341199000.0,20277000.0,0.0,3.776,21.704,21.688,309206000.0,0.0,96.08,5.587,5.588,146505000.0,882682000.0,909553000.0,909553000.0,66593000.0,0.163,0.188,0.473,0.363,24594000.0,90668000.0,1.0,52887734.0,52898000,53621000.0,17.194,1538532000.0,71574000.0,95904000.0,92671000.0,29.085,1046968000.0
22,IPGP,MRT,2015-12-31,2015-12-31,2015-12-31,2021-08-05,-181482000.0,1453429000.0,1361359000.0,1102589000.0,350840000.0,0.662,23.911,-69955000.0,582532000.0,582532000.0,409388000.0,242027000.0,7.776,0.153,19667000.0,2000000.0,17667000.0,19667000.0,0.0,42415000.0,0.0,0.0,0.0,342045000.0,384460000.0,0.427,384460000.0,342045000.0,341744000.0,4.6,4.53,4.6,1259528000.0,1178865000.0,1259528000.0,4075177670.0,12.0,10.6,193527000.0,3.674,1.0,491877000.0,0.546,12409000.0,301000.0,736365000.0,649644500.0,203738000.0,106584000.0,106584000.0,0.0,192764000.0,141790000.0,50974000.0,4705982670.0,60382000.0,-4958000.0,0.0,-15673000.0,0.0,-1541000.0,-181567000.0,-106747000.0,263482000.0,-19992000.0,242154000.0,242154000.0,242154000.0,0.0,-127000.0,0.269,152394000.0,339483000.0,26314000.0,0.0,3.736,19.434,19.383,288604000.0,0.0,89.16,5.222,5.211,150479000.0,833356000.0,901265000.0,901265000.0,63334000.0,0.178,0.205,0.527,0.38,18989000.0,89060000.0,1.0,52781322.0,52676000,53427000.0,17.11,1441020000.0,63424000.0,99590000.0,71116000.0,27.356,960799000.0
23,IPGP,MRT,2015-09-30,2015-09-30,2015-09-30,2021-08-05,-155802000.0,1408206000.0,1300723500.0,1078072000.0,330134000.0,0.68,23.059,-66390000.0,651220000.0,651220000.0,401290000.0,237778000.0,7.243,0.158,20415000.0,2248000.0,18167000.0,20415000.0,0.0,40282000.0,0.0,0.0,0.0,339196000.0,379478000.0,0.429,379478000.0,339196000.0,338926000.0,4.52,4.47,4.52,1214658000.0,1125623250.0,1214658000.0,3456229693.0,10.0,9.108,184239000.0,3.498,1.0,483751000.0,0.547,13252000.0,270000.0,615299000.0,613706000.0,197635000.0,0.0,0.0,0.0,192320000.0,148850000.0,43470000.0,4005470693.0,163702000.0,-4958000.0,14317000.0,-15330000.0,0.0,8092000.0,-71264000.0,0.0,250629000.0,-23755000.0,237880000.0,237880000.0,237880000.0,0.0,-102000.0,0.269,148132000.0,335619000.0,20862000.0,0.0,3.298,16.838,16.808,286514000.0,0.0,75.97,4.526,4.522,154814000.0,772652000.0,885041000.0,885041000.0,59375000.0,0.183,0.211,0.553,0.383,8875000.0,88757000.0,1.0,52724374.0,52675000,53392000.0,16.802,1394954000.0,60419000.0,101046000.0,74130000.0,26.482,929222000.0
24,IPGP,MRT,2015-06-30,2015-06-30,2015-06-30,2021-08-05,-139262000.0,1334541000.0,1245019000.0,1002370000.0,332171000.0,0.676,22.073,-75107000.0,571508000.0,571508000.0,381614000.0,230221000.0,7.97,0.147,22267000.0,3600000.0,18667000.0,22267000.0,0.0,38700000.0,0.0,0.0,0.0,327219000.0,365919000.0,0.435,365919000.0,327219000.0,326985000.0,4.39,4.34,4.39,1162321000.0,1081134500.0,1162321000.0,3973854024.0,12.0,10.86,129533000.0,2.46,1.0,459537000.0,0.546,14529000.0,234000.0,645000000.0,603255750.0,190848000.0,0.0,0.0,0.0,170786000.0,125771000.0,45015000.0,4482638024.0,88076000.0,-4958000.0,13753000.0,-13916000.0,0.0,9055000.0,-81934000.0,0.0,204640000.0,-43685000.0,230289000.0,230289000.0,230289000.0,0.0,-68000.0,0.274,144630000.0,314907000.0,21537000.0,0.0,3.857,19.465,19.402,288553000.0,0.0,85.175,5.329,5.332,169828000.0,709860000.0,841151000.0,841151000.0,56601000.0,0.185,0.213,0.542,0.389,7644000.0,88029000.0,1.0,52628565.0,52657000,53442000.0,15.974,1320012000.0,53440000.0,96696000.0,58708000.0,25.068,876599000.0
25,IPGP,MRT,2015-03-31,2015-03-31,2015-03-31,2021-08-05,-150539000.0,1249260000.0,1200980250.0,931028000.0,318232000.0,0.665,20.557,-90726000.0,541474000.0,541474000.0,363156000.0,217260000.0,7.561,0.156,32690000.0,13523000.0,19167000.0,32690000.0,0.0,37253000.0,0.0,0.0,0.0,308548000.0,345801000.0,0.433,345801000.0,308548000.0,308426000.0,4.16,4.11,4.16,1078953000.0,1046519250.0,1078953000.0,4378609862.0,14.0,12.662,97996000.0,1.867,1.0,435061000.0,0.545,15432000.0,122000.0,601914000.0,583900500.0,174140000.0,0.0,0.0,0.0,168741000.0,123130000.0,45611000.0,4865128862.0,60865000.0,-4958000.0,11356000.0,-3408000.0,0.0,17135000.0,-97569000.0,0.0,188722000.0,-47423000.0,217273000.0,217273000.0,217273000.0,0.0,-13000.0,0.272,141070000.0,293991000.0,15916000.0,0.0,4.509,22.392,22.284,274145000.0,0.0,92.7,6.095,6.095,149781000.0,648561000.0,798217000.0,798217000.0,54849000.0,0.181,0.208,0.528,0.387,6845000.0,86221000.0,1.0,52482512.0,52486000,53267000.0,15.208,1233828000.0,47716000.0,91153000.0,57926000.0,23.508,807898000.0
26,IPGP,MRT,2014-12-31,2014-12-31,2014-12-31,2021-08-05,-112263000.0,1210887000.0,1162918500.0,893838000.0,317049000.0,0.662,20.086,-88167000.0,522150000.0,522150000.0,353314000.0,200445000.0,7.322,0.157,35631000.0,15964000.0,19667000.0,35631000.0,0.0,35612000.0,0.0,0.0,0.0,284551000.0,320163000.0,0.416,320163000.0,284551000.0,284474000.0,3.85,3.79,3.85,1046561000.0,1017110000.0,1046561000.0,3435913701.0,12.0,10.732,91938000.0,1.765,1.0,416518000.0,0.541,9682000.0,77000.0,592611000.0,562993500.0,171009000.0,0.0,0.0,0.0,164326000.0,122075000.0,42251000.0,3909488701.0,73374000.0,0.0,7558000.0,-2008000.0,0.0,11529000.0,-90080000.0,0.0,180105000.0,-28180000.0,200445000.0,200445000.0,200445000.0,0.0,0.0,0.26,139378000.0,277140000.0,17141000.0,0.0,3.736,19.504,19.46,275082000.0,0.0,74.92,5.078,5.071,143109000.0,591202000.0,769832000.0,769832000.0,53403000.0,0.172,0.197,0.505,0.37,9193000.0,85975000.0,1.0,52182177.0,52104000,52824000.0,14.775,1201205000.0,41713000.0,84029000.0,47497000.0,23.054,771763000.0
27,IPGP,MRT,2014-09-30,2014-09-30,2014-09-30,2021-08-05,-54474000.0,1185388000.0,1125500750.0,863254000.0,322134000.0,0.647,19.903,-94857000.0,487518000.0,487518000.0,344166000.0,180609000.0,6.743,0.143,13943000.0,13943000.0,0.0,13943000.0,0.0,34519000.0,0.0,0.0,0.0,253821000.0,288340000.0,0.396,288340000.0,253821000.0,253702000.0,3.47,3.43,3.47,1036703000.0,987462000.0,1036703000.0,3116419030.0,12.0,10.808,87636000.0,1.682,1.0,384123000.0,0.527,10302000.0,119000.0,573498000.0,544416750.0,179476000.0,0.0,0.0,0.0,148685000.0,128013000.0,20672000.0,3585127030.0,89163000.0,0.0,7777000.0,-371000.0,0.0,15366000.0,-96881000.0,495000.0,182493000.0,-11815000.0,180609000.0,180609000.0,180609000.0,0.0,0.0,0.248,133618000.0,250505000.0,18969000.0,0.0,3.458,19.85,19.821,271286000.0,0.0,68.78,4.923,4.919,136629000.0,534771000.0,728289000.0,728289000.0,50471000.0,0.16,0.183,0.466,0.349,6223000.0,83147000.0,1.0,52124557.0,52088000,52792000.0,13.982,1175086000.0,45841000.0,73093000.0,48911000.0,22.56,735241000.0
28,IPGP,MRT,2014-06-30,2014-06-30,2014-06-30,2021-08-05,-7601000.0,1158386000.0,1081602750.0,854092000.0,304294000.0,0.648,19.664,-82113000.0,483432000.0,483432000.0,332944000.0,167747000.0,7.547,0.131,14724000.0,14724000.0,0.0,14724000.0,0.0,33727000.0,0.0,0.0,0.0,236061000.0,269788000.0,0.385,269788000.0,236061000.0,236009000.0,3.23,3.19,3.23,1023860000.0,947208000.0,1023860000.0,3115099226.0,13.0,11.546,89855000.0,1.726,1.0,367846000.0,0.525,8927000.0,52000.0,567579000.0,528441000.0,178925000.0,0.0,0.0,0.0,134526000.0,113172000.0,21354000.0,3581075226.0,113948000.0,0.0,8477000.0,-396000.0,0.0,17025000.0,-82126000.0,495000.0,171968000.0,7081000.0,167747000.0,167747000.0,167747000.0,0.0,0.0,0.239,129980000.0,237866000.0,15059000.0,0.0,3.498,21.348,21.3,268122000.0,0.0,68.8,5.11,5.112,124144000.0,479571000.0,700790000.0,700790000.0,48525000.0,0.155,0.177,0.447,0.337,4476000.0,81455000.0,1.0,52050512.0,52068000,52769000.0,13.459,1149459000.0,43096000.0,68262000.0,41364000.0,22.076,740920000.0
29,IPGP,MRT,2014-03-31,2014-03-31,2014-03-31,2021-08-05,-14328000.0,1097013000.0,1026820000.0,825133000.0,271880000.0,0.659,18.498,-64363000.0,480609000.0,480609000.0,323216000.0,161184000.0,7.989,0.141,14633000.0,3633000.0,11000000.0,14633000.0,0.0,32409000.0,0.0,0.0,0.0,226709000.0,259118000.0,0.383,259118000.0,226709000.0,226622000.0,3.11,3.07,3.11,961316000.0,895234750.0,961316000.0,3260145836.0,14.0,12.582,109734000.0,2.111,1.0,353541000.0,0.522,9473000.0,87000.0,518286000.0,506124500.0,170556000.0,0.0,0.0,0.0,135697000.0,103278000.0,32419000.0,3692959836.0,124894000.0,0.0,7166000.0,-9147000.0,0.0,6994000.0,-64354000.0,495000.0,174097000.0,8157000.0,161184000.0,161184000.0,161184000.0,0.0,0.0,0.238,125604000.0,227937000.0,18620000.0,0.0,3.842,22.911,22.855,249361000.0,0.0,71.08,5.457,5.458,107598000.0,431288000.0,676757000.0,676757000.0,45646000.0,0.157,0.18,0.448,0.335,3480000.0,79958000.0,1.0,51954978.0,51970000,52724000.0,13.022,1087540000.0,39266000.0,65438000.0,38577000.0,20.926,721855000.0
30,IPGP,MRT,2013-12-31,2013-12-31,2013-12-31,2021-08-05,-1701000.0,1061216000.0,975631250.0,786343000.0,274873000.0,0.664,18.002,-70683000.0,448776000.0,448776000.0,308136000.0,155780000.0,7.857,0.144,15962000.0,4629000.0,11333000.0,15962000.0,0.0,31524000.0,0.0,0.0,0.0,218302000.0,249826000.0,0.386,249826000.0,218302000.0,218301000.0,3.02,2.97,3.02,927969000.0,848212000.0,927969000.0,3627111957.0,17.0,14.519,48684000.0,0.944,1.0,339898000.0,0.525,10019000.0,1000.0,518304000.0,490957750.0,172700000.0,0.0,0.0,0.0,133247000.0,100079000.0,33168000.0,4010919957.0,64723000.0,-5555000.0,7275000.0,-2000000.0,0.0,14149000.0,-75886000.0,495000.0,119367000.0,7093000.0,155780000.0,155780000.0,155780000.0,0.0,0.0,0.24,119215000.0,220683000.0,18787000.0,0.0,4.322,25.747,25.699,252245000.0,0.0,77.61,6.189,6.174,103803000.0,390757000.0,648034000.0,648034000.0,41660000.0,0.16,0.184,0.445,0.337,2846000.0,77555000.0,1.0,51680453.0,51548000,52375000.0,12.571,1051197000.0,35027000.0,62521000.0,39162000.0,20.393,686264000.0
31,IPGP,MRT,2013-09-30,2013-09-30,2013-09-30,2021-08-05,-4961000.0,1009796000.0,934201750.0,749208000.0,260588000.0,0.671,17.005,-64600000.0,398355000.0,398355000.0,293655000.0,154097000.0,7.081,0.153,14547000.0,2880000.0,11667000.0,14547000.0,0.0,30390000.0,0.0,0.012,0.65,217591000.0,247981000.0,0.395,247981000.0,217591000.0,217344000.0,2.98,2.93,2.98,875687000.0,801951500.0,875687000.0,2549826255.0,12.0,10.282,55132000.0,1.071,1.0,333550000.0,0.532,10586000.0,247000.0,509595000.0,459767500.0,171268000.0,0.0,0.0,0.0,134109000.0,105807000.0,28302000.0,2904155255.0,25786000.0,-5555000.0,4398000.0,-6155000.0,-33353000.0,-30691000.0,-70329000.0,-1000.0,119732000.0,7074000.0,154097000.0,154097000.0,154097000.0,0.0,0.0,0.246,114391000.0,219159000.0,14293000.0,0.218,3.316,18.846,18.909,236507000.0,0.0,56.35,4.63,4.626,120640000.0,354162000.0,627205000.0,627205000.0,40052000.0,0.165,0.192,0.473,0.347,6392000.0,74339000.0,1.0,51537804.0,51495000,52367000.0,12.18,999210000.0,34973000.0,63247000.0,45716000.0,19.404,643401000.0
32,IPGP,MRT,2013-06-30,2013-06-30,2013-06-30,2021-08-05,-16906000.0,939255000.0,901349000.0,691585000.0,247670000.0,0.678,15.856,-66315000.0,369484000.0,369484000.0,284736000.0,154194000.0,7.264,0.151,15155000.0,3155000.0,12000000.0,15155000.0,0.0,28671000.0,0.0,0.011,0.65,217812000.0,246483000.0,0.403,246483000.0,217812000.0,217557000.0,2.99,2.93,2.99,815967000.0,765422750.0,815967000.0,2792927177.0,13.0,11.331,54780000.0,1.064,1.0,326696000.0,0.534,11411000.0,255000.0,478313000.0,430958750.0,154093000.0,0.0,0.0,0.0,123288000.0,95202000.0,28086000.0,3124786177.0,23906000.0,-17151000.0,5314000.0,-5134000.0,-33353000.0,-27233000.0,-74184000.0,9764000.0,121095000.0,4228000.0,154194000.0,154194000.0,154194000.0,0.0,0.0,0.252,107070000.0,219626000.0,18525000.0,0.217,3.83,20.265,20.311,225195000.0,0.0,60.73,5.111,5.111,114498000.0,311824000.0,611432000.0,611432000.0,36313000.0,0.171,0.201,0.505,0.356,3898000.0,70757000.0,1.0,51453749.0,51462000,52385000.0,11.881,927844000.0,30970000.0,63363000.0,36158000.0,18.03,596383000.0
33,IPGP,MRT,2013-03-31,2013-03-31,2013-03-31,2021-08-05,-12639000.0,892258000.0,866038750.0,649371000.0,242887000.0,0.671,15.041,-72062000.0,355715000.0,355715000.0,269504000.0,152323000.0,7.37,0.154,23856000.0,11331000.0,12525000.0,23856000.0,0.0,27146000.0,0.0,0.01,0.65,212422000.0,239568000.0,0.412,239568000.0,212422000.0,212817000.0,2.92,2.85,2.92,773225000.0,728863750.0,773225000.0,3048417000.0,14.0,12.725,64870000.0,1.262,1.0,311684000.0,0.536,14670000.0,-395000.0,457619000.0,402380500.0,142096000.0,0.0,0.0,0.0,119033000.0,88110000.0,30923000.0,3414509000.0,-21356000.0,-17151000.0,5111000.0,-3039000.0,-33353000.0,-81586000.0,-71465000.0,18450000.0,136932000.0,-5237000.0,150216000.0,150216000.0,150216000.0,0.0,2107000.0,0.258,98732000.0,212952000.0,14575000.0,0.223,4.416,22.731,22.743,218995000.0,0.0,66.41,5.875,5.874,102793000.0,270104000.0,581188000.0,581188000.0,33059000.0,0.173,0.206,0.528,0.365,4004000.0,65673000.0,1.0,51415585.0,51407000,52350000.0,11.306,877588000.0,27846000.0,62601000.0,30464000.0,17.071,561261000.0
34,IPGP,MRT,2012-12-31,2012-12-31,2012-12-31,2021-08-05,-3094000.0,895498000.0,851700500.0,664959000.0,230539000.0,0.66,14.718,-68184000.0,384053000.0,384053000.0,257801000.0,147744000.0,5.3,0.205,17961000.0,3947000.0,14014000.0,17961000.0,0.0,26144000.0,0.0,0.01,0.65,206156000.0,232300000.0,0.413,232300000.0,206156000.0,206475000.0,2.87,2.81,2.87,742927000.0,700149000.0,742927000.0,3065402630.0,15.0,13.196,107092000.0,2.122,1.0,304727000.0,0.542,10408000.0,-319000.0,393543000.0,381807500.0,139618000.0,0.0,0.0,0.0,152571000.0,125455000.0,27116000.0,3417158630.0,203819000.0,-11596000.0,173408000.0,-6547000.0,-33353000.0,82087000.0,-55257000.0,25451000.0,175276000.0,1713000.0,145004000.0,145004000.0,145004000.0,0.0,2740000.0,0.258,94477000.0,210250000.0,17783000.0,0.226,4.6,23.566,23.223,210563000.0,0.0,66.65,6.075,5.981,96630000.0,234977000.0,562528000.0,562528000.0,31401000.0,0.17,0.207,0.54,0.366,3886000.0,63076000.0,1.0,51270197.0,50477000,51536000.0,11.144,885090000.0,28126000.0,61471000.0,65376000.0,17.535,539504000.0
35,IPGP,MRT,2012-09-30,2012-09-30,2012-09-30,2021-08-05,-10705000.0,878385000.0,779859000.0,661106000.0,217279000.0,0.694,14.28,-69972000.0,372569000.0,372569000.0,245045000.0,144687000.0,5.451,0.204,20813000.0,6472000.0,14341000.0,20813000.0,0.0,24948000.0,0.0,0.0,0.0,203417000.0,228365000.0,0.422,228365000.0,203417000.0,203862000.0,2.86,2.78,2.86,729572000.0,625248000.0,729572000.0,2601303833.0,13.0,11.391,77889000.0,1.525,1.0,295977000.0,0.547,10988000.0,-445000.0,394360000.0,371528000.0,135121000.0,0.0,0.0,0.0,148813000.0,121281000.0,27532000.0,2926593833.0,175983000.0,-11896000.0,173015000.0,-4734000.0,0.0,116574000.0,-82260000.0,1000.0,147861000.0,-6192000.0,141178000.0,141178000.0,141178000.0,0.0,3509000.0,0.261,89999000.0,205978000.0,14291000.0,0.0,4.011,20.73,20.035,195153000.0,0.0,57.3,5.409,5.411,110649000.0,233418000.0,541022000.0,541022000.0,28711000.0,0.181,0.226,0.548,0.376,3833000.0,61288000.0,1.0,51074936.0,51090000,52102000.0,10.59,867397000.0,28890000.0,62684000.0,44785000.0,16.978,539825000.0
36,IPGP,MRT,2012-06-30,2012-06-30,2012-06-30,2021-08-05,-21208000.0,798014000.0,709343750.0,602957000.0,195057000.0,0.724,13.135,-66187000.0,345578000.0,345578000.0,233230000.0,136521000.0,5.81,0.192,20288000.0,5617000.0,14671000.0,20288000.0,0.0,24365000.0,0.0,0.0,0.0,191182000.0,215547000.0,0.42,215547000.0,191182000.0,191363000.0,2.71,2.63,2.71,669731000.0,547536750.0,669731000.0,1871365666.0,10.0,8.682,72627000.0,1.424,1.0,280477000.0,0.546,4946000.0,-181000.0,364000000.0,349862750.0,121979000.0,9765000.0,9765000.0,0.0,128283000.0,103778000.0,24505000.0,2222077666.0,157382000.0,-300000.0,171550000.0,-5076000.0,0.0,113244000.0,-76293000.0,-9764000.0,138814000.0,-18383000.0,131612000.0,131612000.0,131612000.0,0.0,4909000.0,0.256,88997000.0,191480000.0,13200000.0,0.0,3.318,16.884,16.085,177441000.0,0.0,43.59,4.326,4.327,86132000.0,190983000.0,513707000.0,513707000.0,27450000.0,0.186,0.24,0.546,0.372,5076000.0,61547000.0,1.0,50976776.0,50989000,52071000.0,10.075,793068000.0,31647000.0,59751000.0,38736000.0,15.554,499179000.0
37,IPGP,MRT,2012-03-31,2012-03-31,2012-03-31,2021-08-05,877000.0,834905000.0,650185500.0,647678000.0,187227000.0,0.765,13.59,-57199000.0,377071000.0,377071000.0,225443000.0,128179000.0,6.28,0.195,26359000.0,11227000.0,15132000.0,26359000.0,0.0,24519000.0,0.0,0.0,0.0,181669000.0,206188000.0,0.414,206188000.0,181669000.0,181065000.0,2.62,2.54,2.62,658366000.0,480643750.0,658366000.0,2325933014.0,13.0,11.281,47003000.0,0.97,1.0,272273000.0,0.547,5727000.0,604000.0,375327000.0,333905250.0,123430000.0,18451000.0,18451000.0,0.0,128152000.0,103139000.0,25013000.0,2481771014.0,216453000.0,-300000.0,169401000.0,1693000.0,0.0,196340000.0,-75840000.0,-18450000.0,104202000.0,-8249000.0,124606000.0,124606000.0,124606000.0,0.0,3573000.0,0.25,87968000.0,184305000.0,13488000.0,0.0,3.77,19.917,19.866,169876000.0,0.0,52.05,4.986,5.066,88426000.0,153241000.0,497716000.0,497716000.0,26831000.0,0.192,0.259,0.544,0.365,1466000.0,61137000.0,1.0,47680519.0,48446000,49582000.0,10.274,829178000.0,31370000.0,56459000.0,34410000.0,17.116,544539000.0
38,IPGP,MRT,2011-12-31,2011-12-31,2011-12-31,2021-08-05,-12100000.0,608132000.0,563851000.0,434457000.0,173675000.0,0.842,9.36,-53007000.0,180234000.0,180234000.0,217227000.0,121009000.0,4.636,0.267,24396000.0,8670000.0,15726000.0,24396000.0,0.0,23962000.0,0.0,0.0,0.0,172015000.0,195977000.0,0.413,195977000.0,172015000.0,171334000.0,2.48,2.41,2.48,443323000.0,406112000.0,443323000.0,1439203041.0,8.0,7.344,34344000.0,0.725,1.0,257255000.0,0.542,6157000.0,681000.0,352425000.0,305742000.0,116978000.0,25451000.0,25451000.0,0.0,118399000.0,93712000.0,24687000.0,1610216041.0,32374000.0,-750000.0,5268000.0,-1389000.0,0.0,31885000.0,-79099000.0,-25451000.0,87351000.0,-7763000.0,117759000.0,117759000.0,117759000.0,0.0,3250000.0,0.248,84595000.0,172660000.0,11122000.0,0.0,3.632,13.674,13.657,155202000.0,0.0,33.87,3.394,3.381,75755000.0,122833000.0,474482000.0,474482000.0,25422000.0,0.209,0.29,0.563,0.363,15000.0,59173000.0,1.0,47541070.0,47365000,48685000.0,10.018,601975000.0,29014000.0,53575000.0,35596000.0,12.709,340745000.0
39,IPGP,MRT,2011-09-30,2011-09-30,2011-09-30,2021-08-05,-2447000.0,596324000.0,522281750.0,431612000.0,164712000.0,0.865,8.818,-48923000.0,196586000.0,196586000.0,205593000.0,116422000.0,3.9,0.424,25573000.0,9277000.0,16296000.0,25573000.0,0.0,23929000.0,0.0,0.0,0.0,165567000.0,189496000.0,0.419,189496000.0,165567000.0,164543000.0,2.4,2.32,2.4,418727000.0,374431250.0,418727000.0,1899622126.0,11.0,10.025,41097000.0,0.866,1.0,246350000.0,0.545,6954000.0,1024000.0,307699000.0,274613750.0,117276000.0,0.0,0.0,0.0,177361000.0,110658000.0,66703000.0,2062269126.0,99956000.0,-450000.0,4075000.0,1430000.0,0.0,65145000.0,-49432000.0,0.0,90020000.0,-5777000.0,113735000.0,113735000.0,113735000.0,0.0,2687000.0,0.252,79598000.0,166752000.0,15241000.0,0.0,4.925,18.132,18.1,143339000.0,0.0,43.44,4.563,4.564,80361000.0,91753000.0,451943000.0,451943000.0,24134000.0,0.218,0.304,0.603,0.366,-8055000.0,55886000.0,1.0,47473967.0,47483000,48747000.0,9.518,589370000.0,28620000.0,50808000.0,34892000.0,12.412,320954000.0
40,IPGP,MRT,2011-06-30,2011-06-30,2011-06-30,2021-08-05,17000000.0,561381000.0,466694750.0,399800000.0,161581000.0,0.863,8.501,-42459000.0,188196000.0,188196000.0,186866000.0,95468000.0,4.402,0.395,25549000.0,8791000.0,16758000.0,25549000.0,0.0,23286000.0,0.0,0.0,0.0,137724000.0,161010000.0,0.4,161010000.0,137724000.0,136559000.0,2.0,1.94,2.0,402159000.0,341038500.0,402159000.0,3301405968.0,24.0,20.504,24527000.0,0.518,1.0,215822000.0,0.536,7736000.0,1165000.0,300170000.0,254975750.0,109273000.0,0.0,0.0,0.0,158977000.0,90828000.0,68149000.0,3436793968.0,97541000.0,-450000.0,9021000.0,-966000.0,0.0,66343000.0,-42991000.0,0.0,66986000.0,7203000.0,94092000.0,94092000.0,94092000.0,0.0,1376000.0,0.234,74074000.0,141748000.0,14884000.0,0.0,8.546,36.526,36.355,141902000.0,0.0,72.71,8.535,8.542,73284000.0,59371000.0,402688000.0,402688000.0,22614000.0,0.202,0.276,0.54,0.342,-7767000.0,51560000.0,1.0,47267143.0,47310000,48610000.0,8.512,553645000.0,16135000.0,42467000.0,21082000.0,11.702,308972000.0
41,IPGP,MRT,2011-03-31,2011-03-31,2011-03-31,2021-08-05,13890000.0,489567000.0,409780500.0,336810000.0,152757000.0,0.849,7.649,-33008000.0,160618000.0,160618000.0,168433000.0,74306000.0,4.038,0.358,25230000.0,8118000.0,17112000.0,25230000.0,0.0,22277000.0,0.0,0.0,0.0,108637000.0,130914000.0,0.376,130914000.0,108637000.0,107451000.0,1.57,1.53,1.57,360239000.0,303527750.0,360239000.0,2599346252.0,24.0,19.855,32702000.0,0.694,1.0,179577000.0,0.516,8104000.0,1186000.0,262674000.0,230939250.0,88698000.0,0.0,0.0,0.0,129118000.0,83401000.0,45717000.0,2723388252.0,76211000.0,-3810000.0,10971000.0,-2168000.0,0.0,43968000.0,-36927000.0,0.0,65710000.0,3460000.0,73662000.0,73662000.0,73662000.0,0.0,644000.0,0.212,70355000.0,109222000.0,12526000.0,0.0,7.56,36.971,36.739,131300000.0,0.0,57.68,7.826,7.806,57970000.0,28635000.0,348010000.0,348010000.0,20733000.0,0.18,0.243,0.47,0.312,-5518000.0,49696000.0,1.0,47215469.0,47099000,48690000.0,7.389,481463000.0,16175000.0,33789000.0,18011000.0,10.222,253409000.0
42,IPGP,MRT,2010-12-31,2010-12-31,2010-12-31,2021-08-05,810000.0,441855000.0,366190500.0,300801000.0,141054000.0,0.817,6.82,-28374000.0,147860000.0,147860000.0,152798000.0,54352000.0,3.634,0.316,23818000.0,8174000.0,15644000.0,23818000.0,0.0,21845000.0,0.0,0.0,0.0,80079000.0,101924000.0,0.341,101924000.0,80079000.0,78891000.0,1.16,1.13,1.16,316600000.0,276539000.0,316600000.0,1404123958.0,18.0,13.776,35058000.0,0.755,1.0,146458000.0,0.489,7131000.0,1188000.0,227912000.0,218129500.0,72470000.0,0.0,0.0,0.0,100149000.0,82770000.0,17379000.0,1478404958.0,64940000.0,-4108000.0,6298000.0,-591000.0,0.0,37764000.0,-32559000.0,0.0,63432000.0,-3697000.0,53991000.0,53991000.0,53991000.0,0.0,361000.0,0.18,66905000.0,79553000.0,9510000.0,0.0,4.67,27.382,27.259,120683000.0,0.0,31.62,4.94,4.905,55399000.0,5567000.0,299256000.0,299256000.0,19160000.0,0.147,0.195,0.367,0.268,-4247000.0,47745000.0,1.0,46755375.0,46424000,47594000.0,6.446,434724000.0,15745000.0,24900000.0,14981000.0,9.364,218031000.0
43,IPGP,MRT,2010-09-30,2010-09-30,2010-09-30,2021-08-05,3712000.0,373976000.0,333885750.0,239613000.0,134363000.0,0.756,6.128,-15119000.0,96630000.0,96630000.0,141713000.0,30241000.0,3.396,0.31,22349000.0,5967000.0,16382000.0,22349000.0,0.0,21246000.0,0.0,0.0,0.0,45876000.0,67122000.0,0.266,67122000.0,45876000.0,44898000.0,0.64,0.64,0.64,285156000.0,261496500.0,285156000.0,1051454009.0,23.0,15.665,31001000.0,0.666,1.0,110851000.0,0.439,0.0,978000.0,229147000.0,214431750.0,64898000.0,0.0,0.0,0.0,88524000.0,70548000.0,17976000.0,1117827009.0,20321000.0,-4108000.0,6794000.0,-12224000.0,0.0,-4303000.0,-19255000.0,0.0,46120000.0,-2241000.0,30051000.0,30051000.0,30051000.0,0.0,190000.0,0.119,65063000.0,45788000.0,10663000.0,0.0,3.92,37.198,37.719,111847000.0,0.0,24.14,4.426,4.448,53720000.0,-21495000.0,252564000.0,252564000.0,18966000.0,0.09,0.115,0.214,0.182,2037000.0,45906000.0,1.0,46306007.0,46533000,47700000.0,5.428,373976000.0,19590000.0,14847000.0,13786000.0,8.037,169065000.0
44,IPGP,MRT,2010-06-30,2010-06-30,2010-06-30,2021-08-05,-9740000.0,333724000.0,320126500.0,204879000.0,128845000.0,0.683,5.455,-11473000.0,90655000.0,90655000.0,130920000.0,19192000.0,3.235,0.323,24282000.0,7633000.0,16649000.0,24282000.0,0.0,20643000.0,0.0,0.0,0.0,29304000.0,49947000.0,0.229,49947000.0,29304000.0,28410000.0,0.41,0.41,0.41,252116000.0,253481750.0,252116000.0,644188498.0,22.0,12.897,42570000.0,0.921,1.0,87643000.0,0.401,0.0,894000.0,204024000.0,214692000.0,54029000.0,0.0,0.0,0.0,81401000.0,63327000.0,18074000.0,703831498.0,12587000.0,-4108000.0,2990000.0,-26405000.0,0.0,-22249000.0,-15551000.0,0.0,54043000.0,-3656000.0,19080000.0,19080000.0,19080000.0,0.0,112000.0,0.087,60623000.0,27020000.0,10427000.0,0.0,2.792,36.888,37.146,106106000.0,0.0,15.23,3.22,3.221,39907000.0,-34721000.0,218563000.0,218563000.0,18554000.0,0.06,0.075,0.136,0.134,1909000.0,42125000.0,1.0,46213493.0,46220000,47333000.0,4.729,333724000.0,18423000.0,9330000.0,11405000.0,7.22,141552000.0
45,IPGP,MRT,2010-03-31,2010-03-31,2010-03-31,2021-08-05,2582000.0,315207000.0,317470750.0,185161000.0,130046000.0,0.604,5.473,-10765000.0,84407000.0,84407000.0,122736000.0,7682000.0,4.196,0.249,24764000.0,8431000.0,16333000.0,24764000.0,0.0,20018000.0,0.0,0.0,0.0,12272000.0,32290000.0,0.168,32290000.0,12272000.0,11202000.0,0.16,0.16,0.16,252284000.0,251485000.0,252284000.0,622877316.0,51.0,19.29,34006000.0,0.738,1.0,68954000.0,0.36,0.0,1070000.0,211435000.0,222530250.0,52135000.0,0.0,0.0,0.0,62755000.0,44129000.0,18626000.0,681790316.0,12806000.0,-748000.0,2275000.0,-24196000.0,0.0,-20808000.0,-11495000.0,0.0,44771000.0,338000.0,7545000.0,7545000.0,7545000.0,0.0,137000.0,0.039,57110000.0,11844000.0,5824000.0,0.0,2.702,90.363,92.422,109639000.0,0.0,14.787,3.557,3.556,30078000.0,-45027000.0,191690000.0,191690000.0,18559000.0,0.024,0.03,0.055,0.064,1686000.0,38633000.0,1.0,46105854.0,46098000,47191000.0,4.158,315207000.0,16994000.0,3657000.0,6851000.0,6.838,141032000.0
46,IPGP,MRT,2009-12-31,2009-12-31,2009-12-31,2021-08-05,11106000.0,312636000.0,317120250.0,180914000.0,131722000.0,0.586,5.637,-10498000.0,82920000.0,82920000.0,121626000.0,5284000.0,4.912,0.219,24007000.0,7340000.0,16667000.0,24007000.0,0.0,19172000.0,0.0,0.0,0.0,9156000.0,28328000.0,0.152,28328000.0,9156000.0,7904000.0,0.12,0.12,0.12,256430000.0,247796000.0,256430000.0,721864406.0,79.0,25.482,43907000.0,0.965,1.0,64268000.0,0.346,3771000.0,1252000.0,213121000.0,228325500.0,52869000.0,0.0,0.0,0.0,56065000.0,36831000.0,19234000.0,764364406.0,31637000.0,0.0,2201000.0,-15139000.0,0.0,-12280000.0,-10639000.0,0.0,54405000.0,151000.0,5419000.0,5419000.0,5419000.0,0.0,-135000.0,0.029,54225000.0,10043000.0,5620000.0,0.0,2.981,141.053,139.417,111453000.0,0.0,16.73,4.112,4.094,30356000.0,-48424000.0,185894000.0,185894000.0,18543000.0,0.017,0.022,0.04,0.049,1551000.0,35646000.0,1.0,45688249.0,45489000,46595000.0,4.087,308865000.0,14429000.0,2485000.0,5249000.0,6.79,144083000.0
47,IPGP,MRT,2009-09-30,2009-09-30,2009-09-30,2021-08-05,12965000.0,318939000.0,317265750.0,184063000.0,134876000.0,0.598,5.554,-17202000.0,76309000.0,76309000.0,118908000.0,11582000.0,3.98,0.26,33809000.0,16809000.0,17000000.0,33809000.0,0.0,18757000.0,0.0,0.0,0.0,18409000.0,37166000.0,0.196,37166000.0,18409000.0,17081000.0,0.25,0.24,0.25,253097000.0,243231500.0,253097000.0,663960255.0,36.0,17.865,30135000.0,0.661,1.0,70887000.0,0.373,0.0,1328000.0,230188000.0,238047250.0,59155000.0,0.0,0.0,0.0,65736000.0,46251000.0,19485000.0,691960255.0,31970000.0,0.0,4721000.0,-2351000.0,0.0,987000.0,-17292000.0,0.0,47337000.0,938000.0,11357000.0,11357000.0,11357000.0,0.0,225000.0,0.06,51551000.0,19336000.0,4624000.0,0.0,2.734,60.928,60.8,114957000.0,0.0,15.2,3.646,3.65,29768000.0,-51546000.0,189795000.0,189795000.0,17798000.0,0.036,0.047,0.077,0.097,2567000.0,33823000.0,1.0,45523701.0,45573000,46695000.0,4.165,318939000.0,16327000.0,5724000.0,6027000.0,6.998,137812000.0
48,IPGP,MRT,2009-06-30,2009-06-30,2009-06-30,2021-08-05,8683000.0,323101000.0,313510250.0,189831000.0,133270000.0,0.657,5.374,-24512000.0,78068000.0,78068000.0,122413000.0,20798000.0,3.178,0.323,50068000.0,32734000.0,17334000.0,50068000.0,0.0,17352000.0,0.0,0.0,0.0,31244000.0,48596000.0,0.236,48596000.0,31244000.0,29988000.0,0.44,0.42,0.44,244129000.0,237062000.0,244129000.0,474849077.0,15.0,9.771,22311000.0,0.491,1.0,83586000.0,0.406,0.0,1256000.0,235377000.0,241966250.0,62085000.0,0.0,0.0,0.0,78877000.0,59724000.0,19153000.0,497708077.0,33142000.0,0.0,4071000.0,10081000.0,0.0,11535000.0,-24659000.0,0.0,46823000.0,-557000.0,19995000.0,19995000.0,19995000.0,0.0,803000.0,0.097,52288000.0,31298000.0,6065000.0,0.0,2.039,24.892,24.932,115258000.0,0.0,10.97,2.416,2.419,32006000.0,-53801000.0,205999000.0,205999000.0,17359000.0,0.064,0.084,0.129,0.152,2275000.0,35074000.0,1.0,45369925.0,45431000,45431000.0,4.534,323101000.0,14542000.0,9993000.0,3815000.0,7.112,130107000.0
49,IPGP,MRT,2009-03-31,2009-03-31,2009-03-31,2021-08-05,1886000.0,313805000.0,308492750.0,183678000.0,130127000.0,0.718,5.267,-28835000.0,71601000.0,71601000.0,122847000.0,30984000.0,3.261,0.32,48742000.0,31093000.0,17649000.0,48742000.0,0.0,16605000.0,0.0,0.0,0.0,45423000.0,62028000.0,0.28,62028000.0,45423000.0,44351000.0,0.66,0.64,0.66,237528000.0,232400250.0,237528000.0,369648753.0,8.0,5.959,17987000.0,0.399,1.0,98761000.0,0.446,0.0,1072000.0,234616000.0,244890500.0,66445000.0,0.0,0.0,0.0,76068000.0,56330000.0,19738000.0,381832753.0,32903000.0,0.0,4786000.0,14147000.0,0.0,16369000.0,-27829000.0,1000000.0,46822000.0,-2459000.0,29776000.0,29776000.0,29776000.0,0.0,1208000.0,0.134,52645000.0,46116000.0,5029000.0,0.0,1.608,12.824,12.758,112865000.0,0.0,8.42,1.723,1.713,29740000.0,-52572000.0,221608000.0,221608000.0,17072000.0,0.097,0.128,0.185,0.205,2322000.0,35718000.0,1.0,45348308.0,45094000,46152000.0,4.914,313805000.0,12392000.0,14575000.0,4790000.0,6.959,127348000.0
50,IPGP,MRT,2008-12-31,2008-12-31,2008-12-31,2021-08-05,8794000.0,313218000.0,301980250.0,181023000.0,132195000.0,0.759,5.351,-37111000.0,51283000.0,51283000.0,121776000.0,38453000.0,3.692,0.294,39099000.0,21102000.0,17997000.0,39099000.0,0.0,15834000.0,0.0,0.0,0.0,55542000.0,71376000.0,0.312,71376000.0,55542000.0,54765000.0,0.82,0.79,0.82,238172000.0,226868500.0,238172000.0,582535630.0,10.0,8.162,-2440000.0,-0.055,1.0,107300000.0,0.468,0.0,777000.0,252008000.0,245983750.0,72555000.0,0.0,0.0,0.0,69919000.0,49026000.0,20893000.0,591184630.0,13311000.0,0.0,4959000.0,7602000.0,0.0,10452000.0,-31618000.0,5450000.0,34671000.0,-194000.0,36654000.0,36654000.0,36654000.0,0.0,1799000.0,0.16,52757000.0,54543000.0,7739000.0,0.0,2.482,16.129,16.073,114492000.0,0.0,13.18,2.581,2.561,41842000.0,-53843000.0,229076000.0,229076000.0,15804000.0,0.121,0.162,0.226,0.242,2074000.0,37098000.0,1.0,44854676.0,44507000,46223000.0,5.147,313218000.0,10543000.0,18111000.0,5093000.0,7.037,131997000.0
51,IPGP,MRT,2008-09-30,2008-09-30,2008-09-30,2021-08-05,11954000.0,303917000.0,289506000.0,173753000.0,130164000.0,0.78,5.112,-37372000.0,44339000.0,44339000.0,121553000.0,39528000.0,3.517,0.331,35690000.0,17334000.0,18356000.0,35690000.0,0.0,14850000.0,0.0,0.0,0.0,53704000.0,68554000.0,0.303,68554000.0,53704000.0,53195000.0,0.8,0.78,0.8,228419000.0,217370500.0,228419000.0,865340409.0,16.0,12.623,-1183000.0,-0.026,1.0,104396000.0,0.462,0.0,509000.0,245864000.0,238503000.0,72797000.0,0.0,0.0,0.0,75498000.0,49404000.0,26094000.0,870373409.0,-411000.0,0.0,3727000.0,62000.0,0.0,1955000.0,-38414000.0,-1164000.0,36189000.0,-141000.0,35931000.0,35931000.0,35931000.0,0.0,3597000.0,0.159,52725000.0,51671000.0,10031000.0,0.0,3.81,24.223,24.387,112479000.0,0.0,19.51,3.852,3.858,39503000.0,-62903000.0,225949000.0,225949000.0,14107000.0,0.124,0.165,0.225,0.238,1918000.0,38618000.0,1.0,44611656.0,44685000,46375000.0,5.056,303917000.0,10699000.0,17264000.0,5169000.0,6.801,124349000.0
52,IPGP,MRT,2008-06-30,2008-06-30,2008-06-30,2021-08-05,21399000.0,303031000.0,278079750.0,176006000.0,127025000.0,0.762,5.084,-36807000.0,44926000.0,44926000.0,115163000.0,36603000.0,3.456,0.344,39893000.0,21183000.0,18710000.0,39893000.0,0.0,14419000.0,0.0,0.0,0.0,49171000.0,63590000.0,0.3,63590000.0,49171000.0,49054000.0,0.76,0.74,0.76,225482000.0,207149750.0,225482000.0,829493110.0,17.0,13.044,-12511000.0,-0.282,1.0,96679000.0,0.456,0.0,117000.0,247074000.0,228574500.0,76574000.0,0.0,0.0,0.0,77549000.0,50924000.0,26625000.0,832855110.0,-1783000.0,0.0,3574000.0,8723000.0,0.0,11758000.0,-38257000.0,-1517000.0,24296000.0,420000.0,33595000.0,33595000.0,33595000.0,0.0,3008000.0,0.159,47689000.0,48990000.0,9613000.0,0.0,3.694,24.791,24.75,111207000.0,0.0,18.81,3.931,3.938,37747000.0,-73796000.0,211842000.0,211842000.0,12331000.0,0.121,0.162,0.215,0.232,1819000.0,35358000.0,1.0,44277252.0,44355000,46132000.0,4.776,303031000.0,11654000.0,15459000.0,5460000.0,6.832,125082000.0
53,IPGP,MRT,2008-03-31,2008-03-31,2008-03-31,2021-08-05,21542000.0,287755000.0,262353250.0,165372000.0,122383000.0,0.762,4.885,-40020000.0,38698000.0,38698000.0,109749000.0,33970000.0,3.642,0.336,35336000.0,15336000.0,20000000.0,35336000.0,0.0,13188000.0,0.0,0.0,0.0,46260000.0,59448000.0,0.298,59448000.0,46260000.0,46443000.0,0.72,0.69,0.72,215401000.0,194260500.0,215401000.0,685072309.0,15.0,11.524,-24582000.0,-0.557,1.0,90051000.0,0.451,0.0,-183000.0,238989000.0,213385500.0,69630000.0,1000000.0,1000000.0,0.0,72354000.0,45404000.0,26950000.0,691826309.0,-10431000.0,0.0,3347000.0,13331000.0,0.0,16139000.0,-42541000.0,-2511000.0,15438000.0,533000.0,31431000.0,31431000.0,31431000.0,0.0,2539000.0,0.157,43987000.0,46064000.0,11364000.0,0.0,3.212,22.011,21.792,107010000.0,0.0,15.69,3.463,3.463,37269000.0,-82348000.0,199800000.0,199800000.0,10272000.0,0.12,0.162,0.217,0.232,1492000.0,33715000.0,1.0,44093455.0,44095000,46041000.0,4.531,287755000.0,12022000.0,15012000.0,4807000.0,6.526,119968000.0
54,IPGP,MRT,2007-12-31,2007-12-31,2007-12-31,2021-08-05,15167000.0,263321000.0,245520500.0,155691000.0,107630000.0,0.768,4.626,-34263000.0,37972000.0,37972000.0,103695000.0,32088000.0,4.515,0.315,31218000.0,11218000.0,20000000.0,31218000.0,0.0,12304000.0,0.0,0.0,0.0,44743000.0,57047000.0,0.302,57047000.0,44743000.0,45417000.0,0.69,0.65,0.69,200180000.0,181916000.0,200180000.0,865936741.0,19.0,15.179,-23606000.0,-0.546,1.0,84982000.0,0.45,0.0,-674000.0,222085000.0,193928000.0,60412000.0,6950000.0,6950000.0,0.0,63141000.0,34482000.0,28659000.0,875120741.0,-37695000.0,0.0,3060000.0,-9904000.0,0.0,-7383000.0,-41282000.0,-6950000.0,10657000.0,313000.0,29895000.0,29895000.0,29895000.0,0.0,2193000.0,0.158,39833000.0,45149000.0,9444000.0,0.0,4.372,29.273,28.971,96369000.0,0.0,19.99,4.638,4.584,33946000.0,-90497000.0,188677000.0,188677000.0,9527000.0,0.122,0.164,0.231,0.237,1324000.0,30306000.0,1.0,43777926.0,43269000,45749000.0,4.361,263321000.0,12135000.0,15522000.0,4864000.0,6.086,121209000.0
55,IPGP,MRT,2007-09-30,2007-09-30,2007-09-30,2021-08-05,12646000.0,258212000.0,237813250.0,161323000.0,96889000.0,0.739,4.325,-32337000.0,44750000.0,44750000.0,94203000.0,38194000.0,3.762,0.377,35566000.0,15566000.0,20000000.0,35566000.0,0.0,11996000.0,0.0,0.0,0.0,39956000.0,51952000.0,0.296,51952000.0,39956000.0,40225000.0,0.43,0.43,0.43,187536000.0,171519500.0,187536000.0,836060505.0,21.0,16.093,-23516000.0,-0.542,1.0,81504000.0,0.464,0.0,-269000.0,206150000.0,177662750.0,58850000.0,0.0,0.0,0.0,70676000.0,42878000.0,27798000.0,852037505.0,33393000.0,0.0,94418000.0,-16564000.0,0.0,57481000.0,-33081000.0,-744000.0,8821000.0,172000.0,38194000.0,17933000.0,17933000.0,0.0,0.0,0.102,36894000.0,44610000.0,9204000.0,0.0,4.543,47.512,45.721,89811000.0,20261000.0,19.66,4.849,4.852,33277000.0,-98834000.0,175707000.0,175707000.0,9101000.0,0.075,0.105,0.225,0.227,1121000.0,27793000.0,1.0,43338632.0,43362000,45731000.0,4.052,258212000.0,15164000.0,2031000.0,3930000.0,5.955,118445000.0
56,IPGP,MRT,2007-06-30,2007-06-30,2007-06-30,2021-08-05,8986000.0,240125000.0,208610500.0,148638000.0,91487000.0,0.786,4.047,-29099000.0,46709000.0,46709000.0,86867000.0,34384000.0,3.929,0.381,30732000.0,10732000.0,20000000.0,30732000.0,0.0,10761000.0,0.0,0.0,0.0,35912000.0,46673000.0,0.285,46673000.0,35912000.0,35641000.0,0.36,0.36,0.36,173925000.0,116782750.0,173925000.0,828012421.0,23.0,17.741,-22196000.0,-0.516,1.0,77136000.0,0.47,0.0,271000.0,186318000.0,156214250.0,52691000.0,0.0,0.0,0.0,66200000.0,37830000.0,28370000.0,856293421.0,35427000.0,0.0,93115000.0,-15388000.0,0.0,57354000.0,-28928000.0,171000.0,6903000.0,98000.0,34384000.0,14123000.0,14123000.0,0.0,0.0,0.086,35002000.0,42134000.0,10788000.0,0.0,4.923,60.631,55.417,81483000.0,20261000.0,19.95,5.221,5.228,26726000.0,-107391000.0,164003000.0,164003000.0,8439000.0,0.068,0.121,0.23,0.219,916000.0,26563000.0,1.0,42921976.0,42974000,45631000.0,3.816,240125000.0,18104000.0,1257000.0,6885000.0,5.588,110808000.0
57,IPGP,MRT,2007-03-31,2007-03-31,2007-03-31,2021-08-05,8458000.0,220424000.0,,133439000.0,86985000.0,,3.869,-23692000.0,49129000.0,49129000.0,82075000.0,32779000.0,4.307,0.328,20848000.0,848000.0,20000000.0,20848000.0,0.0,10013000.0,0.0,0.0,0.0,33106000.0,43119000.0,0.283,43119000.0,33106000.0,32364000.0,0.34,0.34,0.34,166023000.0,,166023000.0,789300414.0,24.0,18.305,-10706000.0,-0.25,1.0,70160000.0,0.461,0.0,742000.0,161159000.0,,45167000.0,0.0,0.0,0.0,54401000.0,30984000.0,23417000.0,823997414.0,38276000.0,0.0,92647000.0,-23641000.0,0.0,48633000.0,-23553000.0,139000.0,12986000.0,210000.0,32779000.0,12518000.0,12518000.0,0.0,0.0,0.082,30593000.0,39567000.0,8640000.0,0.0,4.963,65.825,56.471,73826000.0,20261000.0,19.2,5.413,5.412,24413000.0,-113779000.0,152235000.0,152235000.0,7438000.0,,,,0.217,752000.0,23155000.0,1.0,42916532.0,42909000,45602000.0,3.548,220424000.0,12853000.0,-415000.0,7734000.0,5.137,102455000.0
58,IPGP,MRT,2006-12-31,2006-12-31,2006-12-31,2021-08-05,7883000.0,232492000.0,173986500.0,156439000.0,76053000.0,0.823,5.685,-20352000.0,75667000.0,75667000.0,79931000.0,29233000.0,3.837,0.466,40970000.0,10902000.0,30068000.0,40970000.0,0.0,9105000.0,0.0,0.0,0.0,27731000.0,36836000.0,0.257,36836000.0,27731000.0,26238000.0,0.27,0.26,0.27,158594000.0,56045000.0,158594000.0,1063616224.0,38.0,28.874,-1150000.0,-0.041,1.0,63294000.0,0.442,0.0,1493000.0,157024000.0,132325500.0,42162000.0,0.0,0.0,0.0,73898000.0,40771000.0,33127000.0,1043974224.0,67306000.0,0.0,93169000.0,-5887000.0,0.0,66909000.0,-19127000.0,1225000.0,19202000.0,322000.0,29233000.0,8972000.0,8972000.0,0.0,0.0,0.063,27288000.0,36006000.0,7640000.0,0.0,6.583,116.359,88.889,67153000.0,20261000.0,24.0,7.289,4.674,22353000.0,-120392000.0,143225000.0,143225000.0,6544000.0,0.052,0.16,0.21,0.194,533000.0,20744000.0,1.0,43498926.0,27896000,33005000.0,5.134,232492000.0,13472000.0,-2995000.0,8521000.0,8.334,115668000.0
59,IPGP,MRT,2006-09-30,2006-09-30,2006-09-30,2021-08-05,6042000.0,141401000.0,,78681000.0,62720000.0,,-1.15,-19632000.0,11395000.0,11395000.0,78701000.0,16522000.0,1.934,-5.502,31037000.0,17911000.0,13126000.0,31037000.0,0.0,8388000.0,0.0,,0.0,26643000.0,35031000.0,0.259,35031000.0,26643000.0,25162000.0,0.44,0.41,0.44,-31411000.0,,-31411000.0,,,,1100000.0,0.04,1.0,56574000.0,0.418,0.0,1481000.0,120356000.0,,40367000.0,153000.0,0.0,153000.0,172812000.0,40687000.0,132125000.0,,2828000.0,0.0,-162000.0,-842000.0,0.0,-3000.0,-17999000.0,1633000.0,20732000.0,98000.0,16522000.0,14171000.0,14171000.0,0.0,0.0,0.105,24179000.0,32395000.0,6951000.0,0.0,,,,61232000.0,2351000.0,,,,22459000.0,-137028000.0,135275000.0,135275000.0,5925000.0,,,,0.197,324000.0,18254000.0,1.0,43498926.0,27304000,32859000.0,4.954,141401000.0,174000.0,8640000.0,2761000.0,5.179,37994000.0
60,IPGP,MRT,2006-06-30,2006-06-30,2006-06-30,2021-08-05,,,,,,,,,,,,,,,,,,,,,,,0.0,,,,,,,,,,,,,,,,,,1.0,,,,,,,,,,,,,,,,,,,,,,,,,,,,,,,,,,,,,,,,,,,,,,,,,,,,,,1.0,,27074000,,,,,,,,
61,IPGP,MRT,2006-03-31,2006-03-31,2006-03-31,2021-08-05,,,,,,,,,,,,,,,,,,,,,,,0.0,,,,,,,,,,,,,,,,,,1.0,,,,,,,,,,,,,,,,,,,,,,,,,,,,,,,,,,,,,,,,,,,,,,,,,,,,,,1.0,,26771000,,,,,,,,
62,IPGP,MRT,2005-12-31,2005-12-31,2005-12-31,2021-08-05,3782000.0,115481000.0,113013000.0,55807000.0,59674000.0,0.853,-1.773,-15207000.0,8361000.0,8361000.0,62481000.0,7427000.0,1.626,-3.483,34827000.0,19184000.0,15643000.0,34827000.0,0.0,8092000.0,0.0,,0.0,13347000.0,21439000.0,0.222,21439000.0,13347000.0,11507000.0,0.16,0.16,0.16,-46504000.0,-47771000.0,-46504000.0,,,,-1622000.0,-0.062,1.0,33904000.0,0.352,0.0,1840000.0,107627000.0,111506500.0,26525000.0,6339000.0,0.0,6339000.0,161985000.0,34320000.0,127665000.0,,5813000.0,0.0,0.0,123000.0,0.0,1135000.0,-8641000.0,6566000.0,13585000.0,-266000.0,7427000.0,5076000.0,5076000.0,0.0,0.0,0.053,19622000.0,14282000.0,5164000.0,0.0,,,,50995000.0,2351000.0,,,,15434000.0,-149625000.0,96385000.0,96385000.0,5788000.0,0.045,-0.106,0.12,0.138,7000.0,13834000.0,1.0,,26232000,30167000.0,3.674,115481000.0,3005000.0,4080000.0,147000.0,4.402,21487000.0
63,IPGP,MRT,2004-12-31,2004-12-31,2004-12-31,2021-08-05,7332000.0,110545000.0,,46651000.0,63894000.0,,-1.908,-3957000.0,9155000.0,9155000.0,42274000.0,2012000.0,1.814,-3.254,39713000.0,14254000.0,25459000.0,39713000.0,0.0,7154000.0,0.0,,0.0,2561000.0,9715000.0,0.16,9715000.0,2561000.0,411000.0,-0.01,-0.01,-0.01,-49038000.0,,-49038000.0,,,,2291000.0,0.089,1.0,18433000.0,0.304,0.0,2150000.0,115386000.0,,29577000.0,6265000.0,0.0,6265000.0,159583000.0,25717000.0,133866000.0,,2012000.0,0.0,268000.0,-836000.0,0.0,-426000.0,-3870000.0,87000.0,6248000.0,60000.0,2012000.0,-339000.0,-339000.0,0.0,0.0,-0.006,15373000.0,3060000.0,3240000.0,0.0,,,,45982000.0,2351000.0,,,,10806000.0,-157052000.0,60707000.0,60707000.0,4831000.0,,,,0.042,903000.0,10542000.0,1.0,,25698000,25698000.0,2.362,110545000.0,6409000.0,-1601000.0,1049000.0,4.302,20934000.0
64,IPGP,MRT,2003-12-31,2003-12-31,2003-12-31,2021-08-05,,,,,,,,,,,38583000.0,-28210000.0,,,,,,,,,,,0.0,-28910000.0,,,,-28910000.0,-30415000.0,-1.4,-1.4,-1.4,,,,,,,,,1.0,-4843000.0,-0.144,,1505000.0,,,,,,,,,,,,,,,,,,,,,-28210000.0,-28210000.0,-28210000.0,0.0,0.0,-0.836,22171000.0,-27014000.0,,0.0,,,,,0.0,,,,,,33740000.0,33740000.0,10063000.0,,,,-0.857,,12108000.0,1.0,,25534000,25534000.0,1.321,,,-2205000.0,,,
