None,ticker,dimension,calendardate,datekey,reportperiod,lastupdated,accoci,assets,assetsavg,assetsc,assetsnc,assetturnover,bvps,capex,cashneq,cashnequsd,cor,consolinc,currentratio,de,debt,debtc,debtnc,debtusd,deferredrev,depamor,deposits,divyield,dps,ebit,ebitda,ebitdamargin,ebitdausd,ebitusd,ebt,eps,epsdil,epsusd,equity,equityavg,equityusd,ev,evebit,evebitda,fcf,fcfps,fxusd,gp,grossmargin,intangibles,intexp,invcap,invcapavg,inventory,investments,investmentsc,investmentsnc,liabilities,liabilitiesc,liabilitiesnc,marketcap,ncf,ncfbus,ncfcommon,ncfdebt,ncfdiv,ncff,ncfi,ncfinv,ncfo,ncfx,netinc,netinccmn,netinccmnusd,netincdis,netincnci,netmargin,opex,opinc,payables,payoutratio,pb,pe,pe1,ppnenet,prefdivis,price,ps,ps1,receivables,retearn,revenue,revenueusd,rnd,roa,roe,roic,ros,sbcomp,sgna,sharefactor,sharesbas,shareswa,shareswadil,sps,tangibles,taxassets,taxexp,taxliabilities,tbvps,workingcapital
0,KIM,MRY,2020-12-31,2020-12-31,2020-12-31,2021-08-02,0.0,11614498000.0,11500948500.0,,,0.092,13.043,-225735000.0,293188000.0,293188000.0,342969000.0,1002877000.0,,1.057,5452099000.0,,,5452099000.0,0.0,288955000.0,0.0,0.036,0.54,1188715000.0,1477670000.0,1.397,1477670000.0,1188715000.0,1001811000.0,2.26,2.25,2.26,5608044000.0,5362276000.0,5608044000.0,11613098917.0,10.0,7.859,364178000.0,0.847,1.0,714924000.0,0.676,0.0,186904000.0,16773409000.0,16717834750.0,0.0,1414788000.0,,,5928460000.0,,,6491804917.0,169241000.0,-12866000.0,981000.0,40268000.0,-379874000.0,-387399000.0,-33273000.0,202878000.0,589913000.0,0.0,1000833000.0,975417000.0,975417000.0,0.0,2044000.0,0.922,382312000.0,332612000.0,0.0,0.239,1.158,6.655,6.642,9454082000.0,25416000.0,15.01,6.137,6.1,219248000.0,-162812000.0,1057893000.0,1057893000.0,0.0,0.085,0.182,0.071,1.124,23685000.0,93217000.0,1.0,432498662.0,429950000.0,431633000.0,2.461,11614498000.0,0.0,978000.0,0.0,27.014,
1,KIM,MRY,2019-12-31,2019-12-31,2019-12-31,2021-08-02,0.0,10997867000.0,11048525250.0,,,0.105,11.573,-121339000.0,123947000.0,123947000.0,336951000.0,413561000.0,,1.244,5408478000.0,,,5408478000.0,0.0,277879000.0,0.0,0.054,1.12,584683000.0,862562000.0,0.744,862562000.0,584683000.0,407288000.0,0.8,0.8,0.8,4864892000.0,5095138000.0,4864892000.0,14007374386.0,24.0,16.239,462289000.0,1.1,1.0,821933000.0,0.709,0.0,177395000.0,16282398000.0,16112132250.0,0.0,781871000.0,,,6051017000.0,,,8744435386.0,-19634000.0,-12762000.0,204012000.0,444084000.0,-531565000.0,-482841000.0,-120421000.0,9680000.0,583628000.0,0.0,410605000.0,339988000.0,339988000.0,0.0,2956000.0,0.293,344346000.0,477587000.0,170082000.0,1.4,1.797,25.72,25.887,9528348000.0,70617000.0,20.71,7.546,7.512,218689000.0,-904679000.0,1158884000.0,1158884000.0,0.0,0.031,0.067,0.036,0.505,20200000.0,96942000.0,1.0,422232515.0,420370000.0,421799000.0,2.757,10997867000.0,0.0,-3317000.0,0.0,26.162,
2,KIM,MRY,2018-12-31,2018-12-31,2018-12-31,2021-08-02,0.0,10999100000.0,11193226500.0,,,0.104,12.68,217870000.0,143581000.0,143581000.0,328559000.0,498463000.0,,1.043,4873872000.0,,,4873872000.0,0.0,310380000.0,0.0,0.076,1.12,682734000.0,993114000.0,0.853,993114000.0,682734000.0,499395000.0,1.02,1.02,1.02,5333804000.0,5386957500.0,5333804000.0,10914470618.0,16.0,10.99,855806000.0,2.035,1.0,836203000.0,0.718,0.0,183339000.0,15729391000.0,15971608250.0,0.0,763045000.0,,,5564365000.0,,,6173382618.0,-94932000.0,-2658000.0,-41421000.0,-394256000.0,-529756000.0,-986513000.0,253645000.0,22211000.0,637936000.0,0.0,497795000.0,439604000.0,439604000.0,0.0,668000.0,0.377,253797000.0,582406000.0,174903000.0,1.098,1.157,14.043,14.363,9491903000.0,58191000.0,14.65,5.3,5.291,184528000.0,-787707000.0,1164762000.0,1164762000.0,0.0,0.039,0.082,0.043,0.586,18221000.0,87797000.0,1.0,421391305.0,420641000.0,421379000.0,2.769,10999100000.0,0.0,1600000.0,0.0,26.148,
3,KIM,MRY,2017-12-31,2017-12-31,2017-12-31,2021-08-02,-1480000.0,11763726000.0,11568176500.0,,,0.104,12.734,-349600000.0,238513000.0,238513000.0,337893000.0,439671000.0,,1.154,5478927000.0,,,5478927000.0,0.0,360811000.0,0.0,0.06,1.09,617151000.0,977962000.0,0.814,977962000.0,617151000.0,425195000.0,0.87,0.87,0.87,5394244000.0,5262558500.0,5394244000.0,13120292373.0,21.0,13.416,264581000.0,0.625,1.0,862941000.0,0.719,0.0,191956000.0,17004140000.0,16778078250.0,0.0,714710000.0,,,6225436000.0,,,7725609373.0,96027000.0,60591000.0,440946000.0,187465000.0,-506172000.0,-223874000.0,-294280000.0,-5271000.0,614181000.0,0.0,426075000.0,372461000.0,372461000.0,0.0,13596000.0,0.31,431924000.0,431017000.0,185702000.0,1.253,1.432,20.742,20.862,10220393000.0,53614000.0,18.15,6.434,6.403,211595000.0,-761337000.0,1200834000.0,1200834000.0,0.0,0.032,0.071,0.037,0.514,21563000.0,91690000.0,1.0,425653409.0,423614000.0,424019000.0,2.835,11763726000.0,0.0,-880000.0,0.0,27.77,
4,KIM,MRY,2016-12-31,2016-12-31,2016-12-31,2021-08-02,5766000.0,11230600000.0,11269623750.0,,,0.104,12.562,-161875000.0,142486000.0,142486000.0,329024000.0,386138000.0,,1.092,5066368000.0,,,5066368000.0,0.0,355320000.0,0.0,0.041,1.035,649982000.0,1005302000.0,0.859,1005302000.0,649982000.0,457433000.0,0.79,0.79,0.79,5256139000.0,5263585500.0,5256139000.0,15523146839.0,24.0,15.441,430221000.0,1.028,1.0,841768000.0,0.719,0.0,192549000.0,16154482000.0,16155834250.0,0.0,721456000.0,,,5740773000.0,,,10693650839.0,-47048000.0,315580000.0,307395000.0,-553930000.0,-474045000.0,-804527000.0,165383000.0,11678000.0,592096000.0,0.0,378850000.0,332630000.0,332630000.0,0.0,7288000.0,0.284,540945000.0,300823000.0,145751000.0,1.31,2.035,32.149,31.848,9729783000.0,46220000.0,25.16,9.134,8.991,205020000.0,-676867000.0,1170792000.0,1170792000.0,0.0,0.03,0.063,0.04,0.555,19071000.0,86796000.0,1.0,425025868.0,418402000.0,419709000.0,2.798,11230600000.0,0.0,78583000.0,0.0,26.842,
5,KIM,MRY,2015-12-31,2015-12-31,2015-12-31,2021-08-02,5588000.0,11344171000.0,11489836750.0,,,0.102,12.269,-424279000.0,189534000.0,189534000.0,304477000.0,900143000.0,,1.204,5376310000.0,,,5376310000.0,0.0,344527000.0,0.0,0.037,0.975,1173236000.0,1517763000.0,1.301,1517763000.0,1173236000.0,954345000.0,2.01,2.0,2.01,5046300000.0,4990193500.0,5046300000.0,16253863564.0,14.0,10.709,69422000.0,0.169,1.0,862292000.0,0.739,0.0,218891000.0,16530947000.0,16839002500.0,0.0,965960000.0,,,6075511000.0,,,10936190564.0,2212000.0,464949000.0,18708000.0,65771000.0,-455833000.0,-512854000.0,21365000.0,-19305000.0,493701000.0,0.0,894115000.0,831215000.0,831215000.0,75000.0,6028000.0,0.712,518720000.0,343572000.0,150059000.0,0.485,2.167,13.157,13.164,9453489000.0,62900000.0,26.46,9.373,9.328,199076000.0,-572335000.0,1166769000.0,1166769000.0,0.0,0.072,0.167,0.07,1.006,18465000.0,122735000.0,1.0,413310301.0,411319000.0,412851000.0,2.837,11344171000.0,0.0,60230000.0,0.0,27.58,
6,KIM,MRY,2014-12-31,2014-12-31,2014-12-31,2021-08-02,45122000.0,10261400000.0,10144670000.0,,,0.098,11.672,35349000.0,187322000.0,187322000.0,258617000.0,435880000.0,,1.103,4595970000.0,,,4595970000.0,0.0,273093000.0,0.0,0.036,0.915,650198000.0,923291000.0,0.929,923291000.0,650198000.0,446439000.0,0.89,0.77,0.89,4774785000.0,4682774750.0,4774785000.0,14886351852.0,23.0,16.123,664692000.0,1.625,1.0,735280000.0,0.74,0.0,203759000.0,14670048000.0,14545019500.0,0.0,1393610000.0,,,5268155000.0,,,10343224852.0,38554000.0,128745000.0,23874000.0,-300300000.0,-427873000.0,-717494000.0,126705000.0,12611000.0,629343000.0,0.0,424001000.0,365707000.0,365707000.0,-50985000.0,11879000.0,0.368,424965000.0,310315000.0,129509000.0,1.028,2.166,28.283,28.247,8062820000.0,58294000.0,25.14,10.407,10.348,246399000.0,-1006578000.0,993897000.0,993897000.0,0.0,0.036,0.078,0.045,0.654,17879000.0,122201000.0,1.0,411425014.0,409088000.0,411038000.0,2.43,10261400000.0,0.0,22438000.0,0.0,25.084,
7,KIM,MRY,2013-12-31,2013-12-31,2013-12-31,2021-08-02,-64982000.0,9663630000.0,9916753750.0,,,0.087,11.364,-76311000.0,148768000.0,148768000.0,221498000.0,241353000.0,,1.038,4221401000.0,,,4221401000.0,0.0,257855000.0,0.0,0.043,0.855,481175000.0,739030000.0,0.858,739030000.0,481175000.0,268935000.0,0.43,0.53,0.43,4632417000.0,4710003000.0,4632417000.0,12070304181.0,25.0,16.333,493724000.0,1.211,1.0,640029000.0,0.743,0.0,212240000.0,13736263000.0,14077768250.0,0.0,1594417000.0,,,4807951000.0,,,8091382181.0,6893000.0,143611000.0,30210000.0,-227106000.0,-400354000.0,-635377000.0,72235000.0,16404000.0,570035000.0,0.0,236281000.0,177987000.0,177987000.0,48533000.0,5072000.0,0.207,390563000.0,249466000.0,124290000.0,1.988,1.747,45.461,45.93,7244663000.0,58294000.0,19.75,9.392,9.345,194569000.0,-996058000.0,861527000.0,861527000.0,0.0,0.018,0.038,0.034,0.559,18897000.0,127470000.0,1.0,409690237.0,407631000.0,408614000.0,2.113,9663630000.0,0.0,32654000.0,0.0,23.707,
8,KIM,MRY,2012-12-31,2012-12-31,2012-12-31,2021-08-02,-66182000.0,9751234000.0,9930961500.0,,,0.08,11.737,-105417000.0,141875000.0,141875000.0,206974000.0,280275000.0,,0.994,4195317000.0,,,4195317000.0,0.0,262742000.0,0.0,0.04,0.78,505412000.0,768154000.0,0.968,768154000.0,505412000.0,281676000.0,0.42,0.19,0.42,4765160000.0,4984911750.0,4765160000.0,11663939635.0,23.0,15.184,373637000.0,0.92,1.0,586399000.0,0.739,0.0,223736000.0,13804676000.0,13761273750.0,0.0,1782253000.0,,,4737678000.0,,,7875277635.0,28993000.0,-32029000.0,765801000.0,-102687000.0,-382722000.0,-399061000.0,-51000000.0,102467000.0,479054000.0,0.0,266073000.0,172673000.0,172673000.0,-97974000.0,14202000.0,0.218,353483000.0,232916000.0,111881000.0,1.857,1.653,45.608,46.0,7201825000.0,93400000.0,19.32,9.926,9.887,242244000.0,-824008000.0,793373000.0,793373000.0,0.0,0.017,0.035,0.037,0.637,17907000.0,123524000.0,1.0,407623066.0,405997000.0,406689000.0,1.954,9751234000.0,0.0,15603000.0,0.0,24.018,
9,KIM,MRY,2011-12-31,2011-12-31,2011-12-31,2021-08-02,-107660000.0,9628762000.0,9702287750.0,,,0.084,11.528,-201054000.0,112882000.0,112882000.0,220836000.0,182090000.0,,0.993,4114385000.0,,,4114385000.0,0.0,251139000.0,0.0,0.045,0.73,416518000.0,667657000.0,0.82,667657000.0,416518000.0,194840000.0,0.27,0.18,0.27,4686386000.0,4808213000.0,4686386000.0,10413801342.0,25.0,15.598,247559000.0,0.609,1.0,593641000.0,0.729,0.0,221678000.0,13630265000.0,13613519000.0,0.0,1781885000.0,,,4653545000.0,,,6608736342.0,-12272000.0,-108166000.0,534000.0,-48735000.0,-353764000.0,-440125000.0,-20760000.0,288460000.0,448613000.0,0.0,169051000.0,109688000.0,109688000.0,-40566000.0,13039000.0,0.135,355861000.0,237780000.0,125544000.0,2.704,1.41,60.25,60.148,7078167000.0,59363000.0,16.24,8.114,8.106,267025000.0,-702999000.0,814477000.0,814477000.0,0.0,0.011,0.023,0.031,0.511,0.0,118559000.0,1.0,406941893.0,406530000.0,407669000.0,2.003,9628762000.0,0.0,25789000.0,0.0,23.685,
10,KIM,MRY,2010-12-31,2010-12-31,2010-12-31,2021-08-02,-23853000.0,9833875000.0,9948463250.0,,,0.083,12.162,22118000.0,125154000.0,125154000.0,227424000.0,161651000.0,,0.927,4058987000.0,,,4058987000.0,0.0,247637000.0,0.0,0.037,0.66,369108000.0,616745000.0,0.746,616745000.0,369108000.0,146076000.0,0.22,0.14,0.22,4935842000.0,4879838500.0,4935842000.0,11202713468.0,30.0,18.164,502053000.0,1.237,1.0,599382000.0,0.725,0.0,223032000.0,13767708000.0,14029763750.0,0.0,2025304000.0,,,4577529000.0,,,7323352468.0,3096000.0,-53591000.0,177837000.0,-299537000.0,-306964000.0,-514743000.0,37904000.0,72122000.0,479935000.0,0.0,142868000.0,91522000.0,91522000.0,-39152000.0,18783000.0,0.111,369542000.0,229840000.0,154482000.0,3.0,1.484,80.017,82.0,7043380000.0,51346000.0,18.04,8.857,8.855,239029000.0,-515164000.0,826806000.0,826806000.0,0.0,0.009,0.019,0.026,0.446,-103000.0,109034000.0,1.0,405950802.0,405827000.0,406201000.0,2.037,9833875000.0,0.0,3208000.0,0.0,24.232,
11,KIM,MRY,2009-12-31,2009-12-31,2009-12-31,2021-08-02,-96432000.0,10183079000.0,9550609000.0,,,0.079,13.863,-460673000.0,122058000.0,122058000.0,227306000.0,6061000.0,,1.023,4434383000.0,,,4434383000.0,0.0,227776000.0,0.0,0.053,0.72,183765000.0,411541000.0,0.545,411541000.0,183765000.0,-24003000.0,-0.15,-0.14,-0.15,4852973000.0,4426111500.0,4852973000.0,8928474245.0,49.0,21.695,-57091000.0,-0.163,1.0,528140000.0,0.699,0.0,207768000.0,14495404000.0,13699441750.0,0.0,1866462000.0,,,4964797000.0,,,5097085245.0,-14119000.0,-10368000.0,1064444000.0,-762372000.0,-331024000.0,-74465000.0,-343236000.0,135462000.0,403582000.0,0.0,-3942000.0,-51230000.0,-51230000.0,1703000.0,10003000.0,-0.068,329475000.0,198665000.0,142670000.0,-4.8,1.05,-99.494,-90.2,7539193000.0,47288000.0,13.53,6.747,6.27,244942000.0,-338738000.0,755446000.0,755446000.0,0.0,-0.005,-0.012,0.013,0.243,0.0,109960000.0,1.0,376724704.0,350077000.0,350077000.0,2.158,10183079000.0,0.0,-20061000.0,0.0,29.088,
12,KIM,MRY,2008-12-31,2008-12-31,2008-12-31,2021-08-02,-179541000.0,9397147000.0,9544912000.0,,,0.079,15.452,-446525000.0,136177000.0,136177000.0,213764000.0,276404000.0,,1.274,4556646000.0,,,4556646000.0,0.0,206518000.0,0.0,0.092,1.68,450455000.0,656973000.0,0.875,656973000.0,450455000.0,238257000.0,0.79,0.69,0.79,3983698000.0,3995347750.0,3983698000.0,9139658158.0,20.0,13.912,121074000.0,0.47,1.0,537432000.0,0.715,0.0,212198000.0,13817616000.0,13969199750.0,0.0,1985880000.0,,,5076561000.0,,,4867675158.0,48678000.0,-101171000.0,451002000.0,348596000.0,-469024000.0,262429000.0,-781350000.0,-164746000.0,567599000.0,0.0,249902000.0,202614000.0,202614000.0,-26160000.0,26502000.0,0.27,264463000.0,272969000.0,151241000.0,2.127,1.222,24.024,23.139,6659252000.0,47288000.0,18.28,6.48,6.274,275724000.0,-58162000.0,751196000.0,751196000.0,0.0,0.021,0.051,0.032,0.6,-1958000.0,114941000.0,1.0,266284199.0,257811000.0,258843000.0,2.914,9397147000.0,0.0,-11645000.0,0.0,36.45,
13,KIM,MRY,2007-12-31,2007-12-31,2007-12-31,2021-08-02,33648000.0,9097816000.0,8651668750.0,,,0.078,15.447,-1289102000.0,87499000.0,87499000.0,183737000.0,486896000.0,,1.221,4216415000.0,,,4216415000.0,0.0,191270000.0,0.0,0.042,1.52,624066000.0,815336000.0,1.209,815336000.0,624066000.0,410980000.0,1.68,1.32,1.68,3894574000.0,3581336500.0,3894574000.0,13569624473.0,22.0,16.643,-623113000.0,-2.471,1.0,490797000.0,0.728,0.0,213086000.0,13226732000.0,12674445500.0,0.0,2074921000.0,,,4755083000.0,,,9198589473.0,-257566000.0,-119635000.0,485220000.0,572658000.0,-384502000.0,584056000.0,-1507611000.0,-1282000.0,665989000.0,0.0,442830000.0,423171000.0,423171000.0,-39314000.0,44066000.0,0.627,237649000.0,253148000.0,161526000.0,0.905,2.362,21.737,21.667,6347591000.0,19659000.0,36.4,13.637,13.606,241864000.0,180005000.0,674534000.0,674534000.0,0.0,0.049,0.118,0.049,0.925,-2471000.0,101829000.0,1.0,252708502.0,252129000.0,257058000.0,2.675,9097816000.0,0.0,-31850000.0,0.0,36.084,
14,KIM,MRY,2006-12-31,2006-12-31,2006-12-31,2021-08-02,45225000.0,7869280000.0,7032686000.0,,,0.083,14.055,363616000.0,345065000.0,345065000.0,157127000.0,428259000.0,,1.211,3587243000.0,,,3587243000.0,0.0,144767000.0,0.0,0.031,1.38,602725000.0,747492000.0,1.288,747492000.0,602725000.0,432646000.0,1.74,1.35,1.74,3366959000.0,3009910250.0,3366959000.0,14099489511.0,23.0,18.862,819185000.0,3.42,1.0,423424000.0,0.729,0.0,170079000.0,11111458000.0,10088843500.0,0.0,1722308000.0,,,4077079000.0,,,10849661511.0,268792000.0,-289298000.0,451809000.0,-19743000.0,-332552000.0,59444000.0,-246221000.0,-165645000.0,455569000.0,0.0,428259000.0,416621000.0,416621000.0,-85469000.0,0.0,0.718,186591000.0,236833000.0,163668000.0,0.793,3.222,26.042,25.833,5194649000.0,11638000.0,44.95,18.689,18.548,246087000.0,140509000.0,580551000.0,580551000.0,0.0,0.059,0.138,0.06,1.038,-2926000.0,76519000.0,1.0,241371780.0,239552000.0,244615000.0,2.423,7869280000.0,0.0,4387000.0,0.0,32.85,
15,KIM,MRY,2005-12-31,2005-12-31,2005-12-31,2021-08-02,69046000.0,5534636000.0,5132889000.0,,,0.098,10.533,-407347000.0,76273000.0,76273000.0,132246000.0,363628000.0,,1.318,2691196000.0,,,2691196000.0,0.0,108042000.0,0.0,0.04,1.27,490225000.0,598267000.0,1.193,598267000.0,490225000.0,363793000.0,1.55,1.36,1.55,2387214000.0,2331908500.0,2387214000.0,9578448941.0,20.0,16.01,3450000.0,0.015,1.0,369323000.0,0.736,0.0,126432000.0,8149559000.0,7424557000.0,0.0,1225135000.0,,,3147422000.0,,,7291259941.0,38053000.0,-136697000.0,48971000.0,618207000.0,-293345000.0,343271000.0,-716015000.0,-89666000.0,410797000.0,0.0,363628000.0,351990000.0,351990000.0,-38732000.0,0.0,0.702,124335000.0,244988000.0,119605000.0,0.819,3.054,20.714,20.697,3820279000.0,11638000.0,32.08,14.537,14.496,197004000.0,59855000.0,501569000.0,501569000.0,0.0,0.069,0.151,0.066,0.977,0.0,56475000.0,1.0,227283664.0,226641000.0,230868000.0,2.213,5534636000.0,0.0,165000.0,0.0,24.42,
16,KIM,MRY,2004-12-31,2004-12-31,2004-12-31,2021-08-02,37781000.0,4749597000.0,4553886000.0,,,0.108,10.035,-14144000.0,38220000.0,38220000.0,126206000.0,297137000.0,,1.124,2118622000.0,,,2118622000.0,0.0,102872000.0,0.0,0.04,1.16,407295000.0,510167000.0,1.039,510167000.0,407295000.0,301056000.0,1.28,1.16,1.28,2236400000.0,2194145250.0,2236400000.0,8182548893.0,20.0,16.039,351032000.0,1.575,1.0,364695000.0,0.743,0.0,106239000.0,6829999000.0,6489138000.0,0.0,907482000.0,,,2513197000.0,,,6497342893.0,-10068000.0,-122880000.0,51447000.0,141941000.0,-265254000.0,-75647000.0,-299597000.0,-25936000.0,365176000.0,0.0,297137000.0,285499000.0,285499000.0,-23027000.0,0.0,0.582,123890000.0,240805000.0,97952000.0,0.906,2.905,22.758,22.652,3457580000.0,11638000.0,28.995,13.236,13.163,192899000.0,-3749000.0,490901000.0,490901000.0,0.0,0.063,0.13,0.063,0.83,0.0,43524000.0,1.0,224084942.0,222859000.0,227143000.0,2.203,4749597000.0,0.0,3919000.0,0.0,21.312,
17,KIM,MRY,2003-12-31,2003-12-31,2003-12-31,2021-08-02,16866000.0,4641092000.0,4133037250.0,,,0.113,9.972,-591478000.0,48288000.0,48288000.0,120335000.0,307879000.0,,1.173,2154948000.0,,,2154948000.0,0.0,89068000.0,0.0,0.049,1.095,411786000.0,500854000.0,1.074,500854000.0,411786000.0,309395000.0,1.33,1.02,1.33,2135846000.0,2031329500.0,2135846000.0,6414646958.0,16.0,12.807,-282846000.0,-1.321,1.0,345890000.0,0.742,0.0,102391000.0,6747752000.0,5864837750.0,0.0,646156000.0,,,2505246000.0,,,4940982958.0,12326000.0,-59268000.0,387327000.0,430033000.0,-246301000.0,341330000.0,-637636000.0,77762000.0,308632000.0,0.0,307879000.0,285422000.0,285422000.0,-64293000.0,0.0,0.612,102629000.0,243261000.0,92239000.0,0.823,2.313,17.311,16.823,3605676000.0,22457000.0,22.375,10.598,10.279,152099000.0,-30112000.0,466225000.0,466225000.0,0.0,0.069,0.141,0.07,0.883,0.0,38286000.0,1.0,220826054.0,214184000.0,217540000.0,2.177,4641092000.0,0.0,1516000.0,0.0,21.669,
18,KIM,MRY,2002-12-31,2002-12-31,2002-12-31,2021-08-02,7401000.0,3758350000.0,3601606750.0,,,0.118,9.127,-165852000.0,35962000.0,35962000.0,112898000.0,245668000.0,,0.969,1576982000.0,,,1576982000.0,0.0,76674000.0,0.0,0.069,1.05,337543000.0,414217000.0,0.973,414217000.0,337543000.0,252220000.0,1.09,1.06,1.09,1908800000.0,1904417000.0,1908800000.0,4714512671.0,14.0,11.382,113079000.0,0.541,1.0,312812000.0,0.735,0.0,85323000.0,5299370000.0,5054714250.0,0.0,557018000.0,,,1849550000.0,,,3203814671.0,-57885000.0,-140762000.0,9389000.0,286052000.0,-235602000.0,59839000.0,-396655000.0,33201000.0,278931000.0,0.0,245668000.0,227231000.0,227231000.0,-4154000.0,0.0,0.534,81604000.0,231208000.0,94784000.0,0.963,1.678,14.099,14.055,2904601000.0,18437000.0,15.32,7.526,7.526,150508000.0,-85367000.0,425710000.0,425710000.0,0.0,0.063,0.119,0.067,0.793,0.0,31502000.0,1.0,209126284.0,209126284.0,,2.036,3758350000.0,0.0,6552000.0,0.0,17.972,
19,KIM,MRY,2001-12-31,2001-12-31,2001-12-31,2021-08-02,7310000.0,3384779000.0,3277550250.0,,,0.132,9.808,-62486000.0,93847000.0,93847000.0,108245000.0,236538000.0,,0.791,1328079000.0,,,1328079000.0,0.0,74209000.0,0.0,0.06,0.98,337552000.0,411761000.0,0.954,411761000.0,337552000.0,250547000.0,1.1,0.99,1.1,1890084000.0,1779336250.0,1890084000.0,4445633919.0,13.0,10.797,224958000.0,1.167,1.0,323253000.0,0.749,0.0,87005000.0,4619011000.0,4547967250.0,0.0,363530000.0,,,1494695000.0,,,3149943919.0,74750000.0,-63302000.0,157767000.0,-3483000.0,-209785000.0,-55501000.0,-157193000.0,6176000.0,287444000.0,0.0,236538000.0,211985000.0,211985000.0,-18191000.0,0.0,0.491,94251000.0,229002000.0,68323000.0,0.891,1.667,14.859,14.859,2748486000.0,24553000.0,16.345,7.3,7.3,101685000.0,-93131000.0,431498000.0,431498000.0,0.0,0.065,0.119,0.074,0.782,0.0,28336000.0,1.0,192716055.0,192716055.0,,2.239,3384779000.0,0.0,14009000.0,0.0,17.564,
20,KIM,MRY,2000-12-31,2000-12-31,2000-12-31,2021-08-02,0.0,3171348000.0,3121355000.0,,,0.141,9.01,-130500000.0,19097000.0,19097000.0,107509000.0,205025000.0,,0.861,1325663000.0,,,1325663000.0,0.0,71129000.0,0.0,0.062,0.907,296895000.0,368024000.0,0.834,368024000.0,296895000.0,205025000.0,0.965,0.895,0.965,1704339000.0,1658962500.0,1704339000.0,4030955948.0,14.0,10.953,120046000.0,0.635,1.0,333827000.0,0.756,0.0,91870000.0,4477914000.0,4401638500.0,0.0,278579000.0,,,1467009000.0,,,2786479948.0,-8979000.0,-34532000.0,77170000.0,47690000.0,-189896000.0,-67899000.0,-191626000.0,-26594000.0,250546000.0,0.0,205025000.0,178697000.0,178697000.0,-11100000.0,0.0,0.405,92980000.0,240847000.0,64024000.0,0.94,1.635,15.593,15.264,2722557000.0,26328000.0,14.73,6.314,6.314,44673000.0,-113110000.0,441336000.0,441336000.0,0.0,0.057,0.108,0.067,0.673,0.0,25485000.0,1.0,189170397.0,189170397.0,,2.333,3171348000.0,0.0,0.0,0.0,16.765,
21,KIM,MRY,1999-12-31,1999-12-31,1999-12-31,2021-08-02,0.0,3007476000.0,2979270000.0,,,0.146,8.812,-267649000.0,28076000.0,28076000.0,111814000.0,176778000.0,,0.873,1249571000.0,,,1249571000.0,0.0,67416000.0,0.0,0.073,0.82,233946000.0,301362000.0,0.695,301362000.0,233946000.0,150300000.0,0.83,0.82,0.83,1605435000.0,1594795250.0,1605435000.0,3165461679.0,14.0,10.504,-30496000.0,-0.167,1.0,322066000.0,0.742,0.0,83646000.0,4228971000.0,4166344750.0,0.0,195479000.0,,,1402041000.0,,,2057549679.0,-15844000.0,72100000.0,3528000.0,118402000.0,-169708000.0,-47778000.0,-205219000.0,-1024000.0,237153000.0,0.0,150300000.0,150300000.0,150300000.0,0.0,26478000.0,0.346,89697000.0,232369000.0,64954000.0,0.988,1.282,13.69,13.606,2627312000.0,0.0,11.293,4.742,4.742,31689000.0,-122959000.0,433880000.0,433880000.0,0.0,0.05,0.094,0.056,0.539,0.0,23833000.0,1.0,182191530.0,182191530.0,,2.381,3007476000.0,0.0,0.0,0.0,16.507,
22,KIM,MRY,1998-12-31,1998-12-31,1998-12-31,2021-08-02,0.0,3051178000.0,2481417279.0,,,0.137,9.153,-583979000.0,43920000.0,43920000.0,91286000.0,122266000.0,,0.925,1289561000.0,,,1289561000.0,0.0,51348000.0,0.0,0.052,0.687,162524000.0,213872000.0,0.631,213872000.0,162524000.0,97612000.0,0.65,0.673,0.65,1585019000.0,1344002100.0,1585019000.0,3392331077.0,21.0,15.862,-425273000.0,-2.456,1.0,247512000.0,0.731,0.0,64912000.0,4296819000.0,3446578942.0,0.0,79435000.0,,,1466159000.0,,,2290955619.0,12942000.0,-12919000.0,282881000.0,387816000.0,-113908000.0,484465000.0,-630229000.0,-5633000.0,158706000.0,0.0,97612000.0,97612000.0,97612000.0,0.0,24654000.0,0.288,69931000.0,177581000.0,66179000.0,1.057,1.445,23.47,20.354,2767952000.0,0.0,13.23,6.762,6.762,31821000.0,-124183000.0,338798000.0,338798000.0,0.0,0.039,0.073,0.047,0.48,0.0,18583000.0,1.0,173163690.0,173163690.0,,1.957,3051178000.0,0.0,0.0,0.0,17.62,
23,KIM,MRY,1997-12-31,1997-12-31,1997-12-31,2021-08-02,0.0,1343890124.0,1183461342.0,,,0.168,6.13,-259676000.0,30978178.0,30978178.0,53413000.0,85836000.0,,0.808,531613908.0,,,531613908.0,0.0,30053000.0,0.0,0.05,0.59,99144000.0,129197000.0,0.649,129197000.0,99144000.0,67399000.0,0.6,0.593,0.6,743319211.0,674545090.0,743319211.0,,,,-134569000.0,-1.11,1.0,145516000.0,0.731,0.0,31745000.0,1844525854.0,1597394074.0,0.0,25732183.0,,,600570913.0,,,1424692024.0,-6447000.0,-10009000.0,138098000.0,93732000.0,-82561000.0,149269000.0,-280823000.0,-11138000.0,125107000.0,0.0,67399000.0,67399000.0,67399000.0,0.0,18437000.0,0.339,41704000.0,103812000.0,34288409.0,0.983,1.917,21.138,19.583,1196788068.0,0.0,11.75,7.162,7.162,16203454.0,-115642791.0,198929000.0,198929000.0,0.0,0.057,0.1,0.062,0.498,0.0,11651000.0,1.0,121250385.0,121250385.0,,1.641,1343890124.0,0.0,0.0,0.0,11.084,
24,KIM,MRY,1996-12-31,1996-12-31,1996-12-31,2021-08-02,0.0,1023032561.0,,,,,,-139091684.0,37425206.0,37425206.0,42892691.0,73826893.0,,0.689,364654939.0,,,364654939.0,0.0,27066709.0,0.0,0.046,0.533,84711701.0,111778410.0,0.665,111778410.0,84711701.0,57692418.0,0.537,0.53,0.537,605770969.0,,605770969.0,,,,-37199873.0,,1.0,125251728.0,0.745,0.0,27019283.0,1350262294.0,,0.0,34137543.0,,,417261592.0,,,,21260540.0,0.0,157714972.0,-24567796.0,-69751755.0,63395421.0,-144026692.0,-4935008.0,101891811.0,0.0,57692418.0,57692418.0,57692418.0,0.0,16134475.0,0.343,36598678.0,88653050.0,21983886.0,0.993,,,21.651,891503339.0,0.0,11.627,,,13986138.0,-115093138.0,168144419.0,168144419.0,0.0,,,,0.504,0.0,10333924.0,1.0,,,,,1023032561.0,0.0,0.0,0.0,,
25,KIM,MRY,1995-12-31,1995-12-31,1995-12-31,2021-08-02,,,,,,,,-100164089.0,,,37106424.0,51921799.0,,,,,,,,26187794.0,,0.054,0.49,69876306.0,96064100.0,0.671,96064100.0,69876306.0,44291243.0,0.443,0.44,0.443,,,,,,,-25931094.0,,1.0,106025741.0,0.741,,25585063.0,,,,,,,,,,,5220440.0,-24625747.0,122343419.0,-10209658.0,-53885490.0,58248271.0,-127260826.0,-2470990.0,74232995.0,0.0,44291243.0,44291243.0,44291243.0,0.0,7630556.0,0.309,35019420.0,71006321.0,,1.106,,,20.504,,0.0,9.083,,,,,143132165.0,143132165.0,0.0,,,,0.488,0.0,8831626.0,1.0,,,,,,,0.0,,,
0,KIM,MRQ,2021-06-30,2021-06-30,2021-06-30,2021-08-02,0.0,11558922000.0,,,,,13.242,62184000.0,230062000.0,230062000.0,89484000.0,117118000.0,,1.011,5309997000.0,,,5309997000.0,0.0,72573000.0,0.0,0.029,0.17,164784000.0,237357000.0,0.821,237357000.0,164784000.0,117972000.0,0.25,0.25,0.25,5707269000.0,,5707269000.0,14221086362.0,23.0,15.771,207484000.0,0.481,1.0,199532000.0,0.69,0.0,46812000.0,16638857000.0,,0.0,1528955000.0,,,5770923000.0,,,9037624362.0,-23790000.0,-24349000.0,1667000.0,-126300000.0,-80053000.0,-207132000.0,38042000.0,207000.0,145300000.0,0.0,116697000.0,110343000.0,110343000.0,0.0,421000.0,0.382,81763000.0,117769000.0,0.0,0.68,1.584,23.051,22.912,9369138000.0,6354000.0,20.85,8.212,8.165,200121000.0,-68265000.0,289016000.0,289016000.0,0.0,,,,,5814000.0,24754000.0,1.0,433459202.0,431011000.0,432489000.0,0.671,11558922000.0,0.0,1275000.0,0.0,26.818,
1,KIM,MRQ,2021-03-31,2021-03-31,2021-03-31,2021-08-02,0.0,11699703000.0,,,,,13.154,-82700000.0,253852000.0,253852000.0,88491000.0,141425000.0,,1.051,5437314000.0,,,5437314000.0,0.0,74876000.0,0.0,0.038,0.17,186966000.0,261842000.0,0.928,261842000.0,186966000.0,139250000.0,0.3,0.3,0.3,5663313000.0,,5663313000.0,13267157625.0,11.0,8.649,65671000.0,0.153,1.0,193817000.0,0.687,0.0,47716000.0,16883165000.0,,0.0,1478217000.0,,,5953384000.0,,,8108246625.0,-39336000.0,-914000.0,-8922000.0,-14933000.0,-80039000.0,-103783000.0,-83924000.0,-310000.0,148371000.0,0.0,137942000.0,131588000.0,131588000.0,0.0,3483000.0,0.466,89349000.0,104468000.0,0.0,0.567,1.432,7.924,7.911,9517144000.0,6354000.0,18.75,7.719,7.685,200655000.0,-104909000.0,282308000.0,282308000.0,0.0,,,,,6457000.0,24478000.0,1.0,432439820.0,430524000.0,432264000.0,0.656,11699703000.0,0.0,1308000.0,0.0,27.175,
2,KIM,MRQ,2020-12-31,2020-12-31,2020-12-31,2021-08-02,0.0,11614498000.0,,,,,13.039,-53656000.0,293188000.0,293188000.0,91615000.0,201799000.0,,1.057,5452099000.0,,,5452099000.0,0.0,74295000.0,0.0,0.036,0.16,247617000.0,321912000.0,1.195,321912000.0,247617000.0,201730000.0,0.46,0.45,0.46,5608044000.0,,5608044000.0,11613098917.0,10.0,7.859,70315000.0,0.163,1.0,177826000.0,0.66,0.0,45887000.0,16773409000.0,,0.0,1414788000.0,,,5928460000.0,,,6491804917.0,-31789000.0,1995000.0,0.0,-2542000.0,-75554000.0,-79107000.0,-76653000.0,-24992000.0,123971000.0,0.0,201234000.0,194880000.0,194880000.0,0.0,565000.0,0.723,97524000.0,80302000.0,0.0,0.348,1.158,6.655,6.642,9454082000.0,6354000.0,15.01,6.137,6.1,219248000.0,-162812000.0,269441000.0,269441000.0,0.0,,,,,5482000.0,20901000.0,1.0,432498662.0,430103000.0,431726000.0,0.626,11614498000.0,0.0,496000.0,0.0,27.004,
3,KIM,MRQ,2020-09-30,2020-09-30,2020-09-30,2021-08-02,0.0,11524192000.0,,,,,12.733,-45269000.0,324977000.0,324977000.0,86014000.0,-37429000.0,,1.09,5446271000.0,,,5446271000.0,0.0,71704000.0,0.0,0.059,0.1,8936000.0,80640000.0,0.31,80640000.0,8936000.0,-38006000.0,-0.1,-0.1,-0.1,5474958000.0,,5474958000.0,10109045919.0,9.0,7.327,183226000.0,0.426,1.0,173778000.0,0.669,0.0,46942000.0,16645486000.0,,0.0,1266611000.0,,,5968822000.0,,,4869990919.0,123290000.0,-7314000.0,0.0,16943000.0,-49604000.0,-51988000.0,-53217000.0,-634000.0,228495000.0,0.0,-38394000.0,-44748000.0,-44748000.0,0.0,965000.0,-0.172,100896000.0,72882000.0,0.0,-1.0,0.89,5.576,5.574,9474016000.0,6354000.0,11.26,4.49,4.464,239864000.0,-288491000.0,259792000.0,259792000.0,0.0,,,,,6721000.0,28795000.0,1.0,432503634.0,429994000.0,429994000.0,0.604,11524192000.0,0.0,388000.0,0.0,26.801,
4,KIM,MRQ,2020-06-30,2020-06-30,2020-06-30,2021-08-02,0.0,11559970000.0,,,,,12.923,-61450000.0,201687000.0,201687000.0,80445000.0,748118000.0,,1.066,5440742000.0,,,5440742000.0,0.0,73559000.0,0.0,0.065,0.28,795959000.0,869518000.0,3.639,869518000.0,795959000.0,747944000.0,1.71,1.71,1.71,5556511000.0,,5556511000.0,10901911252.0,9.0,7.311,20748000.0,0.048,1.0,158471000.0,0.663,0.0,48015000.0,16799025000.0,,0.0,1394951000.0,,,5923653000.0,,,5553626252.0,-250109000.0,-3701000.0,-164000.0,-365443000.0,-127461000.0,-495457000.0,163150000.0,228301000.0,82198000.0,0.0,747893000.0,741539000.0,741539000.0,0.0,225000.0,3.104,94351000.0,64120000.0,0.0,0.164,0.999,5.684,5.681,9499154000.0,6354000.0,12.84,5.014,4.984,250150000.0,-200492000.0,238916000.0,238916000.0,0.0,,,,,5577000.0,22504000.0,1.0,432525409.0,429967000.0,431170000.0,0.556,11559970000.0,0.0,51000.0,0.0,26.886,
5,KIM,MRQ,2020-03-31,2020-03-31,2020-03-31,2021-08-02,0.0,11305134000.0,,,,,11.192,-65360000.0,451796000.0,451796000.0,84895000.0,90389000.0,,1.334,5800081000.0,,,5800081000.0,0.0,69397000.0,0.0,0.087,0.0,136203000.0,205600000.0,0.71,205600000.0,136203000.0,90143000.0,0.19,0.19,0.19,4809591000.0,,4809591000.0,9460239596.0,17.0,11.324,89889000.0,0.209,1.0,204849000.0,0.707,0.0,46060000.0,16653419000.0,,0.0,763984000.0,,,6414722000.0,,,4175708596.0,327849000.0,-3846000.0,-4168000.0,396577000.0,-127255000.0,239153000.0,-66553000.0,203000.0,155249000.0,0.0,90100000.0,83746000.0,83746000.0,0.0,289000.0,0.289,89541000.0,115308000.0,0.0,0.0,0.868,12.964,12.893,9507946000.0,6354000.0,9.67,3.62,3.602,220215000.0,-942031000.0,289744000.0,289744000.0,0.0,,,,,5905000.0,21017000.0,1.0,431820951.0,429735000.0,430505000.0,0.674,11305134000.0,0.0,43000.0,0.0,26.307,
6,KIM,MRQ,2019-12-31,2019-12-31,2019-12-31,2021-08-02,0.0,10997867000.0,,,,,11.515,29100000.0,123947000.0,123947000.0,90757000.0,110043000.0,,1.244,5408478000.0,,,5408478000.0,0.0,68439000.0,0.0,0.054,0.56,155439000.0,223878000.0,0.756,223878000.0,155439000.0,109682000.0,0.22,0.22,0.22,4864892000.0,,4864892000.0,14007374386.0,24.0,16.239,130269000.0,0.308,1.0,205373000.0,0.694,0.0,45757000.0,16282398000.0,,0.0,781871000.0,,,6051017000.0,,,8744435386.0,-17363000.0,5636000.0,200661000.0,4110000.0,-130285000.0,-159418000.0,40886000.0,5150000.0,101169000.0,0.0,109419000.0,92812000.0,92812000.0,0.0,624000.0,0.313,68757000.0,136616000.0,170082000.0,2.545,1.797,25.72,25.887,9528348000.0,16607000.0,20.71,7.546,7.512,218689000.0,-904679000.0,296130000.0,296130000.0,0.0,,,,,5175000.0,24646000.0,1.0,422232515.0,422491000.0,424238000.0,0.701,10997867000.0,0.0,263000.0,0.0,26.031,
7,KIM,MRQ,2019-09-30,2019-09-30,2019-09-30,2021-08-02,0.0,11085131000.0,,,,,11.676,-59860000.0,141310000.0,141310000.0,80113000.0,85453000.0,,1.242,5404249000.0,,,5404249000.0,0.0,68874000.0,0.0,0.054,0.28,123270000.0,192144000.0,0.679,192144000.0,123270000.0,80124000.0,0.14,0.14,0.14,4901881000.0,,4901881000.0,13698137837.0,24.0,16.181,109070000.0,0.26,1.0,202758000.0,0.717,0.0,43146000.0,16348070000.0,,0.0,780142000.0,,,6086967000.0,,,8813393837.0,27319000.0,-1161000.0,1540000.0,413561000.0,-136054000.0,-80823000.0,-60788000.0,-767000.0,168930000.0,0.0,83990000.0,59048000.0,59048000.0,0.0,1463000.0,0.209,103290000.0,99468000.0,0.0,2.0,1.798,27.473,28.216,9571309000.0,24942000.0,20.88,7.684,7.643,191436000.0,-883741000.0,282871000.0,282871000.0,0.0,,,,,4741000.0,23832000.0,1.0,422097406.0,419823000.0,421002000.0,0.674,11085131000.0,0.0,-3866000.0,0.0,26.404,
8,KIM,MRQ,2019-06-30,2019-06-30,2019-06-30,2021-08-02,0.0,11040903000.0,,,,,12.614,-85017000.0,113991000.0,113991000.0,83146000.0,101387000.0,,1.067,4998735000.0,,,4998735000.0,0.0,69005000.0,0.0,0.061,0.28,144780000.0,213785000.0,0.75,213785000.0,144780000.0,100683000.0,0.2,0.2,0.2,5293902000.0,,5293902000.0,12621521313.0,22.0,14.452,73254000.0,0.175,1.0,201727000.0,0.708,0.0,44097000.0,15925647000.0,,0.0,776817000.0,,,5649752000.0,,,7799307313.0,-29682000.0,-6263000.0,1130000.0,32650000.0,-132705000.0,-102976000.0,-84977000.0,5303000.0,158271000.0,0.0,101027000.0,86493000.0,86493000.0,0.0,360000.0,0.304,94327000.0,107400000.0,0.0,1.4,1.473,22.452,23.392,9568996000.0,14534000.0,18.48,6.799,6.761,182369000.0,-835934000.0,284873000.0,284873000.0,0.0,,,,,4807000.0,22633000.0,1.0,422040439.0,419697000.0,420646000.0,0.679,11040903000.0,0.0,-344000.0,0.0,26.307,
9,KIM,MRQ,2019-03-31,2019-03-31,2019-03-31,2021-08-02,0.0,11070200000.0,,,,,12.683,-5562000.0,143673000.0,143673000.0,82935000.0,116678000.0,,1.062,4965887000.0,,,4965887000.0,0.0,71561000.0,0.0,0.061,0.0,161194000.0,232755000.0,0.789,232755000.0,161194000.0,116799000.0,0.24,0.24,0.24,5319877000.0,,5319877000.0,12525931482.0,19.0,13.18,149696000.0,0.357,1.0,212075000.0,0.719,0.0,44395000.0,15892414000.0,,0.0,768808000.0,,,5649658000.0,,,7795640482.0,92000.0,-10974000.0,681000.0,-6237000.0,-132521000.0,-139624000.0,-15542000.0,-6000.0,155258000.0,0.0,116169000.0,101635000.0,101635000.0,0.0,509000.0,0.345,77972000.0,134103000.0,0.0,0.0,1.465,18.933,19.474,9601834000.0,14534000.0,18.5,6.745,6.715,183650000.0,-804241000.0,295010000.0,295010000.0,0.0,,,,,5477000.0,25831000.0,1.0,421385972.0,419464000.0,420763000.0,0.703,11070200000.0,0.0,630000.0,0.0,26.391,
10,KIM,MRQ,2018-12-31,2018-12-31,2018-12-31,2021-08-02,0.0,10999100000.0,,,,,12.722,-59000.0,143581000.0,143581000.0,80806000.0,87947000.0,,1.043,4873872000.0,,,4873872000.0,0.0,74266000.0,0.0,0.076,0.56,133625000.0,207891000.0,0.731,207891000.0,133625000.0,90744000.0,0.16,0.17,0.16,5333804000.0,,5333804000.0,10914470618.0,16.0,10.99,121546000.0,0.29,1.0,203395000.0,0.716,0.0,42881000.0,15729391000.0,,0.0,763045000.0,,,5564365000.0,,,6173382618.0,-2805000.0,5654000.0,104000.0,-14253000.0,-132524000.0,-147300000.0,22890000.0,14573000.0,121605000.0,0.0,88161000.0,73627000.0,73627000.0,0.0,-214000.0,0.259,91943000.0,111452000.0,174903000.0,3.5,1.157,14.043,14.363,9491903000.0,14534000.0,14.65,5.3,5.291,184528000.0,-787707000.0,284201000.0,284201000.0,0.0,,,,,3766000.0,20022000.0,1.0,421391305.0,419246000.0,418187000.0,0.678,10999100000.0,0.0,2583000.0,0.0,26.235,
11,KIM,MRQ,2018-09-30,2018-09-30,2018-09-30,2021-08-02,0.0,11109521000.0,,,,,12.829,1850000.0,146386000.0,146386000.0,79829000.0,100725000.0,,1.047,4887474000.0,,,4887474000.0,0.0,74972000.0,0.0,0.066,0.28,143924000.0,218896000.0,0.773,218896000.0,143924000.0,99843000.0,0.19,0.19,0.19,5378250000.0,,5378250000.0,11817075572.0,17.0,11.716,166195000.0,0.396,1.0,203251000.0,0.718,0.0,44081000.0,15850609000.0,,0.0,783792000.0,,,5633350000.0,,,7053936572.0,-159191000.0,-8391000.0,457000.0,-179634000.0,-132521000.0,-326140000.0,2604000.0,2145000.0,164345000.0,0.0,100158000.0,85624000.0,85624000.0,0.0,567000.0,0.302,72795000.0,130456000.0,0.0,1.474,1.312,16.052,16.412,9583668000.0,14534000.0,16.74,5.899,5.869,212662000.0,-743346000.0,283080000.0,283080000.0,0.0,,,,,4032000.0,21348000.0,1.0,421382113.0,419230000.0,419764000.0,0.675,11109521000.0,0.0,-315000.0,0.0,26.5,
12,KIM,MRQ,2018-06-30,2018-06-30,2018-06-30,2021-08-02,72000.0,11291783000.0,,,,,12.861,134693000.0,305577000.0,305577000.0,81341000.0,165809000.0,,1.069,5068716000.0,,,5068716000.0,0.0,79760000.0,0.0,0.065,0.28,211100000.0,290860000.0,0.991,290860000.0,211100000.0,164666000.0,0.36,0.36,0.36,5411210000.0,,5411210000.0,12098013142.0,17.0,11.569,294400000.0,0.7,1.0,212062000.0,0.723,0.0,46434000.0,16054922000.0,,0.0,769614000.0,,,5786654000.0,,,7219004142.0,87264000.0,2503000.0,-50850000.0,-34816000.0,-134470000.0,-221168000.0,148725000.0,5029000.0,159707000.0,0.0,165386000.0,150852000.0,150852000.0,0.0,423000.0,0.514,32473000.0,179589000.0,0.0,0.778,1.334,15.839,15.879,9656704000.0,14534000.0,16.99,5.978,5.92,211578000.0,-710981000.0,293403000.0,293403000.0,0.0,,,,,5241000.0,24029000.0,1.0,424897242.0,420731000.0,421928000.0,0.697,11291783000.0,0.0,-720000.0,0.0,26.838,
13,KIM,MRQ,2018-03-31,2018-03-31,2018-03-31,2021-08-02,-66000.0,11372502000.0,,,,,12.812,81386000.0,218313000.0,218313000.0,86583000.0,143982000.0,,1.079,5097322000.0,,,5097322000.0,0.0,81382000.0,0.0,0.076,0.0,194085000.0,275467000.0,0.906,275467000.0,194085000.0,144142000.0,0.3,0.3,0.3,5424566000.0,,5424566000.0,11366973531.0,17.0,10.944,273665000.0,0.646,1.0,217495000.0,0.715,0.0,49943000.0,16251511000.0,,0.0,775600000.0,,,5853954000.0,,,6126559531.0,-20200000.0,-2424000.0,8868000.0,-165553000.0,-130241000.0,-291905000.0,79426000.0,464000.0,192279000.0,0.0,144090000.0,129501000.0,129501000.0,0.0,-108000.0,0.426,56586000.0,160909000.0,0.0,0.0,1.129,14.027,14.118,9828581000.0,14589000.0,14.4,5.058,5.033,205909000.0,-743845000.0,304078000.0,304078000.0,0.0,,,,,5182000.0,22398000.0,1.0,425455523.0,423404000.0,424521000.0,0.718,11372502000.0,0.0,52000.0,0.0,26.86,
14,KIM,MRQ,2017-12-31,2017-12-31,2017-12-31,2021-08-02,-1480000.0,11763726000.0,,,,,12.73,-47359000.0,238513000.0,238513000.0,88663000.0,84566000.0,,1.154,5478927000.0,,,5478927000.0,0.0,85024000.0,0.0,0.06,0.55,138366000.0,223390000.0,0.709,223390000.0,138366000.0,86240000.0,0.17,0.17,0.17,5394244000.0,,5394244000.0,13120292373.0,21.0,13.416,73006000.0,0.172,1.0,226562000.0,0.719,0.0,52126000.0,17004140000.0,,0.0,714710000.0,,,6225436000.0,,,7725609373.0,81925000.0,30002000.0,222196000.0,-117949000.0,-124990000.0,-22432000.0,-16008000.0,1349000.0,120365000.0,0.0,84896000.0,73465000.0,73465000.0,0.0,-330000.0,0.233,53938000.0,172624000.0,185702000.0,3.235,1.432,20.742,20.862,10220393000.0,11431000.0,18.15,6.434,6.403,211595000.0,-761337000.0,315225000.0,315225000.0,0.0,,,,,3727000.0,27972000.0,1.0,425653409.0,423734000.0,423497000.0,0.744,11763726000.0,0.0,1344000.0,0.0,27.762,
15,KIM,MRQ,2017-09-30,2017-09-30,2017-09-30,2021-08-02,-1727000.0,11702241000.0,,,,,12.305,-129989000.0,156588000.0,156588000.0,81389000.0,122216000.0,,1.204,5551271000.0,,,5551271000.0,0.0,88443000.0,0.0,0.054,0.27,167591000.0,256034000.0,0.868,256034000.0,167591000.0,120333000.0,0.24,0.24,0.24,5213332000.0,,5213332000.0,13568271212.0,22.0,13.958,63793000.0,0.151,1.0,213456000.0,0.724,0.0,47258000.0,17096924000.0,,0.0,737351000.0,,,6277958000.0,,,8321190212.0,13489000.0,-1682000.0,217777000.0,176517000.0,-128389000.0,-49464000.0,-130829000.0,842000.0,193782000.0,0.0,121030000.0,101957000.0,101957000.0,0.0,1186000.0,0.346,113611000.0,99845000.0,0.0,1.125,1.596,22.753,22.733,10132918000.0,19073000.0,19.55,7.036,7.004,204550000.0,-715621000.0,294845000.0,294845000.0,0.0,,,,,4061000.0,21523000.0,1.0,425636328.0,423688000.0,424311000.0,0.696,11702241000.0,0.0,-697000.0,0.0,27.62,
16,KIM,MRQ,2017-06-30,2017-06-30,2017-06-30,2021-08-02,6073000.0,11558320000.0,,,,,12.348,-105863000.0,143099000.0,143099000.0,84215000.0,154674000.0,,1.154,5390180000.0,,,5390180000.0,0.0,95270000.0,0.0,0.057,0.27,188472000.0,283742000.0,0.955,283742000.0,188472000.0,142382000.0,0.31,0.31,0.31,5231323000.0,,5231323000.0,12768199736.0,25.0,14.554,37119000.0,0.088,1.0,212961000.0,0.717,0.0,46090000.0,16805401000.0,,0.0,731182000.0,,,6036656000.0,,,7810770736.0,-24355000.0,31957000.0,412000.0,57583000.0,-126478000.0,-85269000.0,-82068000.0,-8162000.0,142982000.0,0.0,143416000.0,131861000.0,131861000.0,0.0,11258000.0,0.444,147050000.0,65911000.0,0.0,0.871,1.493,37.434,37.449,9961993000.0,11555000.0,18.35,6.66,6.628,199402000.0,-709671000.0,297176000.0,297176000.0,0.0,,,,,4144000.0,19965000.0,1.0,425655081.0,423650000.0,424944000.0,0.701,11558320000.0,0.0,-1034000.0,0.0,27.283,
17,KIM,MRQ,2017-03-31,2017-03-31,2017-03-31,2021-08-02,6485000.0,11248419000.0,,,,,12.309,-66389000.0,167454000.0,167454000.0,83626000.0,78215000.0,,1.111,5124883000.0,,,5124883000.0,0.0,92074000.0,0.0,0.047,0.0,122722000.0,214796000.0,0.732,214796000.0,122722000.0,76240000.0,0.15,0.15,0.15,5211335000.0,,5211335000.0,14326027052.0,25.0,15.405,90663000.0,0.214,1.0,209962000.0,0.715,0.0,46482000.0,16205848000.0,,0.0,720854000.0,,,5791842000.0,,,9402145052.0,24968000.0,314000.0,561000.0,71314000.0,-126315000.0,-66709000.0,-65375000.0,700000.0,157052000.0,0.0,76733000.0,65178000.0,65178000.0,0.0,1482000.0,0.222,117325000.0,92637000.0,0.0,0.0,1.804,34.998,34.516,9736901000.0,11555000.0,22.09,8.055,8.013,198639000.0,-726610000.0,293588000.0,293588000.0,0.0,,,,,9631000.0,22230000.0,1.0,425629020.0,423381000.0,424146000.0,0.693,11248419000.0,0.0,-493000.0,0.0,26.568,
18,KIM,MRQ,2016-12-31,2016-12-31,2016-12-31,2021-08-02,5766000.0,11230600000.0,,,,,12.422,-51872000.0,142486000.0,142486000.0,112418000.0,80686000.0,,1.092,5066368000.0,,,5066368000.0,0.0,90884000.0,0.0,0.041,0.525,126631000.0,217515000.0,0.732,217515000.0,126631000.0,83564000.0,0.16,0.16,0.16,5256139000.0,,5256139000.0,15523146839.0,24.0,15.441,95698000.0,0.226,1.0,184608000.0,0.622,0.0,43067000.0,16154482000.0,,0.0,721456000.0,,,5740773000.0,,,10693650839.0,-28059000.0,-30781000.0,586000.0,48868000.0,-119933000.0,-92769000.0,-82860000.0,-207000.0,147570000.0,0.0,78273000.0,66718000.0,66718000.0,0.0,2413000.0,0.225,112791000.0,71817000.0,145751000.0,3.281,2.035,32.149,31.848,9729783000.0,11555000.0,25.16,9.134,8.991,205020000.0,-676867000.0,297026000.0,297026000.0,0.0,,,,,3779000.0,-3044000.0,1.0,425025868.0,423121000.0,424134000.0,0.702,11230600000.0,0.0,5291000.0,0.0,26.542,
19,KIM,MRQ,2016-09-30,2016-09-30,2016-09-30,2021-08-02,6145000.0,11206102000.0,,,,,12.62,-94052000.0,170545000.0,170545000.0,73021000.0,-41548000.0,,1.073,5000041000.0,,,5000041000.0,0.0,96827000.0,0.0,0.026,0.255,64433000.0,161260000.0,0.566,161260000.0,64433000.0,17881000.0,-0.13,-0.13,-0.13,5301457000.0,,5301457000.0,17011495502.0,17.0,12.531,134627000.0,0.32,1.0,212055000.0,0.744,0.0,46552000.0,16035598000.0,,0.0,691493000.0,,,5687284000.0,,,12160493502.0,-167270000.0,30789000.0,150296000.0,-309134000.0,-118654000.0,-332843000.0,-63106000.0,157000.0,228679000.0,0.0,-43545000.0,-55100000.0,-55100000.0,0.0,1997000.0,-0.193,135975000.0,76080000.0,0.0,-1.962,2.294,19.428,19.172,9682085000.0,11555000.0,28.95,10.353,10.353,195011000.0,-628826000.0,285076000.0,285076000.0,0.0,,,,,3740000.0,27983000.0,1.0,420051589.0,420073000.0,420073000.0,0.679,11206102000.0,0.0,61426000.0,0.0,26.677,
20,KIM,MRQ,2016-06-30,2016-06-30,2016-06-30,2021-08-02,7150000.0,11392432000.0,,,,,12.721,-37217000.0,337815000.0,337815000.0,71742000.0,204846000.0,,1.103,5188817000.0,,,5188817000.0,0.0,82753000.0,0.0,0.024,0.255,253642000.0,336395000.0,1.154,336395000.0,253642000.0,203163000.0,0.46,0.46,0.46,5314127000.0,,5314127000.0,18109046679.0,17.0,12.625,41674000.0,0.1,1.0,219746000.0,0.754,0.0,50479000.0,16243434000.0,,0.0,730336000.0,,,5860973000.0,,,13168584679.0,115815000.0,210927000.0,45102000.0,-66488000.0,-118428000.0,-146623000.0,183547000.0,9837000.0,78891000.0,0.0,203409000.0,191854000.0,191854000.0,0.0,1437000.0,0.658,166079000.0,53667000.0,0.0,0.554,2.478,17.699,17.531,9465294000.0,11555000.0,31.38,11.179,11.129,196517000.0,-465348000.0,291488000.0,291488000.0,0.0,,,,,3675000.0,29928000.0,1.0,419648970.0,417748000.0,419302000.0,0.698,11392432000.0,0.0,-246000.0,0.0,27.271,
21,KIM,MRQ,2016-03-31,2016-03-31,2016-03-31,2021-08-02,7496000.0,11249361000.0,,,,,12.56,21266000.0,222000000.0,222000000.0,71843000.0,142154000.0,,1.128,5162462000.0,,,5162462000.0,0.0,84856000.0,0.0,0.026,0.0,205276000.0,290132000.0,0.976,290132000.0,205276000.0,152825000.0,0.31,0.31,0.31,5182619000.0,,5182619000.0,17093366464.0,17.0,12.59,158222000.0,0.383,1.0,225359000.0,0.758,0.0,52451000.0,16189823000.0,,0.0,925574000.0,,,5845299000.0,,,11906590464.0,32466000.0,104645000.0,111411000.0,-227176000.0,-117030000.0,-232292000.0,127802000.0,1891000.0,136956000.0,0.0,140713000.0,129158000.0,129158000.0,0.0,1441000.0,0.435,126100000.0,99259000.0,0.0,0.0,2.297,17.915,17.988,9346355000.0,11555000.0,28.78,10.086,10.06,198005000.0,-550103000.0,297202000.0,297202000.0,0.0,,,,,7877000.0,31929000.0,1.0,413710579.0,412630000.0,414145000.0,0.72,11249361000.0,0.0,12112000.0,0.0,27.263,
22,KIM,MRQ,2015-12-31,2015-12-31,2015-12-31,2021-08-02,5588000.0,11344171000.0,,,,,12.258,80635000.0,189534000.0,189534000.0,80729000.0,378711000.0,,1.204,5376310000.0,,,5376310000.0,0.0,86095000.0,0.0,0.037,0.495,483650000.0,569745000.0,1.894,569745000.0,483650000.0,427498000.0,0.87,0.86,0.87,5046300000.0,,5046300000.0,16253863564.0,14.0,10.709,111694000.0,0.271,1.0,220141000.0,0.732,0.0,56152000.0,16530947000.0,,0.0,965960000.0,,,6075511000.0,,,10936190564.0,8621000.0,373405000.0,3141000.0,-192627000.0,-115088000.0,-509286000.0,486848000.0,32808000.0,31059000.0,0.0,379201000.0,360020000.0,360020000.0,-15000.0,-490000.0,1.197,137734000.0,82407000.0,150059000.0,0.569,2.167,13.157,13.164,9453489000.0,19181000.0,26.46,9.373,9.328,199076000.0,-572335000.0,300870000.0,300870000.0,0.0,,,,,3153000.0,33413000.0,1.0,413310301.0,411670000.0,411618000.0,0.731,11344171000.0,0.0,48297000.0,0.0,27.556,
23,KIM,MRQ,2015-09-30,2015-09-30,2015-09-30,2021-08-02,-14744000.0,11413984000.0,,,,,11.975,-24921000.0,180913000.0,180913000.0,74399000.0,81084000.0,,1.265,5498586000.0,,,5498586000.0,0.0,103708000.0,0.0,0.039,0.24,134447000.0,238155000.0,0.826,238155000.0,134447000.0,80416000.0,0.15,0.15,0.15,4927714000.0,,4927714000.0,15484838286.0,19.0,13.685,151726000.0,0.369,1.0,213983000.0,0.742,0.0,54031000.0,16731657000.0,,0.0,1060092000.0,,,6231587000.0,,,10092898286.0,35081000.0,32973000.0,2095000.0,-43246000.0,-113722000.0,-155564000.0,13998000.0,5946000.0,176647000.0,0.0,77572000.0,62999000.0,62999000.0,0.0,3512000.0,0.218,138996000.0,74987000.0,0.0,1.6,2.048,19.813,19.862,9414247000.0,14573000.0,24.43,8.929,8.893,198965000.0,-832746000.0,288382000.0,288382000.0,0.0,,,,,3158000.0,27310000.0,1.0,413135419.0,411487000.0,412686000.0,0.701,11413984000.0,0.0,2844000.0,0.0,27.738,
24,KIM,MRQ,2015-06-30,2015-06-30,2015-06-30,2021-08-02,-1906000.0,11467304000.0,,,,,12.092,8102000.0,145832000.0,145832000.0,75821000.0,127609000.0,,1.255,5537772000.0,,,5537772000.0,0.0,80155000.0,0.0,0.041,0.24,179502000.0,259657000.0,0.883,259657000.0,179502000.0,123372000.0,0.27,0.27,0.27,4973586000.0,,4973586000.0,14803717920.0,16.0,12.182,131007000.0,0.319,1.0,218240000.0,0.742,0.0,56130000.0,16859244000.0,,0.0,1145276000.0,,,6240324000.0,,,9303443920.0,-75145000.0,6353000.0,3214000.0,-181915000.0,-113623000.0,-326025000.0,127975000.0,113520000.0,122905000.0,0.0,127000000.0,112427000.0,112427000.0,0.0,609000.0,0.382,126028000.0,92212000.0,0.0,0.889,1.871,14.849,14.829,9426682000.0,14573000.0,22.54,8.479,8.449,200758000.0,-796571000.0,294061000.0,294061000.0,0.0,,,,,3760000.0,29307000.0,1.0,412752614.0,411317000.0,413086000.0,0.715,11467304000.0,0.0,-3628000.0,0.0,27.879,
25,KIM,MRQ,2015-03-31,2015-03-31,2015-03-31,2021-08-02,50956000.0,11733888000.0,,,,,12.214,-488095000.0,220977000.0,220977000.0,73528000.0,312739000.0,,1.284,5721251000.0,,,5721251000.0,0.0,74569000.0,0.0,0.034,0.0,375637000.0,450206000.0,1.588,450206000.0,375637000.0,323059000.0,0.72,0.71,0.72,5013174000.0,,5013174000.0,15510694172.0,18.0,13.301,-325005000.0,-0.792,1.0,209928000.0,0.741,0.0,52578000.0,17234162000.0,,0.0,1239680000.0,,,6435429000.0,,,11077718172.0,33655000.0,52218000.0,10258000.0,483559000.0,-113400000.0,478021000.0,-607456000.0,-171579000.0,163090000.0,0.0,310342000.0,295769000.0,295769000.0,75000.0,2397000.0,1.043,115962000.0,93966000.0,0.0,0.0,2.21,18.806,18.776,9491884000.0,14573000.0,26.85,10.559,10.504,251785000.0,-809849000.0,283456000.0,283456000.0,0.0,,,,,8394000.0,32705000.0,1.0,412577958.0,410433000.0,415396000.0,0.691,11733888000.0,0.0,12717000.0,0.0,28.589,
26,KIM,MRQ,2014-12-31,2014-12-31,2014-12-31,2021-08-02,45122000.0,10261400000.0,,,,,11.653,208260000.0,187322000.0,187322000.0,71095000.0,50761000.0,,1.103,4595970000.0,,,4595970000.0,0.0,73179000.0,0.0,0.036,0.465,110349000.0,183528000.0,0.694,183528000.0,110349000.0,60526000.0,0.09,0.14,0.09,4774785000.0,,4774785000.0,14886351852.0,23.0,16.123,327598000.0,0.8,1.0,193418000.0,0.731,0.0,49823000.0,14670048000.0,,0.0,1393610000.0,,,5268155000.0,,,10343224852.0,33132000.0,43988000.0,7787000.0,-185442000.0,-107124000.0,-285004000.0,198798000.0,-3450000.0,119338000.0,0.0,52781000.0,38207000.0,38207000.0,23696000.0,-2020000.0,0.144,112651000.0,80767000.0,129509000.0,5.167,2.166,28.283,28.247,8062820000.0,14574000.0,25.14,10.407,10.348,246399000.0,-1006578000.0,264513000.0,264513000.0,0.0,,,,,3414000.0,27676000.0,1.0,411425014.0,409748000.0,412091000.0,0.646,10261400000.0,0.0,7745000.0,0.0,25.043,
27,KIM,MRQ,2014-09-30,2014-09-30,2014-09-30,2021-08-02,-68620000.0,10293211000.0,,,,,11.513,80494000.0,154190000.0,154190000.0,65590000.0,197309000.0,,1.139,4697317000.0,,,4697317000.0,0.0,70618000.0,0.0,0.04,0.225,251185000.0,321803000.0,1.261,321803000.0,251185000.0,199960000.0,0.44,0.21,0.44,4712475000.0,,4712475000.0,13544426779.0,21.0,14.663,264402000.0,0.646,1.0,189644000.0,0.743,0.0,51225000.0,14836338000.0,,0.0,1432731000.0,,,5366101000.0,,,9006238779.0,-37993000.0,17644000.0,3751000.0,-218488000.0,-107050000.0,-321787000.0,99886000.0,1748000.0,183908000.0,0.0,194708000.0,180135000.0,180135000.0,-91858000.0,2601000.0,0.706,99254000.0,90390000.0,0.0,0.511,1.911,24.046,24.077,7963001000.0,14573000.0,21.91,9.638,9.597,183882000.0,-945949000.0,255234000.0,255234000.0,0.0,,,,,3249000.0,28632000.0,1.0,411056083.0,409326000.0,411101000.0,0.624,10293211000.0,0.0,5252000.0,0.0,25.147,
28,KIM,MRQ,2014-06-30,2014-06-30,2014-06-30,2021-08-02,-59592000.0,10190372000.0,,,,,11.315,-207368000.0,192183000.0,192183000.0,63201000.0,91950000.0,,1.156,4730371000.0,,,4730371000.0,0.0,67630000.0,0.0,0.038,0.225,142921000.0,210551000.0,0.856,210551000.0,142921000.0,90452000.0,0.18,0.27,0.18,4626628000.0,,4626628000.0,13546880156.0,25.0,16.938,-62784000.0,-0.154,1.0,182757000.0,0.743,0.0,52469000.0,14728560000.0,,0.0,1467960000.0,,,5350290000.0,,,9435445156.0,-76728000.0,32441000.0,9033000.0,49871000.0,-106937000.0,-55159000.0,-166153000.0,8774000.0,144584000.0,0.0,89512000.0,74939000.0,74939000.0,37428000.0,2438000.0,0.305,118267000.0,64490000.0,0.0,1.25,2.039,40.05,40.316,7832657000.0,14573000.0,22.98,10.476,10.433,185615000.0,-1033535000.0,245958000.0,245958000.0,0.0,,,,,3077000.0,28773000.0,1.0,410593784.0,408902000.0,413344000.0,0.602,10190372000.0,0.0,940000.0,0.0,24.921,
29,KIM,MRQ,2014-03-31,2014-03-31,2014-03-31,2021-08-02,-76870000.0,9833697000.0,,,,,11.307,-46037000.0,268911000.0,268911000.0,58731000.0,95860000.0,,1.083,4380346000.0,,,4380346000.0,0.0,61666000.0,0.0,0.039,0.0,145758000.0,207424000.0,0.909,207424000.0,145758000.0,95515000.0,0.18,0.14,0.18,4617211000.0,,4617211000.0,13038460245.0,27.0,17.444,135476000.0,0.332,1.0,169462000.0,0.743,0.0,50243000.0,13945132000.0,,0.0,1528320000.0,,,5000048000.0,,,8965827245.0,120143000.0,34672000.0,3303000.0,53759000.0,-106762000.0,-55544000.0,-5826000.0,5539000.0,181513000.0,0.0,87000000.0,72427000.0,72427000.0,-20264000.0,8860000.0,0.317,94794000.0,74668000.0,0.0,0.0,1.942,45.462,45.583,7389029000.0,14573000.0,21.88,10.167,10.132,182003000.0,-1015995000.0,228193000.0,228193000.0,0.0,,,,,8139000.0,37121000.0,1.0,409772726.0,408367000.0,409444000.0,0.559,9833697000.0,0.0,8515000.0,0.0,24.081,
30,KIM,MRQ,2013-12-31,2013-12-31,2013-12-31,2021-08-02,-64982000.0,9663630000.0,,,,,11.35,-62822000.0,148768000.0,148768000.0,56420000.0,60385000.0,,1.038,4221401000.0,,,4221401000.0,0.0,66435000.0,0.0,0.043,0.435,117515000.0,183950000.0,0.897,183950000.0,117515000.0,67679000.0,0.11,0.2,0.11,4632417000.0,,4632417000.0,12070304181.0,25.0,16.333,-26628000.0,-0.065,1.0,148664000.0,0.725,0.0,49836000.0,13736263000.0,,0.0,1594417000.0,,,4807951000.0,,,8091382181.0,-252962000.0,23357000.0,1167000.0,-188093000.0,-100600000.0,-291105000.0,1949000.0,41414000.0,36194000.0,0.0,61609000.0,47035000.0,47035000.0,40898000.0,-1224000.0,0.229,32784000.0,115880000.0,124290000.0,3.955,1.747,45.461,45.93,7244663000.0,14574000.0,19.75,9.392,9.345,194569000.0,-996058000.0,205084000.0,205084000.0,0.0,,,,,18897000.0,31322000.0,1.0,409690237.0,408147000.0,408926000.0,0.502,9663630000.0,0.0,6070000.0,0.0,23.677,
31,KIM,MRQ,2013-09-30,2013-09-30,2013-09-30,2021-08-02,-44128000.0,9953079000.0,,,,,11.512,71248000.0,401730000.0,401730000.0,55238000.0,57188000.0,,1.07,4380652000.0,,,4380652000.0,0.0,64378000.0,0.0,0.041,0.21,133475000.0,197853000.0,0.893,197853000.0,133475000.0,79526000.0,0.1,0.08,0.1,4697587000.0,,4697587000.0,12574848141.0,25.0,16.451,339561000.0,0.832,1.0,166225000.0,0.751,0.0,53949000.0,13932001000.0,,0.0,1685204000.0,,,5027024000.0,,,8266524141.0,245280000.0,64971000.0,1101000.0,-90014000.0,-100590000.0,-190771000.0,167738000.0,31971000.0,268313000.0,0.0,55763000.0,41190000.0,41190000.0,-6058000.0,1425000.0,0.186,149513000.0,16712000.0,0.0,2.1,1.76,43.466,43.87,7183567000.0,14573000.0,20.18,10.275,10.235,205834000.0,-950905000.0,221463000.0,221463000.0,0.0,,,,,0.0,30828000.0,1.0,409639452.0,408060000.0,408866000.0,0.543,9953079000.0,0.0,23763000.0,0.0,24.391,
32,KIM,MRQ,2013-06-30,2013-06-30,2013-06-30,2021-08-02,-61798000.0,9988471000.0,,,,,11.584,-18465000.0,156450000.0,156450000.0,58090000.0,53272000.0,,1.067,4464774000.0,,,4464774000.0,0.0,64269000.0,0.0,0.037,0.21,93953000.0,158222000.0,0.697,158222000.0,93953000.0,38935000.0,0.09,0.16,0.09,4722273000.0,,4722273000.0,13043787014.0,27.0,17.386,97178000.0,0.238,1.0,169029000.0,0.744,0.0,55018000.0,14296795000.0,,0.0,1779470000.0,,,5036704000.0,,,8759608014.0,-10444000.0,75478000.0,22170000.0,-81363000.0,-101420000.0,-190232000.0,64145000.0,13092000.0,115643000.0,0.0,51139000.0,36566000.0,36566000.0,27407000.0,2133000.0,0.161,117850000.0,51179000.0,0.0,2.333,1.855,49.742,49.837,7381101000.0,14573000.0,21.43,10.869,10.839,234486000.0,-906070000.0,227119000.0,227119000.0,0.0,,,,,0.0,31319000.0,1.0,408754457.0,407640000.0,408831000.0,0.557,9988471000.0,0.0,-12204000.0,0.0,24.503,
33,KIM,MRQ,2013-03-31,2013-03-31,2013-03-31,2021-08-02,-27678000.0,10061835000.0,,,,,11.773,-66272000.0,166894000.0,166894000.0,57444000.0,70508000.0,,1.048,4451073000.0,,,4451073000.0,0.0,62773000.0,0.0,0.035,0.0,136840000.0,199613000.0,0.879,199613000.0,136840000.0,83343000.0,0.13,0.12,0.13,4787735000.0,,4787735000.0,13190035424.0,25.0,16.749,83613000.0,0.206,1.0,169571000.0,0.747,0.0,53497000.0,14346014000.0,,0.0,1853108000.0,,,5019723000.0,,,9136593424.0,25019000.0,-20195000.0,5772000.0,132364000.0,-97744000.0,36731000.0,-161597000.0,-70073000.0,149885000.0,0.0,67770000.0,53197000.0,53197000.0,-5624000.0,2738000.0,0.234,95226000.0,74345000.0,0.0,0.0,1.908,48.649,48.696,7404470000.0,14573000.0,22.4,11.345,11.311,236871000.0,-856620000.0,227015000.0,227015000.0,0.0,,,,,0.0,34020000.0,1.0,407883635.0,406662000.0,407666000.0,0.558,10061835000.0,0.0,15573000.0,0.0,24.743,
34,KIM,MRQ,2012-12-31,2012-12-31,2012-12-31,2021-08-02,-66182000.0,9751234000.0,,,,,11.727,41681000.0,141875000.0,141875000.0,37366000.0,91655000.0,,0.994,4195317000.0,,,4195317000.0,0.0,64778000.0,0.0,0.04,0.4,143915000.0,208693000.0,1.619,208693000.0,143915000.0,90403000.0,0.14,-0.06,0.14,4765160000.0,,4765160000.0,11663939635.0,23.0,15.184,113145000.0,0.278,1.0,91576000.0,0.71,0.0,53512000.0,13804676000.0,,0.0,1782253000.0,,,4737678000.0,,,7875277635.0,-287654000.0,-8895000.0,171645000.0,-35502000.0,-97630000.0,-438168000.0,79050000.0,46662000.0,71464000.0,0.0,88381000.0,59231000.0,59231000.0,-83727000.0,3274000.0,0.459,70956000.0,20620000.0,111881000.0,2.857,1.653,45.608,46.0,7201825000.0,29150000.0,19.32,9.926,9.887,242244000.0,-824008000.0,128942000.0,128942000.0,0.0,,,,,17907000.0,28367000.0,1.0,407623066.0,406348000.0,406806000.0,0.317,9751234000.0,0.0,2022000.0,0.0,23.997,
35,KIM,MRQ,2012-09-30,2012-09-30,2012-09-30,2021-08-02,-56785000.0,10115976000.0,,,,,12.5,-22436000.0,429529000.0,429529000.0,57426000.0,57084000.0,,0.942,4218191000.0,,,4218191000.0,0.0,66773000.0,0.0,0.037,0.19,116928000.0,183701000.0,0.824,183701000.0,116928000.0,60461000.0,0.07,0.03,0.07,5072717000.0,,5072717000.0,12056857816.0,25.0,16.418,109722000.0,0.27,1.0,165437000.0,0.742,0.0,56467000.0,13904638000.0,,0.0,1795529000.0,,,4777738000.0,,,8248970816.0,45800000.0,18085000.0,228705000.0,-35278000.0,-100785000.0,-101191000.0,14833000.0,34782000.0,132158000.0,0.0,54941000.0,27106000.0,27106000.0,-13360000.0,2143000.0,0.122,94622000.0,70815000.0,0.0,2.714,1.626,56.891,56.306,7210319000.0,27835000.0,20.27,9.813,9.786,236746000.0,-813097000.0,222863000.0,222863000.0,0.0,,,,,0.0,29880000.0,1.0,406954653.0,405810000.0,406747000.0,0.549,10115976000.0,0.0,5520000.0,0.0,24.928,
36,KIM,MRQ,2012-06-30,2012-06-30,2012-06-30,2021-08-02,-99889000.0,10030071000.0,,,,,12.365,-77017000.0,383729000.0,383729000.0,57665000.0,72387000.0,,0.943,4191616000.0,,,4191616000.0,0.0,66306000.0,0.0,0.029,0.19,129190000.0,195496000.0,0.863,195496000.0,129190000.0,72414000.0,0.12,0.14,0.12,5014608000.0,,5014608000.0,11415102559.0,24.0,15.707,41541000.0,0.102,1.0,168854000.0,0.745,0.0,56776000.0,13837958000.0,,0.0,1810802000.0,,,4729923000.0,,,7743844559.0,141429000.0,-43396000.0,-454000.0,234747000.0,-92149000.0,135275000.0,-112404000.0,8034000.0,118558000.0,0.0,69112000.0,48271000.0,48271000.0,7028000.0,3275000.0,0.213,93282000.0,75572000.0,0.0,1.583,1.544,49.002,48.795,7217673000.0,20841000.0,19.03,9.322,9.29,227637000.0,-771282000.0,226519000.0,226519000.0,0.0,,,,,0.0,30908000.0,1.0,406928248.0,405560000.0,406476000.0,0.559,10030071000.0,0.0,3302000.0,0.0,24.731,
37,KIM,MRQ,2012-03-31,2012-03-31,2012-03-31,2021-08-02,-55397000.0,9826565000.0,,,,,12.522,-47645000.0,242300000.0,242300000.0,57830000.0,59148000.0,,0.874,3913558000.0,,,3913558000.0,0.0,64885000.0,0.0,0.029,0.0,114975000.0,179860000.0,0.803,179860000.0,114975000.0,57692000.0,0.09,0.09,0.09,5087162000.0,,5087162000.0,11839909796.0,27.0,17.081,109229000.0,0.269,1.0,166159000.0,0.742,0.0,57283000.0,13497823000.0,,0.0,1788601000.0,,,4447917000.0,,,7838406796.0,129418000.0,2177000.0,365905000.0,-266654000.0,-92158000.0,5023000.0,-32479000.0,12989000.0,156874000.0,0.0,53638000.0,38064000.0,38064000.0,-4552000.0,5510000.0,0.17,97300000.0,68859000.0,0.0,0.0,1.541,58.658,58.364,7151977000.0,15574000.0,19.26,9.509,9.493,240520000.0,-742248000.0,223989000.0,223989000.0,0.0,,,,,0.0,34414000.0,1.0,406978546.0,406272000.0,407279000.0,0.551,9826565000.0,0.0,4054000.0,0.0,24.187,
38,KIM,MRQ,2011-12-31,2011-12-31,2011-12-31,2021-08-02,-107660000.0,9628762000.0,,,,,11.527,-77731000.0,112882000.0,112882000.0,41410000.0,50159000.0,,0.993,4114385000.0,,,4114385000.0,0.0,62327000.0,0.0,0.045,0.37,112997000.0,175324000.0,1.049,175324000.0,112997000.0,57854000.0,0.08,0.02,0.08,4686386000.0,,4686386000.0,10413801342.0,25.0,15.598,2967000.0,0.007,1.0,125800000.0,0.752,0.0,55143000.0,13630265000.0,,0.0,1781885000.0,,,4653545000.0,,,6608736342.0,-67316000.0,-62313000.0,-317000.0,54186000.0,-88090000.0,-47705000.0,-100309000.0,39735000.0,80698000.0,0.0,46397000.0,31556000.0,31556000.0,-27242000.0,3762000.0,0.189,81751000.0,44049000.0,125544000.0,4.625,1.41,60.25,60.148,7078167000.0,14841000.0,16.24,8.114,8.106,267025000.0,-702999000.0,167210000.0,167210000.0,0.0,,,,,69000.0,28371000.0,1.0,406941893.0,406557000.0,408518000.0,0.411,9628762000.0,0.0,11457000.0,0.0,23.684,
39,KIM,MRQ,2011-09-30,2011-09-30,2011-09-30,2021-08-02,-86080000.0,9580551000.0,,,,,11.684,-74163000.0,180198000.0,180198000.0,58597000.0,58593000.0,,0.955,3985263000.0,,,3985263000.0,0.0,60526000.0,0.0,0.047,0.18,115544000.0,176070000.0,0.827,176070000.0,115544000.0,59424000.0,0.1,0.07,0.1,4750461000.0,,4750461000.0,9953257001.0,25.0,15.462,77917000.0,0.192,1.0,154428000.0,0.725,0.0,56120000.0,13385616000.0,,0.0,1772155000.0,,,4538655000.0,,,6116955001.0,36131000.0,-114000.0,-492000.0,21340000.0,-88094000.0,-81887000.0,-34062000.0,40215000.0,152080000.0,0.0,54981000.0,40140000.0,40140000.0,-9924000.0,3612000.0,0.188,91753000.0,62675000.0,0.0,1.8,1.288,60.939,62.625,7009752000.0,14841000.0,15.03,7.114,7.107,229166000.0,-657237000.0,213025000.0,213025000.0,0.0,,,,,0.0,30846000.0,1.0,406983034.0,406564000.0,407292000.0,0.524,9580551000.0,0.0,4443000.0,0.0,23.565,
40,KIM,MRQ,2011-06-30,2011-06-30,2011-06-30,2021-08-02,27989000.0,9704680000.0,,,,,12.036,-12025000.0,144067000.0,144067000.0,58816000.0,41315000.0,,0.919,3980369000.0,,,3980369000.0,0.0,61954000.0,0.0,0.028,0.18,99950000.0,161904000.0,0.736,161904000.0,99950000.0,44349000.0,0.06,0.06,0.06,4893286000.0,,4893286000.0,11587226230.0,32.0,18.681,88968000.0,0.219,1.0,161258000.0,0.733,0.0,55601000.0,13540982000.0,,0.0,1881436000.0,,,4497976000.0,,,7585171230.0,-3971000.0,-11009000.0,619000.0,-184283000.0,-88079000.0,-271823000.0,166859000.0,189893000.0,100993000.0,0.0,38709000.0,23868000.0,23868000.0,984000.0,2606000.0,0.108,92464000.0,68794000.0,0.0,3.0,1.55,97.61,103.556,7051582000.0,14841000.0,18.64,8.881,8.873,243591000.0,-624129000.0,220074000.0,220074000.0,0.0,,,,,-32000.0,29612000.0,1.0,406929787.0,406559000.0,407562000.0,0.541,9704680000.0,0.0,5640000.0,0.0,23.87,
41,KIM,MRQ,2011-03-31,2011-03-31,2011-03-31,2021-08-02,-7382000.0,9895158000.0,,,,,12.063,-37135000.0,148038000.0,148038000.0,65809000.0,32022000.0,,0.955,4150093000.0,,,4150093000.0,0.0,66332000.0,0.0,0.027,0.0,88540000.0,154872000.0,0.688,154872000.0,88540000.0,33172000.0,0.03,0.03,0.03,4902719000.0,,4902719000.0,11387749810.0,33.0,18.897,77707000.0,0.191,1.0,159327000.0,0.708,0.0,55368000.0,13897213000.0,,0.0,2041645000.0,,,4680434000.0,,,7453916810.0,22884000.0,-34730000.0,724000.0,60022000.0,-89501000.0,-38710000.0,-53248000.0,18617000.0,114842000.0,0.0,28963000.0,14122000.0,14122000.0,-1263000.0,3059000.0,0.063,93396000.0,65931000.0,0.0,0.0,1.52,111.87,122.267,7050594000.0,14841000.0,18.34,8.849,8.85,248942000.0,-574739000.0,225136000.0,225136000.0,0.0,,,,,-37000.0,29746000.0,1.0,406429488.0,406440000.0,407361000.0,0.554,9895158000.0,0.0,4209000.0,0.0,24.346,
42,KIM,MRQ,2010-12-31,2010-12-31,2010-12-31,2021-08-02,-23853000.0,9833875000.0,,,,,12.152,-67303000.0,125154000.0,125154000.0,42578000.0,46676000.0,,0.927,4058987000.0,,,4058987000.0,0.0,62603000.0,0.0,0.037,0.34,88293000.0,150896000.0,0.748,150896000.0,88293000.0,36575000.0,0.05,-0.02,0.05,4935842000.0,,4935842000.0,11202713468.0,30.0,18.164,54428000.0,0.134,1.0,159051000.0,0.789,0.0,51718000.0,13767708000.0,,0.0,2025304000.0,,,4577529000.0,,,7323352468.0,-32962000.0,-13998000.0,6720000.0,-39217000.0,-76772000.0,-118506000.0,-36187000.0,45121000.0,121731000.0,0.0,37089000.0,22248000.0,22248000.0,-36726000.0,9587000.0,0.11,121294000.0,37757000.0,154482000.0,6.8,1.484,80.017,82.0,7043380000.0,14841000.0,18.04,8.857,8.855,239029000.0,-515164000.0,201629000.0,201629000.0,0.0,,,,,-96000.0,26037000.0,1.0,405950802.0,406181000.0,406576000.0,0.496,9833875000.0,0.0,-514000.0,0.0,24.211,
43,KIM,MRQ,2010-09-30,2010-09-30,2010-09-30,2021-08-02,-59403000.0,9814508000.0,,,,,12.178,-12218000.0,158116000.0,158116000.0,60360000.0,32989000.0,,0.921,4037477000.0,,,4037477000.0,0.0,61863000.0,0.0,0.034,0.0,90747000.0,152610000.0,0.736,152610000.0,90747000.0,33041000.0,0.04,0.04,0.04,4942328000.0,,4942328000.0,10512793773.0,28.0,17.07,116252000.0,0.286,1.0,146871000.0,0.709,0.0,57706000.0,13693869000.0,,0.0,2026133000.0,,,4553861000.0,,,6387814773.0,22833000.0,-13395000.0,170757000.0,-157125000.0,-76754000.0,-74717000.0,-30920000.0,-5182000.0,128470000.0,0.0,30333000.0,17471000.0,17471000.0,-1173000.0,2656000.0,0.084,85445000.0,61426000.0,0.0,0.0,1.292,58.268,54.276,7023458000.0,12862000.0,15.74,7.847,7.847,237333000.0,-464256000.0,207231000.0,207231000.0,0.0,,,,,-7000.0,28452000.0,1.0,405833213.0,405854000.0,406253000.0,0.511,9814508000.0,0.0,2708000.0,0.0,24.182,
44,KIM,MRQ,2010-06-30,2010-06-30,2010-06-30,2021-08-02,-65019000.0,9883007000.0,,,,,11.855,130023000.0,135283000.0,135283000.0,61322000.0,27277000.0,,0.987,4260262000.0,,,4260262000.0,0.0,61581000.0,0.0,0.045,0.16,82677000.0,144258000.0,0.692,144258000.0,82677000.0,24510000.0,0.03,0.04,0.03,4809637000.0,,4809637000.0,9838556357.0,26.0,16.028,216571000.0,0.534,1.0,147000000.0,0.706,0.0,58167000.0,14007986000.0,,0.0,2000997000.0,,,4746248000.0,,,5451527357.0,-2154000.0,-15900000.0,149000.0,-96647000.0,-76732000.0,-225205000.0,136503000.0,22482000.0,86548000.0,0.0,24611000.0,12789000.0,12789000.0,1515000.0,2666000.0,0.061,83762000.0,63238000.0,0.0,5.333,1.133,45.262,42.0,7127147000.0,11822000.0,13.44,6.841,6.842,226146000.0,-416777000.0,208322000.0,208322000.0,0.0,,,,,0.0,26425000.0,1.0,405619595.0,405705000.0,406009000.0,0.513,9883007000.0,0.0,-101000.0,0.0,24.36,
45,KIM,MRQ,2010-03-31,2010-03-31,2010-03-31,2021-08-02,-89394000.0,10262463000.0,,,,,11.913,-28384000.0,137437000.0,137437000.0,64410000.0,54710000.0,,1.046,4524466000.0,,,4524466000.0,0.0,61590000.0,0.0,0.056,0.16,107529000.0,169119000.0,0.793,169119000.0,107529000.0,51981000.0,0.1,0.09,0.1,4831547000.0,,4831547000.0,10655041637.0,51.0,24.191,114802000.0,0.283,1.0,148940000.0,0.698,0.0,55548000.0,14649492000.0,,0.0,1883112000.0,,,5053416000.0,,,6342716637.0,15379000.0,-10298000.0,211000.0,-6548000.0,-76706000.0,-96315000.0,-31492000.0,9701000.0,143186000.0,0.0,50836000.0,39014000.0,39014000.0,-1146000.0,3874000.0,0.183,79941000.0,68999000.0,0.0,1.6,1.313,-163.396,-142.182,7590381000.0,11822000.0,15.64,8.166,8.167,246823000.0,-364633000.0,213350000.0,213350000.0,0.0,,,,,0.0,28138000.0,1.0,405544542.0,405564000.0,405713000.0,0.526,10262463000.0,0.0,1145000.0,0.0,25.304,
46,KIM,MRQ,2009-12-31,2009-12-31,2009-12-31,2021-08-02,-96432000.0,10183079000.0,,,,,12.663,-312121000.0,122058000.0,122058000.0,57144000.0,52491000.0,,1.023,4434383000.0,,,4434383000.0,0.0,59723000.0,0.0,0.053,0.22,90157000.0,149880000.0,0.809,149880000.0,90157000.0,34324000.0,0.12,0.1,0.12,4852973000.0,,4852973000.0,8928474245.0,49.0,21.695,-230487000.0,-0.601,1.0,128018000.0,0.691,0.0,55833000.0,14495404000.0,,0.0,1866462000.0,,,4964797000.0,,,5097085245.0,-18699000.0,1833000.0,345907000.0,-106295000.0,-34425000.0,187941000.0,-288274000.0,25124000.0,81634000.0,0.0,52177000.0,40355000.0,40355000.0,-9138000.0,314000.0,0.218,94339000.0,33679000.0,142670000.0,1.833,1.05,-99.494,-90.2,7539193000.0,11822000.0,13.53,6.747,6.27,244942000.0,-338738000.0,185162000.0,185162000.0,0.0,,,,,0.0,26611000.0,1.0,376724704.0,383254000.0,383254000.0,0.483,10183079000.0,0.0,-17853000.0,0.0,26.57,
47,KIM,MRQ,2009-09-30,2009-09-30,2009-09-30,2021-08-02,-98711000.0,9288041000.0,,,,,12.051,-43957000.0,140757000.0,140757000.0,57608000.0,43645000.0,,0.975,3972146000.0,,,3972146000.0,0.0,56639000.0,0.0,0.106,0.06,93947000.0,150586000.0,0.792,150586000.0,93947000.0,39417000.0,0.07,0.07,0.07,4538089000.0,,4538089000.0,8857552589.0,143.0,31.315,80039000.0,0.213,1.0,132484000.0,0.697,0.0,54530000.0,13119430000.0,,0.0,1950603000.0,,,4422643000.0,,,4907809589.0,-48168000.0,33409000.0,717000.0,-202942000.0,-34403000.0,-240414000.0,68250000.0,79438000.0,123996000.0,0.0,40108000.0,28286000.0,28286000.0,-989000.0,3537000.0,0.149,74114000.0,58370000.0,0.0,0.857,1.081,-31.678,-26.612,6585290000.0,11822000.0,13.04,6.447,6.45,260590000.0,-314208000.0,190092000.0,190092000.0,0.0,,,,,0.0,27937000.0,1.0,376365766.0,376559000.0,378127000.0,0.505,9288041000.0,0.0,-691000.0,0.0,24.666,
48,KIM,MRQ,2009-06-30,2009-06-30,2009-06-30,2021-08-02,-172217000.0,9338347000.0,,,,,12.088,-54131000.0,188925000.0,188925000.0,54437000.0,-131867000.0,,1.024,4138668000.0,,,4138668000.0,0.0,55274000.0,0.0,0.171,0.44,-84409000.0,-29135000.0,-0.155,-29135000.0,-84409000.0,-135343000.0,-0.4,-0.36,-0.4,4451365000.0,,4451365000.0,8284215570.0,58.0,23.077,28916000.0,0.079,1.0,133658000.0,0.711,0.0,50934000.0,13288090000.0,,0.0,1967214000.0,,,4557934000.0,,,3782341570.0,38943000.0,-5247000.0,717776000.0,-564277000.0,-131099000.0,-716000.0,-43388000.0,19715000.0,83047000.0,0.0,-134651000.0,-146473000.0,-146473000.0,12934000.0,2784000.0,-0.779,77611000.0,56047000.0,0.0,-1.1,0.85,-43.75,-55.833,6572270000.0,11822000.0,10.05,4.969,4.862,279519000.0,-319891000.0,188095000.0,188095000.0,0.0,,,,,0.0,26104000.0,1.0,376352395.0,368254000.0,368254000.0,0.511,9338347000.0,0.0,-692000.0,0.0,25.358,
49,KIM,MRQ,2009-03-31,2009-03-31,2009-03-31,2021-08-02,-210663000.0,9392969000.0,,,,,14.247,-50464000.0,149982000.0,149982000.0,58620000.0,41792000.0,,1.344,4651856000.0,,,4651856000.0,0.0,56140000.0,0.0,0.22,0.0,84258000.0,140398000.0,0.725,140398000.0,84258000.0,37742000.0,0.1,0.1,0.1,3862019000.0,,3862019000.0,6486131328.0,17.0,11.063,64441000.0,0.238,1.0,135006000.0,0.697,0.0,46516000.0,13894843000.0,,0.0,2034879000.0,,,5191210000.0,,,2065662328.0,13805000.0,-40363000.0,44000.0,111142000.0,-131097000.0,-21276000.0,-79824000.0,11185000.0,114905000.0,0.0,38424000.0,26602000.0,26602000.0,-430000.0,3368000.0,0.137,79495000.0,55511000.0,0.0,0.0,0.535,14.489,13.855,6593641000.0,11822000.0,7.62,2.732,2.732,285000000.0,-150836000.0,193626000.0,193626000.0,0.0,,,,,0.0,29354000.0,1.0,271084295.0,271083000.0,271158000.0,0.714,9392969000.0,0.0,-682000.0,0.0,34.65,
50,KIM,MRQ,2008-12-31,2008-12-31,2008-12-31,2021-08-02,-179541000.0,9397147000.0,,,,,14.843,-87049000.0,136177000.0,136177000.0,55565000.0,-52639000.0,,1.274,4556646000.0,,,4556646000.0,0.0,52915000.0,0.0,0.092,0.88,-31913000.0,21002000.0,0.111,21002000.0,-31913000.0,-83776000.0,-0.26,-0.29,-0.26,3983698000.0,,3983698000.0,9139658158.0,20.0,13.912,1247000.0,0.005,1.0,133916000.0,0.707,0.0,51863000.0,13817616000.0,,0.0,1985880000.0,,,5076561000.0,,,4867675158.0,12086000.0,-55550000.0,6144000.0,238841000.0,-128964000.0,62816000.0,-139026000.0,3956000.0,88296000.0,0.0,-51523000.0,-63345000.0,-63345000.0,-10789000.0,-1116000.0,-0.334,44937000.0,88979000.0,151241000.0,-3.385,1.222,24.024,23.139,6659252000.0,11822000.0,18.28,6.48,6.274,275724000.0,-58162000.0,189481000.0,189481000.0,0.0,,,,,-30000.0,34716000.0,1.0,266284199.0,268386000.0,263244000.0,0.706,9397147000.0,0.0,-32253000.0,0.0,35.014,
51,KIM,MRQ,2008-09-30,2008-09-30,2008-09-30,2021-08-02,-12489000.0,9756662000.0,,,,,16.612,-95245000.0,124091000.0,124091000.0,54109000.0,120590000.0,,1.168,4396074000.0,,,4396074000.0,0.0,53020000.0,0.0,0.032,0.4,173695000.0,226715000.0,1.194,226715000.0,173695000.0,120920000.0,0.38,0.34,0.38,4255304000.0,,4255304000.0,14000981270.0,23.0,16.889,112757000.0,0.44,1.0,135843000.0,0.715,0.0,52775000.0,14028645000.0,,0.0,2196516000.0,,,4968666000.0,,,9384391270.0,908000.0,-18598000.0,421550000.0,-374065000.0,-113423000.0,-72522000.0,-134572000.0,-1812000.0,208002000.0,0.0,108584000.0,96762000.0,96762000.0,-9336000.0,12006000.0,0.509,78468000.0,57375000.0,0.0,1.053,2.205,27.759,27.567,6771011000.0,11822000.0,36.94,12.702,12.808,320705000.0,124458000.0,189952000.0,189952000.0,0.0,,,,,-518000.0,30591000.0,1.0,254044160.0,256164000.0,258933000.0,0.742,9756662000.0,0.0,12336000.0,0.0,38.088,
52,KIM,MRQ,2008-06-30,2008-06-30,2008-06-30,2021-08-02,4637000.0,9594246000.0,,,,,15.22,-150908000.0,123183000.0,123183000.0,50155000.0,100473000.0,,1.359,4739773000.0,,,4739773000.0,0.0,51330000.0,0.0,0.045,0.4,146836000.0,198166000.0,1.083,198166000.0,146836000.0,93236000.0,0.33,0.32,0.33,3861882000.0,,3861882000.0,13146059313.0,22.0,16.682,-33307000.0,-0.131,1.0,132815000.0,0.726,0.0,53600000.0,14210836000.0,,0.0,2194952000.0,,,5248703000.0,,,8757950313.0,-27778000.0,-11000000.0,14874000.0,152557000.0,-113199000.0,49618000.0,-194997000.0,1007000.0,117601000.0,0.0,94374000.0,82552000.0,82552000.0,-657000.0,6099000.0,0.451,71581000.0,61234000.0,0.0,1.212,2.268,27.68,27.397,6635465000.0,11822000.0,34.52,12.145,12.147,301165000.0,144838000.0,182970000.0,182970000.0,0.0,,,,,-926000.0,25693000.0,1.0,253706556.0,253740000.0,257318000.0,0.721,9594246000.0,0.0,-1138000.0,0.0,37.811,
53,KIM,MRQ,2008-03-31,2008-03-31,2008-03-31,2021-08-02,20691000.0,9431593000.0,,,,,15.342,-113323000.0,150961000.0,150961000.0,53934000.0,107980000.0,,1.311,4539070000.0,,,4539070000.0,0.0,49253000.0,0.0,0.039,0.0,161838000.0,211091000.0,1.118,211091000.0,161838000.0,107877000.0,0.34,0.32,0.34,3880507000.0,,3880507000.0,14033324768.0,23.0,17.229,40377000.0,0.16,1.0,134860000.0,0.714,0.0,53961000.0,13819702000.0,,0.0,2229376000.0,,,5087344000.0,,,9904408768.0,63462000.0,-16023000.0,8434000.0,331263000.0,-113438000.0,222517000.0,-312755000.0,-167897000.0,153700000.0,0.0,98467000.0,86645000.0,86645000.0,-5377000.0,9513000.0,0.459,65597000.0,69263000.0,0.0,0.0,2.552,27.592,27.392,6467142000.0,11822000.0,39.17,14.001,14.005,248422000.0,163905000.0,188794000.0,188794000.0,0.0,,,,,-484000.0,24756000.0,1.0,252857002.0,252932000.0,255916000.0,0.746,9431593000.0,0.0,9410000.0,0.0,37.289,
54,KIM,MRQ,2007-12-31,2007-12-31,2007-12-31,2021-08-02,33648000.0,9097816000.0,,,,,15.409,-144802000.0,87499000.0,87499000.0,51415000.0,127105000.0,,1.221,4216415000.0,,,4216415000.0,0.0,53386000.0,0.0,0.042,0.8,139641000.0,193027000.0,1.09,193027000.0,139641000.0,83929000.0,0.29,0.27,0.29,3894574000.0,,3894574000.0,13569624473.0,22.0,16.643,-39140000.0,-0.155,1.0,125695000.0,0.71,0.0,55712000.0,13226732000.0,,0.0,2074921000.0,,,4755083000.0,,,9198589473.0,42060000.0,12495000.0,447954000.0,-233387000.0,-103976000.0,82566000.0,-146168000.0,-1870000.0,105662000.0,0.0,83039000.0,72108000.0,72108000.0,-7321000.0,44066000.0,0.407,37095000.0,88600000.0,161526000.0,2.759,2.362,21.737,21.667,6347591000.0,10931000.0,36.4,13.637,13.606,241864000.0,180005000.0,177110000.0,177110000.0,0.0,,,,,-63000.0,24788000.0,1.0,252708502.0,252741000.0,256962000.0,0.701,9097816000.0,0.0,890000.0,0.0,35.997,
55,KIM,MRQ,2007-09-30,2007-09-30,2007-09-30,2021-08-02,45452000.0,8898378000.0,,,,,13.812,-251469000.0,45439000.0,45439000.0,45308000.0,78005000.0,,1.428,4416474000.0,,,4416474000.0,0.0,48563000.0,0.0,0.032,0.36,137183000.0,185746000.0,1.078,185746000.0,137183000.0,78353000.0,0.3,0.28,0.3,3485257000.0,,3485257000.0,15484810384.0,23.0,18.335,-83946000.0,-0.333,1.0,126929000.0,0.737,0.0,58830000.0,13269413000.0,,0.0,2119903000.0,,,4976061000.0,,,11403126384.0,-64092000.0,20977000.0,9196000.0,203948000.0,-93697000.0,105380000.0,-336995000.0,-93107000.0,167523000.0,0.0,78005000.0,75096000.0,75096000.0,-2136000.0,0.0,0.436,73281000.0,53648000.0,0.0,1.2,3.272,23.754,23.425,6155055000.0,2909000.0,45.21,17.597,17.604,256087000.0,209018000.0,172237000.0,172237000.0,0.0,,,,,-250000.0,29552000.0,1.0,252225755.0,252327000.0,256497000.0,0.683,8898378000.0,0.0,348000.0,0.0,35.265,
56,KIM,MRQ,2007-06-30,2007-06-30,2007-06-30,2021-08-02,50393000.0,8625250000.0,,,,,13.885,-597107000.0,109531000.0,109531000.0,45314000.0,128022000.0,,1.344,4191215000.0,,,4191215000.0,0.0,47103000.0,0.0,0.037,0.36,177569000.0,224672000.0,1.327,224672000.0,177569000.0,125048000.0,0.5,0.38,0.5,3500003000.0,,3500003000.0,13103616009.0,20.0,15.702,-400779000.0,-1.59,1.0,123942000.0,0.732,0.0,52521000.0,12706934000.0,,0.0,1963695000.0,,,4704053000.0,,,9594144009.0,-10513000.0,-144323000.0,5387000.0,595476000.0,-93607000.0,493157000.0,-699998000.0,66432000.0,196328000.0,0.0,128022000.0,125113000.0,125113000.0,-18418000.0,0.0,0.739,66431000.0,57511000.0,0.0,0.72,2.741,19.442,19.035,5947732000.0,2909000.0,38.07,15.353,15.357,266434000.0,234990000.0,169256000.0,169256000.0,0.0,,,,,-605000.0,24792000.0,1.0,252013239.0,252074000.0,257398000.0,0.671,8625250000.0,0.0,-2974000.0,0.0,34.217,
57,KIM,MRQ,2007-03-31,2007-03-31,2007-03-31,2021-08-02,37750000.0,7985231000.0,,,,,13.707,-295724000.0,120044000.0,120044000.0,42336000.0,153764000.0,,1.194,3629516000.0,,,3629516000.0,0.0,42218000.0,0.0,0.029,0.0,169749000.0,211967000.0,1.343,211967000.0,169749000.0,123650000.0,0.6,0.38,0.6,3445512000.0,,3445512000.0,15393426281.0,24.0,19.423,-99248000.0,-0.395,1.0,115503000.0,0.732,0.0,46099000.0,11494703000.0,,0.0,1792820000.0,,,4112441000.0,,,12151248281.0,-225021000.0,-8784000.0,22683000.0,6621000.0,-93222000.0,-97047000.0,-324450000.0,27263000.0,196476000.0,0.0,153764000.0,150855000.0,150855000.0,-10514000.0,0.0,0.956,61128000.0,54375000.0,0.0,0.0,3.527,25.625,24.938,5397405000.0,2909000.0,48.38,20.197,20.213,290088000.0,200666000.0,157839000.0,157839000.0,0.0,,,,,-1553000.0,22695000.0,1.0,251162635.0,251365000.0,257422000.0,0.628,7985231000.0,0.0,-30114000.0,0.0,31.767,
58,KIM,MRQ,2006-12-31,2006-12-31,2006-12-31,2021-08-02,45225000.0,7869280000.0,,,,,13.585,909754000.0,345065000.0,345065000.0,40863000.0,131899000.0,,1.211,3587243000.0,,,3587243000.0,0.0,42274000.0,0.0,0.031,0.72,179900000.0,222174000.0,1.494,222174000.0,179900000.0,135511000.0,0.53,0.32,0.53,3366959000.0,,3366959000.0,14099489511.0,23.0,18.862,1004450000.0,4.053,1.0,107820000.0,0.725,0.0,44389000.0,11111458000.0,,0.0,1722308000.0,,,4077079000.0,,,10849661511.0,242270000.0,-179385000.0,7301000.0,-477639000.0,-89802000.0,-561048000.0,708622000.0,21446000.0,94696000.0,0.0,131899000.0,128989000.0,128989000.0,-46631000.0,0.0,0.868,56475000.0,51345000.0,163668000.0,1.358,3.222,26.042,25.833,5194649000.0,2910000.0,44.95,18.689,18.548,246087000.0,140509000.0,148683000.0,148683000.0,0.0,,,,,-2926000.0,20620000.0,1.0,241371780.0,247841000.0,252580000.0,0.6,7869280000.0,0.0,3612000.0,0.0,31.751,
59,KIM,MRQ,2006-09-30,2006-09-30,2006-09-30,2021-08-02,50931000.0,7123806000.0,,,,,12.104,-112382000.0,102795000.0,102795000.0,40280000.0,91427000.0,,1.442,3352623000.0,,,3352623000.0,0.0,36966000.0,0.0,0.031,0.33,138744000.0,175710000.0,1.178,175710000.0,138744000.0,93881000.0,0.37,0.34,0.37,2917125000.0,,2917125000.0,13246365166.0,24.0,19.17,8356000.0,0.035,1.0,108844000.0,0.73,0.0,44863000.0,10373634000.0,,0.0,1516367000.0,,,4206681000.0,,,10229857166.0,-19551000.0,-39815000.0,12605000.0,173663000.0,-82323000.0,81161000.0,-221450000.0,-46682000.0,120738000.0,0.0,91427000.0,88518000.0,88518000.0,-4418000.0,0.0,0.594,55596000.0,53248000.0,0.0,0.892,3.507,26.07,25.304,4874728000.0,2909000.0,42.51,18.521,18.549,232976000.0,101830000.0,149124000.0,149124000.0,0.0,,,,,0.0,22618000.0,1.0,240645899.0,241002000.0,246146000.0,0.619,7123806000.0,0.0,2454000.0,0.0,29.559,
60,KIM,MRQ,2006-06-30,2006-06-30,2006-06-30,2021-08-02,49027000.0,6761850000.0,,,,,12.028,-84894000.0,122346000.0,122346000.0,39166000.0,108744000.0,,1.337,3138854000.0,,,3138854000.0,0.0,35840000.0,0.0,0.035,0.33,146861000.0,182701000.0,1.251,182701000.0,146861000.0,105487000.0,0.44,0.35,0.44,2893280000.0,,2893280000.0,11490085925.0,21.0,17.409,22114000.0,0.092,1.0,106820000.0,0.732,0.0,41374000.0,9778358000.0,,0.0,1409898000.0,,,3868570000.0,,,8773969925.0,-36532000.0,-31515000.0,3933000.0,155467000.0,-82258000.0,65385000.0,-208925000.0,-35798000.0,107008000.0,0.0,108744000.0,105835000.0,105835000.0,-18713000.0,0.0,0.725,45271000.0,61549000.0,0.0,0.75,3.033,22.712,21.85,4665265000.0,2909000.0,36.49,16.507,16.515,207565000.0,100213000.0,145986000.0,145986000.0,0.0,,,,,0.0,16564000.0,1.0,240448614.0,240554000.0,246048000.0,0.607,6761850000.0,0.0,-3257000.0,0.0,28.109,
61,KIM,MRQ,2006-03-31,2006-03-31,2006-03-31,2021-08-02,49688000.0,6375808000.0,,,,,12.517,-348862000.0,158878000.0,158878000.0,36996000.0,96195000.0,,1.228,2874994000.0,,,2874994000.0,0.0,29687000.0,0.0,0.032,0.0,137326000.0,167013000.0,1.218,167013000.0,137326000.0,97772000.0,0.41,0.33,0.41,2862277000.0,,2862277000.0,11814342289.0,23.0,19.014,-215735000.0,-0.943,1.0,100160000.0,0.73,0.0,39554000.0,9091924000.0,,0.0,1351439000.0,,,3513531000.0,,,9199419289.0,82605000.0,-38583000.0,427970000.0,128766000.0,-78169000.0,473946000.0,-524468000.0,-104611000.0,133127000.0,0.0,96195000.0,93286000.0,93286000.0,-15151000.0,0.0,0.68,40743000.0,59417000.0,0.0,0.0,3.214,25.455,25.352,4397946000.0,2909000.0,40.31,17.99,18.026,219399000.0,73792000.0,137156000.0,137156000.0,0.0,,,,,0.0,16731000.0,1.0,228216802.0,228674000.0,233620000.0,0.6,6375808000.0,0.0,1577000.0,0.0,27.882,
62,KIM,MRQ,2005-12-31,2005-12-31,2005-12-31,2021-08-02,69046000.0,5534636000.0,,,,,10.487,-239363000.0,76273000.0,76273000.0,31820000.0,107667000.0,,1.318,2691196000.0,,,2691196000.0,0.0,27479000.0,0.0,0.04,0.66,138085000.0,165564000.0,1.379,165564000.0,138085000.0,103940000.0,0.46,0.37,0.46,2387214000.0,,2387214000.0,9578448941.0,20.0,16.01,-148898000.0,-0.654,1.0,88242000.0,0.735,0.0,34145000.0,8149559000.0,,0.0,1225135000.0,,,3147422000.0,,,7291259941.0,6333000.0,-71727000.0,12094000.0,315224000.0,-77904000.0,239226000.0,-323358000.0,1658000.0,90465000.0,0.0,107667000.0,104757000.0,104757000.0,-19569000.0,0.0,0.873,17878000.0,70364000.0,119605000.0,1.435,3.054,20.714,20.697,3820279000.0,2910000.0,32.08,14.537,14.496,197004000.0,59855000.0,120062000.0,120062000.0,0.0,,,,,0.0,17641000.0,1.0,227283664.0,227634000.0,231717000.0,0.527,5534636000.0,0.0,-3727000.0,0.0,24.314,
63,KIM,MRQ,2005-09-30,2005-09-30,2005-09-30,2021-08-02,69449000.0,5168476000.0,,,,,10.329,-76844000.0,69940000.0,69940000.0,32605000.0,85343000.0,,1.204,2357129000.0,,,2357129000.0,0.0,26671000.0,0.0,0.038,0.305,118060000.0,144731000.0,1.128,144731000.0,118060000.0,84408000.0,0.36,0.32,0.36,2344774000.0,,2344774000.0,9350426438.0,21.0,16.771,49463000.0,0.218,1.0,95706000.0,0.746,0.0,33652000.0,7455665000.0,,0.0,1123940000.0,,,2823702000.0,,,7131277438.0,22563000.0,-35870000.0,8501000.0,130911000.0,-72052000.0,55868000.0,-159612000.0,-13282000.0,126307000.0,0.0,85343000.0,82434000.0,82434000.0,-8439000.0,0.0,0.642,36683000.0,59023000.0,0.0,0.847,3.041,22.276,22.284,3552643000.0,2909000.0,31.42,14.614,14.617,209068000.0,30357000.0,128311000.0,128311000.0,0.0,,,,,0.0,14084000.0,1.0,226966182.0,227017000.0,231733000.0,0.565,5168476000.0,0.0,-935000.0,0.0,22.767,
64,KIM,MRQ,2005-06-30,2005-06-30,2005-06-30,2021-08-02,57237000.0,4989822000.0,,,,,10.217,-116604000.0,47377000.0,47377000.0,32325000.0,83837000.0,,1.157,2266526000.0,,,2266526000.0,0.0,27709000.0,0.0,0.04,0.305,116328000.0,144037000.0,1.145,144037000.0,116328000.0,86089000.0,0.36,0.32,0.36,2313575000.0,,2313575000.0,8707367054.0,20.0,16.082,-34251000.0,-0.151,1.0,93499000.0,0.743,0.0,30239000.0,7208971000.0,,0.0,1030763000.0,,,2676247000.0,,,6661956054.0,-48764000.0,-13033000.0,8695000.0,128883000.0,-71892000.0,57534000.0,-188651000.0,-30451000.0,82353000.0,0.0,83837000.0,80928000.0,80928000.0,-6284000.0,0.0,0.643,35996000.0,57503000.0,0.0,0.847,2.88,21.264,21.191,3536009000.0,2909000.0,29.455,13.879,13.895,202108000.0,22916000.0,125824000.0,125824000.0,0.0,,,,,0.0,12747000.0,1.0,226174030.0,226435000.0,230545000.0,0.556,4989822000.0,0.0,2252000.0,0.0,22.036,
65,KIM,MRQ,2005-03-31,2005-03-31,2005-03-31,2021-08-02,47705000.0,4838622000.0,,,,,10.122,25464000.0,96141000.0,96141000.0,35993000.0,86780000.0,,1.12,2141552000.0,,,2141552000.0,0.0,26183000.0,0.0,0.043,0.0,117887000.0,144070000.0,1.114,144070000.0,117887000.0,89417000.0,0.37,0.35,0.37,2282071000.0,,2282071000.0,8143560394.0,19.0,15.467,137136000.0,0.608,1.0,93321000.0,0.722,0.0,28470000.0,6884033000.0,,0.0,972077000.0,,,2556551000.0,,,6063158394.0,57921000.0,-16067000.0,19681000.0,43189000.0,-71497000.0,-9357000.0,-44394000.0,-47591000.0,111672000.0,0.0,86780000.0,83871000.0,83871000.0,-3389000.0,0.0,0.649,34268000.0,59053000.0,0.0,0.0,2.657,20.151,20.112,3418635000.0,2909000.0,26.95,12.561,12.588,198555000.0,11131000.0,129314000.0,129314000.0,0.0,,,,,0.0,12004000.0,1.0,224978048.0,225461000.0,234311000.0,0.574,4838622000.0,0.0,2637000.0,0.0,21.461,
66,KIM,MRQ,2004-12-31,2004-12-31,2004-12-31,2021-08-02,37781000.0,4749597000.0,,,,,10.035,-180738000.0,38220000.0,38220000.0,27795000.0,75807000.0,,1.124,2118622000.0,,,2118622000.0,0.0,25264000.0,0.0,0.04,0.59,99436000.0,124700000.0,1.193,124700000.0,99436000.0,74331000.0,0.32,0.28,0.32,2236400000.0,,2236400000.0,8182548893.0,20.0,16.039,-109635000.0,-0.492,1.0,76740000.0,0.734,0.0,25105000.0,6829999000.0,,0.0,907482000.0,,,2513197000.0,,,6497342893.0,-95811000.0,-98311000.0,11692000.0,261308000.0,-66774000.0,206226000.0,-373140000.0,-27178000.0,71103000.0,0.0,75807000.0,72897000.0,72897000.0,-9358000.0,0.0,0.697,26574000.0,50166000.0,97952000.0,1.844,2.905,22.758,22.652,3457580000.0,2910000.0,28.995,13.236,13.163,192899000.0,-3749000.0,104535000.0,104535000.0,0.0,,,,,0.0,11872000.0,1.0,224084942.0,222859000.0,,0.469,4749597000.0,0.0,-1476000.0,0.0,21.312,
67,KIM,MRQ,2004-09-30,2004-09-30,2004-09-30,2021-08-02,28970000.0,4377118000.0,,,,,9.941,30950000.0,134031000.0,134031000.0,30558000.0,78511000.0,,0.979,1819237000.0,,,1819237000.0,0.0,24395000.0,0.0,0.033,0.285,104227000.0,128622000.0,1.069,128622000.0,104227000.0,78487000.0,0.34,0.3,0.34,2211255000.0,,2211255000.0,7488928208.0,18.0,14.334,134186000.0,0.603,1.0,89772000.0,0.746,0.0,25740000.0,6062324000.0,,0.0,713458000.0,,,2165863000.0,,,5705302208.0,78685000.0,-1392000.0,23512000.0,42354000.0,-66302000.0,-4217000.0,-20334000.0,-19449000.0,103236000.0,0.0,78511000.0,75602000.0,75602000.0,-8298000.0,0.0,0.628,31478000.0,58294000.0,0.0,0.838,2.58,19.422,19.358,3205669000.0,2909000.0,25.65,11.316,11.316,180456000.0,-8068000.0,120330000.0,120330000.0,0.0,,,,,0.0,11034000.0,1.0,222428936.0,222428936.0,,0.541,4377118000.0,0.0,-24000.0,0.0,19.679,
68,KIM,MRQ,2004-06-30,2004-06-30,2004-06-30,2021-08-02,23601000.0,4321688000.0,,,,,9.77,208283000.0,55346000.0,55346000.0,32892000.0,71430000.0,,0.992,1838972000.0,,,1838972000.0,0.0,26221000.0,0.0,0.037,0.285,102911000.0,129132000.0,1.005,129132000.0,102911000.0,74746000.0,0.31,0.275,0.31,2170061000.0,,2170061000.0,7244655516.0,17.0,13.553,291619000.0,1.313,1.0,95643000.0,0.744,0.0,28165000.0,6105314000.0,,0.0,668817000.0,,,2151627000.0,,,5052881516.0,-341000.0,-49946000.0,5550000.0,-166794000.0,-66209000.0,-227453000.0,143776000.0,1729000.0,83336000.0,0.0,71430000.0,68521000.0,68521000.0,-6831000.0,0.0,0.533,33036000.0,62607000.0,0.0,0.919,2.328,16.472,16.308,3301593000.0,2909000.0,22.75,10.08,10.08,157833000.0,-19806000.0,128535000.0,128535000.0,0.0,,,,,0.0,10392000.0,1.0,222104682.0,222104682.0,,0.579,4321688000.0,0.0,3316000.0,0.0,19.458,
69,KIM,MRQ,2004-03-31,2004-03-31,2004-03-31,2021-08-02,22837000.0,4767141000.0,,,,,9.747,-72639000.0,55687000.0,55687000.0,35478000.0,71389000.0,,1.208,2247461000.0,,,2247461000.0,0.0,26992000.0,0.0,0.032,0.0,100720000.0,127712000.0,0.918,127712000.0,100720000.0,73492000.0,0.31,0.315,0.31,2158865000.0,,2158865000.0,7752476449.0,19.0,15.098,34862000.0,0.157,1.0,103659000.0,0.745,0.0,27228000.0,6958915000.0,,0.0,627526000.0,,,2608276000.0,,,5645816449.0,7399000.0,26769000.0,10693000.0,5073000.0,-65969000.0,-50203000.0,-49899000.0,18962000.0,107501000.0,0.0,71389000.0,68480000.0,68480000.0,2469000.0,0.0,0.492,33020000.0,70639000.0,0.0,0.0,2.615,19.634,19.311,3762166000.0,2909000.0,25.49,11.584,11.584,159570000.0,-24935000.0,139137000.0,139137000.0,0.0,,,,,0.0,10228000.0,1.0,221491426.0,221491426.0,,0.628,4767141000.0,0.0,2103000.0,0.0,21.523,
70,KIM,MRQ,2003-12-31,2003-12-31,2003-12-31,2021-08-02,16866000.0,4641092000.0,,,,,9.972,-435353000.0,48288000.0,48288000.0,28330000.0,84069000.0,,1.173,2154948000.0,,,2154948000.0,0.0,26576000.0,0.0,0.049,0.555,110425000.0,137001000.0,1.179,137001000.0,110425000.0,81899000.0,0.365,0.255,0.365,2135846000.0,,2135846000.0,6414646958.0,16.0,12.807,-364260000.0,-1.701,1.0,87857000.0,0.756,0.0,28526000.0,6747752000.0,,0.0,646156000.0,,,2505246000.0,,,4940982958.0,-58672000.0,-14635000.0,9322000.0,396925000.0,-62488000.0,339030000.0,-468795000.0,4900000.0,71093000.0,0.0,84069000.0,81159000.0,81159000.0,-24605000.0,0.0,0.699,30353000.0,57504000.0,92239000.0,1.521,2.313,17.311,16.823,3605676000.0,2910000.0,22.375,10.598,10.279,152099000.0,-30112000.0,116187000.0,116187000.0,0.0,,,,,0.0,9566000.0,1.0,220826054.0,214184000.0,,0.542,4641092000.0,0.0,-2170000.0,0.0,21.669,
71,KIM,MRQ,2003-09-30,2003-09-30,2003-09-30,2021-08-02,11085000.0,3983661000.0,,,,,9.796,78889000.0,106960000.0,106960000.0,29811000.0,91504000.0,,0.894,1580624000.0,,,1580624000.0,0.0,21912000.0,0.0,0.052,0.27,118769000.0,140681000.0,1.198,140681000.0,118769000.0,92675000.0,0.41,0.27,0.41,2102900000.0,,2102900000.0,6110821860.0,16.0,11.676,161469000.0,0.752,1.0,87598000.0,0.746,0.0,26094000.0,5457325000.0,,0.0,600596000.0,,,1880761000.0,,,4397637860.0,49011000.0,19159000.0,118122000.0,-190508000.0,-59238000.0,-131624000.0,98055000.0,16895000.0,82580000.0,0.0,91504000.0,88595000.0,88595000.0,-29654000.0,0.0,0.755,28479000.0,59119000.0,0.0,0.659,2.091,16.745,16.52,3009301000.0,2909000.0,20.485,9.753,9.753,140324000.0,-48213000.0,117409000.0,117409000.0,0.0,,,,,0.0,11232000.0,1.0,214676000.0,214676000.0,,0.547,3983661000.0,0.0,1171000.0,0.0,18.557,
72,KIM,MRQ,2003-06-30,2003-06-30,2003-06-30,2021-08-02,14478000.0,4012332000.0,,,,,9.319,-125522000.0,57949000.0,57949000.0,30264000.0,61346000.0,,1.049,1771133000.0,,,1771133000.0,0.0,20686000.0,0.0,0.056,0.27,87397000.0,108083000.0,0.943,108083000.0,87397000.0,62587000.0,0.235,0.225,0.235,1957880000.0,,1957880000.0,5615089568.0,16.0,12.046,-55377000.0,-0.264,1.0,84381000.0,0.736,0.0,24810000.0,5725516000.0,,0.0,619858000.0,,,2054452000.0,,,3981395568.0,2296000.0,-35922000.0,251693000.0,103106000.0,-63475000.0,66324000.0,-134173000.0,32110000.0,70145000.0,0.0,61346000.0,49318000.0,49318000.0,-923000.0,0.0,0.43,22000000.0,62381000.0,0.0,1.149,2.034,17.298,17.227,3091011000.0,12028000.0,18.95,9.033,9.033,129754000.0,-76774000.0,114645000.0,114645000.0,0.0,,,,,0.0,8886000.0,1.0,210100030.0,210100030.0,,0.546,4012332000.0,0.0,1241000.0,0.0,19.097,
73,KIM,MRQ,2003-03-31,2003-03-31,2003-03-31,2021-08-02,10892000.0,3895064000.0,,,,,9.215,-109492000.0,55653000.0,55653000.0,32756000.0,70961000.0,,1.02,1689347000.0,,,1689347000.0,0.0,19894000.0,0.0,0.06,0.0,95195000.0,115089000.0,0.963,115089000.0,95195000.0,72234000.0,0.315,0.27,0.315,1928692000.0,,1928692000.0,5216393534.0,15.0,11.767,-24678000.0,-0.118,1.0,86714000.0,0.726,0.0,22961000.0,5528758000.0,,0.0,622460000.0,,,1966372000.0,,,3675373534.0,19691000.0,-27870000.0,8190000.0,120510000.0,-61100000.0,67600000.0,-132723000.0,23857000.0,84814000.0,0.0,70961000.0,66352000.0,66352000.0,-8751000.0,0.0,0.555,22038000.0,64676000.0,0.0,0.0,1.906,15.488,15.471,2981492000.0,4609000.0,17.56,8.399,8.399,127207000.0,-75683000.0,119470000.0,119470000.0,0.0,,,,,0.0,8603000.0,1.0,209303732.0,209303732.0,,0.571,3895064000.0,0.0,1273000.0,0.0,18.61,
74,KIM,MRQ,2002-12-31,2002-12-31,2002-12-31,2021-08-02,7401000.0,3758350000.0,,,,,9.127,-29229000.0,35962000.0,35962000.0,25856000.0,62962000.0,,0.969,1576982000.0,,,1576982000.0,0.0,76674000.0,0.0,0.069,0.53,82835000.0,159509000.0,1.605,159509000.0,82835000.0,63092000.0,0.28,0.285,0.28,1908800000.0,,1908800000.0,4714512671.0,14.0,11.382,18945000.0,0.091,1.0,73500000.0,0.74,0.0,19743000.0,5299370000.0,,0.0,557018000.0,,,1849550000.0,,,3203814671.0,-7533000.0,-15428000.0,1647000.0,45968000.0,-58980000.0,-11365000.0,-44342000.0,32157000.0,48174000.0,0.0,62962000.0,58353000.0,58353000.0,1158000.0,0.0,0.587,18031000.0,55469000.0,94784000.0,1.893,1.678,14.099,14.055,2904601000.0,4609000.0,15.32,7.526,7.526,150508000.0,-85367000.0,99356000.0,99356000.0,0.0,,,,,0.0,8435000.0,1.0,209126284.0,209126284.0,,0.475,3758350000.0,0.0,130000.0,0.0,17.972,
75,KIM,MRQ,2002-09-30,2002-09-30,2002-09-30,2021-08-02,11764000.0,3688607000.0,,,,,9.126,-55840000.0,43495000.0,43495000.0,28586000.0,60756000.0,,0.933,1554193000.0,,,1554193000.0,0.0,0.0,0.0,0.066,0.26,83438000.0,83438000.0,0.778,83438000.0,83438000.0,61390000.0,0.27,0.26,0.27,1908068000.0,,1908068000.0,4700838806.0,14.0,11.381,30564000.0,0.146,1.0,78704000.0,0.734,0.0,22048000.0,5199305000.0,,0.0,501405000.0,,,1780539000.0,,,3251240806.0,16036000.0,-61454000.0,1508000.0,103216000.0,-58946000.0,45778000.0,-116146000.0,446000.0,86404000.0,0.0,60756000.0,56147000.0,56147000.0,-1489000.0,0.0,0.523,21382000.0,57322000.0,0.0,0.963,1.704,14.393,14.136,2807378000.0,4609000.0,15.55,7.892,7.892,190630000.0,-87230000.0,107290000.0,107290000.0,0.0,,,,,0.0,7918000.0,1.0,209083010.0,209083010.0,,0.513,3688607000.0,0.0,634000.0,0.0,17.642,
76,KIM,MRQ,2002-06-30,2002-06-30,2002-06-30,2021-08-02,12422000.0,3546527000.0,,,,,9.125,-61014000.0,27459000.0,27459000.0,30005000.0,61055000.0,,0.861,1477057000.0,,,1477057000.0,0.0,0.0,0.0,0.06,0.26,85273000.0,85273000.0,0.765,85273000.0,85273000.0,63205000.0,0.27,0.265,0.27,1905479000.0,,1905479000.0,4807628240.0,14.0,11.407,5386000.0,0.026,1.0,81464000.0,0.731,0.0,22068000.0,4996125000.0,,0.0,442176000.0,,,1641048000.0,,,3496514240.0,993000.0,-43458000.0,2709000.0,127367000.0,-58878000.0,71198000.0,-136605000.0,-5344000.0,66400000.0,0.0,61055000.0,56446000.0,56446000.0,-880000.0,0.0,0.506,18463000.0,63001000.0,0.0,0.963,1.835,15.718,15.154,2790607000.0,4609000.0,16.745,8.364,8.364,186488000.0,-89007000.0,111469000.0,111469000.0,0.0,,,,,0.0,7654000.0,1.0,208809450.0,208809450.0,,0.534,3546527000.0,0.0,2150000.0,0.0,16.985,
77,KIM,MRQ,2002-03-31,2002-03-31,2002-03-31,2021-08-02,7045000.0,3412943000.0,,,,,9.085,-19769000.0,26466000.0,26466000.0,30148000.0,60894000.0,,0.801,1337580000.0,,,1337580000.0,0.0,0.0,0.0,0.06,0.0,87707000.0,87707000.0,0.783,87707000.0,87707000.0,66244000.0,0.27,0.26,0.27,1895321000.0,,1895321000.0,4645053340.0,13.0,11.092,58184000.0,0.279,1.0,81929000.0,0.731,0.0,21463000.0,4724057000.0,,0.0,387481000.0,,,1517622000.0,,,3410821340.0,-67381000.0,-20422000.0,3525000.0,9501000.0,-58798000.0,-45772000.0,-99562000.0,5942000.0,77953000.0,0.0,60894000.0,56285000.0,56285000.0,-1107000.0,0.0,0.502,24675000.0,57254000.0,0.0,0.0,1.8,15.59,14.73,2755819000.0,4609000.0,16.35,8.039,8.039,164253000.0,-91115000.0,112077000.0,112077000.0,0.0,,,,,0.0,7527000.0,1.0,208612926.0,208612926.0,,0.537,3412943000.0,0.0,5350000.0,0.0,16.36,
78,KIM,MRQ,2001-12-31,2001-12-31,2001-12-31,2021-08-02,7310000.0,3384779000.0,,,,,9.808,-3756000.0,93847000.0,93847000.0,20594000.0,61882000.0,,0.791,1328079000.0,,,1328079000.0,0.0,74209000.0,0.0,0.06,0.5,82405000.0,156614000.0,1.93,156614000.0,82405000.0,62753000.0,0.29,0.195,0.29,1890084000.0,,1890084000.0,4445633919.0,13.0,10.797,29972000.0,0.156,1.0,60560000.0,0.746,0.0,19652000.0,4619011000.0,,0.0,363530000.0,,,1494695000.0,,,3149943919.0,60193000.0,-6960000.0,124925000.0,-1265000.0,-52746000.0,70914000.0,-44449000.0,3848000.0,33728000.0,0.0,61882000.0,57012000.0,57012000.0,-17459000.0,0.0,0.703,27645000.0,32915000.0,68323000.0,1.724,1.667,14.859,14.859,2748486000.0,4870000.0,16.345,7.3,7.3,101685000.0,-93131000.0,81154000.0,81154000.0,0.0,,,,,0.0,6853000.0,1.0,192716055.0,192716055.0,,0.421,3384779000.0,0.0,871000.0,0.0,17.564,
79,KIM,MRQ,2001-09-30,2001-09-30,2001-09-30,2021-08-02,3324000.0,3284205000.0,,,,,9.143,-48183000.0,33654000.0,33654000.0,27363000.0,59250000.0,,0.868,1329344000.0,,,1329344000.0,0.0,0.0,0.0,0.059,0.24,91855000.0,91855000.0,0.811,91855000.0,91855000.0,69771000.0,0.275,0.27,0.275,1758119000.0,,1758119000.0,4359215663.0,12.0,10.3,57485000.0,0.299,1.0,85967000.0,0.759,0.0,22084000.0,4579895000.0,,0.0,324693000.0,,,1526086000.0,,,3111781663.0,-49639000.0,-41935000.0,2009000.0,-1382000.0,-52706000.0,-52079000.0,-103228000.0,-13110000.0,105668000.0,0.0,59250000.0,52707000.0,52707000.0,-157000.0,0.0,0.465,24834000.0,61133000.0,0.0,0.873,1.77,15.385,15.239,2754423000.0,6543000.0,16.183,6.899,6.899,49857000.0,-96215000.0,113330000.0,113330000.0,0.0,,,,,0.0,7056000.0,1.0,192283110.0,192283110.0,,0.589,3284205000.0,0.0,10521000.0,0.0,17.08,
80,KIM,MRQ,2001-06-30,2001-06-30,2001-06-30,2021-08-02,2633000.0,3234911000.0,,,,,9.173,-4826000.0,83293000.0,83293000.0,28271000.0,59352000.0,,0.85,1330727000.0,,,1330727000.0,0.0,0.0,0.0,0.059,0.24,82583000.0,82583000.0,0.701,82583000.0,82583000.0,60032000.0,0.275,0.275,0.275,1748943000.0,,1748943000.0,4313715779.0,13.0,10.793,70040000.0,0.367,1.0,89464000.0,0.76,0.0,22551000.0,4482345000.0,,0.0,295739000.0,,,1485968000.0,,,3009403779.0,57930000.0,15152000.0,18369000.0,-4848000.0,-52310000.0,-38789000.0,21853000.0,11527000.0,74866000.0,0.0,59352000.0,52782000.0,52782000.0,-18000.0,0.0,0.448,21682000.0,67782000.0,0.0,0.873,1.721,15.473,15.368,2706830000.0,6570000.0,15.783,6.637,6.637,47210000.0,-102719000.0,117735000.0,117735000.0,0.0,,,,,0.0,6636000.0,1.0,190669722.0,190669722.0,,0.617,3234911000.0,0.0,680000.0,0.0,16.966,
81,KIM,MRQ,2001-03-31,2001-03-31,2001-03-31,2021-08-02,-1122000.0,3206306000.0,,,,,9.066,-5721000.0,25363000.0,25363000.0,33207000.0,56053000.0,,0.864,1329675000.0,,,1329675000.0,0.0,0.0,0.0,0.063,0.0,80765000.0,80765000.0,0.664,80765000.0,80765000.0,57990000.0,0.26,0.255,0.26,1720199000.0,,1720199000.0,4026308905.0,13.0,10.474,67461000.0,0.356,1.0,88394000.0,0.727,0.0,22775000.0,4510618000.0,,0.0,222515000.0,,,1486107000.0,,,2719742905.0,6266000.0,-29559000.0,12464000.0,4012000.0,-52023000.0,-35547000.0,-31369000.0,3911000.0,73182000.0,0.0,56053000.0,49484000.0,49484000.0,0.0,0.0,0.407,20609000.0,67785000.0,0.0,0.0,1.581,14.615,14.405,2716874000.0,6569000.0,14.333,6.036,6.036,49099000.0,-109365000.0,121601000.0,121601000.0,0.0,,,,,0.0,7791000.0,1.0,189749505.0,189749505.0,,0.641,3206306000.0,0.0,1937000.0,0.0,16.898,
82,KIM,MRQ,2000-12-31,2000-12-31,2000-12-31,2021-08-02,0.0,3171348000.0,,,,,9.01,-33816000.0,19097000.0,19097000.0,23633000.0,53858000.0,,0.861,1325663000.0,,,1325663000.0,0.0,71129000.0,0.0,0.062,0.467,96911000.0,168040000.0,1.708,168040000.0,96911000.0,73616000.0,0.252,0.188,0.252,1704339000.0,,1704339000.0,4030955948.0,14.0,10.953,10069000.0,0.053,1.0,74754000.0,0.76,0.0,23295000.0,4477914000.0,,0.0,278579000.0,,,1467009000.0,,,2786479948.0,-24693000.0,-18700000.0,103000.0,43897000.0,-49438000.0,-5796000.0,-62782000.0,-10266000.0,43885000.0,0.0,73616000.0,47288000.0,47288000.0,-11100000.0,-19758000.0,0.481,23170000.0,51584000.0,64024000.0,1.853,1.635,15.593,15.264,2722557000.0,26328000.0,14.73,6.314,6.314,44673000.0,-113110000.0,98387000.0,98387000.0,0.0,,,,,0.0,6418000.0,1.0,189170397.0,189170397.0,,0.52,3171348000.0,0.0,0.0,0.0,16.765,
83,KIM,MRQ,2000-09-30,2000-09-30,2000-09-30,2021-08-02,0.0,3145981000.0,,,,,9.253,-11944000.0,43790000.0,43790000.0,27209000.0,51512000.0,,0.851,1288266000.0,,,1288266000.0,0.0,0.0,0.0,0.047,0.22,68294000.0,68294000.0,0.59,68294000.0,68294000.0,44942000.0,0.24,0.237,0.24,1699852000.0,,1699852000.0,3885770952.0,15.0,11.747,66016000.0,0.359,1.0,88517000.0,0.765,0.0,23352000.0,4390457000.0,,0.0,198179000.0,,,1446129000.0,,,2587123952.0,25048000.0,-12566000.0,73674000.0,-43672000.0,-46967000.0,-16965000.0,-35947000.0,-11437000.0,77960000.0,0.0,44942000.0,44942000.0,44942000.0,0.0,6570000.0,0.388,24071000.0,64446000.0,0.0,0.917,1.522,14.866,14.825,2707886000.0,0.0,14.083,5.726,5.726,41603000.0,-114944000.0,115726000.0,115726000.0,0.0,,,,,0.0,6405000.0,1.0,183701109.0,183701109.0,,0.63,3145981000.0,0.0,0.0,0.0,17.126,
84,KIM,MRQ,2000-06-30,2000-06-30,2000-06-30,2021-08-02,0.0,3093885000.0,,,,,8.895,-46748000.0,18742000.0,18742000.0,28423000.0,50946000.0,,0.905,1317389000.0,,,1317389000.0,0.0,0.0,0.0,0.047,0.22,67316000.0,67316000.0,0.586,67316000.0,67316000.0,44376000.0,0.243,0.24,0.243,1624054000.0,,1624054000.0,3767873345.0,15.0,11.738,18151000.0,0.099,1.0,86444000.0,0.753,0.0,22940000.0,4392532000.0,,0.0,190640000.0,,,1469831000.0,,,2496428345.0,-19822000.0,-800000.0,3256000.0,6776000.0,-46748000.0,-39221000.0,-45500000.0,2048000.0,64899000.0,0.0,44376000.0,44376000.0,44376000.0,0.0,6570000.0,0.386,22745000.0,63699000.0,0.0,0.905,1.537,14.853,14.814,2712682000.0,0.0,13.673,5.646,5.646,37099000.0,-117018000.0,114867000.0,114867000.0,0.0,,,,,0.0,6440000.0,1.0,182576427.0,182576427.0,,0.629,3093885000.0,0.0,0.0,0.0,16.946,
85,KIM,MRQ,2000-03-31,2000-03-31,2000-03-31,2021-08-02,0.0,3074206000.0,,,,,8.814,-37992000.0,38564000.0,38564000.0,28243000.0,48709000.0,,0.912,1310009000.0,,,1310009000.0,0.0,0.0,0.0,0.05,0.0,64375000.0,64375000.0,0.573,64375000.0,64375000.0,42091000.0,0.23,0.23,0.23,1607605000.0,,1607605000.0,3501329738.0,14.0,11.308,25810000.0,0.142,1.0,84113000.0,0.749,0.0,22284000.0,4345651000.0,,0.0,192335000.0,,,1466601000.0,,,2279834738.0,10488000.0,-2466000.0,137000.0,40689000.0,-46743000.0,-5917000.0,-47397000.0,-6939000.0,63802000.0,0.0,42091000.0,42091000.0,42091000.0,0.0,6618000.0,0.375,22992000.0,61121000.0,0.0,0.0,1.418,14.291,14.253,2672129000.0,0.0,12.5,5.261,5.261,39689000.0,-120998000.0,112356000.0,112356000.0,0.0,,,,,0.0,6221000.0,1.0,182386779.0,182386779.0,,0.616,3074206000.0,0.0,0.0,0.0,16.855,
86,KIM,MRQ,1999-12-31,1999-12-31,1999-12-31,2021-08-02,0.0,3007476000.0,,,,,8.812,-98574000.0,28076000.0,28076000.0,27122000.0,49235000.0,,0.873,1249571000.0,,,1249571000.0,0.0,67416000.0,0.0,0.073,0.42,63391000.0,130807000.0,1.201,130807000.0,63391000.0,42617000.0,0.237,0.23,0.237,1605435000.0,,1605435000.0,3165461679.0,14.0,10.504,-41195000.0,-0.226,1.0,81766000.0,0.751,0.0,20774000.0,4228971000.0,,0.0,195479000.0,,,1402041000.0,,,2057549679.0,-4856000.0,15083000.0,-2011000.0,85527000.0,-43051000.0,40465000.0,-102700000.0,-4198000.0,57379000.0,0.0,42617000.0,42617000.0,42617000.0,0.0,6618000.0,0.391,20937000.0,60829000.0,64954000.0,1.772,1.282,13.69,13.606,2627312000.0,0.0,11.293,4.742,4.742,31689000.0,-122959000.0,108888000.0,108888000.0,0.0,,,,,0.0,6032000.0,1.0,182191530.0,182191530.0,,0.598,3007476000.0,0.0,0.0,0.0,16.507,
87,KIM,MRQ,1999-09-30,1999-09-30,1999-09-30,2021-08-02,0.0,2913658000.0,,,,,8.812,-29347000.0,32932000.0,32932000.0,27555000.0,45614000.0,,0.815,1140844000.0,,,1140844000.0,0.0,0.0,0.0,0.051,0.2,58502000.0,58502000.0,0.552,58502000.0,58502000.0,38996000.0,0.213,0.213,0.213,1604956000.0,,1604956000.0,3248234453.0,15.0,11.824,35581000.0,0.195,1.0,78489000.0,0.74,0.0,19506000.0,4021570000.0,,0.0,186728000.0,,,1308702000.0,,,2170514453.0,611000.0,-436000.0,1303000.0,6672000.0,-43030000.0,-35055000.0,-29262000.0,46000.0,64928000.0,0.0,38996000.0,38996000.0,38996000.0,0.0,6618000.0,0.368,22244000.0,56245000.0,0.0,0.939,1.352,15.663,15.476,2538998000.0,0.0,11.917,5.01,5.01,36898000.0,-125450000.0,106044000.0,106044000.0,0.0,,,,,0.0,5950000.0,1.0,182141073.0,182141073.0,,0.582,2913658000.0,0.0,0.0,0.0,15.997,
88,KIM,MRQ,1999-06-30,1999-06-30,1999-06-30,2021-08-02,0.0,2848516000.0,,,,,8.783,-42629000.0,32321000.0,32321000.0,27042000.0,42441000.0,,0.797,1110041000.0,,,1110041000.0,0.0,0.0,0.0,0.043,0.2,55948000.0,55948000.0,0.527,55948000.0,55948000.0,35820000.0,0.197,0.197,0.197,1585424000.0,,1585424000.0,3732881124.0,18.0,14.404,12512000.0,0.069,1.0,79030000.0,0.745,0.0,20128000.0,3926236000.0,,0.0,187998000.0,,,1263092000.0,,,2391709124.0,-8515000.0,57453000.0,2647000.0,-43352000.0,-42730000.0,-83435000.0,19779000.0,-935000.0,55141000.0,0.0,35820000.0,35820000.0,35820000.0,0.0,6621000.0,0.338,22676000.0,56354000.0,0.0,1.015,1.509,19.454,19.12,2485007000.0,0.0,13.25,5.624,5.624,33262000.0,-128014000.0,106072000.0,106072000.0,0.0,,,,,0.0,5882000.0,1.0,180506349.0,180506349.0,,0.588,2848516000.0,0.0,0.0,0.0,15.781,
89,KIM,MRQ,1999-03-31,1999-03-31,1999-03-31,2021-08-02,0.0,3147430000.0,,,,,8.772,-97099000.0,40836000.0,40836000.0,30095000.0,39488000.0,,0.988,1382008000.0,,,1382008000.0,0.0,0.0,0.0,0.043,0.0,56105000.0,56105000.0,0.497,56105000.0,56105000.0,32867000.0,0.183,0.18,0.183,1583366000.0,,1583366000.0,3464665057.0,19.0,14.554,-37394000.0,-0.207,1.0,82781000.0,0.733,0.0,23238000.0,4488602000.0,,0.0,79317000.0,,,1564064000.0,,,2219024717.0,-3084000.0,0.0,1589000.0,69555000.0,-40897000.0,30247000.0,-93036000.0,4063000.0,59705000.0,0.0,32867000.0,32867000.0,32867000.0,0.0,6621000.0,0.291,23839000.0,58942000.0,0.0,0.0,1.401,20.246,18.431,2865253000.0,0.0,12.293,5.711,5.711,36185000.0,-127425000.0,112876000.0,112876000.0,0.0,,,,,0.0,5968000.0,1.0,180506349.0,180506349.0,,0.625,3147430000.0,0.0,0.0,0.0,17.437,
90,KIM,MRQ,1998-12-31,1998-12-31,1998-12-31,2021-08-02,0.0,3051178000.0,,,,,9.153,-117485000.0,43920000.0,43920000.0,27550000.0,37997000.0,,0.925,1289561000.0,,,1289561000.0,0.0,51348000.0,0.0,0.052,0.207,52819000.0,104167000.0,0.962,104167000.0,52819000.0,30894000.0,0.177,0.173,0.177,1585019000.0,,1585019000.0,3392331077.0,21.0,15.862,-83964000.0,-0.485,1.0,80710000.0,0.746,0.0,21925000.0,4296819000.0,,0.0,79435000.0,,,1466159000.0,,,2290955619.0,13139000.0,7419000.0,96465000.0,128942000.0,-38523000.0,114560000.0,-134942000.0,841000.0,33521000.0,0.0,30894000.0,30894000.0,30894000.0,0.0,7103000.0,0.285,23004000.0,57706000.0,66179000.0,1.169,1.445,23.47,20.354,2767952000.0,0.0,13.23,6.762,6.762,31821000.0,-124183000.0,108260000.0,108260000.0,0.0,,,,,0.0,6089000.0,1.0,173163690.0,173163690.0,,0.625,3051178000.0,0.0,0.0,0.0,17.62,
91,KIM,MRQ,1998-09-30,1998-09-30,1998-09-30,2021-08-02,0.0,2874586574.0,,,,,9.151,-299619000.0,30780884.0,30780884.0,25947000.0,31255000.0,,0.843,1132156342.0,,,1132156342.0,0.0,0.0,0.0,0.051,0.16,42934000.0,42934000.0,0.438,42934000.0,42934000.0,23358000.0,0.137,0.163,0.137,1559862861.0,,1559862861.0,3055584747.0,22.0,18.168,-244759000.0,-1.436,1.0,72138000.0,0.735,0.0,19576000.0,3975962032.0,,0.0,74350803.0,,,1314723713.0,,,2159020008.0,-3141000.0,-2651000.0,78657000.0,196818000.0,-27376000.0,248099000.0,-306100000.0,-3830000.0,54860000.0,0.0,23358000.0,23358000.0,23358000.0,0.0,7897000.0,0.238,21032000.0,51106000.0,0.0,1.168,1.384,25.206,19.885,2650747449.0,0.0,12.667,7.492,7.492,24117472.0,-117874213.0,98085000.0,98085000.0,0.0,,,,,0.0,5489000.0,1.0,170448948.0,170448948.0,,0.575,2874586574.0,0.0,0.0,0.0,16.865,
92,KIM,MRQ,1998-06-30,1998-06-30,1998-06-30,2021-08-02,0.0,2528786937.0,,,,,11.596,-65645000.0,33921947.0,33921947.0,19223000.0,27530000.0,,0.702,930486686.0,,,930486686.0,0.0,0.0,0.0,0.046,0.16,34858000.0,34858000.0,0.503,34858000.0,34858000.0,22486000.0,0.17,0.167,0.17,1485793495.0,,1485793495.0,2368197024.0,20.0,15.739,-30356000.0,-0.237,1.0,50118000.0,0.723,0.0,12372000.0,3425351676.0,,0.0,15220823.0,,,1042993442.0,,,1751131566.0,-455000.0,-16418000.0,107219000.0,-36973000.0,-24010000.0,46236000.0,-81980000.0,83000.0,35289000.0,0.0,22486000.0,22486000.0,22486000.0,0.0,5044000.0,0.324,13815000.0,36303000.0,0.0,0.941,1.179,22.356,21.123,2311122932.0,0.0,13.667,7.269,7.269,24806498.0,-113286460.0,69341000.0,69341000.0,0.0,,,,,0.0,3824000.0,1.0,128131578.0,128131578.0,,0.541,2528786937.0,0.0,0.0,0.0,19.736,
93,KIM,MRQ,1998-03-31,1998-03-31,1998-03-31,2021-08-02,0.0,1471117604.0,,,,,6.147,-101230000.0,34377395.0,34377395.0,18565000.0,25484000.0,,0.974,651442853.0,,,651442853.0,0.0,0.0,0.0,0.051,0.16,31913000.0,31913000.0,0.506,31913000.0,31913000.0,20874000.0,0.173,0.17,0.173,745333044.0,,745333044.0,1930581937.0,18.0,13.907,-66194000.0,-0.546,1.0,44547000.0,0.706,0.0,11039000.0,2088183062.0,,0.0,15539477.0,,,725784560.0,,,1429946207.0,3399000.0,-1269000.0,540000.0,99029000.0,-23999000.0,75570000.0,-107207000.0,-2727000.0,35036000.0,0.0,20874000.0,20874000.0,20874000.0,0.0,4610000.0,0.331,12081000.0,32466000.0,0.0,0.925,1.919,19.784,18.809,1311322749.0,0.0,11.793,6.594,6.594,18304186.0,-114168822.0,63112000.0,63112000.0,0.0,,,,,0.0,3181000.0,1.0,121250385.0,121250385.0,,0.521,1471117604.0,0.0,0.0,0.0,12.133,
94,KIM,MRQ,1997-12-31,1997-12-31,1997-12-31,2021-08-02,0.0,1343890124.0,,,,,6.13,-87707656.0,30978178.0,30978178.0,16747119.0,23545760.0,,0.808,531613908.0,,,531613908.0,0.0,30053000.0,0.0,0.05,0.16,28429473.0,58482473.0,1.015,58482473.0,28429473.0,18937035.0,0.157,0.153,0.157,743319211.0,,743319211.0,,,,-62787278.0,-0.518,1.0,40887704.0,0.709,0.0,9492438.0,1844525854.0,,0.0,25732183.0,,,600570913.0,,,1424692024.0,-91667743.0,2934068.0,89219.0,-757246.0,-21977395.0,-22645422.0,-93942699.0,-9169111.0,24920378.0,0.0,18937035.0,18937035.0,18937035.0,0.0,4608725.0,0.329,11440242.0,29447462.0,34288409.0,1.019,1.917,21.138,19.583,1196788068.0,0.0,11.75,7.162,7.162,16203454.0,-115642791.0,57634823.0,57634823.0,0.0,,,,,0.0,3124842.0,1.0,121250385.0,121250385.0,,0.475,1343890124.0,0.0,0.0,0.0,11.084,
95,KIM,MRQ,1997-09-30,1997-09-30,1997-09-30,2021-08-02,,,,,,,,-92720851.0,,,13615576.0,20641084.0,,,,,,,,0.0,,0.049,0.143,25213180.0,25213180.0,0.496,25213180.0,25213180.0,16031659.0,0.147,0.143,0.147,,,,,,,-48896238.0,,1.0,37207043.0,0.732,,9181521.0,,,,,,,,,,,99714541.0,-6000000.0,136153382.0,39650305.0,-20220310.0,155583377.0,-99693449.0,-972598.0,43824613.0,0.0,16031659.0,16031659.0,16031659.0,0.0,4609425.0,0.315,10768020.0,26439023.0,,0.973,,,,,0.0,11.627,,,,,50822619.0,50822619.0,0.0,,,,,0.0,2991139.0,1.0,,,,,,,0.0,,,
96,KIM,MRQ,1997-06-30,1997-06-30,1997-06-30,2021-08-02,,,,,,,,-64029701.0,,,11341338.0,21044883.0,,,,,,,,0.0,,0.053,0.143,23210895.0,23210895.0,0.513,23210895.0,23210895.0,16435458.0,0.15,0.15,0.15,,,,,,,-37607678.0,,1.0,33934903.0,0.75,,6775437.0,,,,,,,,,,,-3555154.0,-6943068.0,1404999.0,59800038.0,-20189351.0,41015686.0,-70992863.0,-20094.0,26422023.0,0.0,16435458.0,16435458.0,16435458.0,0.0,4609425.0,0.363,9841799.0,24093104.0,,0.953,,,,,0.0,10.583,,,,,45276241.0,45276241.0,0.0,,,,,0.0,2780328.0,1.0,,,,,,,0.0,,,
97,KIM,MRQ,1997-03-31,1997-03-31,1997-03-31,2021-08-02,,,,,,,,-15217792.0,,,11708967.0,20604273.0,,,,,,,,0.0,,0.05,0.143,22290452.0,22290452.0,0.493,22290452.0,22290452.0,15994848.0,0.147,0.147,0.147,,,,,,,14722194.0,,1.0,33486350.0,0.741,,6295604.0,,,,,,,,,,,-10938644.0,0.0,450400.0,-4961097.0,-20173944.0,-24684641.0,-16193989.0,-976197.0,29939986.0,0.0,15994848.0,15994848.0,15994848.0,0.0,4609425.0,0.354,9653939.0,23832411.0,,0.973,,,,,0.0,10.833,,,,,45195317.0,45195317.0,0.0,,,,,0.0,2754691.0,1.0,,,,,,,0.0,,,
98,KIM,MRQ,1996-12-31,1996-12-31,1996-12-31,2021-08-02,0.0,1023032561.0,,,,,,,37425206.0,37425206.0,,,,0.689,364654939.0,,,364654939.0,0.0,,0.0,0.046,0.143,,,,,,,,,,605770969.0,,605770969.0,,,,,,1.0,,,0.0,,1350262294.0,,0.0,34137543.0,,,417261592.0,,,,,,,,,,,,,,,,,,,,,,21983886.0,,,,21.651,891503339.0,,11.627,,,13986138.0,-115093138.0,,,,,,,,,,1.0,,,,,1023032561.0,0.0,,0.0,,
0,KIM,MRT,2021-06-30,2021-06-30,2021-06-30,2021-08-02,0.0,11558922000.0,11599328750.0,,,0.095,13.242,-119441000.0,230062000.0,230062000.0,355604000.0,422913000.0,,1.011,5309997000.0,,,5309997000.0,0.0,293448000.0,0.0,0.029,0.6,608303000.0,901751000.0,0.819,901751000.0,608303000.0,420946000.0,0.91,0.9,0.91,5707269000.0,5613396000.0,5707269000.0,14221086362.0,23.0,15.771,526696000.0,1.222,1.0,744953000.0,0.677,0.0,187357000.0,16638857000.0,16735229250.0,0.0,1528955000.0,,,5770923000.0,,,9037624362.0,28375000.0,-30582000.0,-7255000.0,-126832000.0,-285250000.0,-442010000.0,-175752000.0,-25729000.0,646137000.0,0.0,417479000.0,392063000.0,392063000.0,0.0,5434000.0,0.356,369532000.0,375421000.0,0.0,0.659,1.584,23.051,22.912,9369138000.0,25416000.0,20.85,8.212,8.165,200121000.0,-68265000.0,1100557000.0,1100557000.0,0.0,0.034,0.07,0.036,0.553,24474000.0,98928000.0,1.0,433459202.0,431011000.0,432489000.0,2.553,11558922000.0,0.0,3467000.0,0.0,26.818,
1,KIM,MRT,2021-03-31,2021-03-31,2021-03-31,2021-08-02,0.0,11699703000.0,11599590750.0,,,0.091,13.154,-243075000.0,253852000.0,253852000.0,346565000.0,1053913000.0,,1.051,5437314000.0,,,5437314000.0,0.0,294434000.0,0.0,0.038,0.71,1239478000.0,1533912000.0,1.46,1533912000.0,1239478000.0,1050918000.0,2.37,2.36,2.37,5663313000.0,5575706500.0,5663313000.0,13267157625.0,11.0,8.649,339960000.0,0.79,1.0,703892000.0,0.67,0.0,188560000.0,16883165000.0,16775271250.0,0.0,1478217000.0,,,5953384000.0,,,8108246625.0,-197944000.0,-9934000.0,-9086000.0,-365975000.0,-332658000.0,-730335000.0,-50644000.0,202365000.0,583035000.0,0.0,1048675000.0,1023259000.0,1023259000.0,0.0,5238000.0,0.974,382120000.0,321772000.0,0.0,0.3,1.432,7.924,7.911,9517144000.0,25416000.0,18.75,7.719,7.685,200655000.0,-104909000.0,1050457000.0,1050457000.0,0.0,0.088,0.184,0.074,1.18,24237000.0,96678000.0,1.0,432439820.0,430524000.0,432264000.0,2.44,11699703000.0,0.0,2243000.0,0.0,27.175,
2,KIM,MRT,2020-12-31,2020-12-31,2020-12-31,2021-08-02,0.0,11614498000.0,11500948500.0,,,0.092,13.043,-225735000.0,293188000.0,293188000.0,342969000.0,1002877000.0,,1.057,5452099000.0,,,5452099000.0,0.0,288955000.0,0.0,0.036,0.54,1188715000.0,1477670000.0,1.397,1477670000.0,1188715000.0,1001811000.0,2.26,2.25,2.26,5608044000.0,5362276000.0,5608044000.0,11613098917.0,10.0,7.859,364178000.0,0.847,1.0,714924000.0,0.676,0.0,186904000.0,16773409000.0,16717834750.0,0.0,1414788000.0,,,5928460000.0,,,6491804917.0,169241000.0,-12866000.0,981000.0,40268000.0,-379874000.0,-387399000.0,-33273000.0,202878000.0,589913000.0,0.0,1000833000.0,975417000.0,975417000.0,0.0,2044000.0,0.922,382312000.0,332612000.0,0.0,0.239,1.158,6.655,6.642,9454082000.0,25416000.0,15.01,6.137,6.1,219248000.0,-162812000.0,1057893000.0,1057893000.0,0.0,0.085,0.182,0.071,1.124,23685000.0,93217000.0,1.0,432498662.0,429950000.0,431633000.0,2.461,11614498000.0,0.0,978000.0,0.0,27.014,
3,KIM,MRT,2020-09-30,2020-09-30,2020-09-30,2021-08-02,0.0,11524192000.0,11346790750.0,,,0.096,12.733,-142979000.0,324977000.0,324977000.0,342111000.0,911121000.0,,1.09,5446271000.0,,,5446271000.0,0.0,283099000.0,0.0,0.059,0.66,1096537000.0,1379636000.0,1.272,1379636000.0,1096537000.0,909763000.0,2.02,2.02,2.02,5474958000.0,5176488000.0,5474958000.0,10109045919.0,9.0,7.327,424132000.0,0.986,1.0,742471000.0,0.685,0.0,186774000.0,16645486000.0,16595082000.0,0.0,1266611000.0,,,5968822000.0,,,4869990919.0,183667000.0,-9225000.0,196329000.0,52187000.0,-434605000.0,-467710000.0,84266000.0,233020000.0,567111000.0,0.0,909018000.0,873349000.0,873349000.0,0.0,2103000.0,0.805,353545000.0,388926000.0,0.0,0.327,0.89,5.576,5.574,9474016000.0,35669000.0,11.26,4.49,4.464,239864000.0,-288491000.0,1084582000.0,1084582000.0,0.0,0.077,0.169,0.066,1.011,23378000.0,96962000.0,1.0,432503634.0,429994000.0,429994000.0,2.522,11524192000.0,0.0,745000.0,0.0,26.801,
4,KIM,MRT,2020-06-30,2020-06-30,2020-06-30,2021-08-02,0.0,11559970000.0,11237025500.0,,,0.099,12.923,-157570000.0,201687000.0,201687000.0,336210000.0,1034003000.0,,1.066,5440742000.0,,,5440742000.0,0.0,280269000.0,0.0,0.065,0.84,1210871000.0,1491140000.0,1.346,1491140000.0,1210871000.0,1027893000.0,2.26,2.26,2.26,5556511000.0,5033218750.0,5556511000.0,10901911252.0,9.0,7.311,349976000.0,0.814,1.0,771451000.0,0.696,0.0,182978000.0,16799025000.0,16520728000.0,0.0,1394951000.0,,,5923653000.0,,,5553626252.0,87696000.0,-3072000.0,197869000.0,448805000.0,-521055000.0,-496545000.0,76695000.0,232887000.0,507546000.0,0.0,1031402000.0,977145000.0,977145000.0,0.0,2601000.0,0.882,355939000.0,415512000.0,0.0,0.372,0.999,5.684,5.681,9499154000.0,54257000.0,12.84,5.014,4.984,250150000.0,-200492000.0,1107661000.0,1107661000.0,0.0,0.087,0.194,0.073,1.093,21398000.0,91999000.0,1.0,432525409.0,429967000.0,431170000.0,2.576,11559970000.0,0.0,-3509000.0,0.0,26.886,
5,KIM,MRT,2020-03-31,2020-03-31,2020-03-31,2021-08-02,0.0,11305134000.0,11107258750.0,,,0.104,11.192,-181137000.0,451796000.0,451796000.0,338911000.0,387272000.0,,1.334,5800081000.0,,,5800081000.0,0.0,275715000.0,0.0,0.087,0.84,559692000.0,835407000.0,0.724,835407000.0,559692000.0,380632000.0,0.75,0.75,0.75,4809591000.0,4967566500.0,4809591000.0,9460239596.0,17.0,11.324,402482000.0,0.937,1.0,814707000.0,0.706,0.0,179060000.0,16653419000.0,16302383500.0,0.0,763984000.0,,,6414722000.0,,,4175708596.0,308123000.0,-5634000.0,199163000.0,846898000.0,-526299000.0,-104064000.0,-171432000.0,9889000.0,583619000.0,0.0,384536000.0,322099000.0,322099000.0,0.0,2736000.0,0.279,355915000.0,458792000.0,0.0,1.12,0.868,12.964,12.893,9507946000.0,62437000.0,9.67,3.62,3.602,220215000.0,-942031000.0,1153618000.0,1153618000.0,0.0,0.029,0.065,0.034,0.485,20628000.0,92128000.0,1.0,431820951.0,429735000.0,430505000.0,2.684,11305134000.0,0.0,-3904000.0,0.0,26.307,
6,KIM,MRT,2019-12-31,2019-12-31,2019-12-31,2021-08-02,0.0,10997867000.0,11048525250.0,,,0.105,11.573,-121339000.0,123947000.0,123947000.0,336951000.0,413561000.0,,1.244,5408478000.0,,,5408478000.0,0.0,277879000.0,0.0,0.054,1.12,584683000.0,862562000.0,0.744,862562000.0,584683000.0,407288000.0,0.8,0.8,0.8,4864892000.0,5095138000.0,4864892000.0,14007374386.0,24.0,16.239,462289000.0,1.1,1.0,821933000.0,0.709,0.0,177395000.0,16282398000.0,16112132250.0,0.0,781871000.0,,,6051017000.0,,,8744435386.0,-19634000.0,-12762000.0,204012000.0,444084000.0,-531565000.0,-482841000.0,-120421000.0,9680000.0,583628000.0,0.0,410605000.0,339988000.0,339988000.0,0.0,2956000.0,0.293,344346000.0,477587000.0,170082000.0,1.4,1.797,25.72,25.887,9528348000.0,70617000.0,20.71,7.546,7.512,218689000.0,-904679000.0,1158884000.0,1158884000.0,0.0,0.031,0.067,0.036,0.505,20200000.0,96942000.0,1.0,422232515.0,420370000.0,421799000.0,2.757,10997867000.0,0.0,-3317000.0,0.0,26.162,
7,KIM,MRT,2019-09-30,2019-09-30,2019-09-30,2021-08-02,0.0,11085131000.0,11048833500.0,,,0.104,11.676,-150498000.0,141310000.0,141310000.0,327000000.0,391465000.0,,1.242,5404249000.0,,,5404249000.0,0.0,283706000.0,0.0,0.054,1.12,562869000.0,846575000.0,0.738,846575000.0,562869000.0,388350000.0,0.74,0.75,0.74,4901881000.0,5212366000.0,4901881000.0,13698137837.0,24.0,16.181,453566000.0,1.08,1.0,819955000.0,0.715,0.0,174519000.0,16348070000.0,15973880500.0,0.0,780142000.0,,,6086967000.0,,,8813393837.0,-5076000.0,-12744000.0,3455000.0,425721000.0,-533804000.0,-470723000.0,-138417000.0,19103000.0,604064000.0,0.0,389347000.0,320803000.0,320803000.0,0.0,2118000.0,0.28,367532000.0,452423000.0,0.0,1.514,1.798,27.473,28.216,9571309000.0,68544000.0,20.88,7.684,7.643,191436000.0,-883741000.0,1146955000.0,1146955000.0,0.0,0.029,0.062,0.035,0.491,18791000.0,92318000.0,1.0,422097406.0,419823000.0,421002000.0,2.732,11085131000.0,0.0,-997000.0,0.0,26.404,
8,KIM,MRT,2019-06-30,2019-06-30,2019-06-30,2021-08-02,0.0,11040903000.0,11054931000.0,,,0.104,12.614,-88788000.0,113991000.0,113991000.0,326716000.0,406737000.0,,1.067,4998735000.0,,,4998735000.0,0.0,289804000.0,0.0,0.061,1.12,583523000.0,873327000.0,0.761,873327000.0,583523000.0,408069000.0,0.79,0.8,0.79,5293902000.0,5331458250.0,5293902000.0,12621521313.0,22.0,14.452,510691000.0,1.217,1.0,820448000.0,0.715,0.0,175454000.0,15925647000.0,15849515250.0,0.0,776817000.0,,,5649752000.0,,,7799307313.0,-191586000.0,-19974000.0,2372000.0,-167474000.0,-530271000.0,-716040000.0,-75025000.0,22015000.0,599479000.0,0.0,405515000.0,347379000.0,347379000.0,0.0,1222000.0,0.303,337037000.0,483411000.0,0.0,1.418,1.473,22.452,23.392,9568996000.0,58136000.0,18.48,6.799,6.761,182369000.0,-835934000.0,1147164000.0,1147164000.0,0.0,0.031,0.065,0.037,0.509,18082000.0,89834000.0,1.0,422040439.0,419697000.0,420646000.0,2.733,11040903000.0,0.0,2554000.0,0.0,26.307,
9,KIM,MRT,2019-03-31,2019-03-31,2019-03-31,2021-08-02,0.0,11070200000.0,11117651000.0,,,0.104,12.683,130922000.0,143673000.0,143673000.0,324911000.0,471159000.0,,1.062,4965887000.0,,,4965887000.0,0.0,300559000.0,0.0,0.061,1.12,649843000.0,950402000.0,0.822,950402000.0,649843000.0,472052000.0,0.95,0.96,0.95,5319877000.0,5360785250.0,5319877000.0,12525931482.0,19.0,13.18,731837000.0,1.745,1.0,830783000.0,0.719,0.0,177791000.0,15892414000.0,15881834000.0,0.0,768808000.0,,,5649658000.0,,,7795640482.0,-74640000.0,-11208000.0,-49608000.0,-234940000.0,-532036000.0,-834232000.0,158677000.0,21741000.0,600915000.0,0.0,469874000.0,411738000.0,411738000.0,0.0,1285000.0,0.356,275183000.0,555600000.0,0.0,1.179,1.465,18.933,19.474,9601834000.0,58136000.0,18.5,6.745,6.715,183650000.0,-804241000.0,1155694000.0,1155694000.0,0.0,0.037,0.077,0.041,0.562,18516000.0,91230000.0,1.0,421385972.0,419464000.0,420763000.0,2.755,11070200000.0,0.0,2178000.0,0.0,26.391,
10,KIM,MRT,2018-12-31,2018-12-31,2018-12-31,2021-08-02,0.0,10999100000.0,11193226500.0,,,0.104,12.68,217870000.0,143581000.0,143581000.0,328559000.0,498463000.0,,1.043,4873872000.0,,,4873872000.0,0.0,310380000.0,0.0,0.076,1.12,682734000.0,993114000.0,0.853,993114000.0,682734000.0,499395000.0,1.02,1.02,1.02,5333804000.0,5386957500.0,5333804000.0,10914470618.0,16.0,10.99,855806000.0,2.035,1.0,836203000.0,0.718,0.0,183339000.0,15729391000.0,15971608250.0,0.0,763045000.0,,,5564365000.0,,,6173382618.0,-94932000.0,-2658000.0,-41421000.0,-394256000.0,-529756000.0,-986513000.0,253645000.0,22211000.0,637936000.0,0.0,497795000.0,439604000.0,439604000.0,0.0,668000.0,0.377,253797000.0,582406000.0,174903000.0,1.098,1.157,14.043,14.363,9491903000.0,58191000.0,14.65,5.3,5.291,184528000.0,-787707000.0,1164762000.0,1164762000.0,0.0,0.039,0.082,0.043,0.586,18221000.0,87797000.0,1.0,421391305.0,420641000.0,421379000.0,2.769,10999100000.0,0.0,1600000.0,0.0,26.148,
11,KIM,MRT,2018-09-30,2018-09-30,2018-09-30,2021-08-02,0.0,11109521000.0,11384383000.0,,,0.105,12.829,170570000.0,146386000.0,146386000.0,336416000.0,495082000.0,,1.047,4887474000.0,,,4887474000.0,0.0,321138000.0,0.0,0.066,1.11,687475000.0,1008613000.0,0.843,1008613000.0,687475000.0,494891000.0,1.02,1.02,1.02,5378250000.0,5402067500.0,5378250000.0,11817075572.0,17.0,11.716,807266000.0,1.926,1.0,859370000.0,0.719,0.0,192584000.0,15850609000.0,16290295500.0,0.0,783792000.0,,,5633350000.0,,,7053936572.0,-10202000.0,21690000.0,180671000.0,-497952000.0,-522222000.0,-861645000.0,214747000.0,8987000.0,636696000.0,0.0,494530000.0,439442000.0,439442000.0,0.0,552000.0,0.367,215792000.0,643578000.0,0.0,1.088,1.312,16.052,16.412,9583668000.0,55088000.0,16.74,5.899,5.869,212662000.0,-743346000.0,1195786000.0,1195786000.0,0.0,0.039,0.081,0.042,0.575,18182000.0,95747000.0,1.0,421382113.0,419230000.0,419764000.0,2.852,11109521000.0,0.0,361000.0,0.0,26.5,
12,KIM,MRT,2018-06-30,2018-06-30,2018-06-30,2021-08-02,72000.0,11291783000.0,11532563000.0,,,0.105,12.861,38731000.0,305577000.0,305577000.0,337976000.0,516573000.0,,1.069,5068716000.0,,,5068716000.0,0.0,334609000.0,0.0,0.065,1.1,711142000.0,1045751000.0,0.866,1045751000.0,711142000.0,515381000.0,1.07,1.07,1.07,5411210000.0,5360838000.0,5411210000.0,12098013142.0,17.0,11.569,704864000.0,1.675,1.0,869575000.0,0.72,0.0,195761000.0,16054922000.0,16601874250.0,0.0,769614000.0,,,5786654000.0,,,7219004142.0,162478000.0,28399000.0,397991000.0,-141801000.0,-518090000.0,-584969000.0,81314000.0,7684000.0,666133000.0,0.0,515402000.0,455775000.0,455775000.0,0.0,1171000.0,0.377,256608000.0,612967000.0,0.0,1.028,1.334,15.839,15.879,9656704000.0,59627000.0,16.99,5.978,5.92,211578000.0,-710981000.0,1207551000.0,1207551000.0,0.0,0.04,0.085,0.043,0.589,18211000.0,95922000.0,1.0,424897242.0,420731000.0,421928000.0,2.87,11291783000.0,0.0,-21000.0,0.0,26.838,
13,KIM,MRT,2018-03-31,2018-03-31,2018-03-31,2021-08-02,-66000.0,11372502000.0,11599197250.0,,,0.104,12.812,-201825000.0,218313000.0,218313000.0,340850000.0,505438000.0,,1.079,5097322000.0,,,5097322000.0,0.0,350119000.0,0.0,0.076,1.09,688514000.0,1038633000.0,0.857,1038633000.0,688514000.0,493097000.0,1.02,1.02,1.02,5424566000.0,5315866250.0,5424566000.0,11366973531.0,17.0,10.944,447583000.0,1.057,1.0,870474000.0,0.719,0.0,195417000.0,16251511000.0,16789494000.0,0.0,775600000.0,,,5853954000.0,,,6126559531.0,50859000.0,57853000.0,449253000.0,-49402000.0,-510098000.0,-449070000.0,-149479000.0,-5507000.0,649408000.0,0.0,493432000.0,436784000.0,436784000.0,0.0,12006000.0,0.361,371185000.0,499289000.0,0.0,1.069,1.129,14.027,14.118,9828581000.0,56648000.0,14.4,5.058,5.033,205909000.0,-743845000.0,1211324000.0,1211324000.0,0.0,0.038,0.082,0.041,0.568,17114000.0,91858000.0,1.0,425455523.0,423404000.0,424521000.0,2.861,11372502000.0,0.0,-335000.0,0.0,26.86,
14,KIM,MRT,2017-12-31,2017-12-31,2017-12-31,2021-08-02,-1480000.0,11763726000.0,11568176500.0,,,0.104,12.734,-349600000.0,238513000.0,238513000.0,337893000.0,439671000.0,,1.154,5478927000.0,,,5478927000.0,0.0,360811000.0,0.0,0.06,1.09,617151000.0,977962000.0,0.814,977962000.0,617151000.0,425195000.0,0.87,0.87,0.87,5394244000.0,5262558500.0,5394244000.0,13120292373.0,21.0,13.416,264581000.0,0.625,1.0,862941000.0,0.719,0.0,191956000.0,17004140000.0,16778078250.0,0.0,714710000.0,,,6225436000.0,,,7725609373.0,96027000.0,60591000.0,440946000.0,187465000.0,-506172000.0,-223874000.0,-294280000.0,-5271000.0,614181000.0,0.0,426075000.0,372461000.0,372461000.0,0.0,13596000.0,0.31,431924000.0,431017000.0,185702000.0,1.253,1.432,20.742,20.862,10220393000.0,53614000.0,18.15,6.434,6.403,211595000.0,-761337000.0,1200834000.0,1200834000.0,0.0,0.032,0.071,0.037,0.514,21563000.0,91690000.0,1.0,425653409.0,423614000.0,424019000.0,2.835,11763726000.0,0.0,-880000.0,0.0,27.77,
15,KIM,MRT,2017-09-30,2017-09-30,2017-09-30,2021-08-02,-1727000.0,11702241000.0,11434895000.0,,,0.103,12.305,-354113000.0,156588000.0,156588000.0,361648000.0,435791000.0,,1.204,5551271000.0,,,5551271000.0,0.0,366671000.0,0.0,0.054,1.065,605416000.0,972087000.0,0.822,972087000.0,605416000.0,422519000.0,0.86,0.86,0.86,5213332000.0,5228032250.0,5213332000.0,13568271212.0,22.0,13.958,287273000.0,0.678,1.0,820987000.0,0.694,0.0,182897000.0,17096924000.0,16565663750.0,0.0,737351000.0,,,6277958000.0,,,8321190212.0,-13957000.0,-192000.0,219336000.0,354282000.0,-501115000.0,-294211000.0,-361132000.0,-6827000.0,641386000.0,0.0,419452000.0,365714000.0,365714000.0,0.0,16339000.0,0.309,490777000.0,330210000.0,0.0,1.238,1.596,22.753,22.733,10132918000.0,53738000.0,19.55,7.036,7.004,204550000.0,-715621000.0,1182635000.0,1182635000.0,0.0,0.032,0.07,0.037,0.512,21615000.0,60674000.0,1.0,425636328.0,423688000.0,424311000.0,2.791,11702241000.0,0.0,3067000.0,0.0,27.62,
16,KIM,MRT,2017-06-30,2017-06-30,2017-06-30,2021-08-02,6073000.0,11558320000.0,11310860250.0,,,0.104,12.348,-318176000.0,143099000.0,143099000.0,353280000.0,272027000.0,,1.154,5390180000.0,,,5390180000.0,0.0,375055000.0,0.0,0.057,1.05,502258000.0,877313000.0,0.748,877313000.0,502258000.0,320067000.0,0.49,0.49,0.49,5231323000.0,5250063500.0,5231323000.0,12768199736.0,25.0,14.554,358107000.0,0.845,1.0,819586000.0,0.699,0.0,182191000.0,16805401000.0,16300332250.0,0.0,731182000.0,,,6036656000.0,,,7810770736.0,-194716000.0,32279000.0,151855000.0,-131369000.0,-491380000.0,-577590000.0,-293409000.0,-7512000.0,676283000.0,0.0,254877000.0,208657000.0,208657000.0,0.0,17150000.0,0.178,513141000.0,306445000.0,0.0,2.143,1.493,37.434,37.449,9961993000.0,46220000.0,18.35,6.66,6.628,199402000.0,-709671000.0,1172866000.0,1172866000.0,0.0,0.018,0.04,0.031,0.428,21294000.0,67134000.0,1.0,425655081.0,423650000.0,424944000.0,2.768,11558320000.0,0.0,65190000.0,0.0,27.283,
17,KIM,MRT,2017-03-31,2017-03-31,2017-03-31,2021-08-02,6485000.0,11248419000.0,11269388250.0,,,0.104,12.309,-249530000.0,167454000.0,167454000.0,340807000.0,322199000.0,,1.111,5124883000.0,,,5124883000.0,0.0,362538000.0,0.0,0.047,1.035,567428000.0,929966000.0,0.797,929966000.0,567428000.0,380848000.0,0.64,0.64,0.64,5211335000.0,5270764500.0,5211335000.0,14326027052.0,25.0,15.405,362662000.0,0.857,1.0,826371000.0,0.708,0.0,186580000.0,16205848000.0,16159840500.0,0.0,720854000.0,,,5791842000.0,,,9402145052.0,-54546000.0,211249000.0,196545000.0,-255440000.0,-483330000.0,-638944000.0,-27794000.0,10487000.0,612192000.0,0.0,314870000.0,268650000.0,268650000.0,0.0,7329000.0,0.23,532170000.0,294201000.0,0.0,1.617,1.804,34.998,34.516,9736901000.0,46220000.0,22.09,8.055,8.013,198639000.0,-726610000.0,1167178000.0,1167178000.0,0.0,0.024,0.051,0.035,0.486,20825000.0,77097000.0,1.0,425629020.0,423381000.0,424146000.0,2.757,11248419000.0,0.0,65978000.0,0.0,26.568,
18,KIM,MRT,2016-12-31,2016-12-31,2016-12-31,2021-08-02,5766000.0,11230600000.0,11269623750.0,,,0.104,12.562,-161875000.0,142486000.0,142486000.0,329024000.0,386138000.0,,1.092,5066368000.0,,,5066368000.0,0.0,355320000.0,0.0,0.041,1.035,649982000.0,1005302000.0,0.859,1005302000.0,649982000.0,457433000.0,0.79,0.79,0.79,5256139000.0,5263585500.0,5256139000.0,15523146839.0,24.0,15.441,430221000.0,1.028,1.0,841768000.0,0.719,0.0,192549000.0,16154482000.0,16155834250.0,0.0,721456000.0,,,5740773000.0,,,10693650839.0,-47048000.0,315580000.0,307395000.0,-553930000.0,-474045000.0,-804527000.0,165383000.0,11678000.0,592096000.0,0.0,378850000.0,332630000.0,332630000.0,0.0,7288000.0,0.284,540945000.0,300823000.0,145751000.0,1.31,2.035,32.149,31.848,9729783000.0,46220000.0,25.16,9.134,8.991,205020000.0,-676867000.0,1170792000.0,1170792000.0,0.0,0.03,0.063,0.04,0.555,19071000.0,86796000.0,1.0,425025868.0,418402000.0,419709000.0,2.798,11230600000.0,0.0,78583000.0,0.0,26.842,
19,KIM,MRT,2016-09-30,2016-09-30,2016-09-30,2021-08-02,6145000.0,11206102000.0,11298016500.0,,,0.104,12.62,-29368000.0,170545000.0,170545000.0,297335000.0,684163000.0,,1.073,5000041000.0,,,5000041000.0,0.0,350531000.0,0.0,0.026,0.765,1007001000.0,1357532000.0,1.156,1357532000.0,1007001000.0,801367000.0,1.51,1.5,1.51,5301457000.0,5211125750.0,5301457000.0,17011495502.0,17.0,12.531,446217000.0,1.062,1.0,877301000.0,0.747,0.0,205634000.0,16035598000.0,16249950500.0,0.0,691493000.0,,,5687284000.0,,,12160493502.0,-10368000.0,719766000.0,309950000.0,-795425000.0,-469200000.0,-1221044000.0,735091000.0,44693000.0,475585000.0,0.0,679778000.0,625932000.0,625932000.0,-15000.0,4385000.0,0.533,565888000.0,311413000.0,0.0,0.507,2.294,19.428,19.172,9682085000.0,53846000.0,28.95,10.353,10.353,195011000.0,-628826000.0,1174636000.0,1174636000.0,0.0,0.055,0.12,0.062,0.857,18445000.0,123253000.0,1.0,420051589.0,420073000.0,420073000.0,2.796,11206102000.0,0.0,121589000.0,0.0,26.677,
20,KIM,MRT,2016-06-30,2016-06-30,2016-06-30,2021-08-02,7150000.0,11392432000.0,11349987000.0,,,0.104,12.721,39763000.0,337815000.0,337815000.0,298713000.0,806795000.0,,1.103,5188817000.0,,,5188817000.0,0.0,357412000.0,0.0,0.024,0.75,1077015000.0,1434427000.0,1.218,1434427000.0,1077015000.0,863902000.0,1.79,1.78,1.79,5314127000.0,5117690000.0,5314127000.0,18109046679.0,17.0,12.625,463316000.0,1.109,1.0,879229000.0,0.746,0.0,213113000.0,16243434000.0,16423965250.0,0.0,730336000.0,,,5860973000.0,,,13168584679.0,191983000.0,721950000.0,161749000.0,-529537000.0,-464268000.0,-1043765000.0,812195000.0,50482000.0,423553000.0,0.0,800895000.0,744031000.0,744031000.0,-15000.0,5900000.0,0.632,568909000.0,310320000.0,0.0,0.419,2.478,17.699,17.531,9465294000.0,56864000.0,31.38,11.179,11.129,196517000.0,-465348000.0,1177942000.0,1177942000.0,0.0,0.066,0.145,0.066,0.914,17863000.0,122580000.0,1.0,419648970.0,417748000.0,419302000.0,2.82,11392432000.0,0.0,63007000.0,0.0,27.271,
21,KIM,MRT,2016-03-31,2016-03-31,2016-03-31,2021-08-02,7496000.0,11249361000.0,11368705000.0,,,0.104,12.56,85082000.0,222000000.0,222000000.0,302792000.0,729558000.0,,1.128,5162462000.0,,,5162462000.0,0.0,354814000.0,0.0,0.026,0.735,1002875000.0,1357689000.0,1.15,1357689000.0,1002875000.0,784111000.0,1.6,1.59,1.6,5182619000.0,5032554750.0,5182619000.0,17093366464.0,17.0,12.59,552649000.0,1.339,1.0,877723000.0,0.744,0.0,218764000.0,16189823000.0,16577917750.0,0.0,925574000.0,,,5845299000.0,,,11906590464.0,1023000.0,517376000.0,119861000.0,-644964000.0,-459463000.0,-1223167000.0,756623000.0,154165000.0,467567000.0,0.0,724486000.0,664604000.0,664604000.0,-15000.0,5072000.0,0.563,528858000.0,348865000.0,0.0,0.459,2.297,17.915,17.988,9346355000.0,59882000.0,28.78,10.086,10.06,198005000.0,-550103000.0,1180515000.0,1180515000.0,0.0,0.058,0.132,0.06,0.85,17948000.0,121959000.0,1.0,413710579.0,412630000.0,414145000.0,2.861,11249361000.0,0.0,59625000.0,0.0,27.263,
22,KIM,MRT,2015-12-31,2015-12-31,2015-12-31,2021-08-02,5588000.0,11344171000.0,11489836750.0,,,0.102,12.269,-424279000.0,189534000.0,189534000.0,304477000.0,900143000.0,,1.204,5376310000.0,,,5376310000.0,0.0,344527000.0,0.0,0.037,0.975,1173236000.0,1517763000.0,1.301,1517763000.0,1173236000.0,954345000.0,2.01,2.0,2.01,5046300000.0,4990193500.0,5046300000.0,16253863564.0,14.0,10.709,69422000.0,0.169,1.0,862292000.0,0.739,0.0,218891000.0,16530947000.0,16839002500.0,0.0,965960000.0,,,6075511000.0,,,10936190564.0,2212000.0,464949000.0,18708000.0,65771000.0,-455833000.0,-512854000.0,21365000.0,-19305000.0,493701000.0,0.0,894115000.0,831215000.0,831215000.0,75000.0,6028000.0,0.712,518720000.0,343572000.0,150059000.0,0.485,2.167,13.157,13.164,9453489000.0,62900000.0,26.46,9.373,9.328,199076000.0,-572335000.0,1166769000.0,1166769000.0,0.0,0.072,0.167,0.07,1.006,18465000.0,122735000.0,1.0,413310301.0,411319000.0,412851000.0,2.837,11344171000.0,0.0,60230000.0,0.0,27.58,
23,KIM,MRT,2015-09-30,2015-09-30,2015-09-30,2021-08-02,-14744000.0,11413984000.0,11219144000.0,,,0.101,11.975,-296654000.0,180913000.0,180913000.0,294843000.0,572193000.0,,1.265,5498586000.0,,,5498586000.0,0.0,331611000.0,0.0,0.039,0.945,799935000.0,1131546000.0,1.001,1131546000.0,799935000.0,587373000.0,1.23,1.27,1.23,4927714000.0,4922314750.0,4927714000.0,15484838286.0,19.0,13.685,285326000.0,0.693,1.0,835569000.0,0.739,0.0,212562000.0,16731657000.0,16373777750.0,0.0,1060092000.0,,,6231587000.0,,,10092898286.0,26723000.0,135532000.0,23354000.0,72956000.0,-447869000.0,-288572000.0,-266685000.0,-55563000.0,581980000.0,0.0,567695000.0,509402000.0,509402000.0,23771000.0,4498000.0,0.451,493637000.0,341932000.0,0.0,0.768,2.048,19.813,19.862,9414247000.0,58293000.0,24.43,8.929,8.893,198965000.0,-832746000.0,1130412000.0,1130412000.0,0.0,0.045,0.103,0.049,0.708,18726000.0,116998000.0,1.0,413135419.0,411487000.0,412686000.0,2.747,11413984000.0,0.0,19678000.0,0.0,27.738,
24,KIM,MRT,2015-06-30,2015-06-30,2015-06-30,2021-08-02,-1906000.0,11467304000.0,10938950750.0,,,0.1,12.092,-191239000.0,145832000.0,145832000.0,286034000.0,688418000.0,,1.255,5537772000.0,,,5537772000.0,0.0,298521000.0,0.0,0.041,0.93,916673000.0,1215194000.0,1.107,1215194000.0,916673000.0,706917000.0,1.52,1.33,1.52,4973586000.0,4868505000.0,4973586000.0,14803717920.0,16.0,12.182,398002000.0,0.968,1.0,811230000.0,0.739,0.0,209756000.0,16859244000.0,15899948000.0,0.0,1145276000.0,,,6240324000.0,,,9303443920.0,-46351000.0,120203000.0,25010000.0,-102286000.0,-441197000.0,-454795000.0,-180797000.0,-59761000.0,589241000.0,0.0,684831000.0,626538000.0,626538000.0,-68087000.0,3587000.0,0.571,453895000.0,357335000.0,0.0,0.612,1.871,14.849,14.829,9426682000.0,58293000.0,22.54,8.479,8.449,200758000.0,-796571000.0,1097264000.0,1097264000.0,0.0,0.057,0.129,0.058,0.835,18817000.0,118320000.0,1.0,412752614.0,411317000.0,413086000.0,2.668,11467304000.0,0.0,22086000.0,0.0,27.879,
25,KIM,MRT,2015-03-31,2015-03-31,2015-03-31,2021-08-02,50956000.0,11733888000.0,10619717750.0,,,0.099,12.214,-406709000.0,220977000.0,220977000.0,273414000.0,652759000.0,,1.284,5721251000.0,,,5721251000.0,0.0,285996000.0,0.0,0.034,0.915,880092000.0,1166088000.0,1.111,1166088000.0,880092000.0,673997000.0,1.43,1.33,1.43,5013174000.0,4781765500.0,5013174000.0,15510694172.0,18.0,13.301,204211000.0,0.498,1.0,775747000.0,0.739,0.0,206095000.0,17234162000.0,15367277000.0,0.0,1239680000.0,,,6435429000.0,,,11077718172.0,-47934000.0,146291000.0,30829000.0,129500000.0,-434511000.0,-183929000.0,-474925000.0,-164507000.0,610920000.0,0.0,647343000.0,589050000.0,589050000.0,-30659000.0,5416000.0,0.561,446134000.0,329613000.0,0.0,0.64,2.21,18.806,18.776,9491884000.0,58293000.0,26.85,10.559,10.504,251785000.0,-809849000.0,1049161000.0,1049161000.0,0.0,0.055,0.123,0.057,0.839,18134000.0,117786000.0,1.0,412577958.0,410433000.0,415396000.0,2.556,11733888000.0,0.0,26654000.0,0.0,28.589,
26,KIM,MRT,2014-12-31,2014-12-31,2014-12-31,2021-08-02,45122000.0,10261400000.0,10144670000.0,,,0.098,11.672,35349000.0,187322000.0,187322000.0,258617000.0,435880000.0,,1.103,4595970000.0,,,4595970000.0,0.0,273093000.0,0.0,0.036,0.915,650198000.0,923291000.0,0.929,923291000.0,650198000.0,446439000.0,0.89,0.77,0.89,4774785000.0,4682774750.0,4774785000.0,14886351852.0,23.0,16.123,664692000.0,1.625,1.0,735280000.0,0.74,0.0,203759000.0,14670048000.0,14545019500.0,0.0,1393610000.0,,,5268155000.0,,,10343224852.0,38554000.0,128745000.0,23874000.0,-300300000.0,-427873000.0,-717494000.0,126705000.0,12611000.0,629343000.0,0.0,424001000.0,365707000.0,365707000.0,-50985000.0,11879000.0,0.368,424965000.0,310315000.0,129509000.0,1.028,2.166,28.283,28.247,8062820000.0,58294000.0,25.14,10.407,10.348,246399000.0,-1006578000.0,993897000.0,993897000.0,0.0,0.036,0.078,0.045,0.654,17879000.0,122201000.0,1.0,411425014.0,409088000.0,411038000.0,2.43,10261400000.0,0.0,22438000.0,0.0,25.084,
27,KIM,MRT,2014-09-30,2014-09-30,2014-09-30,2021-08-02,-68620000.0,10293211000.0,9995227500.0,,,0.093,11.513,-235733000.0,154190000.0,154190000.0,243942000.0,445504000.0,,1.139,4697317000.0,,,4697317000.0,0.0,266349000.0,0.0,0.04,0.885,657379000.0,923728000.0,0.989,923728000.0,657379000.0,453606000.0,0.91,0.82,0.91,4712475000.0,4647182750.0,4712475000.0,13544426779.0,21.0,14.663,310466000.0,0.758,1.0,690527000.0,0.739,0.0,203773000.0,14836338000.0,14311573250.0,0.0,1432731000.0,,,5366101000.0,,,9006238779.0,-247540000.0,108114000.0,17254000.0,-302951000.0,-421349000.0,-723595000.0,-70144000.0,57475000.0,546199000.0,0.0,432829000.0,374536000.0,374536000.0,-33796000.0,12675000.0,0.401,345099000.0,345428000.0,0.0,0.973,1.911,24.046,24.077,7963001000.0,58293000.0,21.91,9.638,9.597,183882000.0,-945949000.0,934469000.0,934469000.0,0.0,0.037,0.081,0.046,0.703,33362000.0,125848000.0,1.0,411056083.0,409326000.0,411101000.0,2.283,10293211000.0,0.0,20777000.0,0.0,25.147,
28,KIM,MRT,2014-06-30,2014-06-30,2014-06-30,2021-08-02,-59592000.0,10190372000.0,9910194500.0,,,0.091,11.315,-244979000.0,192183000.0,192183000.0,233590000.0,305383000.0,,1.156,4730371000.0,,,4730371000.0,0.0,260109000.0,0.0,0.038,0.87,539669000.0,799778000.0,0.888,799778000.0,539669000.0,333172000.0,0.57,0.69,0.57,4626628000.0,4643460750.0,4626628000.0,13546880156.0,25.0,16.938,385625000.0,0.943,1.0,667108000.0,0.741,0.0,206497000.0,14728560000.0,14085489000.0,0.0,1467960000.0,,,5350290000.0,,,9435445156.0,35733000.0,155441000.0,14604000.0,-174477000.0,-414889000.0,-592579000.0,-2292000.0,87698000.0,630604000.0,0.0,293884000.0,235591000.0,235591000.0,52004000.0,11499000.0,0.262,395358000.0,271750000.0,0.0,1.526,2.039,40.05,40.316,7832657000.0,58293000.0,22.98,10.476,10.433,185615000.0,-1033535000.0,900698000.0,900698000.0,0.0,0.024,0.051,0.038,0.599,30113000.0,128044000.0,1.0,410593784.0,408902000.0,413344000.0,2.203,10190372000.0,0.0,39288000.0,0.0,24.921,
29,KIM,MRT,2014-03-31,2014-03-31,2014-03-31,2021-08-02,-76870000.0,9833697000.0,9859719250.0,,,0.089,11.307,-56076000.0,268911000.0,268911000.0,228479000.0,266705000.0,,1.083,4380346000.0,,,4380346000.0,0.0,256748000.0,0.0,0.039,0.855,490701000.0,747449000.0,0.848,747449000.0,490701000.0,281655000.0,0.48,0.58,0.48,4617211000.0,4667372000.0,4617211000.0,13038460245.0,27.0,17.444,545587000.0,1.336,1.0,653380000.0,0.741,0.0,209046000.0,13945132000.0,13977547750.0,0.0,1528320000.0,,,5000048000.0,,,8965827245.0,102017000.0,198478000.0,27741000.0,-305711000.0,-409372000.0,-727652000.0,228006000.0,92016000.0,601663000.0,0.0,255511000.0,197218000.0,197218000.0,41983000.0,11194000.0,0.224,394941000.0,258439000.0,0.0,1.781,1.942,45.462,45.583,7389029000.0,58293000.0,21.88,10.167,10.132,182003000.0,-1015995000.0,881859000.0,881859000.0,0.0,0.02,0.042,0.035,0.556,27036000.0,130590000.0,1.0,409772726.0,408367000.0,409444000.0,2.159,9833697000.0,0.0,26144000.0,0.0,24.081,
30,KIM,MRT,2013-12-31,2013-12-31,2013-12-31,2021-08-02,-64982000.0,9663630000.0,9916753750.0,,,0.087,11.364,-76311000.0,148768000.0,148768000.0,221498000.0,241353000.0,,1.038,4221401000.0,,,4221401000.0,0.0,257855000.0,0.0,0.043,0.855,481175000.0,739030000.0,0.858,739030000.0,481175000.0,268935000.0,0.43,0.53,0.43,4632417000.0,4710003000.0,4632417000.0,12070304181.0,25.0,16.333,493724000.0,1.211,1.0,640029000.0,0.743,0.0,212240000.0,13736263000.0,14077768250.0,0.0,1594417000.0,,,4807951000.0,,,8091382181.0,6893000.0,143611000.0,30210000.0,-227106000.0,-400354000.0,-635377000.0,72235000.0,16404000.0,570035000.0,0.0,236281000.0,177987000.0,177987000.0,48533000.0,5072000.0,0.207,390563000.0,249466000.0,124290000.0,1.988,1.747,45.461,45.93,7244663000.0,58294000.0,19.75,9.392,9.345,194569000.0,-996058000.0,861527000.0,861527000.0,0.0,0.018,0.038,0.034,0.559,18897000.0,127470000.0,1.0,409690237.0,407631000.0,408614000.0,2.113,9663630000.0,0.0,32654000.0,0.0,23.707,
31,KIM,MRT,2013-09-30,2013-09-30,2013-09-30,2021-08-02,-44128000.0,9953079000.0,9938654750.0,,,0.081,11.512,28192000.0,401730000.0,401730000.0,208138000.0,272623000.0,,1.07,4380652000.0,,,4380652000.0,0.0,256198000.0,0.0,0.041,0.82,508183000.0,764381000.0,0.95,764381000.0,508183000.0,292207000.0,0.46,0.3,0.46,4697587000.0,4743188750.0,4697587000.0,12574848141.0,25.0,16.451,633497000.0,1.552,1.0,596401000.0,0.741,0.0,215976000.0,13932001000.0,14094871500.0,0.0,1685204000.0,,,5027024000.0,,,8266524141.0,-27799000.0,111359000.0,200688000.0,-74515000.0,-397384000.0,-782440000.0,149336000.0,21652000.0,605305000.0,0.0,263053000.0,190184000.0,190184000.0,-68002000.0,9570000.0,0.236,433545000.0,162856000.0,0.0,1.783,1.76,43.466,43.87,7183567000.0,72869000.0,20.18,10.275,10.235,205834000.0,-950905000.0,804539000.0,804539000.0,0.0,0.019,0.04,0.036,0.632,17907000.0,124534000.0,1.0,409639452.0,408060000.0,408866000.0,1.972,9953079000.0,0.0,29154000.0,0.0,24.391,
32,KIM,MRT,2013-06-30,2013-06-30,2013-06-30,2021-08-02,-61798000.0,9988471000.0,9979379000.0,,,0.081,11.584,-65492000.0,156450000.0,156450000.0,210326000.0,272519000.0,,1.067,4464774000.0,,,4464774000.0,0.0,258593000.0,0.0,0.037,0.8,491636000.0,750229000.0,0.931,750229000.0,491636000.0,273142000.0,0.43,0.25,0.43,4722273000.0,4836971250.0,4722273000.0,13043787014.0,27.0,17.386,403658000.0,0.99,1.0,595613000.0,0.739,0.0,218494000.0,14296795000.0,14088030750.0,0.0,1779470000.0,,,5036704000.0,,,8759608014.0,-227279000.0,64473000.0,428292000.0,-19779000.0,-397579000.0,-692860000.0,-3569000.0,24463000.0,469150000.0,0.0,262231000.0,176100000.0,176100000.0,-75304000.0,10288000.0,0.219,378654000.0,216959000.0,0.0,1.86,1.855,49.742,49.837,7381101000.0,86131000.0,21.43,10.869,10.839,234486000.0,-906070000.0,805939000.0,805939000.0,0.0,0.018,0.036,0.035,0.61,17907000.0,123586000.0,1.0,408754457.0,407640000.0,408831000.0,1.977,9988471000.0,0.0,10911000.0,0.0,24.503,
33,KIM,MRT,2013-03-31,2013-03-31,2013-03-31,2021-08-02,-27678000.0,10061835000.0,9989779000.0,,,0.081,11.773,-124044000.0,166894000.0,166894000.0,209901000.0,291634000.0,,1.048,4451073000.0,,,4451073000.0,0.0,260630000.0,0.0,0.035,0.78,526873000.0,787503000.0,0.978,787503000.0,526873000.0,306621000.0,0.46,0.23,0.46,4787735000.0,4910055000.0,4787735000.0,13190035424.0,25.0,16.749,348021000.0,0.856,1.0,595438000.0,0.739,0.0,220252000.0,14346014000.0,13973321500.0,0.0,1853108000.0,,,5019723000.0,,,9136593424.0,-75406000.0,-54401000.0,405668000.0,296331000.0,-388308000.0,-367353000.0,-180118000.0,19405000.0,472065000.0,0.0,280204000.0,187805000.0,187805000.0,-95683000.0,11430000.0,0.233,354086000.0,241352000.0,0.0,1.696,1.908,48.649,48.696,7404470000.0,92399000.0,22.4,11.345,11.311,236871000.0,-856620000.0,805339000.0,805339000.0,0.0,0.019,0.038,0.038,0.654,17907000.0,123175000.0,1.0,407883635.0,406662000.0,407666000.0,1.98,10061835000.0,0.0,26417000.0,0.0,24.743,
34,KIM,MRT,2012-12-31,2012-12-31,2012-12-31,2021-08-02,-66182000.0,9751234000.0,9930961500.0,,,0.08,11.737,-105417000.0,141875000.0,141875000.0,206974000.0,280275000.0,,0.994,4195317000.0,,,4195317000.0,0.0,262742000.0,0.0,0.04,0.78,505412000.0,768154000.0,0.968,768154000.0,505412000.0,281676000.0,0.42,0.19,0.42,4765160000.0,4984911750.0,4765160000.0,11663939635.0,23.0,15.184,373637000.0,0.92,1.0,586399000.0,0.739,0.0,223736000.0,13804676000.0,13761273750.0,0.0,1782253000.0,,,4737678000.0,,,7875277635.0,28993000.0,-32029000.0,765801000.0,-102687000.0,-382722000.0,-399061000.0,-51000000.0,102467000.0,479054000.0,0.0,266073000.0,172673000.0,172673000.0,-97974000.0,14202000.0,0.218,353483000.0,232916000.0,111881000.0,1.857,1.653,45.608,46.0,7201825000.0,93400000.0,19.32,9.926,9.887,242244000.0,-824008000.0,793373000.0,793373000.0,0.0,0.017,0.035,0.037,0.637,17907000.0,123524000.0,1.0,407623066.0,405997000.0,406689000.0,1.954,9751234000.0,0.0,15603000.0,0.0,24.018,
35,KIM,MRT,2012-09-30,2012-09-30,2012-09-30,2021-08-02,-56785000.0,10115976000.0,9900343500.0,,,0.085,12.5,-224829000.0,429529000.0,429529000.0,214331000.0,238778000.0,,0.942,4218191000.0,,,4218191000.0,0.0,260291000.0,0.0,0.037,0.75,474090000.0,734381000.0,0.874,734381000.0,474090000.0,248421000.0,0.36,0.28,0.36,5072717000.0,4965218250.0,5072717000.0,12056857816.0,25.0,16.418,263459000.0,0.649,1.0,626250000.0,0.745,0.0,225669000.0,13904638000.0,13717671000.0,0.0,1795529000.0,,,4777738000.0,,,8248970816.0,249331000.0,-85447000.0,593839000.0,-12999000.0,-373182000.0,-8598000.0,-230359000.0,95540000.0,488288000.0,0.0,224088000.0,144997000.0,144997000.0,-38126000.0,14690000.0,0.172,366955000.0,259295000.0,0.0,2.083,1.626,56.891,56.306,7210319000.0,79091000.0,20.27,9.813,9.786,236746000.0,-813097000.0,840581000.0,840581000.0,0.0,0.015,0.029,0.035,0.564,69000.0,123573000.0,1.0,406954653.0,405810000.0,406747000.0,2.071,10115976000.0,0.0,24333000.0,0.0,24.928,
36,KIM,MRT,2012-06-30,2012-06-30,2012-06-30,2021-08-02,-99889000.0,10030071000.0,9766487250.0,,,0.085,12.365,-276556000.0,383729000.0,383729000.0,215502000.0,240287000.0,,0.943,4191616000.0,,,4191616000.0,0.0,254044000.0,0.0,0.029,0.56,472706000.0,726750000.0,0.875,726750000.0,472706000.0,247384000.0,0.39,0.32,0.39,5014608000.0,4884654250.0,5014608000.0,11415102559.0,24.0,15.707,231654000.0,0.571,1.0,615241000.0,0.741,0.0,225322000.0,13837958000.0,13587915500.0,0.0,1810802000.0,,,4729923000.0,,,7743844559.0,239662000.0,-103646000.0,364642000.0,43619000.0,-360491000.0,10706000.0,-279254000.0,100973000.0,508210000.0,0.0,224128000.0,158031000.0,158031000.0,-34690000.0,16159000.0,0.19,364086000.0,251155000.0,0.0,1.436,1.544,49.002,48.795,7217673000.0,66097000.0,19.03,9.322,9.29,227637000.0,-771282000.0,830743000.0,830743000.0,0.0,0.016,0.032,0.035,0.569,69000.0,124539000.0,1.0,406928248.0,405560000.0,406476000.0,2.048,10030071000.0,0.0,23256000.0,0.0,24.731,
37,KIM,MRT,2012-03-31,2012-03-31,2012-03-31,2021-08-02,-55397000.0,9826565000.0,9685139500.0,,,0.085,12.522,-211564000.0,242300000.0,242300000.0,216653000.0,209215000.0,,0.874,3913558000.0,,,3913558000.0,0.0,249692000.0,0.0,0.029,0.55,443466000.0,693158000.0,0.841,693158000.0,443466000.0,219319000.0,0.33,0.24,0.33,5087162000.0,4854323750.0,5087162000.0,11839909796.0,27.0,17.081,279081000.0,0.687,1.0,607645000.0,0.737,0.0,224147000.0,13497823000.0,13513671500.0,0.0,1788601000.0,,,4447917000.0,,,7838406796.0,94262000.0,-71259000.0,365715000.0,-375411000.0,-356421000.0,-396392000.0,9000.0,282832000.0,490645000.0,0.0,193725000.0,133628000.0,133628000.0,-40734000.0,15490000.0,0.162,363268000.0,244377000.0,0.0,1.667,1.541,58.658,58.364,7151977000.0,60097000.0,19.26,9.509,9.493,240520000.0,-742248000.0,824298000.0,824298000.0,0.0,0.014,0.028,0.033,0.538,37000.0,123243000.0,1.0,406978546.0,406272000.0,407279000.0,2.029,9826565000.0,0.0,25594000.0,0.0,24.187,
38,KIM,MRT,2011-12-31,2011-12-31,2011-12-31,2021-08-02,-107660000.0,9628762000.0,9702287750.0,,,0.084,11.528,-201054000.0,112882000.0,112882000.0,220836000.0,182090000.0,,0.993,4114385000.0,,,4114385000.0,0.0,251139000.0,0.0,0.045,0.73,416518000.0,667657000.0,0.82,667657000.0,416518000.0,194840000.0,0.27,0.18,0.27,4686386000.0,4808213000.0,4686386000.0,10413801342.0,25.0,15.598,247559000.0,0.609,1.0,593641000.0,0.729,0.0,221678000.0,13630265000.0,13613519000.0,0.0,1781885000.0,,,4653545000.0,,,6608736342.0,-12272000.0,-108166000.0,534000.0,-48735000.0,-353764000.0,-440125000.0,-20760000.0,288460000.0,448613000.0,0.0,169051000.0,109688000.0,109688000.0,-40566000.0,13039000.0,0.135,355861000.0,237780000.0,125544000.0,2.704,1.41,60.25,60.148,7078167000.0,59363000.0,16.24,8.114,8.106,267025000.0,-702999000.0,814477000.0,814477000.0,0.0,0.011,0.023,0.031,0.511,0.0,118559000.0,1.0,406941893.0,406530000.0,407669000.0,2.003,9628762000.0,0.0,25789000.0,0.0,23.685,
39,KIM,MRT,2011-09-30,2011-09-30,2011-09-30,2021-08-02,-86080000.0,9580551000.0,9753566000.0,,,0.088,11.684,-190626000.0,180198000.0,180198000.0,225800000.0,178606000.0,,0.955,3985263000.0,,,3985263000.0,0.0,251415000.0,0.0,0.047,0.7,392327000.0,643742000.0,0.749,643742000.0,392327000.0,173520000.0,0.24,0.14,0.24,4750461000.0,4870577000.0,4750461000.0,9953257001.0,25.0,15.462,299020000.0,0.735,1.0,634064000.0,0.737,0.0,218807000.0,13385616000.0,13647879750.0,0.0,1772155000.0,,,4538655000.0,,,6116955001.0,22082000.0,-59851000.0,7571000.0,-142138000.0,-342446000.0,-510926000.0,43362000.0,293846000.0,489646000.0,0.0,159742000.0,100378000.0,100378000.0,-46929000.0,18864000.0,0.117,398907000.0,235157000.0,0.0,2.917,1.288,60.939,62.625,7009752000.0,59364000.0,15.03,7.114,7.107,229166000.0,-657237000.0,859864000.0,859864000.0,0.0,0.01,0.021,0.029,0.456,-165000.0,116241000.0,1.0,406983034.0,406564000.0,407292000.0,2.115,9580551000.0,0.0,13778000.0,0.0,23.565,
40,KIM,MRT,2011-06-30,2011-06-30,2011-06-30,2021-08-02,27989000.0,9704680000.0,9812055250.0,,,0.087,12.036,-128681000.0,144067000.0,144067000.0,227563000.0,153002000.0,,0.919,3980369000.0,,,3980369000.0,0.0,252752000.0,0.0,0.028,0.52,367530000.0,620282000.0,0.726,620282000.0,367530000.0,147137000.0,0.18,0.11,0.18,4893286000.0,4918543750.0,4893286000.0,11587226230.0,32.0,18.681,337355000.0,0.83,1.0,626507000.0,0.734,0.0,220393000.0,13540982000.0,13724943000.0,0.0,1881436000.0,,,4497976000.0,,,7585171230.0,8784000.0,-73132000.0,178820000.0,-320603000.0,-331106000.0,-503756000.0,46504000.0,248449000.0,466036000.0,0.0,135094000.0,77709000.0,77709000.0,-38178000.0,17908000.0,0.091,392599000.0,233908000.0,0.0,2.889,1.55,97.61,103.556,7051582000.0,57385000.0,18.64,8.881,8.873,243591000.0,-624129000.0,854070000.0,854070000.0,0.0,0.008,0.016,0.027,0.43,-172000.0,113847000.0,1.0,406929787.0,406559000.0,407562000.0,2.101,9704680000.0,0.0,12043000.0,0.0,23.87,
41,KIM,MRT,2011-03-31,2011-03-31,2011-03-31,2021-08-02,-7382000.0,9895158000.0,9856637000.0,,,0.085,12.063,13367000.0,148038000.0,148038000.0,230069000.0,138964000.0,,0.955,4150093000.0,,,4150093000.0,0.0,252379000.0,0.0,0.027,0.5,350257000.0,602636000.0,0.715,602636000.0,350257000.0,127298000.0,0.15,0.09,0.15,4902719000.0,4897631500.0,4902719000.0,11387749810.0,33.0,18.897,464958000.0,1.144,1.0,612249000.0,0.727,0.0,222959000.0,13897213000.0,13841694000.0,0.0,2041645000.0,,,4680434000.0,,,7453916810.0,10601000.0,-78023000.0,178350000.0,-232967000.0,-319759000.0,-457138000.0,16148000.0,81038000.0,451591000.0,0.0,120996000.0,66630000.0,66630000.0,-37647000.0,17968000.0,0.079,383897000.0,228352000.0,0.0,3.333,1.52,111.87,122.267,7050594000.0,54366000.0,18.34,8.849,8.85,248942000.0,-574739000.0,842318000.0,842318000.0,0.0,0.007,0.014,0.025,0.416,-140000.0,110660000.0,1.0,406429488.0,406440000.0,407361000.0,2.072,9895158000.0,0.0,6302000.0,0.0,24.346,
42,KIM,MRT,2010-12-31,2010-12-31,2010-12-31,2021-08-02,-23853000.0,9833875000.0,9948463250.0,,,0.083,12.162,22118000.0,125154000.0,125154000.0,227424000.0,161651000.0,,0.927,4058987000.0,,,4058987000.0,0.0,247637000.0,0.0,0.037,0.66,369108000.0,616745000.0,0.746,616745000.0,369108000.0,146076000.0,0.22,0.14,0.22,4935842000.0,4879838500.0,4935842000.0,11202713468.0,30.0,18.164,502053000.0,1.237,1.0,599382000.0,0.725,0.0,223032000.0,13767708000.0,14029763750.0,0.0,2025304000.0,,,4577529000.0,,,7323352468.0,3096000.0,-53591000.0,177837000.0,-299537000.0,-306964000.0,-514743000.0,37904000.0,72122000.0,479935000.0,0.0,142868000.0,91522000.0,91522000.0,-39152000.0,18783000.0,0.111,369542000.0,229840000.0,154482000.0,3.0,1.484,80.017,82.0,7043380000.0,51346000.0,18.04,8.857,8.855,239029000.0,-515164000.0,826806000.0,826806000.0,0.0,0.009,0.019,0.026,0.446,-103000.0,109034000.0,1.0,405950802.0,405827000.0,406201000.0,2.037,9833875000.0,0.0,3208000.0,0.0,24.232,
43,KIM,MRT,2010-09-30,2010-09-30,2010-09-30,2021-08-02,-59403000.0,9814508000.0,10035764250.0,,,0.081,12.178,-222700000.0,158116000.0,158116000.0,243236000.0,167467000.0,,0.921,4037477000.0,,,4037477000.0,0.0,244757000.0,0.0,0.034,0.54,371110000.0,615867000.0,0.757,615867000.0,371110000.0,143856000.0,0.29,0.27,0.29,4942328000.0,4859121250.0,4942328000.0,10512793773.0,28.0,17.07,217138000.0,0.535,1.0,570829000.0,0.701,0.0,227254000.0,13693869000.0,14211687750.0,0.0,2026133000.0,,,4553861000.0,,,6387814773.0,17359000.0,-37760000.0,517024000.0,-366615000.0,-264617000.0,-208296000.0,-214183000.0,52125000.0,439838000.0,0.0,157957000.0,109629000.0,109629000.0,-9942000.0,9510000.0,0.135,343487000.0,227342000.0,0.0,1.862,1.292,58.268,54.276,7023458000.0,48328000.0,15.74,7.847,7.847,237333000.0,-464256000.0,814065000.0,814065000.0,0.0,0.011,0.023,0.026,0.456,-7000.0,109626000.0,1.0,405833213.0,405854000.0,406253000.0,2.006,9814508000.0,0.0,-14101000.0,0.0,24.182,
44,KIM,MRT,2010-06-30,2010-06-30,2010-06-30,2021-08-02,-65019000.0,9883007000.0,9904147500.0,,,0.08,11.855,-254439000.0,135283000.0,135283000.0,240484000.0,178123000.0,,0.987,4260262000.0,,,4260262000.0,0.0,239533000.0,0.0,0.045,0.6,374310000.0,613843000.0,0.77,613843000.0,374310000.0,150232000.0,0.32,0.3,0.32,4809637000.0,4758061500.0,4809637000.0,9838556357.0,26.0,16.028,180925000.0,0.446,1.0,556442000.0,0.698,0.0,224078000.0,14007986000.0,14068078000.0,0.0,2000997000.0,,,4746248000.0,,,5451527357.0,-53642000.0,9044000.0,346984000.0,-412432000.0,-222266000.0,-373993000.0,-115013000.0,136745000.0,435364000.0,0.0,167732000.0,120444000.0,120444000.0,-9758000.0,10391000.0,0.151,332156000.0,224286000.0,0.0,1.875,1.133,45.262,42.0,7127147000.0,47288000.0,13.44,6.841,6.842,226146000.0,-416777000.0,796926000.0,796926000.0,0.0,0.012,0.025,0.027,0.47,0.0,109111000.0,1.0,405619595.0,405705000.0,406009000.0,1.964,9883007000.0,0.0,-17500000.0,0.0,24.36,
45,KIM,MRT,2010-03-31,2010-03-31,2010-03-31,2021-08-02,-89394000.0,10262463000.0,9767982500.0,,,0.08,11.913,-438593000.0,137437000.0,137437000.0,233599000.0,18979000.0,,1.046,4524466000.0,,,4524466000.0,0.0,233226000.0,0.0,0.056,0.88,207224000.0,440450000.0,0.567,440450000.0,207224000.0,-9621000.0,-0.11,-0.1,-0.11,4831547000.0,4668493500.0,4831547000.0,10655041637.0,51.0,24.191,-6730000.0,-0.017,1.0,543100000.0,0.699,0.0,216845000.0,14649492000.0,13888104000.0,0.0,1883112000.0,,,5053416000.0,,,6342716637.0,-12545000.0,19697000.0,1064611000.0,-880062000.0,-276633000.0,-149504000.0,-294904000.0,133978000.0,431863000.0,0.0,8470000.0,-38818000.0,-38818000.0,1661000.0,10509000.0,-0.05,326005000.0,217095000.0,0.0,-8.0,1.313,-163.396,-142.182,7590381000.0,47288000.0,15.64,8.166,8.167,246823000.0,-364633000.0,776699000.0,776699000.0,0.0,-0.004,-0.008,0.015,0.267,0.0,108790000.0,1.0,405544542.0,405564000.0,405713000.0,1.915,10262463000.0,0.0,-18091000.0,0.0,25.304,
46,KIM,MRT,2009-12-31,2009-12-31,2009-12-31,2021-08-02,-96432000.0,10183079000.0,9550609000.0,,,0.079,13.863,-460673000.0,122058000.0,122058000.0,227306000.0,6061000.0,,1.023,4434383000.0,,,4434383000.0,0.0,227776000.0,0.0,0.053,0.72,183765000.0,411541000.0,0.545,411541000.0,183765000.0,-24003000.0,-0.15,-0.14,-0.15,4852973000.0,4426111500.0,4852973000.0,8928474245.0,49.0,21.695,-57091000.0,-0.163,1.0,528140000.0,0.699,0.0,207768000.0,14495404000.0,13699441750.0,0.0,1866462000.0,,,4964797000.0,,,5097085245.0,-14119000.0,-10368000.0,1064444000.0,-762372000.0,-331024000.0,-74465000.0,-343236000.0,135462000.0,403582000.0,0.0,-3942000.0,-51230000.0,-51230000.0,1703000.0,10003000.0,-0.068,329475000.0,198665000.0,142670000.0,-4.8,1.05,-99.494,-90.2,7539193000.0,47288000.0,13.53,6.747,6.27,244942000.0,-338738000.0,755446000.0,755446000.0,0.0,-0.005,-0.012,0.013,0.243,0.0,109960000.0,1.0,376724704.0,350077000.0,350077000.0,2.158,10183079000.0,0.0,-20061000.0,0.0,29.088,
47,KIM,MRT,2009-09-30,2009-09-30,2009-09-30,2021-08-02,-98711000.0,9288041000.0,9354126000.0,,,0.081,12.051,-235601000.0,140757000.0,140757000.0,226230000.0,-99069000.0,,0.975,3972146000.0,,,3972146000.0,0.0,220968000.0,0.0,0.106,1.38,61883000.0,282851000.0,0.372,282851000.0,61883000.0,-141960000.0,-0.49,-0.48,-0.49,4538089000.0,4208792750.0,4538089000.0,8857552589.0,143.0,31.315,174643000.0,0.464,1.0,535064000.0,0.703,0.0,203843000.0,13119430000.0,13529994750.0,0.0,1950603000.0,,,4422643000.0,,,4907809589.0,16666000.0,-67751000.0,724681000.0,-417236000.0,-425563000.0,-199590000.0,-193988000.0,114294000.0,410244000.0,0.0,-107642000.0,-154930000.0,-154930000.0,726000.0,8573000.0,-0.204,276157000.0,258907000.0,0.0,-2.816,1.081,-31.678,-26.612,6585290000.0,47288000.0,13.04,6.447,6.45,260590000.0,-314208000.0,761294000.0,761294000.0,0.0,-0.017,-0.037,0.005,0.081,-30000.0,118111000.0,1.0,376365766.0,376559000.0,378127000.0,2.022,9288041000.0,0.0,-34318000.0,0.0,24.666,
48,KIM,MRT,2009-06-30,2009-06-30,2009-06-30,2021-08-02,-172217000.0,9338347000.0,9471281250.0,,,0.08,12.088,-286889000.0,188925000.0,188925000.0,222731000.0,-22124000.0,,1.024,4138668000.0,,,4138668000.0,0.0,217349000.0,0.0,0.171,1.72,141631000.0,358980000.0,0.472,358980000.0,141631000.0,-60457000.0,-0.18,-0.21,-0.18,4451365000.0,4138096500.0,4451365000.0,8284215570.0,58.0,23.077,207361000.0,0.563,1.0,538423000.0,0.707,0.0,202088000.0,13288090000.0,13757298500.0,0.0,1967214000.0,,,4557934000.0,,,3782341570.0,65742000.0,-119758000.0,1145514000.0,-588359000.0,-504583000.0,-31698000.0,-396810000.0,33044000.0,494250000.0,0.0,-39166000.0,-86454000.0,-86454000.0,-7621000.0,17042000.0,-0.114,280511000.0,257912000.0,0.0,-9.556,0.85,-43.75,-55.833,6572270000.0,47288000.0,10.05,4.969,4.862,279519000.0,-319891000.0,761154000.0,761154000.0,0.0,-0.009,-0.021,0.01,0.186,-548000.0,120765000.0,1.0,376352395.0,368254000.0,368254000.0,2.067,9338347000.0,0.0,-21291000.0,0.0,25.358,
49,KIM,MRT,2009-03-31,2009-03-31,2009-03-31,2021-08-02,-210663000.0,9392969000.0,9535256000.0,,,0.079,14.247,-383666000.0,149982000.0,149982000.0,218449000.0,210216000.0,,1.344,4651856000.0,,,4651856000.0,0.0,213405000.0,0.0,0.22,1.68,372876000.0,586281000.0,0.775,586281000.0,372876000.0,168122000.0,0.55,0.47,0.55,3862019000.0,3990725750.0,3862019000.0,6486131328.0,17.0,11.063,145138000.0,0.535,1.0,537580000.0,0.711,0.0,204754000.0,13894843000.0,13987985000.0,0.0,2034879000.0,,,5191210000.0,,,2065662328.0,-979000.0,-125511000.0,442612000.0,128475000.0,-486683000.0,18636000.0,-548419000.0,14336000.0,528804000.0,0.0,189859000.0,142571000.0,142571000.0,-21212000.0,20357000.0,0.189,274481000.0,263099000.0,0.0,3.055,0.535,14.489,13.855,6593641000.0,47288000.0,7.62,2.732,2.732,285000000.0,-150836000.0,756029000.0,756029000.0,0.0,0.015,0.036,0.027,0.493,-1474000.0,120354000.0,1.0,271084295.0,271083000.0,271158000.0,2.789,9392969000.0,0.0,-21737000.0,0.0,34.65,
50,KIM,MRT,2008-12-31,2008-12-31,2008-12-31,2021-08-02,-179541000.0,9397147000.0,9544912000.0,,,0.079,15.452,-446525000.0,136177000.0,136177000.0,213764000.0,276404000.0,,1.274,4556646000.0,,,4556646000.0,0.0,206518000.0,0.0,0.092,1.68,450455000.0,656973000.0,0.875,656973000.0,450455000.0,238257000.0,0.79,0.69,0.79,3983698000.0,3995347750.0,3983698000.0,9139658158.0,20.0,13.912,121074000.0,0.47,1.0,537432000.0,0.715,0.0,212198000.0,13817616000.0,13969199750.0,0.0,1985880000.0,,,5076561000.0,,,4867675158.0,48678000.0,-101171000.0,451002000.0,348596000.0,-469024000.0,262429000.0,-781350000.0,-164746000.0,567599000.0,0.0,249902000.0,202614000.0,202614000.0,-26160000.0,26502000.0,0.27,264463000.0,272969000.0,151241000.0,2.127,1.222,24.024,23.139,6659252000.0,47288000.0,18.28,6.48,6.274,275724000.0,-58162000.0,751196000.0,751196000.0,0.0,0.021,0.051,0.032,0.6,-1958000.0,114941000.0,1.0,266284199.0,257811000.0,258843000.0,2.914,9397147000.0,0.0,-11645000.0,0.0,36.45,
51,KIM,MRT,2008-09-30,2008-09-30,2008-09-30,2021-08-02,-12489000.0,9756662000.0,9470079250.0,,,0.078,16.612,-504278000.0,124091000.0,124091000.0,209613000.0,456148000.0,,1.168,4396074000.0,,,4396074000.0,0.0,206989000.0,0.0,0.032,1.2,622010000.0,828999000.0,1.122,828999000.0,622010000.0,405962000.0,1.34,1.25,1.34,4255304000.0,3973066750.0,4255304000.0,14000981270.0,23.0,16.889,80687000.0,0.315,1.0,529213000.0,0.716,0.0,216048000.0,14028645000.0,13821478750.0,0.0,2196516000.0,,,4968666000.0,,,9384391270.0,78652000.0,-33126000.0,892812000.0,-123632000.0,-444036000.0,282179000.0,-788492000.0,-170572000.0,584965000.0,0.0,384464000.0,338067000.0,338067000.0,-22691000.0,71684000.0,0.458,252741000.0,276472000.0,0.0,0.896,2.205,27.759,27.567,6771011000.0,46397000.0,36.94,12.702,12.808,320705000.0,124458000.0,738826000.0,738826000.0,0.0,0.036,0.085,0.045,0.842,-1991000.0,105828000.0,1.0,254044160.0,256164000.0,258933000.0,2.884,9756662000.0,0.0,21498000.0,0.0,38.088,
52,KIM,MRT,2008-06-30,2008-06-30,2008-06-30,2021-08-02,4637000.0,9594246000.0,9255508250.0,,,0.078,15.22,-660502000.0,123183000.0,123183000.0,200812000.0,413563000.0,,1.359,4739773000.0,,,4739773000.0,0.0,202532000.0,0.0,0.045,1.56,585498000.0,788030000.0,1.093,788030000.0,585498000.0,363395000.0,1.26,1.19,1.26,3861882000.0,3780555000.0,3861882000.0,13146059313.0,22.0,16.682,-116016000.0,-0.457,1.0,520299000.0,0.722,0.0,222103000.0,14210836000.0,13631670750.0,0.0,2194952000.0,,,5248703000.0,,,8757950313.0,13652000.0,6449000.0,480458000.0,454381000.0,-424310000.0,460081000.0,-990915000.0,-261867000.0,544486000.0,0.0,353885000.0,316401000.0,316401000.0,-15491000.0,59678000.0,0.439,247554000.0,272745000.0,0.0,1.238,2.268,27.68,27.397,6635465000.0,37484000.0,34.52,12.145,12.147,301165000.0,144838000.0,721111000.0,721111000.0,0.0,0.034,0.084,0.043,0.812,-1723000.0,104789000.0,1.0,253706556.0,253740000.0,257318000.0,2.842,9594246000.0,0.0,9510000.0,0.0,37.811,
53,KIM,MRT,2008-03-31,2008-03-31,2008-03-31,2021-08-02,20691000.0,9431593000.0,9013259250.0,,,0.078,15.342,-1106701000.0,150961000.0,150961000.0,195971000.0,441112000.0,,1.311,4539070000.0,,,4539070000.0,0.0,198305000.0,0.0,0.039,1.52,616231000.0,814536000.0,1.151,814536000.0,616231000.0,395207000.0,1.43,1.25,1.43,3880507000.0,3690085250.0,3880507000.0,14033324768.0,23.0,17.229,-483488000.0,-1.912,1.0,511426000.0,0.723,0.0,221024000.0,13819702000.0,13255695250.0,0.0,2229376000.0,,,5087344000.0,,,9904408768.0,30917000.0,-126874000.0,470971000.0,897300000.0,-404718000.0,903620000.0,-1495916000.0,-196442000.0,623213000.0,0.0,387533000.0,358962000.0,358962000.0,-33252000.0,53579000.0,0.507,242404000.0,269022000.0,0.0,1.063,2.552,27.592,27.392,6467142000.0,28571000.0,39.17,14.001,14.005,248422000.0,163905000.0,707397000.0,707397000.0,0.0,0.04,0.097,0.046,0.871,-1402000.0,103888000.0,1.0,252857002.0,252932000.0,255916000.0,2.797,9431593000.0,0.0,7674000.0,0.0,37.289,
54,KIM,MRT,2007-12-31,2007-12-31,2007-12-31,2021-08-02,33648000.0,9097816000.0,8651668750.0,,,0.078,15.447,-1289102000.0,87499000.0,87499000.0,183737000.0,486896000.0,,1.221,4216415000.0,,,4216415000.0,0.0,191270000.0,0.0,0.042,1.52,624066000.0,815336000.0,1.209,815336000.0,624066000.0,410980000.0,1.68,1.32,1.68,3894574000.0,3581336500.0,3894574000.0,13569624473.0,22.0,16.643,-623113000.0,-2.471,1.0,490797000.0,0.728,0.0,213086000.0,13226732000.0,12674445500.0,0.0,2074921000.0,,,4755083000.0,,,9198589473.0,-257566000.0,-119635000.0,485220000.0,572658000.0,-384502000.0,584056000.0,-1507611000.0,-1282000.0,665989000.0,0.0,442830000.0,423171000.0,423171000.0,-39314000.0,44066000.0,0.627,237649000.0,253148000.0,161526000.0,0.905,2.362,21.737,21.667,6347591000.0,19659000.0,36.4,13.637,13.606,241864000.0,180005000.0,674534000.0,674534000.0,0.0,0.049,0.118,0.049,0.925,-2471000.0,101829000.0,1.0,252708502.0,252129000.0,257058000.0,2.675,9097816000.0,0.0,-31850000.0,0.0,36.084,
55,KIM,MRT,2007-09-30,2007-09-30,2007-09-30,2021-08-02,45452000.0,8898378000.0,8344534750.0,,,0.078,13.812,-234546000.0,45439000.0,45439000.0,173821000.0,491690000.0,,1.428,4416474000.0,,,4416474000.0,0.0,180158000.0,0.0,0.032,1.44,664401000.0,844559000.0,1.303,844559000.0,664401000.0,462562000.0,1.93,1.36,1.93,3485257000.0,3449432750.0,3485257000.0,15484810384.0,23.0,18.335,420477000.0,1.666,1.0,474194000.0,0.732,0.0,201839000.0,13269413000.0,12145627000.0,0.0,2119903000.0,,,4976061000.0,,,11403126384.0,-57356000.0,-311515000.0,44567000.0,328406000.0,-370328000.0,-59558000.0,-652821000.0,22034000.0,655023000.0,0.0,491690000.0,480053000.0,480053000.0,-77699000.0,0.0,0.741,257315000.0,216879000.0,0.0,0.746,3.272,23.754,23.425,6155055000.0,11637000.0,45.21,17.597,17.604,256087000.0,209018000.0,648015000.0,648015000.0,0.0,0.058,0.139,0.055,1.025,-5334000.0,97659000.0,1.0,252225755.0,252327000.0,256497000.0,2.568,8898378000.0,0.0,-29128000.0,0.0,35.265,
56,KIM,MRT,2007-06-30,2007-06-30,2007-06-30,2021-08-02,50393000.0,8625250000.0,7900891750.0,,,0.079,13.885,-95459000.0,109531000.0,109531000.0,168793000.0,505112000.0,,1.344,4191215000.0,,,4191215000.0,0.0,168561000.0,0.0,0.037,1.41,665962000.0,834523000.0,1.335,834523000.0,665962000.0,478090000.0,2.0,1.42,2.0,3500003000.0,3307399750.0,3500003000.0,13103616009.0,20.0,15.702,512779000.0,2.034,1.0,456109000.0,0.73,0.0,187872000.0,12706934000.0,11421682250.0,0.0,1963695000.0,,,4704053000.0,,,9594144009.0,-12815000.0,-372307000.0,47976000.0,298121000.0,-358954000.0,-83777000.0,-537276000.0,68459000.0,608238000.0,0.0,505112000.0,493475000.0,493475000.0,-79981000.0,0.0,0.79,239630000.0,216479000.0,0.0,0.705,2.741,19.442,19.035,5947732000.0,11637000.0,38.07,15.353,15.357,266434000.0,234990000.0,624902000.0,624902000.0,0.0,0.062,0.149,0.058,1.066,-5084000.0,90725000.0,1.0,252013239.0,252074000.0,257398000.0,2.479,8625250000.0,0.0,-27022000.0,0.0,34.217,
57,KIM,MRT,2007-03-31,2007-03-31,2007-03-31,2021-08-02,37750000.0,7985231000.0,7435041750.0,,,0.081,13.707,416754000.0,120044000.0,120044000.0,162645000.0,485834000.0,,1.194,3629516000.0,,,3629516000.0,0.0,157298000.0,0.0,0.029,1.38,635254000.0,792552000.0,1.317,792552000.0,635254000.0,458529000.0,1.94,1.39,1.94,3445512000.0,3155719000.0,3445512000.0,15393426281.0,24.0,19.423,935672000.0,3.722,1.0,438987000.0,0.73,0.0,176725000.0,11494703000.0,10689538250.0,0.0,1792820000.0,,,4112441000.0,,,12151248281.0,-38834000.0,-259499000.0,46522000.0,-141888000.0,-347605000.0,-511549000.0,-46203000.0,-33771000.0,518918000.0,0.0,485834000.0,474197000.0,474197000.0,-80276000.0,0.0,0.788,218470000.0,220517000.0,0.0,0.711,3.527,25.625,24.938,5397405000.0,11637000.0,48.38,20.197,20.213,290088000.0,200666000.0,601632000.0,601632000.0,0.0,0.064,0.15,0.059,1.056,-4479000.0,82497000.0,1.0,251162635.0,251365000.0,257422000.0,2.393,7985231000.0,0.0,-27305000.0,0.0,31.767,
58,KIM,MRT,2006-12-31,2006-12-31,2006-12-31,2021-08-02,45225000.0,7869280000.0,7032686000.0,,,0.083,14.055,363616000.0,345065000.0,345065000.0,157127000.0,428259000.0,,1.211,3587243000.0,,,3587243000.0,0.0,144767000.0,0.0,0.031,1.38,602725000.0,747492000.0,1.288,747492000.0,602725000.0,432646000.0,1.74,1.35,1.74,3366959000.0,3009910250.0,3366959000.0,14099489511.0,23.0,18.862,819185000.0,3.42,1.0,423424000.0,0.729,0.0,170079000.0,11111458000.0,10088843500.0,0.0,1722308000.0,,,4077079000.0,,,10849661511.0,268792000.0,-289298000.0,451809000.0,-19743000.0,-332552000.0,59444000.0,-246221000.0,-165645000.0,455569000.0,0.0,428259000.0,416621000.0,416621000.0,-85469000.0,0.0,0.718,186591000.0,236833000.0,163668000.0,0.793,3.222,26.042,25.833,5194649000.0,11638000.0,44.95,18.689,18.548,246087000.0,140509000.0,580551000.0,580551000.0,0.0,0.059,0.138,0.06,1.038,-2926000.0,76519000.0,1.0,241371780.0,239552000.0,244615000.0,2.423,7869280000.0,0.0,4387000.0,0.0,32.85,
59,KIM,MRT,2006-09-30,2006-09-30,2006-09-30,2021-08-02,50931000.0,7123806000.0,6449025000.0,,,0.086,12.104,-785501000.0,102795000.0,102795000.0,148262000.0,404033000.0,,1.442,3352623000.0,,,3352623000.0,0.0,129972000.0,0.0,0.031,1.32,561016000.0,690988000.0,1.251,690988000.0,561016000.0,401080000.0,1.68,1.39,1.68,2917125000.0,2764974000.0,2917125000.0,13246365166.0,24.0,19.17,-334163000.0,-1.387,1.0,404066000.0,0.732,0.0,159936000.0,10373634000.0,9348368750.0,0.0,1516367000.0,,,4206681000.0,,,10229857166.0,32855000.0,-181640000.0,456602000.0,773120000.0,-320654000.0,859718000.0,-1278201000.0,-185433000.0,451338000.0,0.0,404033000.0,392396000.0,392396000.0,-57851000.0,0.0,0.71,159488000.0,244578000.0,0.0,0.786,3.507,26.07,25.304,4874728000.0,11637000.0,42.51,18.521,18.549,232976000.0,101830000.0,552328000.0,552328000.0,0.0,0.061,0.142,0.06,1.016,0.0,73554000.0,1.0,240645899.0,241002000.0,246146000.0,2.292,7123806000.0,0.0,-2953000.0,0.0,29.559,
60,KIM,MRT,2006-06-30,2006-06-30,2006-06-30,2021-08-02,49027000.0,6761850000.0,5960192500.0,,,0.089,12.028,-749963000.0,122346000.0,122346000.0,140587000.0,397949000.0,,1.337,3138854000.0,,,3138854000.0,0.0,119677000.0,0.0,0.035,1.295,540332000.0,660009000.0,1.242,660009000.0,540332000.0,391607000.0,1.67,1.37,1.67,2893280000.0,2621886250.0,2893280000.0,11490085925.0,21.0,17.409,-293056000.0,-1.218,1.0,390928000.0,0.735,0.0,148725000.0,9778358000.0,8618876500.0,0.0,1409898000.0,,,3868570000.0,,,8773969925.0,74969000.0,-177695000.0,452498000.0,730368000.0,-310383000.0,834425000.0,-1216363000.0,-152033000.0,456907000.0,0.0,397949000.0,386312000.0,386312000.0,-61872000.0,0.0,0.727,140575000.0,250353000.0,0.0,0.775,3.033,22.712,21.85,4665265000.0,11637000.0,36.49,16.507,16.515,207565000.0,100213000.0,531515000.0,531515000.0,0.0,0.065,0.147,0.063,1.017,0.0,65020000.0,1.0,240448614.0,240554000.0,246048000.0,2.21,6761850000.0,0.0,-6342000.0,0.0,28.109,
61,KIM,MRT,2006-03-31,2006-03-31,2006-03-31,2021-08-02,49688000.0,6375808000.0,5517185500.0,,,0.093,12.517,-781673000.0,158878000.0,158878000.0,133746000.0,373042000.0,,1.228,2874994000.0,,,2874994000.0,0.0,111546000.0,0.0,0.032,1.27,509799000.0,621345000.0,1.215,621345000.0,509799000.0,372209000.0,1.59,1.34,1.59,2862277000.0,2476960000.0,2862277000.0,11814342289.0,23.0,19.014,-349421000.0,-1.528,1.0,377607000.0,0.738,0.0,137590000.0,9091924000.0,7976529750.0,0.0,1351439000.0,,,3513531000.0,,,9199419289.0,62737000.0,-159213000.0,457260000.0,703784000.0,-300017000.0,826574000.0,-1196089000.0,-146686000.0,432252000.0,0.0,373042000.0,361405000.0,361405000.0,-49443000.0,0.0,0.707,131300000.0,246307000.0,0.0,0.799,3.214,25.455,25.352,4397946000.0,11637000.0,40.31,17.99,18.026,219399000.0,73792000.0,511353000.0,511353000.0,0.0,0.066,0.146,0.064,0.997,0.0,61203000.0,1.0,228216802.0,228674000.0,233620000.0,2.236,6375808000.0,0.0,-833000.0,0.0,27.882,
62,KIM,MRT,2005-12-31,2005-12-31,2005-12-31,2021-08-02,69046000.0,5534636000.0,5132889000.0,,,0.098,10.533,-407347000.0,76273000.0,76273000.0,132246000.0,363628000.0,,1.318,2691196000.0,,,2691196000.0,0.0,108042000.0,0.0,0.04,1.27,490225000.0,598267000.0,1.193,598267000.0,490225000.0,363793000.0,1.55,1.36,1.55,2387214000.0,2331908500.0,2387214000.0,9578448941.0,20.0,16.01,3450000.0,0.015,1.0,369323000.0,0.736,0.0,126432000.0,8149559000.0,7424557000.0,0.0,1225135000.0,,,3147422000.0,,,7291259941.0,38053000.0,-136697000.0,48971000.0,618207000.0,-293345000.0,343271000.0,-716015000.0,-89666000.0,410797000.0,0.0,363628000.0,351990000.0,351990000.0,-38732000.0,0.0,0.702,124335000.0,244988000.0,119605000.0,0.819,3.054,20.714,20.697,3820279000.0,11638000.0,32.08,14.537,14.496,197004000.0,59855000.0,501569000.0,501569000.0,0.0,0.069,0.151,0.066,0.977,0.0,56475000.0,1.0,227283664.0,226641000.0,230868000.0,2.213,5534636000.0,0.0,165000.0,0.0,24.42,
63,KIM,MRT,2005-09-30,2005-09-30,2005-09-30,2021-08-02,69449000.0,5168476000.0,4936629250.0,,,0.099,10.329,-348722000.0,69940000.0,69940000.0,128718000.0,331767000.0,,1.204,2357129000.0,,,2357129000.0,0.0,105827000.0,0.0,0.038,1.2,451711000.0,557538000.0,1.143,557538000.0,451711000.0,334245000.0,1.41,1.27,1.41,2344774000.0,2294205000.0,2344774000.0,9350426438.0,21.0,16.771,42713000.0,0.188,1.0,359266000.0,0.736,0.0,117466000.0,7455665000.0,7094667000.0,0.0,1123940000.0,,,2823702000.0,,,7131277438.0,-64091000.0,-163281000.0,48569000.0,564291000.0,-282215000.0,310271000.0,-765797000.0,-118502000.0,391435000.0,0.0,331767000.0,320130000.0,320130000.0,-27470000.0,0.0,0.656,133521000.0,225745000.0,0.0,0.851,3.041,22.276,22.284,3552643000.0,11637000.0,31.42,14.614,14.617,209068000.0,30357000.0,487984000.0,487984000.0,0.0,0.065,0.14,0.064,0.926,0.0,50707000.0,1.0,226966182.0,227017000.0,,2.15,5168476000.0,0.0,2478000.0,0.0,22.767,
64,KIM,MRT,2005-06-30,2005-06-30,2005-06-30,2021-08-02,57237000.0,4989822000.0,4738789750.0,,,0.101,10.217,-240928000.0,47377000.0,47377000.0,126671000.0,324935000.0,,1.157,2266526000.0,,,2266526000.0,0.0,103551000.0,0.0,0.04,1.18,437878000.0,541429000.0,1.128,541429000.0,437878000.0,328324000.0,1.39,1.25,1.39,2313575000.0,2260825250.0,2313575000.0,8707367054.0,20.0,16.082,127436000.0,0.563,1.0,353332000.0,0.736,0.0,109554000.0,7208971000.0,6746331750.0,0.0,1030763000.0,,,2676247000.0,,,6661956054.0,-7969000.0,-128803000.0,63580000.0,475734000.0,-276465000.0,250186000.0,-626519000.0,-124669000.0,368364000.0,0.0,324935000.0,313298000.0,313298000.0,-27329000.0,0.0,0.653,128316000.0,225016000.0,0.0,0.849,2.88,21.264,21.191,3536009000.0,11637000.0,29.455,13.879,13.895,202108000.0,22916000.0,480003000.0,480003000.0,0.0,0.066,0.139,0.065,0.912,0.0,47657000.0,1.0,226174030.0,226435000.0,,2.12,4989822000.0,0.0,3389000.0,0.0,22.036,
65,KIM,MRT,2005-03-31,2005-03-31,2005-03-31,2021-08-02,47705000.0,4838622000.0,4571756250.0,,,0.106,10.122,83959000.0,96141000.0,96141000.0,127238000.0,312528000.0,,1.12,2141552000.0,,,2141552000.0,0.0,102063000.0,0.0,0.043,1.16,424461000.0,526524000.0,1.091,526524000.0,424461000.0,316981000.0,1.34,1.205,1.34,2282071000.0,2224946750.0,2282071000.0,8143560394.0,19.0,15.467,453306000.0,2.011,1.0,355476000.0,0.736,0.0,107480000.0,6884033000.0,6470417500.0,0.0,972077000.0,,,2556551000.0,,,6063158394.0,40454000.0,-165716000.0,60435000.0,180057000.0,-270782000.0,-34801000.0,-294092000.0,-92489000.0,369347000.0,0.0,312528000.0,300891000.0,300891000.0,-27876000.0,0.0,0.623,125356000.0,230120000.0,0.0,0.866,2.657,20.151,20.112,3418635000.0,11637000.0,26.95,12.561,12.588,198555000.0,11131000.0,482714000.0,482714000.0,0.0,0.066,0.135,0.066,0.879,0.0,45302000.0,1.0,224978048.0,225461000.0,,2.141,4838622000.0,0.0,4453000.0,0.0,21.461,
66,KIM,MRT,2004-12-31,2004-12-31,2004-12-31,2021-08-02,37781000.0,4749597000.0,4553886000.0,,,0.108,10.035,-14144000.0,38220000.0,38220000.0,126206000.0,297137000.0,,1.124,2118622000.0,,,2118622000.0,0.0,102872000.0,0.0,0.04,1.16,407295000.0,510167000.0,1.039,510167000.0,407295000.0,301056000.0,1.28,1.16,1.28,2236400000.0,2194145250.0,2236400000.0,8182548893.0,20.0,16.039,351032000.0,1.575,1.0,364695000.0,0.743,0.0,106239000.0,6829999000.0,6489138000.0,0.0,907482000.0,,,2513197000.0,,,6497342893.0,-10068000.0,-122880000.0,51447000.0,141941000.0,-265254000.0,-75647000.0,-299597000.0,-25936000.0,365176000.0,0.0,297137000.0,285499000.0,285499000.0,-23027000.0,0.0,0.582,123890000.0,240805000.0,97952000.0,0.906,2.905,22.758,22.652,3457580000.0,11638000.0,28.995,13.236,13.163,192899000.0,-3749000.0,490901000.0,490901000.0,0.0,0.063,0.13,0.063,0.83,0.0,43524000.0,1.0,224084942.0,222859000.0,227143000.0,2.203,4749597000.0,0.0,3919000.0,0.0,21.312,
67,KIM,MRT,2004-09-30,2004-09-30,2004-09-30,2021-08-02,28970000.0,4377118000.0,4526759750.0,,,0.111,9.941,-268759000.0,134031000.0,134031000.0,127258000.0,305399000.0,,0.979,1819237000.0,,,1819237000.0,0.0,104184000.0,0.0,0.033,0.855,418283000.0,522467000.0,1.036,522467000.0,418283000.0,308624000.0,1.325,1.145,1.325,2211255000.0,2169006750.0,2211255000.0,7488928208.0,18.0,14.334,96407000.0,0.433,1.0,376931000.0,0.748,0.0,109659000.0,6062324000.0,6468576250.0,0.0,713458000.0,,,2165863000.0,,,5705302208.0,27071000.0,-39204000.0,49077000.0,277558000.0,-260968000.0,57157000.0,-395252000.0,6142000.0,365166000.0,0.0,305399000.0,293762000.0,293762000.0,-37265000.0,0.0,0.583,127887000.0,249044000.0,0.0,0.645,2.58,19.422,19.358,3205669000.0,11637000.0,25.65,11.316,11.316,180456000.0,-8068000.0,504189000.0,504189000.0,0.0,0.065,0.135,0.065,0.83,0.0,41220000.0,1.0,222428936.0,222428936.0,,2.267,4377118000.0,0.0,3225000.0,0.0,19.679,
68,KIM,MRT,2004-06-30,2004-06-30,2004-06-30,2021-08-02,23601000.0,4321688000.0,4428395500.0,,,0.113,9.77,-220820000.0,55346000.0,55346000.0,126511000.0,318392000.0,,0.992,1838972000.0,,,1838972000.0,0.0,101701000.0,0.0,0.037,0.84,432825000.0,534526000.0,1.066,534526000.0,432825000.0,322812000.0,1.395,1.115,1.395,2170061000.0,2141918000.0,2170061000.0,7244655516.0,17.0,13.553,123690000.0,0.557,1.0,374757000.0,0.748,0.0,110013000.0,6105314000.0,6317326500.0,0.0,668817000.0,,,2151627000.0,,,5052881516.0,-2603000.0,-18653000.0,143687000.0,44696000.0,-253904000.0,-70250000.0,-276863000.0,42486000.0,344510000.0,0.0,318392000.0,306755000.0,306755000.0,-58621000.0,0.0,0.612,124888000.0,249869000.0,0.0,0.602,2.328,16.472,16.308,3301593000.0,11637000.0,22.75,10.08,10.08,157833000.0,-19806000.0,501268000.0,501268000.0,0.0,0.069,0.143,0.069,0.863,0.0,41418000.0,1.0,222104682.0,222104682.0,,2.257,4321688000.0,0.0,4420000.0,0.0,19.458,
69,KIM,MRT,2004-03-31,2004-03-31,2004-03-31,2021-08-02,22837000.0,4767141000.0,4351056500.0,,,0.112,9.747,-554625000.0,55687000.0,55687000.0,123883000.0,308308000.0,,1.208,2247461000.0,,,2247461000.0,0.0,96166000.0,0.0,0.032,0.825,417311000.0,513477000.0,1.054,513477000.0,417311000.0,310653000.0,1.32,1.065,1.32,2158865000.0,2088872750.0,2158865000.0,7752476449.0,19.0,15.098,-223306000.0,-1.008,1.0,363495000.0,0.746,0.0,106658000.0,6958915000.0,6222377000.0,0.0,627526000.0,,,2608276000.0,,,5645816449.0,34000.0,-4629000.0,389830000.0,314596000.0,-251170000.0,223527000.0,-554812000.0,72867000.0,331319000.0,0.0,308308000.0,287552000.0,287552000.0,-52713000.0,0.0,0.59,113852000.0,249643000.0,0.0,0.625,2.615,19.634,19.311,3762166000.0,20756000.0,25.49,11.584,11.584,159570000.0,-24935000.0,487378000.0,487378000.0,0.0,0.066,0.138,0.067,0.856,0.0,39912000.0,1.0,221491426.0,221491426.0,,2.2,4767141000.0,0.0,2345000.0,0.0,21.523,
70,KIM,MRT,2003-12-31,2003-12-31,2003-12-31,2021-08-02,16866000.0,4641092000.0,4133037250.0,,,0.113,9.972,-591478000.0,48288000.0,48288000.0,120335000.0,307879000.0,,1.173,2154948000.0,,,2154948000.0,0.0,89068000.0,0.0,0.049,1.095,411786000.0,500854000.0,1.074,500854000.0,411786000.0,309395000.0,1.33,1.02,1.33,2135846000.0,2031329500.0,2135846000.0,6414646958.0,16.0,12.807,-282846000.0,-1.321,1.0,345890000.0,0.742,0.0,102391000.0,6747752000.0,5864837750.0,0.0,646156000.0,,,2505246000.0,,,4940982958.0,12326000.0,-59268000.0,387327000.0,430033000.0,-246301000.0,341330000.0,-637636000.0,77762000.0,308632000.0,0.0,307879000.0,285422000.0,285422000.0,-64293000.0,0.0,0.612,102629000.0,243261000.0,92239000.0,0.823,2.313,17.311,16.823,3605676000.0,22457000.0,22.375,10.598,10.279,152099000.0,-30112000.0,466225000.0,466225000.0,0.0,0.069,0.141,0.07,0.883,0.0,38286000.0,1.0,220826054.0,214184000.0,217540000.0,2.177,4641092000.0,0.0,1516000.0,0.0,21.669,
71,KIM,MRT,2003-09-30,2003-09-30,2003-09-30,2021-08-02,11085000.0,3983661000.0,3912351750.0,,,0.115,9.796,-185354000.0,106960000.0,106960000.0,118687000.0,286773000.0,,0.894,1580624000.0,,,1580624000.0,0.0,139166000.0,0.0,0.052,1.07,384196000.0,523362000.0,1.161,523362000.0,384196000.0,290588000.0,1.24,1.05,1.24,2102900000.0,1974568000.0,2102900000.0,6110821860.0,16.0,11.676,100359000.0,0.467,1.0,332193000.0,0.737,0.0,93608000.0,5457325000.0,5502742250.0,0.0,600596000.0,,,1880761000.0,,,4397637860.0,63465000.0,-60061000.0,379652000.0,79076000.0,-242793000.0,-9065000.0,-213183000.0,105019000.0,285713000.0,0.0,286773000.0,262618000.0,262618000.0,-38170000.0,0.0,0.582,90548000.0,241645000.0,0.0,0.863,2.091,16.745,16.52,3009301000.0,24155000.0,20.485,9.753,9.753,140324000.0,-48213000.0,450880000.0,450880000.0,0.0,0.067,0.133,0.07,0.852,0.0,37156000.0,1.0,214676000.0,214676000.0,,2.1,3983661000.0,0.0,3815000.0,0.0,18.557,
72,KIM,MRT,2003-06-30,2003-06-30,2003-06-30,2021-08-02,14478000.0,4012332000.0,3838588250.0,,,0.115,9.319,-320083000.0,57949000.0,57949000.0,117462000.0,256025000.0,,1.049,1771133000.0,,,1771133000.0,0.0,117254000.0,0.0,0.056,1.06,348865000.0,466119000.0,1.058,466119000.0,348865000.0,259303000.0,1.1,1.04,1.1,1957880000.0,1925860000.0,1957880000.0,5615089568.0,16.0,12.046,-30546000.0,-0.145,1.0,323299000.0,0.734,0.0,89562000.0,5725516000.0,5438237250.0,0.0,619858000.0,,,2054452000.0,,,3981395568.0,30490000.0,-140674000.0,263038000.0,372800000.0,-242501000.0,168337000.0,-427384000.0,88570000.0,289537000.0,0.0,256025000.0,230170000.0,230170000.0,-10005000.0,0.0,0.522,83451000.0,239848000.0,0.0,0.964,2.034,17.298,17.227,3091011000.0,25855000.0,18.95,9.033,9.033,129754000.0,-76774000.0,440761000.0,440761000.0,0.0,0.06,0.12,0.064,0.792,0.0,33842000.0,1.0,210100030.0,210100030.0,,2.098,4012332000.0,0.0,3278000.0,0.0,19.097,
73,KIM,MRT,2003-03-31,2003-03-31,2003-03-31,2021-08-02,10892000.0,3895064000.0,3722137000.0,,,0.118,9.215,-255575000.0,55653000.0,55653000.0,117203000.0,255734000.0,,1.02,1689347000.0,,,1689347000.0,0.0,96568000.0,0.0,0.06,1.05,346741000.0,443309000.0,1.013,443309000.0,346741000.0,259921000.0,1.135,1.08,1.135,1928692000.0,1912759750.0,1928692000.0,5216393534.0,15.0,11.767,30217000.0,0.144,1.0,320382000.0,0.732,0.0,86820000.0,5528758000.0,5255889500.0,0.0,622460000.0,,,1966372000.0,,,3675373534.0,29187000.0,-148210000.0,14054000.0,397061000.0,-237904000.0,173211000.0,-429816000.0,51116000.0,285792000.0,0.0,255734000.0,237298000.0,237298000.0,-9962000.0,0.0,0.542,79914000.0,240468000.0,0.0,0.925,1.906,15.488,15.471,2981492000.0,18436000.0,17.56,8.399,8.399,127207000.0,-75683000.0,437585000.0,437585000.0,0.0,0.064,0.124,0.066,0.792,0.0,32610000.0,1.0,209303732.0,209303732.0,,2.091,3895064000.0,0.0,4187000.0,0.0,18.61,
74,KIM,MRT,2002-12-31,2002-12-31,2002-12-31,2021-08-02,7401000.0,3758350000.0,3601606750.0,,,0.118,9.127,-165852000.0,35962000.0,35962000.0,112898000.0,245668000.0,,0.969,1576982000.0,,,1576982000.0,0.0,76674000.0,0.0,0.069,1.05,337543000.0,414217000.0,0.973,414217000.0,337543000.0,252220000.0,1.09,1.06,1.09,1908800000.0,1904417000.0,1908800000.0,4714512671.0,14.0,11.382,113079000.0,0.541,1.0,312812000.0,0.735,0.0,85323000.0,5299370000.0,5054714250.0,0.0,557018000.0,,,1849550000.0,,,3203814671.0,-57885000.0,-140762000.0,9389000.0,286052000.0,-235602000.0,59839000.0,-396655000.0,33201000.0,278931000.0,0.0,245668000.0,227231000.0,227231000.0,-4154000.0,0.0,0.534,81604000.0,231208000.0,94784000.0,0.963,1.678,14.099,14.055,2904601000.0,18437000.0,15.32,7.526,7.526,150508000.0,-85367000.0,425710000.0,425710000.0,0.0,0.063,0.119,0.067,0.793,0.0,31502000.0,1.0,209126284.0,209126284.0,,2.036,3758350000.0,0.0,6552000.0,0.0,17.972,
75,KIM,MRT,2002-09-30,2002-09-30,2002-09-30,2021-08-02,11764000.0,3688607000.0,3508214000.0,,,0.117,9.126,-140379000.0,43495000.0,43495000.0,109333000.0,244587000.0,,0.933,1554193000.0,,,1554193000.0,0.0,74209000.0,0.0,0.066,1.02,338823000.0,413032000.0,1.003,413032000.0,338823000.0,253592000.0,1.1,0.98,1.1,1908068000.0,1899738000.0,1908068000.0,4700838806.0,14.0,11.381,124106000.0,0.594,1.0,302657000.0,0.735,0.0,85231000.0,5199305000.0,4884624500.0,0.0,501405000.0,,,1780539000.0,,,3251240806.0,9841000.0,-132294000.0,132667000.0,238819000.0,-229368000.0,142118000.0,-396762000.0,4892000.0,264485000.0,0.0,244587000.0,225890000.0,225890000.0,-20935000.0,0.0,0.548,92165000.0,210492000.0,0.0,0.927,1.704,14.393,14.136,2807378000.0,18697000.0,15.55,7.892,7.892,190630000.0,-87230000.0,411990000.0,411990000.0,0.0,0.064,0.119,0.069,0.822,0.0,29952000.0,1.0,209083010.0,209083010.0,,1.97,3688607000.0,0.0,9005000.0,0.0,17.642,
76,KIM,MRT,2002-06-30,2002-06-30,2002-06-30,2021-08-02,12422000.0,3546527000.0,3407113500.0,,,0.123,9.125,-132722000.0,27459000.0,27459000.0,108110000.0,243081000.0,,0.861,1477057000.0,,,1477057000.0,0.0,74209000.0,0.0,0.06,1.0,347240000.0,421449000.0,1.008,421449000.0,347240000.0,261973000.0,1.105,0.99,1.105,1905479000.0,1862250750.0,1905479000.0,4807628240.0,14.0,11.407,151027000.0,0.723,1.0,309920000.0,0.741,0.0,85267000.0,4996125000.0,4729772000.0,0.0,442176000.0,,,1641048000.0,,,3496514240.0,-55834000.0,-112775000.0,133168000.0,134221000.0,-223128000.0,44261000.0,-383844000.0,-8664000.0,283749000.0,0.0,243081000.0,222450000.0,222450000.0,-19603000.0,0.0,0.532,95617000.0,214303000.0,0.0,0.905,1.835,15.718,15.154,2790607000.0,20631000.0,16.745,8.364,8.364,186488000.0,-89007000.0,418030000.0,418030000.0,0.0,0.065,0.119,0.073,0.831,0.0,29090000.0,1.0,208809450.0,208809450.0,,2.002,3546527000.0,0.0,18892000.0,0.0,16.985,
77,KIM,MRT,2002-03-31,2002-03-31,2002-03-31,2021-08-02,7045000.0,3412943000.0,3329209500.0,,,0.127,9.085,-76534000.0,26466000.0,26466000.0,106376000.0,241378000.0,,0.801,1337580000.0,,,1337580000.0,0.0,74209000.0,0.0,0.06,0.98,344550000.0,418759000.0,0.987,418759000.0,344550000.0,258800000.0,1.11,1.0,1.11,1895321000.0,1823116750.0,1895321000.0,4645053340.0,13.0,11.092,215681000.0,1.034,1.0,317920000.0,0.749,0.0,85750000.0,4724057000.0,4601327000.0,0.0,387481000.0,,,1517622000.0,,,3410821340.0,1103000.0,-54165000.0,148828000.0,2006000.0,-216560000.0,-65726000.0,-225386000.0,8207000.0,292215000.0,0.0,241378000.0,218786000.0,218786000.0,-18741000.0,0.0,0.516,98836000.0,219084000.0,0.0,0.883,1.8,15.59,14.73,2755819000.0,22592000.0,16.35,8.039,8.039,164253000.0,-91115000.0,424296000.0,424296000.0,0.0,0.066,0.12,0.075,0.812,0.0,28072000.0,1.0,208612926.0,208612926.0,,2.034,3412943000.0,0.0,17422000.0,0.0,16.36,
78,KIM,MRT,2001-12-31,2001-12-31,2001-12-31,2021-08-02,7310000.0,3384779000.0,3277550250.0,,,0.132,9.808,-62486000.0,93847000.0,93847000.0,108245000.0,236538000.0,,0.791,1328079000.0,,,1328079000.0,0.0,74209000.0,0.0,0.06,0.98,337552000.0,411761000.0,0.954,411761000.0,337552000.0,250547000.0,1.1,0.99,1.1,1890084000.0,1779336250.0,1890084000.0,4445633919.0,13.0,10.797,224958000.0,1.167,1.0,323253000.0,0.749,0.0,87005000.0,4619011000.0,4547967250.0,0.0,363530000.0,,,1494695000.0,,,3149943919.0,74750000.0,-63302000.0,157767000.0,-3483000.0,-209785000.0,-55501000.0,-157193000.0,6176000.0,287444000.0,0.0,236538000.0,211985000.0,211985000.0,-18191000.0,0.0,0.491,94251000.0,229002000.0,68323000.0,0.891,1.667,14.859,14.859,2748486000.0,24553000.0,16.345,7.3,7.3,101685000.0,-93131000.0,431498000.0,431498000.0,0.0,0.065,0.119,0.074,0.782,0.0,28336000.0,1.0,192716055.0,192716055.0,,2.239,3384779000.0,0.0,14009000.0,0.0,17.564,
79,KIM,MRT,2001-09-30,2001-09-30,2001-09-30,2021-08-02,3324000.0,3284205000.0,3224192500.0,,,0.14,9.143,-92546000.0,33654000.0,33654000.0,112474000.0,228513000.0,,0.868,1329344000.0,,,1329344000.0,0.0,71129000.0,0.0,0.059,0.947,352114000.0,423243000.0,0.938,423243000.0,352114000.0,261409000.0,1.062,0.988,1.062,1758119000.0,1732900000.0,1758119000.0,4359215663.0,12.0,10.3,205055000.0,1.066,1.0,338579000.0,0.751,0.0,90705000.0,4579895000.0,4512693000.0,0.0,324693000.0,,,1526086000.0,,,3111781663.0,-10136000.0,-75042000.0,32945000.0,41679000.0,-206477000.0,-132211000.0,-175526000.0,-7938000.0,297601000.0,0.0,248271000.0,202261000.0,202261000.0,-11275000.0,-19758000.0,0.448,90295000.0,248284000.0,0.0,0.892,1.77,15.385,15.239,2754423000.0,46010000.0,16.183,6.899,6.899,49857000.0,-96215000.0,451053000.0,451053000.0,0.0,0.063,0.117,0.078,0.781,0.0,27901000.0,1.0,192283110.0,192283110.0,,2.346,3284205000.0,0.0,13138000.0,0.0,17.08,
80,KIM,MRT,2001-06-30,2001-06-30,2001-06-30,2021-08-02,2633000.0,3234911000.0,3189636500.0,,,0.142,9.173,-56307000.0,83293000.0,83293000.0,112320000.0,220775000.0,,0.85,1330727000.0,,,1330727000.0,0.0,71129000.0,0.0,0.059,0.927,328553000.0,399682000.0,0.881,399682000.0,328553000.0,236580000.0,1.027,0.955,1.027,1748943000.0,1718333250.0,1748943000.0,4313715779.0,13.0,10.793,213586000.0,1.12,1.0,341129000.0,0.752,0.0,91973000.0,4482345000.0,4465333500.0,0.0,295739000.0,,,1485968000.0,,,3009403779.0,64551000.0,-45673000.0,104610000.0,-611000.0,-200738000.0,-97097000.0,-108245000.0,-6265000.0,269893000.0,0.0,233963000.0,194496000.0,194496000.0,-11118000.0,-13188000.0,0.429,89532000.0,251597000.0,0.0,0.903,1.721,15.473,15.368,2706830000.0,39467000.0,15.783,6.637,6.637,47210000.0,-102719000.0,453449000.0,453449000.0,0.0,0.061,0.113,0.074,0.725,0.0,27250000.0,1.0,190669722.0,190669722.0,,2.378,3234911000.0,0.0,2617000.0,0.0,16.966,
81,KIM,MRT,2001-03-31,2001-03-31,2001-03-31,2021-08-02,-1122000.0,3206306000.0,3154380000.0,,,0.143,9.066,-98229000.0,25363000.0,25363000.0,112472000.0,212369000.0,,0.864,1329675000.0,,,1329675000.0,0.0,71129000.0,0.0,0.063,0.907,313286000.0,384415000.0,0.853,384415000.0,313286000.0,220924000.0,0.995,0.92,0.995,1720199000.0,1687111000.0,1720199000.0,4026308905.0,13.0,10.474,161697000.0,0.852,1.0,338109000.0,0.75,0.0,92362000.0,4510618000.0,4442880250.0,0.0,222515000.0,,,1486107000.0,,,2719742905.0,-13201000.0,-61625000.0,89497000.0,11013000.0,-195176000.0,-97529000.0,-175598000.0,-15744000.0,259926000.0,0.0,218987000.0,186090000.0,186090000.0,-11100000.0,-6618000.0,0.413,90595000.0,247514000.0,0.0,0.912,1.581,14.615,14.405,2716874000.0,32897000.0,14.333,6.036,6.036,49099000.0,-109365000.0,450581000.0,450581000.0,0.0,0.059,0.11,0.071,0.695,0.0,27054000.0,1.0,189749505.0,189749505.0,,2.375,3206306000.0,0.0,1937000.0,0.0,16.898,
82,KIM,MRT,2000-12-31,2000-12-31,2000-12-31,2021-08-02,0.0,3171348000.0,3121355000.0,,,0.141,9.01,-130500000.0,19097000.0,19097000.0,107509000.0,205025000.0,,0.861,1325663000.0,,,1325663000.0,0.0,71129000.0,0.0,0.062,0.907,296895000.0,368024000.0,0.834,368024000.0,296895000.0,205025000.0,0.965,0.895,0.965,1704339000.0,1658962500.0,1704339000.0,4030955948.0,14.0,10.953,120046000.0,0.635,1.0,333827000.0,0.756,0.0,91870000.0,4477914000.0,4401638500.0,0.0,278579000.0,,,1467009000.0,,,2786479948.0,-8979000.0,-34532000.0,77170000.0,47690000.0,-189896000.0,-67899000.0,-191626000.0,-26594000.0,250546000.0,0.0,205025000.0,178697000.0,178697000.0,-11100000.0,0.0,0.405,92980000.0,240847000.0,64024000.0,0.94,1.635,15.593,15.264,2722557000.0,26328000.0,14.73,6.314,6.314,44673000.0,-113110000.0,441336000.0,441336000.0,0.0,0.057,0.108,0.067,0.673,0.0,25485000.0,1.0,189170397.0,189170397.0,,2.333,3171348000.0,0.0,0.0,0.0,16.765,
83,KIM,MRT,2000-09-30,2000-09-30,2000-09-30,2021-08-02,0.0,3145981000.0,3080387000.0,,,0.147,9.253,-195258000.0,43790000.0,43790000.0,110997000.0,200402000.0,,0.851,1288266000.0,,,1288266000.0,0.0,67416000.0,0.0,0.047,0.66,263376000.0,330792000.0,0.732,330792000.0,263376000.0,174026000.0,0.95,0.937,0.95,1699852000.0,1634236500.0,1699852000.0,3885770952.0,15.0,11.747,68782000.0,0.374,1.0,340840000.0,0.754,0.0,89350000.0,4390457000.0,4339402750.0,0.0,198179000.0,,,1446129000.0,,,2587123952.0,10858000.0,-749000.0,75056000.0,89320000.0,-183509000.0,-21638000.0,-231544000.0,-20526000.0,264040000.0,0.0,174026000.0,174026000.0,174026000.0,0.0,26376000.0,0.385,90745000.0,250095000.0,0.0,0.695,1.522,14.866,14.825,2707886000.0,0.0,14.083,5.726,5.726,41603000.0,-114944000.0,451837000.0,451837000.0,0.0,0.056,0.106,0.061,0.583,0.0,25098000.0,1.0,183701109.0,183701109.0,,2.46,3145981000.0,0.0,0.0,0.0,17.126,
84,KIM,MRT,2000-06-30,2000-06-30,2000-06-30,2021-08-02,0.0,3093885000.0,3022306250.0,,,0.146,8.895,-212661000.0,18742000.0,18742000.0,111343000.0,194504000.0,,0.905,1317389000.0,,,1317389000.0,0.0,67416000.0,0.0,0.047,0.64,253584000.0,321000000.0,0.726,321000000.0,253584000.0,168080000.0,0.923,0.913,0.923,1624054000.0,1610512500.0,1624054000.0,3767873345.0,15.0,11.738,38347000.0,0.21,1.0,330812000.0,0.748,0.0,85504000.0,4392532000.0,4247181000.0,0.0,190640000.0,,,1469831000.0,,,2496428345.0,-13579000.0,11381000.0,2685000.0,139664000.0,-179572000.0,-39728000.0,-224859000.0,-9043000.0,251008000.0,0.0,168080000.0,168080000.0,168080000.0,0.0,26424000.0,0.38,88918000.0,241894000.0,0.0,0.693,1.537,14.853,14.814,2712682000.0,0.0,13.673,5.646,5.646,37099000.0,-117018000.0,442155000.0,442155000.0,0.0,0.056,0.104,0.06,0.574,0.0,24643000.0,1.0,182576427.0,182576427.0,,2.422,3093885000.0,0.0,0.0,0.0,16.946,
85,KIM,MRT,2000-03-31,2000-03-31,2000-03-31,2021-08-02,0.0,3074206000.0,2960964000.0,,,0.146,8.814,-208542000.0,38564000.0,38564000.0,109962000.0,185999000.0,,0.912,1310009000.0,,,1310009000.0,0.0,67416000.0,0.0,0.05,0.62,242216000.0,309632000.0,0.714,309632000.0,242216000.0,159524000.0,0.877,0.87,0.877,1607605000.0,1600855000.0,1607605000.0,3501329738.0,14.0,11.308,32708000.0,0.179,1.0,323398000.0,0.746,0.0,82692000.0,4345651000.0,4130607000.0,0.0,192335000.0,,,1466601000.0,,,2279834738.0,-2272000.0,69634000.0,2076000.0,89536000.0,-175554000.0,-83942000.0,-159580000.0,-12026000.0,241250000.0,0.0,159524000.0,159524000.0,159524000.0,0.0,26475000.0,0.368,88849000.0,234549000.0,0.0,0.707,1.418,14.291,14.253,2672129000.0,0.0,12.5,5.261,5.261,39689000.0,-120998000.0,433360000.0,433360000.0,0.0,0.054,0.1,0.059,0.559,0.0,24085000.0,1.0,182386779.0,182386779.0,,2.376,3074206000.0,0.0,0.0,0.0,16.855,
86,KIM,MRT,1999-12-31,1999-12-31,1999-12-31,2021-08-02,0.0,3007476000.0,2979270000.0,,,0.146,8.812,-267649000.0,28076000.0,28076000.0,111814000.0,176778000.0,,0.873,1249571000.0,,,1249571000.0,0.0,67416000.0,0.0,0.073,0.82,233946000.0,301362000.0,0.695,301362000.0,233946000.0,150300000.0,0.83,0.82,0.83,1605435000.0,1594795250.0,1605435000.0,3165461679.0,14.0,10.504,-30496000.0,-0.167,1.0,322066000.0,0.742,0.0,83646000.0,4228971000.0,4166344750.0,0.0,195479000.0,,,1402041000.0,,,2057549679.0,-15844000.0,72100000.0,3528000.0,118402000.0,-169708000.0,-47778000.0,-205219000.0,-1024000.0,237153000.0,0.0,150300000.0,150300000.0,150300000.0,0.0,26478000.0,0.346,89697000.0,232369000.0,64954000.0,0.988,1.282,13.69,13.606,2627312000.0,0.0,11.293,4.742,4.742,31689000.0,-122959000.0,433880000.0,433880000.0,0.0,0.05,0.094,0.056,0.539,0.0,23833000.0,1.0,182191530.0,182191530.0,,2.381,3007476000.0,0.0,0.0,0.0,16.507,
87,KIM,MRT,1999-09-30,1999-09-30,1999-09-30,2021-08-02,0.0,2913658000.0,2990195500.0,,,0.145,8.812,-286560000.0,32932000.0,32932000.0,112242000.0,165540000.0,,0.815,1140844000.0,,,1140844000.0,0.0,51348000.0,0.0,0.051,0.607,223374000.0,274722000.0,0.634,274722000.0,223374000.0,138577000.0,0.77,0.763,0.77,1604956000.0,1589691250.0,1604956000.0,3248234453.0,15.0,11.824,-73265000.0,-0.402,1.0,321010000.0,0.741,0.0,84797000.0,4021570000.0,4183306750.0,0.0,186728000.0,,,1308702000.0,,,2170514453.0,2151000.0,64436000.0,102004000.0,161817000.0,-165180000.0,26317000.0,-237461000.0,4015000.0,213295000.0,0.0,138577000.0,138577000.0,138577000.0,0.0,26963000.0,0.32,91763000.0,229247000.0,0.0,0.788,1.352,15.663,15.476,2538998000.0,0.0,11.917,5.01,5.01,36898000.0,-125450000.0,433252000.0,433252000.0,0.0,0.046,0.087,0.053,0.516,0.0,23889000.0,1.0,182141073.0,182141073.0,,2.379,2913658000.0,0.0,0.0,0.0,15.997,
88,KIM,MRT,1999-06-30,1999-06-30,1999-06-30,2021-08-02,0.0,2848516000.0,2980427644.0,,,0.143,8.783,-556832000.0,32321000.0,32321000.0,110634000.0,151181000.0,,0.797,1110041000.0,,,1110041000.0,0.0,51348000.0,0.0,0.043,0.567,207806000.0,259154000.0,0.609,259154000.0,207806000.0,122939000.0,0.693,0.713,0.693,1585424000.0,1578417965.0,1585424000.0,3732881124.0,18.0,14.404,-353605000.0,-1.959,1.0,314659000.0,0.74,0.0,84867000.0,3926236000.0,4171904758.0,0.0,187998000.0,,,1263092000.0,,,2391709124.0,-1601000.0,62221000.0,179358000.0,351963000.0,-149526000.0,309471000.0,-514299000.0,139000.0,203227000.0,0.0,122939000.0,122939000.0,122939000.0,0.0,28242000.0,0.289,90551000.0,224108000.0,0.0,0.818,1.509,19.454,19.12,2485007000.0,0.0,13.25,5.624,5.624,33262000.0,-128014000.0,425293000.0,425293000.0,0.0,0.041,0.078,0.05,0.489,0.0,23428000.0,1.0,180506349.0,180506349.0,,2.356,2848516000.0,0.0,0.0,0.0,15.781,
89,KIM,MRT,1999-03-31,1999-03-31,1999-03-31,2021-08-02,0.0,3147430000.0,2900495378.0,,,0.134,8.772,-579848000.0,40836000.0,40836000.0,102815000.0,136270000.0,,0.988,1382008000.0,,,1382008000.0,0.0,51348000.0,0.0,0.043,0.527,186716000.0,238064000.0,0.613,238064000.0,186716000.0,109605000.0,0.667,0.683,0.667,1583366000.0,1553510339.0,1583366000.0,3464665057.0,19.0,14.554,-396473000.0,-2.196,1.0,285747000.0,0.735,0.0,77111000.0,4488602000.0,4046683677.0,0.0,79317000.0,,,1564064000.0,,,2219024717.0,6459000.0,-11650000.0,283930000.0,358342000.0,-130806000.0,439142000.0,-616058000.0,1157000.0,183375000.0,0.0,109605000.0,109605000.0,109605000.0,0.0,26665000.0,0.282,81690000.0,204057000.0,0.0,0.79,1.401,20.246,18.431,2865253000.0,0.0,12.293,5.711,5.711,36185000.0,-127425000.0,388562000.0,388562000.0,0.0,0.038,0.071,0.046,0.481,0.0,21370000.0,1.0,180506349.0,180506349.0,,2.153,3147430000.0,0.0,0.0,0.0,17.437,
90,KIM,MRT,1998-12-31,1998-12-31,1998-12-31,2021-08-02,0.0,3051178000.0,2481417279.0,,,0.137,9.153,-583979000.0,43920000.0,43920000.0,91286000.0,122266000.0,,0.925,1289561000.0,,,1289561000.0,0.0,51348000.0,0.0,0.052,0.687,162524000.0,213872000.0,0.631,213872000.0,162524000.0,97612000.0,0.65,0.673,0.65,1585019000.0,1344002100.0,1585019000.0,3392331077.0,21.0,15.862,-425273000.0,-2.456,1.0,247512000.0,0.731,0.0,64912000.0,4296819000.0,3446578942.0,0.0,79435000.0,,,1466159000.0,,,2290955619.0,12942000.0,-12919000.0,282881000.0,387816000.0,-113908000.0,484465000.0,-630229000.0,-5633000.0,158706000.0,0.0,97612000.0,97612000.0,97612000.0,0.0,24654000.0,0.288,69931000.0,177581000.0,66179000.0,1.057,1.445,23.47,20.354,2767952000.0,0.0,13.23,6.762,6.762,31821000.0,-124183000.0,338798000.0,338798000.0,0.0,0.039,0.073,0.047,0.48,0.0,18583000.0,1.0,173163690.0,173163690.0,,1.957,3051178000.0,0.0,0.0,0.0,17.62,
91,KIM,MRT,1998-09-30,1998-09-30,1998-09-30,2021-08-02,0.0,2874586574.0,2054595310.0,,,0.14,9.151,-554201656.0,30780884.0,30780884.0,80482119.0,107814760.0,,0.843,1132156342.0,,,1132156342.0,0.0,30053000.0,0.0,0.051,0.64,138134473.0,168187473.0,0.584,168187473.0,138134473.0,85655035.0,0.637,0.653,0.637,1559862861.0,1133577153.0,1559862861.0,3055584747.0,22.0,18.168,-404096278.0,-2.371,1.0,207690704.0,0.721,0.0,52479438.0,3975962032.0,2833505656.0,0.0,74350803.0,,,1314723713.0,,,2159020008.0,-91864743.0,-17403932.0,186505219.0,258116754.0,-97362395.0,347259578.0,-589229699.0,-15643111.0,150105378.0,0.0,85655035.0,85655035.0,85655035.0,0.0,22159725.0,0.297,58368242.0,149322462.0,0.0,1.005,1.384,25.206,19.885,2650747449.0,0.0,12.667,7.492,7.492,24117472.0,-117874213.0,288172823.0,288172823.0,0.0,0.042,0.076,0.049,0.479,0.0,15618842.0,1.0,170448948.0,170448948.0,,1.691,2874586574.0,0.0,0.0,0.0,16.865,
92,KIM,MRT,1998-06-30,1998-06-30,1998-06-30,2021-08-02,0.0,2528786937.0,,,,,11.596,-347303507.0,33921947.0,33921947.0,68150695.0,97200844.0,,0.702,930486686.0,,,930486686.0,0.0,30053000.0,0.0,0.046,0.623,120413653.0,150466653.0,0.625,150466653.0,120413653.0,78328694.0,0.647,0.633,0.647,1485793495.0,,1485793495.0,2368197024.0,20.0,15.739,-208233516.0,-1.625,1.0,172759747.0,0.717,0.0,42084959.0,3425351676.0,,0.0,15220823.0,,,1042993442.0,,,1751131566.0,10990798.0,-20752932.0,244001601.0,100949059.0,-90206705.0,254743955.0,-382823148.0,-12785709.0,139069991.0,0.0,78328694.0,78328694.0,78328694.0,0.0,18872150.0,0.325,48104262.0,124655485.0,0.0,0.963,1.179,22.356,21.123,2311122932.0,0.0,13.667,7.269,7.269,24806498.0,-113286460.0,240910442.0,240910442.0,0.0,,,,0.5,0.0,13120981.0,1.0,128131578.0,128131578.0,,1.88,2528786937.0,0.0,0.0,0.0,19.736,
93,KIM,MRT,1998-03-31,1998-03-31,1998-03-31,2021-08-02,0.0,1471117604.0,,,,,6.147,-345688208.0,34377395.0,34377395.0,60269033.0,90715727.0,,0.974,651442853.0,,,651442853.0,0.0,30053000.0,0.0,0.051,0.607,108766548.0,138819548.0,0.64,138819548.0,108766548.0,72278152.0,0.627,0.617,0.627,745333044.0,,745333044.0,1930581937.0,18.0,13.907,-215485194.0,-1.777,1.0,156576650.0,0.722,0.0,36488396.0,2088183062.0,,0.0,15539477.0,,,725784560.0,,,1429946207.0,7890644.0,-11278000.0,138187600.0,197722097.0,-86386056.0,249523641.0,-371836011.0,-12888803.0,130203014.0,0.0,72278152.0,72278152.0,72278152.0,0.0,18437575.0,0.333,44131061.0,112445589.0,0.0,0.968,1.919,19.784,18.809,1311322749.0,0.0,11.793,6.594,6.594,18304186.0,-114168822.0,216845683.0,216845683.0,0.0,,,,0.502,0.0,12077309.0,1.0,121250385.0,121250385.0,,1.788,1471117604.0,0.0,0.0,0.0,12.133,
94,KIM,MRT,1997-12-31,1997-12-31,1997-12-31,2021-08-02,0.0,1343890124.0,1183461342.0,,,0.168,6.13,-259676000.0,30978178.0,30978178.0,53413000.0,85836000.0,,0.808,531613908.0,,,531613908.0,0.0,30053000.0,0.0,0.05,0.59,99144000.0,129197000.0,0.649,129197000.0,99144000.0,67399000.0,0.6,0.593,0.6,743319211.0,674545090.0,743319211.0,,,,-134569000.0,-1.11,1.0,145516000.0,0.731,0.0,31745000.0,1844525854.0,1597394074.0,0.0,25732183.0,,,600570913.0,,,1424692024.0,-6447000.0,-10009000.0,138098000.0,93732000.0,-82561000.0,149269000.0,-280823000.0,-11138000.0,125107000.0,0.0,67399000.0,67399000.0,67399000.0,0.0,18437000.0,0.339,41704000.0,103812000.0,34288409.0,0.983,1.917,21.138,19.583,1196788068.0,0.0,11.75,7.162,7.162,16203454.0,-115642791.0,198929000.0,198929000.0,0.0,0.057,0.1,0.062,0.498,0.0,11651000.0,1.0,121250385.0,121250385.0,,1.641,1343890124.0,0.0,0.0,0.0,11.084,
95,KIM,MRT,1997-09-30,1997-09-30,1997-09-30,2021-08-02,,,,,,,,,,,,,,,,,,,,,,0.049,0.573,,,,,,,,,,,,,,,,,,1.0,,,,,,,,,,,,,,,,,,,,,,,,,,,,,,,,,,,,,,,,11.627,,,,,,,,,,,,,,1.0,,,,,,,,,,
96,KIM,MRT,1997-06-30,1997-06-30,1997-06-30,2021-08-02,,,,,,,,,,,,,,,,,,,,,,0.053,0.56,,,,,,,,,,,,,,,,,,1.0,,,,,,,,,,,,,,,,,,,,,,,,,,,,,,,,,,,,,,,,10.583,,,,,,,,,,,,,,1.0,,,,,,,,,,
97,KIM,MRT,1997-03-31,1997-03-31,1997-03-31,2021-08-02,,,,,,,,,,,,,,,,,,,,,,0.05,0.547,,,,,,,,,,,,,,,,,,1.0,,,,,,,,,,,,,,,,,,,,,,,,,,,,,,,,,,,,,,,,10.833,,,,,,,,,,,,,,1.0,,,,,,,,,,
98,KIM,MRT,1996-12-31,1996-12-31,1996-12-31,2021-08-02,0.0,1023032561.0,,,,,,-139091684.0,37425206.0,37425206.0,42892691.0,73826893.0,,0.689,364654939.0,,,364654939.0,0.0,27066709.0,0.0,0.046,0.533,84711701.0,111778410.0,0.665,111778410.0,84711701.0,57692418.0,0.537,0.53,0.537,605770969.0,,605770969.0,,,,-37199873.0,,1.0,125251728.0,0.745,0.0,27019283.0,1350262294.0,,0.0,34137543.0,,,417261592.0,,,,21260540.0,0.0,157714972.0,-24567796.0,-69751755.0,63395421.0,-144026692.0,-4935008.0,101891811.0,0.0,57692418.0,57692418.0,57692418.0,0.0,16134475.0,0.343,36598678.0,88653050.0,21983886.0,0.993,,,21.651,891503339.0,0.0,11.627,,,13986138.0,-115093138.0,168144419.0,168144419.0,0.0,,,,0.504,0.0,10333924.0,1.0,,,,,1023032561.0,0.0,0.0,0.0,,
99,KIM,MRT,1995-12-31,1995-12-31,1995-12-31,2021-08-02,,,,,,,,-100164089.0,,,37106424.0,51921799.0,,,,,,,,26187794.0,,0.054,0.49,69876306.0,96064100.0,0.671,96064100.0,69876306.0,44291243.0,0.443,0.44,0.443,,,,,,,-25931094.0,,1.0,106025741.0,0.741,,25585063.0,,,,,,,,,,,5220440.0,-24625747.0,122343419.0,-10209658.0,-53885490.0,58248271.0,-127260826.0,-2470990.0,74232995.0,0.0,44291243.0,44291243.0,44291243.0,0.0,7630556.0,0.309,35019420.0,71006321.0,,1.106,,,20.504,,0.0,9.083,,,,,143132165.0,143132165.0,0.0,,,,0.488,0.0,8831626.0,1.0,,,,,,,0.0,,,
