None,ticker,dimension,calendardate,datekey,reportperiod,lastupdated,accoci,assets,assetsavg,assetsc,assetsnc,assetturnover,bvps,capex,cashneq,cashnequsd,cor,consolinc,currentratio,de,debt,debtc,debtnc,debtusd,deferredrev,depamor,deposits,divyield,dps,ebit,ebitda,ebitdamargin,ebitdausd,ebitusd,ebt,eps,epsdil,epsusd,equity,equityavg,equityusd,ev,evebit,evebitda,fcf,fcfps,fxusd,gp,grossmargin,intangibles,intexp,invcap,invcapavg,inventory,investments,investmentsc,investmentsnc,liabilities,liabilitiesc,liabilitiesnc,marketcap,ncf,ncfbus,ncfcommon,ncfdebt,ncfdiv,ncff,ncfi,ncfinv,ncfo,ncfx,netinc,netinccmn,netinccmnusd,netincdis,netincnci,netmargin,opex,opinc,payables,payoutratio,pb,pe,pe1,ppnenet,prefdivis,price,ps,ps1,receivables,retearn,revenue,revenueusd,rnd,roa,roe,roic,ros,sbcomp,sgna,sharefactor,sharesbas,shareswa,shareswadil,sps,tangibles,taxassets,taxexp,taxliabilities,tbvps,workingcapital
0,RDC,MRY,2018-12-31,2018-12-31,2018-12-31,2019-02-27,-285100000.0,8117700000.0,8202000000.0,1300300000.0,6817400000.0,0.101,39.624,-227300000.0,1026700000.0,1026700000.0,682700000.0,-347400000.0,2.867,0.612,2510900000.0,201200000.0,2309700000.0,2510900000.0,16700000.0,388900000.0,0.0,0.0,0.0,-242700000.0,146200000.0,0.177,146200000.0,-242700000.0,-399000000.0,-2.74,-2.74,-2.74,5035000000.0,5159175000.0,5035000000.0,2544406259.0,-10.0,17.404,-387400000.0,-3.049,1.0,142100000.0,0.172,0.0,156300000.0,9148300000.0,9268200000.0,0.0,497200000.0,0.0,497200000.0,3082700000.0,453600000.0,2629100000.0,1066106259.0,-305400000.0,93200000.0,100000.0,-6100000.0,0.0,-11200000.0,-134100000.0,0.0,-160100000.0,0.0,-347400000.0,-347400000.0,-347400000.0,0.0,0.0,-0.421,506000000.0,-363900000.0,122300000.0,0.0,0.212,-3.069,-3.062,6201000000.0,0.0,8.39,1.293,1.293,251200000.0,3810500000.0,824800000.0,824800000.0,0.0,-0.042,-0.067,-0.026,-0.294,24000000.0,96100000.0,1.0,127068684.0,127068684.0,,6.491,8117700000.0,0.0,-51600000.0,11700000.0,63.884,846700000.0
1,RDC,MRY,2017-12-31,2017-12-31,2017-12-31,2019-02-27,-218900000.0,8458300000.0,8460225000.0,1560400000.0,6897900000.0,0.152,42.661,-105000000.0,1332100000.0,1332100000.0,685000000.0,72700000.0,6.062,0.57,2510300000.0,0.0,2510300000.0,2510300000.0,1100000.0,403700000.0,0.0,0.0,0.0,255000000.0,658700000.0,0.513,658700000.0,255000000.0,99300000.0,0.58,0.57,0.58,5386100000.0,5330675000.0,5386100000.0,3267323530.0,13.0,4.96,194800000.0,1.543,1.0,597800000.0,0.466,0.0,155700000.0,9379100000.0,9477300000.0,0.0,301100000.0,0.0,301100000.0,3072200000.0,257400000.0,2814800000.0,1977123530.0,76600000.0,57500000.0,0.0,-170000000.0,0.0,-175700000.0,-47500000.0,0.0,299800000.0,0.0,72700000.0,72700000.0,72700000.0,0.0,0.0,0.057,517700000.0,80100000.0,97200000.0,0.0,0.367,27.196,27.0,6552700000.0,0.0,15.66,1.541,1.541,212800000.0,4109700000.0,1282800000.0,1282800000.0,0.0,0.009,0.014,0.027,0.199,29000000.0,104600000.0,1.0,126253099.0,126253099.0,,10.161,8458300000.0,0.0,26600000.0,10900000.0,66.995,1303000000.0
2,RDC,MRY,2016-12-31,2016-12-31,2016-12-31,2019-02-27,-197000000.0,8675600000.0,8588097000.0,1580300000.0,7095300000.0,0.215,40.768,-111400000.0,1255500000.0,1255500000.0,779700000.0,320600000.0,3.266,0.696,2680200000.0,126800000.0,2553400000.0,2680200000.0,103900000.0,402900000.0,0.0,0.0,0.0,481100000.0,884000000.0,0.48,884000000.0,481100000.0,325600000.0,2.56,2.55,2.56,5113900000.0,5074481250.0,5113900000.0,3977645109.0,8.0,4.5,818200000.0,6.523,1.0,1063500000.0,0.577,0.0,155500000.0,9616500000.0,9895312500.0,0.0,0.0,0.0,0.0,3561700000.0,483800000.0,3077900000.0,2369545109.0,771300000.0,0.0,0.0,-44500000.0,0.0,-46900000.0,-111400000.0,0.0,929600000.0,0.0,320600000.0,320600000.0,320600000.0,0.0,0.0,0.174,546700000.0,516800000.0,94300000.0,0.0,0.463,7.391,7.379,7060000000.0,0.0,18.89,1.286,1.286,301300000.0,3830400000.0,1843200000.0,1843200000.0,0.0,0.037,0.063,0.049,0.261,34600000.0,102200000.0,1.0,125439127.0,125439127.0,,14.694,8675600000.0,0.0,5000000.0,185700000.0,69.162,1096500000.0
3,RDC,MRY,2015-12-31,2015-12-31,2015-12-31,2019-02-27,-199300000.0,8347300000.0,8464426500.0,921300000.0,7426000000.0,0.252,38.237,-703500000.0,484200000.0,484200000.0,993100000.0,93300000.0,2.803,0.749,2692400000.0,0.0,2692400000.0,2692400000.0,33100000.0,392700000.0,0.0,0.024,0.4,303000000.0,695700000.0,0.326,695700000.0,303000000.0,157700000.0,0.75,0.75,0.75,4772500000.0,4777976250.0,4772500000.0,4631794656.0,15.0,6.658,294600000.0,2.36,1.0,1143900000.0,0.535,0.0,145300000.0,10226800000.0,10660195250.0,0.0,0.0,0.0,0.0,3574800000.0,328700000.0,3246100000.0,2115589656.0,145000000.0,0.0,0.0,-97900000.0,-50500000.0,-149600000.0,-703500000.0,0.0,998100000.0,0.0,93300000.0,93300000.0,93300000.0,0.0,0.0,0.044,836800000.0,307100000.0,109600000.0,0.533,0.443,22.675,22.6,7405800000.0,0.0,16.95,0.99,0.99,410500000.0,3509800000.0,2137000000.0,2137000000.0,0.0,0.011,0.02,0.028,0.142,33600000.0,115800000.0,1.0,124813549.0,124813549.0,,17.122,8347300000.0,0.0,64400000.0,195800000.0,66.878,592600000.0
4,RDC,MRY,2014-12-31,2014-12-31,2014-12-31,2019-02-27,-220118000.0,8392350000.0,8706030750.0,938939000.0,7453411000.0,0.21,37.67,-1936200000.0,339154000.0,339154000.0,991300000.0,-114900000.0,2.818,0.789,2788482000.0,0.0,2788482000.0,2788482000.0,36189000.0,322600000.0,0.0,0.013,0.3,-161700000.0,160900000.0,0.088,160900000.0,-161700000.0,-265600000.0,-0.93,-0.93,-0.93,4691399000.0,4937609750.0,4691399000.0,5004057169.0,-31.0,31.1,-1513200000.0,-12.15,1.0,833100000.0,0.457,0.0,103900000.0,10508457000.0,10277983000.0,0.0,0.0,0.0,0.0,3700951000.0,333221000.0,3367730000.0,2904246169.0,-753600000.0,0.0,4700000.0,792700000.0,-37700000.0,759600000.0,-1936200000.0,0.0,423000000.0,0.0,-114900000.0,-114900000.0,-114900000.0,-4000000.0,0.0,-0.063,999800000.0,-166700000.0,102773000.0,-0.323,0.619,-25.276,-25.075,7432212000.0,0.0,23.32,1.592,1.592,545204000.0,3466993000.0,1824400000.0,1824400000.0,0.0,-0.013,-0.023,-0.016,-0.089,34500000.0,125800000.0,1.0,124538858.0,124538858.0,,14.649,8392350000.0,27485000.0,-150700000.0,210982000.0,67.387,605718000.0
5,RDC,MRY,2013-12-31,2013-12-31,2013-12-31,2019-02-27,-142445000.0,7975761000.0,7888507750.0,1528878000.0,6446883000.0,0.2,39.391,-562761000.0,1092844000.0,1092844000.0,860893000.0,252576000.0,4.312,0.63,2008700000.0,0.0,2008700000.0,2008700000.0,54515000.0,271008000.0,0.0,0.0,0.0,331033000.0,602041000.0,0.381,602041000.0,331033000.0,261239000.0,2.04,2.03,2.04,4893761000.0,4742749500.0,4893761000.0,5393046847.0,16.0,8.958,60415000.0,0.486,1.0,718391000.0,0.455,0.0,69794000.0,8537033000.0,8583255750.0,0.0,0.0,0.0,0.0,3082000000.0,354584000.0,2727416000.0,4392999847.0,68836000.0,0.0,2911000.0,0.0,0.0,8421000.0,-562761000.0,0.0,623176000.0,0.0,252576000.0,252576000.0,252576000.0,0.0,0.0,0.16,386715000.0,331676000.0,123976000.0,0.0,0.898,17.393,17.333,6385755000.0,0.0,35.36,2.782,2.782,344546000.0,3619540000.0,1579284000.0,1579284000.0,0.0,0.032,0.053,0.039,0.21,33931000.0,131373000.0,1.0,124236421.0,124236421.0,,12.712,7975761000.0,22137000.0,8663000.0,429655000.0,64.198,1174294000.0
6,RDC,MRY,2012-12-31,2012-12-31,2012-12-31,2019-02-27,-221082000.0,7699487000.0,7079202500.0,1552550000.0,6146937000.0,0.197,36.489,-674756000.0,1024008000.0,1024008000.0,752173000.0,180602000.0,5.279,0.699,2009598000.0,0.0,2009598000.0,2009598000.0,52340000.0,247900000.0,0.0,0.0,0.0,211490000.0,459390000.0,0.33,459390000.0,211490000.0,160773000.0,1.47,1.46,1.47,4531724000.0,4457959500.0,4531724000.0,4948409538.0,23.0,10.772,-281047000.0,-2.263,1.0,640434000.0,0.46,0.0,50717000.0,8390983000.0,7649188250.0,0.0,0.0,0.0,0.0,3167763000.0,294094000.0,2873669000.0,3883548538.0,585155000.0,0.0,588000.0,864450000.0,0.0,866202000.0,-674756000.0,0.0,393709000.0,0.0,180602000.0,180602000.0,180602000.0,22697000.0,0.0,0.13,385382000.0,255052000.0,83004000.0,0.0,0.857,21.503,21.272,6071729000.0,0.0,31.27,2.789,2.789,423839000.0,3366964000.0,1392607000.0,1392607000.0,0.0,0.026,0.041,0.028,0.152,24808000.0,99712000.0,1.0,124194069.0,124194069.0,,11.213,7699487000.0,26628000.0,-19829000.0,473872000.0,61.996,1258456000.0
7,RDC,MRY,2011-12-31,2011-12-31,2011-12-31,2019-02-27,-225671000.0,6597845000.0,6564851500.0,821715000.0,5776130000.0,0.143,34.613,-1511940000.0,438853000.0,438853000.0,508066000.0,736841000.0,2.359,0.525,1134358000.0,45023000.0,1089335000.0,1134358000.0,36220000.0,204872000.0,0.0,0.0,0.0,751253000.0,956125000.0,1.018,956125000.0,751253000.0,731182000.0,5.89,5.83,5.89,4325987000.0,4200093750.0,4325987000.0,4046047709.0,5.0,4.232,-1417261000.0,-11.34,1.0,431163000.0,0.459,0.0,20071000.0,6944979000.0,6719165500.0,0.0,0.0,0.0,0.0,2271858000.0,348371000.0,1923487000.0,3790649709.0,1374000.0,1555480000.0,-105072000.0,-52166000.0,0.0,-152110000.0,58805000.0,0.0,94679000.0,0.0,736841000.0,736841000.0,736841000.0,-601102000.0,0.0,0.785,281580000.0,149583000.0,111082000.0,0.0,0.876,5.144,5.149,5678713000.0,0.0,30.33,4.036,4.036,283592000.0,3186362000.0,939229000.0,939229000.0,0.0,0.112,0.175,0.112,0.8,22088000.0,88278000.0,1.0,124980208.0,124980208.0,,7.515,6597845000.0,27023000.0,-5659000.0,476443000.0,52.791,473344000.0
8,RDC,MRY,2010-12-31,2010-12-31,2010-12-31,2019-02-27,-145495000.0,6217457000.0,5798193000.0,1775253000.0,4442204000.0,0.176,29.729,-487293000.0,452744000.0,452744000.0,416832000.0,279995000.0,2.752,0.657,1185911000.0,52166000.0,1133745000.0,1185911000.0,7748000.0,186563000.0,0.0,0.0,0.0,396808000.0,583371000.0,0.573,583371000.0,396808000.0,371929000.0,2.39,2.36,2.39,3752310000.0,3471755000.0,3752310000.0,4978794148.0,13.0,8.535,20869000.0,0.165,1.0,600873000.0,0.59,0.0,24879000.0,6305659000.0,5639974500.0,0.0,0.0,0.0,0.0,2465147000.0,644965000.0,1820182000.0,4406271148.0,-202202000.0,-17681000.0,7959000.0,-198496000.0,0.0,-190125000.0,-520239000.0,0.0,508162000.0,0.0,279995000.0,279995000.0,279995000.0,-12394000.0,0.0,0.275,222611000.0,378262000.0,81715000.0,0.0,1.174,15.737,14.607,4344522000.0,0.0,34.91,4.33,4.33,269896000.0,2449521000.0,1017705000.0,1017705000.0,0.0,0.048,0.081,0.07,0.39,15578000.0,78658000.0,1.0,126218022.0,126218022.0,,8.063,6217457000.0,13043000.0,91934000.0,435292000.0,49.26,1130288000.0
9,RDC,MRY,2009-12-31,2009-12-31,2009-12-31,2019-02-27,-150321000.0,5210694000.0,4890224750.0,1549797000.0,3660897000.0,0.213,27.344,-557791000.0,639681000.0,639681000.0,404313000.0,367504000.0,2.727,0.675,852412000.0,64922000.0,787490000.0,852412000.0,164624000.0,171445000.0,0.0,0.0,0.0,494718000.0,666163000.0,0.639,666163000.0,494718000.0,486690000.0,3.24,3.24,3.24,3110370000.0,2943530500.0,3110370000.0,2760298417.0,6.0,4.144,-13697000.0,-0.12,1.0,638690000.0,0.612,0.0,8028000.0,4855153000.0,4530125250.0,451659000.0,0.0,0.0,0.0,2100324000.0,568272000.0,1532052000.0,2575321417.0,417253000.0,0.0,1471000.0,426807000.0,0.0,430950000.0,-557791000.0,0.0,544094000.0,0.0,367504000.0,367504000.0,367504000.0,-39172000.0,0.0,0.352,184350000.0,454340000.0,124562000.0,0.0,0.828,7.008,6.988,3579485000.0,0.0,22.64,2.469,2.469,343642000.0,2169526000.0,1043003000.0,1043003000.0,0.0,0.075,0.125,0.109,0.474,13034000.0,65953000.0,1.0,113750946.0,113750946.0,,9.169,5210694000.0,38071000.0,119186000.0,465700000.0,45.808,981525000.0
10,RDC,MRY,2008-12-31,2008-12-31,2008-12-31,2019-02-27,-217016000.0,4548892000.0,4223568250.0,1369187000.0,3179705000.0,0.524,23.537,-773048000.0,222428000.0,222428000.0,1254610000.0,427628000.0,1.839,0.71,420482000.0,64922000.0,355560000.0,420482000.0,231205000.0,141395000.0,0.0,0.025,0.4,655289000.0,796684000.0,0.36,796684000.0,655289000.0,654091000.0,3.8,3.77,3.8,2659816000.0,2597877500.0,2659816000.0,2078274798.0,3.0,2.609,-78579000.0,-0.695,1.0,958126000.0,0.433,0.0,1198000.0,4002304000.0,3862325750.0,551429000.0,0.0,0.0,0.0,1889076000.0,744642000.0,1144434000.0,1796758798.0,-62030000.0,0.0,32227000.0,-64922000.0,-44989000.0,-75001000.0,-681498000.0,0.0,694469000.0,0.0,427628000.0,427628000.0,427628000.0,0.0,0.0,0.193,300003000.0,658123000.0,235048000.0,0.105,0.676,4.202,4.184,3147528000.0,0.0,15.9,0.812,0.812,484962000.0,1802022000.0,2212736000.0,2212736000.0,0.0,0.101,0.165,0.17,0.296,15834000.0,115226000.0,1.0,113003698.0,113003698.0,,19.581,4548892000.0,50902000.0,226463000.0,426848000.0,40.254,624545000.0
11,RDC,MRY,2007-12-31,2007-12-31,2007-12-31,2019-02-27,-96125000.0,3875305000.0,3717735000.0,1302967000.0,2572338000.0,0.564,21.103,-416834000.0,334458000.0,334458000.0,1187953000.0,483800000.0,2.629,0.65,485404000.0,64922000.0,420482000.0,485404000.0,0.0,118796000.0,0.0,0.01,0.4,764999000.0,883795000.0,0.422,883795000.0,764999000.0,739086000.0,4.36,4.31,4.36,2348438000.0,2144483750.0,2348438000.0,4499202293.0,6.0,5.091,15709000.0,0.141,1.0,907068000.0,0.433,34527000.0,25913000.0,3496135000.0,3256685500.0,456363000.0,0.0,0.0,0.0,1526867000.0,495589000.0,1031278000.0,4391318293.0,26417000.0,0.0,12266000.0,-64922000.0,-44368000.0,-95369000.0,-310757000.0,0.0,432543000.0,0.0,483800000.0,483800000.0,483800000.0,0.0,0.0,0.231,173195000.0,733873000.0,100880000.0,0.092,1.87,9.077,9.05,2487811000.0,0.0,39.46,2.096,2.096,478017000.0,1419417000.0,2095021000.0,2095021000.0,0.0,0.13,0.226,0.235,0.365,9326000.0,94905000.0,1.0,111285309.0,111285309.0,,18.826,3840778000.0,22960000.0,255286000.0,412931000.0,34.513,807378000.0
12,RDC,MRY,2006-12-31,2006-12-31,2006-12-31,2019-02-27,-110370000.0,3435398000.0,3242739000.0,1102849000.0,2332549000.0,0.466,16.97,-441953000.0,414118000.0,414118000.0,877092000.0,318246000.0,2.134,0.833,550326000.0,64922000.0,485404000.0,550326000.0,0.0,89971000.0,0.0,0.017,0.55,522944000.0,612915000.0,0.406,612915000.0,522944000.0,494623000.0,2.89,2.85,2.89,1874046000.0,1785231750.0,1874046000.0,3791588795.0,7.0,6.186,-149884000.0,-1.357,1.0,633642000.0,0.419,43246000.0,28321000.0,3011654000.0,2859916500.0,345095000.0,0.0,0.0,0.0,1561352000.0,516706000.0,1044646000.0,3666459795.0,-417862000.0,1953000.0,9176000.0,-64922000.0,-60488000.0,-113854000.0,-596077000.0,0.0,292069000.0,0.0,318246000.0,318246000.0,318246000.0,-1269000.0,0.0,0.211,147948000.0,485694000.0,141206000.0,0.19,1.956,11.521,11.488,2133226000.0,0.0,33.2,2.427,2.427,418985000.0,981610000.0,1510734000.0,1510734000.0,0.0,0.098,0.178,0.183,0.346,10754000.0,78243000.0,1.0,110435536.0,110435536.0,,13.68,3392152000.0,18421000.0,176377000.0,347065000.0,30.716,586143000.0
13,RDC,MRY,2005-12-31,2005-12-31,2005-12-31,2019-02-27,-83660000.0,2975183000.0,2698010250.0,1208132000.0,1767051000.0,0.396,14.809,-109504000.0,675903000.0,675903000.0,641947000.0,229800000.0,3.547,0.837,615248000.0,64922000.0,550326000.0,615248000.0,0.0,81291000.0,0.0,0.014,0.5,383235000.0,464526000.0,0.435,464526000.0,383235000.0,357433000.0,2.11,2.08,2.11,1619739000.0,1525652000.0,1619739000.0,4010337456.0,10.0,8.633,223666000.0,2.045,1.0,426835000.0,0.399,46317000.0,25802000.0,2527598000.0,2546839000.0,196010000.0,0.0,0.0,0.0,1355444000.0,340613000.0,1014831000.0,3898180456.0,209926000.0,20866000.0,34008000.0,-24024000.0,-54143000.0,-44159000.0,-79085000.0,9553000.0,333170000.0,0.0,229800000.0,229800000.0,229800000.0,-11963000.0,0.0,0.215,86235000.0,340600000.0,82935000.0,0.237,2.407,16.963,16.891,1720734000.0,0.0,35.64,3.647,3.647,253194000.0,724096000.0,1068782000.0,1068782000.0,0.0,0.085,0.151,0.15,0.359,4115000.0,71428000.0,1.0,109376556.0,109376556.0,,9.772,2928866000.0,65984000.0,127633000.0,314723000.0,26.778,867519000.0
14,RDC,MRY,2004-12-31,2004-12-31,2004-12-31,2019-02-27,-70782000.0,2492286000.0,2440863000.0,807097000.0,1685189000.0,0.278,13.138,-122206000.0,465977000.0,465977000.0,503728000.0,-1273000.0,3.437,0.769,639272000.0,64922000.0,574350000.0,639272000.0,0.0,95650000.0,0.0,0.0,0.0,36746000.0,132396000.0,0.195,132396000.0,36746000.0,15835000.0,-0.01,-0.01,-0.01,1408884000.0,1403287500.0,1408884000.0,3121688389.0,85.0,23.578,-5099000.0,-0.048,1.0,175948000.0,0.259,15695000.0,20911000.0,2415086000.0,2549884250.0,164113000.0,0.0,0.0,0.0,1083402000.0,234800000.0,848602000.0,2777375389.0,407750000.0,117014000.0,280897000.0,14938000.0,0.0,295835000.0,-5192000.0,0.0,117107000.0,0.0,-1273000.0,-1273000.0,-1273000.0,28758000.0,0.0,-0.002,117463000.0,58485000.0,26095000.0,0.0,1.971,-2181.756,-2590.0,1669494000.0,0.0,25.9,4.086,4.086,132445000.0,548476000.0,679676000.0,679676000.0,0.0,-0.001,-0.001,0.014,0.054,6480000.0,40721000.0,1.0,107234571.0,107234571.0,,6.338,2476591000.0,19332000.0,17108000.0,163336000.0,23.095,572297000.0
15,RDC,MRY,2003-12-31,2003-12-31,2003-12-31,2019-02-27,-54685000.0,2190809000.0,2126308500.0,444224000.0,1746585000.0,0.249,12.086,-243403000.0,57809000.0,57809000.0,415996000.0,-7774000.0,2.954,0.927,624334000.0,55267000.0,569067000.0,624334000.0,0.0,86851000.0,0.0,0.0,0.0,10465000.0,97316000.0,0.184,97316000.0,10465000.0,-9562000.0,-0.08,-0.08,-0.08,1136830000.0,1123669000.0,1136830000.0,2734334562.0,261.0,28.097,-195153000.0,-2.075,1.0,113258000.0,0.214,17150000.0,20027000.0,2589819000.0,2504594500.0,157645000.0,0.0,0.0,0.0,1053979000.0,150365000.0,903614000.0,2179429562.0,-120529000.0,0.0,5592000.0,69032000.0,0.0,74624000.0,-243403000.0,0.0,48250000.0,0.0,-7774000.0,-7774000.0,-7774000.0,4441000.0,0.0,-0.015,104095000.0,9163000.0,22810000.0,0.0,1.917,-280.349,-289.625,1614597000.0,0.0,23.17,4.118,4.118,111709000.0,549749000.0,529254000.0,529254000.0,0.0,-0.004,-0.007,0.004,0.02,7108000.0,36095000.0,1.0,94062562.0,94062562.0,,5.627,2173659000.0,66474000.0,-1788000.0,202214000.0,23.109,293859000.0
16,RDC,MRY,2002-12-31,2002-12-31,2002-12-31,2019-02-27,-55200000.0,2054504000.0,2022836500.0,469902000.0,1584602000.0,0.236,12.098,-217115000.0,178756000.0,178756000.0,406510000.0,86278000.0,4.052,0.815,555302000.0,42458000.0,512844000.0,555302000.0,0.0,78091000.0,0.0,0.011,0.25,148817000.0,226908000.0,0.475,226908000.0,148817000.0,128172000.0,0.92,0.9,0.92,1131777000.0,1171340000.0,1131777000.0,2492533508.0,17.0,10.985,-98925000.0,-1.057,1.0,70818000.0,0.148,17458000.0,20645000.0,2297617000.0,2211520500.0,162960000.0,0.0,0.0,0.0,922727000.0,115975000.0,806752000.0,2123521508.0,-58233000.0,0.0,-10157000.0,74360000.0,-23511000.0,40692000.0,-217115000.0,0.0,118190000.0,0.0,86278000.0,86278000.0,86278000.0,-8629000.0,0.0,0.181,96883000.0,-26065000.0,30000000.0,0.272,1.876,24.613,24.674,1567144000.0,0.0,22.7,4.449,4.449,109320000.0,557523000.0,477328000.0,477328000.0,0.0,0.043,0.074,0.067,0.312,7176000.0,34592000.0,1.0,93547203.0,93547203.0,,5.103,2037046000.0,10855000.0,41894000.0,166060000.0,21.776,353927000.0
17,RDC,MRY,2001-12-31,2001-12-31,2001-12-31,2019-02-27,-12540000.0,1938955000.0,1821752250.0,506682000.0,1432273000.0,0.401,11.821,-301305000.0,236989000.0,236989000.0,510264000.0,76998000.0,2.515,0.75,480942000.0,42458000.0,438484000.0,480942000.0,0.0,68499000.0,0.0,0.0,0.0,144447000.0,212946000.0,0.291,212946000.0,144447000.0,120207000.0,0.82,0.8,0.82,1108087000.0,1112456000.0,1108087000.0,2098769401.0,15.0,9.856,-19577000.0,-0.209,1.0,220800000.0,0.302,13430000.0,24240000.0,1967984000.0,1925897500.0,143189000.0,0.0,0.0,0.0,830868000.0,201494000.0,629374000.0,1815728401.0,44161000.0,0.0,-16984000.0,80722000.0,0.0,63738000.0,-301305000.0,0.0,281728000.0,0.0,76998000.0,76998000.0,76998000.0,0.0,0.0,0.105,96169000.0,124631000.0,28903000.0,0.0,1.639,23.582,23.622,1418843000.0,0.0,19.37,2.484,2.484,120199000.0,494756000.0,731064000.0,731064000.0,0.0,0.042,0.069,0.075,0.198,7769000.0,27670000.0,1.0,93739205.0,93739205.0,,7.799,1925525000.0,3117000.0,43209000.0,127952000.0,20.541,305188000.0
18,RDC,MRY,2000-12-31,2000-12-31,2000-12-31,2019-02-27,0.0,1678426000.0,1595532000.0,483357000.0,1195069000.0,0.405,11.156,-212276000.0,192828000.0,192828000.0,451452000.0,70213000.0,4.632,0.594,400220000.0,28008000.0,372212000.0,400220000.0,0.0,58865000.0,0.0,0.0,0.0,136515000.0,195380000.0,0.302,195380000.0,136515000.0,110863000.0,0.76,0.74,0.76,1052757000.0,888240500.0,1052757000.0,2757451958.0,20.0,14.113,-108243000.0,-1.147,1.0,194507000.0,0.301,0.0,25652000.0,1781464000.0,1619904500.0,128892000.0,0.0,0.0,0.0,625669000.0,104354000.0,521315000.0,2547950958.0,105773000.0,-7245000.0,249841000.0,-28580000.0,0.0,221261000.0,-219521000.0,0.0,104033000.0,0.0,70213000.0,70213000.0,70213000.0,0.0,0.0,0.109,82937000.0,111570000.0,24769000.0,0.0,2.42,36.289,35.526,1182780000.0,0.0,27.0,3.944,3.944,154541000.0,417758000.0,645959000.0,645959000.0,0.0,0.044,0.079,0.084,0.211,6766000.0,24072000.0,1.0,94368554.0,94368554.0,,6.845,1678426000.0,3699000.0,40650000.0,91390000.0,17.786,379003000.0
19,RDC,MRY,1999-12-31,1999-12-31,1999-12-31,2019-02-27,0.0,1356067000.0,1294439000.0,325075000.0,1030992000.0,0.356,8.692,-201529000.0,87055000.0,87055000.0,395592000.0,-9666000.0,1.607,0.874,425800000.0,129123000.0,296677000.0,425800000.0,0.0,54699000.0,0.0,0.0,0.0,8219000.0,62918000.0,0.137,62918000.0,8219000.0,-14536000.0,-0.12,-0.12,-0.12,723724000.0,719970750.0,723724000.0,2132622291.0,259.0,33.895,-163623000.0,-1.965,1.0,64970000.0,0.141,0.0,22755000.0,1492529000.0,1479962750.0,120456000.0,0.0,0.0,0.0,632343000.0,202283000.0,430060000.0,1806082291.0,-61779000.0,0.0,-950000.0,102794000.0,0.0,101844000.0,-201529000.0,0.0,37906000.0,0.0,-9666000.0,-9666000.0,-9666000.0,0.0,0.0,-0.021,73098000.0,-8128000.0,22742000.0,0.0,2.496,-186.849,-180.75,1025739000.0,0.0,21.69,3.921,3.921,93083000.0,347545000.0,460562000.0,460562000.0,0.0,-0.007,-0.013,0.006,0.018,5485000.0,18399000.0,1.0,83267971.0,83267971.0,,5.531,1356067000.0,18604000.0,-4870000.0,78113000.0,16.286,122792000.0
20,RDC,MRY,1998-12-31,1998-12-31,1998-12-31,2019-02-27,0.0,1249108000.0,1203341500.0,365652000.0,883456000.0,0.587,8.708,-239657000.0,148834000.0,148834000.0,450944000.0,124460000.0,4.594,0.711,323006000.0,12756000.0,310250000.0,323006000.0,0.0,49703000.0,0.0,0.0,0.0,211201000.0,260904000.0,0.369,260904000.0,211201000.0,193701000.0,1.45,1.43,1.45,729996000.0,725109750.0,729996000.0,978578946.0,5.0,3.751,8036000.0,0.096,1.0,255406000.0,0.362,0.0,17500000.0,1343687000.0,1258149250.0,113916000.0,0.0,0.0,0.0,519112000.0,79593000.0,439519000.0,828262946.0,40502000.0,19550000.0,-53940000.0,66856000.0,0.0,12916000.0,-220107000.0,0.0,247693000.0,0.0,124460000.0,124460000.0,124460000.0,0.0,0.0,0.176,68069000.0,187337000.0,17744000.0,0.0,1.135,6.655,6.814,877197000.0,0.0,9.88,1.173,1.173,81097000.0,357211000.0,706350000.0,706350000.0,0.0,0.103,0.172,0.168,0.299,5028000.0,18366000.0,1.0,83832282.0,83832282.0,,8.426,1249108000.0,11327000.0,69241000.0,75255000.0,14.9,286059000.0
21,RDC,MRY,1997-12-31,1997-12-31,1997-12-31,2019-02-27,0.0,1122135000.0,1010721500.0,412378000.0,709757000.0,0.688,7.519,-176220000.0,108332000.0,108332000.0,448747000.0,146659000.0,5.058,0.718,256150000.0,0.0,256150000.0,256150000.0,0.0,47078000.0,0.0,0.0,0.0,189730000.0,236808000.0,0.341,236808000.0,189730000.0,163522000.0,1.7,1.65,1.7,653098000.0,574658500.0,653098000.0,,,,29481000.0,0.339,1.0,246505000.0,0.355,0.0,26208000.0,1188427000.0,1088244500.0,101916000.0,25737000.0,0.0,25737000.0,469037000.0,81526000.0,387511000.0,2649360601.0,11107000.0,229000.0,0.0,-11503000.0,0.0,-18603000.0,-175991000.0,0.0,205701000.0,0.0,146659000.0,146659000.0,146659000.0,0.0,0.0,0.211,64049000.0,182456000.0,22839000.0,0.0,4.057,18.065,17.941,677160000.0,0.0,30.5,3.811,3.811,133627000.0,232751000.0,695252000.0,695252000.0,0.0,0.145,0.255,0.174,0.273,4720000.0,16971000.0,1.0,86864282.0,86864282.0,,8.004,1122135000.0,60809000.0,16863000.0,74956000.0,12.918,330852000.0
22,RDC,MRY,1996-12-31,1996-12-31,1996-12-31,2019-02-27,0.0,899308000.0,,317319000.0,581989000.0,,,-111118000.0,97225000.0,97225000.0,428016000.0,61338000.0,3.721,0.812,271253000.0,3932000.0,267321000.0,271253000.0,0.0,47882000.0,0.0,0.0,0.0,88077000.0,135959000.0,0.238,135959000.0,88077000.0,60530000.0,0.72,0.7,0.72,496219000.0,,496219000.0,,,,-27371000.0,,1.0,143144000.0,0.251,0.0,27547000.0,988062000.0,,88673000.0,28049000.0,0.0,28049000.0,403089000.0,85274000.0,317815000.0,,6887000.0,6978000.0,0.0,26654000.0,0.0,27280000.0,-104140000.0,0.0,83747000.0,0.0,61338000.0,61338000.0,61338000.0,0.0,0.0,0.107,64473000.0,78671000.0,28106000.0,0.0,,,31.417,546200000.0,0.0,22.62,,,112836000.0,86092000.0,571160000.0,571160000.0,0.0,,,,0.154,4600000.0,16591000.0,1.0,,,,,899308000.0,0.0,-808000.0,1774000.0,,232045000.0
23,RDC,MRY,1995-12-31,1995-12-31,1995-12-31,2019-02-27,,,,,,,,-17868000.0,,,408305000.0,-18436000.0,,,,,,,,50555000.0,,0.0,0.0,10020000.0,60575000.0,0.129,60575000.0,10020000.0,-17682000.0,-0.22,-0.22,-0.22,,,,,,,-24657000.0,,1.0,62992000.0,0.134,,27702000.0,,,,,,,,,,,-20732000.0,3676000.0,0.0,-290000.0,0.0,249000.0,-14192000.0,0.0,-6789000.0,0.0,-18436000.0,-18436000.0,-18436000.0,0.0,0.0,-0.039,65247000.0,-2255000.0,,0.0,,,-43.727,,0.0,9.62,,,,,471297000.0,471297000.0,0.0,,,,0.021,4255000.0,14692000.0,,,,,,,,754000.0,,,
0,RDC,MRQ,2018-12-31,2018-12-31,2018-12-31,2019-02-27,-285100000.0,8117700000.0,,1300300000.0,6817400000.0,,39.624,-47700000.0,1026700000.0,1026700000.0,166700000.0,-14300000.0,2.867,0.612,2510900000.0,201200000.0,2309700000.0,2510900000.0,16700000.0,94600000.0,0.0,0.0,0.0,-32000000.0,62600000.0,0.349,62600000.0,-32000000.0,-71700000.0,-0.11,-0.11,-0.11,5035000000.0,,5035000000.0,2544406259.0,-10.0,17.404,-95400000.0,-0.751,1.0,12700000.0,0.071,0.0,39700000.0,9148300000.0,,0.0,497200000.0,0.0,497200000.0,3082700000.0,453600000.0,2629100000.0,1066106259.0,-5700000.0,90900000.0,100000.0,0.0,0.0,-1200000.0,43200000.0,0.0,-47700000.0,0.0,-14300000.0,-14300000.0,-14300000.0,0.0,0.0,-0.08,129300000.0,-116600000.0,122300000.0,0.0,0.212,-3.069,-3.062,6201000000.0,0.0,8.39,1.293,1.293,251200000.0,3810500000.0,179400000.0,179400000.0,0.0,,,,,4600000.0,18700000.0,1.0,127068684.0,127068684.0,,1.412,8117700000.0,0.0,-57400000.0,11700000.0,63.884,846700000.0
1,RDC,MRQ,2018-09-30,2018-09-30,2018-09-30,2019-02-27,-241700000.0,8131400000.0,,1345300000.0,6786100000.0,,40.038,-33900000.0,1032400000.0,1032400000.0,182300000.0,-144100000.0,2.968,0.598,2510700000.0,201100000.0,2309600000.0,2510700000.0,17800000.0,99000000.0,0.0,0.0,0.0,-101400000.0,-2400000.0,-0.012,-2400000.0,-101400000.0,-140600000.0,-1.13,-1.13,-1.13,5088800000.0,,5088800000.0,3770326519.0,-60.0,11.38,-100400000.0,-0.79,1.0,10600000.0,0.055,0.0,39200000.0,9156400000.0,,0.0,303300000.0,0.0,303300000.0,3042600000.0,453300000.0,2589300000.0,2392426519.0,-100300000.0,600000.0,0.0,-100000.0,0.0,-500000.0,-33300000.0,0.0,-66500000.0,0.0,-144100000.0,-144100000.0,-144100000.0,0.0,0.0,-0.747,127100000.0,-116500000.0,112200000.0,0.0,0.47,-10.821,-10.884,6438100000.0,0.0,18.83,2.539,2.54,281500000.0,3824800000.0,192900000.0,192900000.0,0.0,,,,,8400000.0,26600000.0,1.0,127053984.0,127100000.0,127100000.0,1.518,8131400000.0,0.0,3500000.0,11100000.0,63.976,892000000.0
2,RDC,MRQ,2018-06-30,2018-06-30,2018-06-30,2019-02-27,-241000000.0,8230900000.0,,1385900000.0,6845000000.0,,41.179,-40800000.0,1132700000.0,1132700000.0,176300000.0,-76700000.0,6.089,0.574,2510600000.0,0.0,2510600000.0,2510600000.0,6800000.0,97400000.0,0.0,0.0,0.0,-41700000.0,55700000.0,0.231,55700000.0,-41700000.0,-80600000.0,-0.6,-0.6,-0.6,5229700000.0,,5229700000.0,3354671303.0,97.0,7.749,-75600000.0,-0.595,1.0,65000000.0,0.269,0.0,38900000.0,9381200000.0,,0.0,300800000.0,0.0,300800000.0,3001200000.0,227600000.0,2773600000.0,2058271303.0,-81400000.0,400000.0,0.0,-6000000.0,0.0,-6200000.0,-40400000.0,0.0,-34800000.0,0.0,-76700000.0,-76700000.0,-76700000.0,0.0,0.0,-0.318,124800000.0,-59800000.0,89500000.0,0.0,0.394,-21.024,-21.065,6498000000.0,0.0,16.22,1.978,1.979,238100000.0,3968900000.0,241300000.0,241300000.0,0.0,,,,,6700000.0,25200000.0,1.0,126897121.0,127000000.0,127000000.0,1.9,8230900000.0,0.0,-3900000.0,11100000.0,64.81,1158300000.0
3,RDC,MRQ,2018-03-31,2018-03-31,2018-03-31,2019-02-27,-261700000.0,8328000000.0,,1432200000.0,6895800000.0,,41.841,-104900000.0,1214100000.0,1214100000.0,157400000.0,-112300000.0,6.03,0.576,2510500000.0,0.0,2510500000.0,2510500000.0,4400000.0,97900000.0,0.0,0.0,0.0,-67600000.0,30300000.0,0.143,30300000.0,-67600000.0,-106100000.0,-0.89,-0.89,-0.89,5283200000.0,,5283200000.0,2635329973.0,24.0,5.164,-116000000.0,-0.919,1.0,53800000.0,0.255,0.0,38500000.0,9386900000.0,,0.0,299600000.0,0.0,299600000.0,3044800000.0,237500000.0,2807300000.0,1457129973.0,-118000000.0,1300000.0,0.0,0.0,0.0,-3300000.0,-103600000.0,0.0,-11100000.0,0.0,-112300000.0,-112300000.0,-112300000.0,0.0,0.0,-0.532,124800000.0,-71000000.0,93400000.0,0.0,0.276,-29.201,-28.85,6554000000.0,0.0,11.54,1.301,1.301,202800000.0,4048500000.0,211200000.0,211200000.0,0.0,,,,,4300000.0,25600000.0,1.0,126267762.0,126267762.0,,1.673,8328000000.0,0.0,6200000.0,10800000.0,65.955,1194700000.0
4,RDC,MRQ,2017-12-31,2017-12-31,2017-12-31,2019-02-27,-218900000.0,8458300000.0,,1560400000.0,6897900000.0,,42.661,-27900000.0,1332100000.0,1332100000.0,176200000.0,112000000.0,6.062,0.57,2510300000.0,0.0,2510300000.0,2510300000.0,1100000.0,99700000.0,0.0,0.0,0.0,148000000.0,247700000.0,0.835,247700000.0,148000000.0,109300000.0,0.89,0.88,0.89,5386100000.0,,5386100000.0,3267323530.0,13.0,4.96,30900000.0,0.245,1.0,120500000.0,0.406,0.0,38700000.0,9379100000.0,,0.0,301100000.0,0.0,301100000.0,3072200000.0,257400000.0,2814800000.0,1977123530.0,112100000.0,82500000.0,0.0,0.0,0.0,-1300000.0,54600000.0,0.0,58800000.0,0.0,112000000.0,112000000.0,112000000.0,0.0,0.0,0.377,133100000.0,-12600000.0,97200000.0,0.0,0.367,27.196,27.0,6552700000.0,0.0,15.66,1.541,1.541,212800000.0,4109700000.0,296700000.0,296700000.0,0.0,,,,,9500000.0,33300000.0,1.0,126253099.0,126253099.0,,2.35,8458300000.0,0.0,-2700000.0,10900000.0,66.995,1303000000.0
5,RDC,MRQ,2017-09-30,2017-09-30,2017-09-30,2019-02-27,-194300000.0,8373200000.0,,1488600000.0,6884600000.0,,41.955,-21100000.0,1220000000.0,1220000000.0,168700000.0,-20900000.0,5.801,0.581,2510200000.0,0.0,2510200000.0,2510200000.0,43800000.0,103400000.0,0.0,0.0,0.0,-4200000.0,99200000.0,0.34,99200000.0,-4200000.0,-42700000.0,-0.17,-0.17,-0.17,5294700000.0,,5294700000.0,2993596413.0,27.0,5.785,81400000.0,0.645,1.0,122900000.0,0.421,0.0,38500000.0,9406800000.0,,0.0,25000000.0,0.0,25000000.0,3078500000.0,256600000.0,2821900000.0,1622196413.0,74800000.0,0.0,0.0,-6600000.0,0.0,-6600000.0,-21100000.0,0.0,102500000.0,0.0,-20900000.0,-20900000.0,-20900000.0,0.0,0.0,-0.072,131100000.0,-8200000.0,71400000.0,0.0,0.306,-25.466,-25.196,6815900000.0,0.0,12.85,1.212,1.212,244100000.0,3997700000.0,291600000.0,291600000.0,0.0,,,,,7300000.0,24900000.0,1.0,126240966.0,126200000.0,126200000.0,2.311,8373200000.0,0.0,-21800000.0,19200000.0,66.349,1232000000.0
6,RDC,MRQ,2017-06-30,2017-06-30,2017-06-30,2019-02-27,-195300000.0,8456100000.0,,1484800000.0,6971300000.0,,42.044,-25200000.0,1145200000.0,1145200000.0,168800000.0,-28700000.0,4.996,0.592,2516600000.0,0.0,2516600000.0,2516600000.0,74500000.0,101500000.0,0.0,0.0,0.0,31600000.0,133100000.0,0.416,133100000.0,31600000.0,-7300000.0,-0.23,-0.23,-0.23,5310100000.0,,5310100000.0,2670549838.0,18.0,4.827,31500000.0,0.249,1.0,151400000.0,0.473,0.0,38900000.0,9530300000.0,,0.0,25000000.0,0.0,25000000.0,3146000000.0,297200000.0,2848800000.0,1291249838.0,-28000000.0,-25000000.0,0.0,-35400000.0,0.0,-34500000.0,-50200000.0,0.0,56700000.0,0.0,-28700000.0,-28700000.0,-28700000.0,0.0,0.0,-0.09,126800000.0,24600000.0,87800000.0,0.0,0.243,-34.618,-34.133,6901300000.0,0.0,10.24,0.906,0.907,310100000.0,4018600000.0,320200000.0,320200000.0,0.0,,,,,5400000.0,22200000.0,1.0,126098617.0,126300000.0,126300000.0,2.535,8456100000.0,0.0,21400000.0,22400000.0,66.952,1187600000.0
7,RDC,MRQ,2017-03-31,2017-03-31,2017-03-31,2019-02-27,-196100000.0,8553300000.0,,1514900000.0,7038400000.0,,42.486,-30800000.0,1173200000.0,1173200000.0,171300000.0,10300000.0,4.461,0.604,2552500000.0,0.0,2552500000.0,2552500000.0,108200000.0,99100000.0,0.0,0.0,0.0,79600000.0,178700000.0,0.477,178700000.0,79600000.0,40000000.0,0.08,0.07,0.08,5331800000.0,,5331800000.0,3379923053.0,9.0,4.235,51000000.0,0.406,1.0,203000000.0,0.542,0.0,39600000.0,9593000000.0,,0.0,0.0,0.0,0.0,3221500000.0,339600000.0,2881900000.0,1955223053.0,-82300000.0,0.0,0.0,-128000000.0,0.0,-133300000.0,-30800000.0,0.0,81800000.0,0.0,10300000.0,10300000.0,10300000.0,0.0,0.0,0.028,126700000.0,76300000.0,93100000.0,0.0,0.367,9.396,9.386,6983800000.0,0.0,15.58,1.139,1.139,317100000.0,4047300000.0,374300000.0,374300000.0,0.0,,,,,6800000.0,24200000.0,1.0,125495703.0,125495703.0,,2.983,8553300000.0,0.0,29700000.0,8800000.0,68.156,1175300000.0
8,RDC,MRQ,2016-12-31,2016-12-31,2016-12-31,2019-02-27,-197000000.0,8675600000.0,,1580300000.0,7095300000.0,,40.768,-24000000.0,1255500000.0,1255500000.0,181400000.0,-24400000.0,3.266,0.696,2680200000.0,126800000.0,2553400000.0,2680200000.0,103900000.0,101700000.0,0.0,0.0,0.0,4800000.0,106500000.0,0.303,106500000.0,4800000.0,-34100000.0,-0.19,-0.18,-0.19,5113900000.0,,5113900000.0,3977645109.0,8.0,4.5,212100000.0,1.691,1.0,170400000.0,0.484,0.0,38900000.0,9616500000.0,,0.0,0.0,0.0,0.0,3561700000.0,483800000.0,3077900000.0,2369545109.0,218000000.0,0.0,0.0,3400000.0,0.0,5900000.0,-24000000.0,0.0,236100000.0,0.0,-24400000.0,-24400000.0,-24400000.0,0.0,0.0,-0.069,130800000.0,39600000.0,94300000.0,0.0,0.463,7.391,7.379,7060000000.0,0.0,18.89,1.286,1.286,301300000.0,3830400000.0,351800000.0,351800000.0,0.0,,,,,8700000.0,25700000.0,1.0,125439127.0,125439127.0,,2.805,8675600000.0,0.0,-9700000.0,185700000.0,69.162,1096500000.0
9,RDC,MRQ,2016-09-30,2016-09-30,2016-09-30,2019-02-27,-174100000.0,8665000000.0,,1506600000.0,7158400000.0,,41.119,-24100000.0,1037500000.0,1037500000.0,186000000.0,5500000.0,2.223,0.68,2645600000.0,357100000.0,2288500000.0,2645600000.0,78400000.0,102200000.0,0.0,0.007,0.0,32700000.0,134900000.0,0.356,134900000.0,32700000.0,-6700000.0,0.04,0.04,0.04,5157200000.0,,5157200000.0,3785322994.0,6.0,3.577,276200000.0,2.202,1.0,193400000.0,0.51,0.0,39400000.0,9595300000.0,,0.0,0.0,0.0,0.0,3507800000.0,677800000.0,2830000000.0,1901378994.0,276100000.0,0.0,0.0,0.0,0.0,-100000.0,-24100000.0,0.0,300300000.0,0.0,5500000.0,5500000.0,5500000.0,0.0,0.0,0.014,159800000.0,33600000.0,82200000.0,0.0,0.369,4.052,4.043,7143300000.0,0.0,15.16,0.938,0.938,440500000.0,3854800000.0,379400000.0,379400000.0,0.0,,,,,8400000.0,23500000.0,1.0,125420778.0,125420778.0,,3.025,8665000000.0,0.0,-12200000.0,184800000.0,69.087,828800000.0
10,RDC,MRQ,2016-06-30,2016-06-30,2016-06-30,2019-02-27,-194355000.0,8619661000.0,,1342133000.0,7277528000.0,,40.888,-30700000.0,761423000.0,761423000.0,207500000.0,216700000.0,4.356,0.681,2645367000.0,0.0,2645367000.0,2645367000.0,23619000.0,100100000.0,0.0,0.011,0.0,277800000.0,377900000.0,0.618,377900000.0,277800000.0,239500000.0,1.73,1.72,1.73,5126792000.0,,5126792000.0,4295437566.0,10.0,5.018,199600000.0,1.592,1.0,404300000.0,0.661,0.0,38300000.0,10195459000.0,,0.0,0.0,0.0,0.0,3492869000.0,308146000.0,3184723000.0,2214316566.0,166200000.0,0.0,0.0,-31400000.0,0.0,-33400000.0,-30700000.0,0.0,230300000.0,0.0,216700000.0,216700000.0,216700000.0,0.0,0.0,0.354,128100000.0,276200000.0,109644000.0,0.0,0.432,9.868,9.866,7254933000.0,0.0,17.66,1.01,1.01,550416000.0,3849354000.0,611800000.0,611800000.0,0.0,,,,,9300000.0,26100000.0,1.0,125385989.0,125385989.0,,4.879,8619661000.0,0.0,22800000.0,190680000.0,68.745,1033987000.0
11,RDC,MRQ,2016-03-31,2016-03-31,2016-03-31,2019-02-27,-196870000.0,8392127000.0,,1041844000.0,7350283000.0,,39.255,-32600000.0,595200000.0,595200000.0,204800000.0,122800000.0,3.481,0.713,2676321000.0,21278000.0,2655043000.0,2676321000.0,30523000.0,98900000.0,0.0,0.019,0.0,165800000.0,264700000.0,0.529,264700000.0,165800000.0,126900000.0,0.98,0.98,0.98,4900033000.0,,4900033000.0,4217861006.0,14.0,6.059,130300000.0,1.044,1.0,295400000.0,0.591,0.0,38900000.0,10173991000.0,,0.0,0.0,0.0,0.0,3492094000.0,299257000.0,3192837000.0,2009670006.0,111000000.0,0.0,0.0,-16500000.0,0.0,-19300000.0,-32600000.0,0.0,162900000.0,0.0,122800000.0,122800000.0,122800000.0,0.0,0.0,0.246,128000000.0,167400000.0,87071000.0,0.0,0.41,21.741,21.757,7332124000.0,0.0,16.1,0.962,0.962,426909000.0,3632596000.0,500200000.0,500200000.0,0.0,,,,,8200000.0,26900000.0,1.0,124824224.0,124824224.0,,4.007,8392127000.0,0.0,4100000.0,185396000.0,67.232,742587000.0
12,RDC,MRQ,2015-12-31,2015-12-31,2015-12-31,2019-02-27,-199300000.0,8347300000.0,,921300000.0,7426000000.0,,38.237,-33800000.0,484200000.0,484200000.0,235800000.0,124300000.0,2.803,0.749,2692400000.0,0.0,2692400000.0,2692400000.0,33100000.0,102600000.0,0.0,0.024,0.1,178200000.0,280800000.0,0.524,280800000.0,178200000.0,137800000.0,1.0,1.0,1.0,4772500000.0,,4772500000.0,4631794656.0,15.0,6.658,305400000.0,2.447,1.0,300000000.0,0.56,0.0,40400000.0,10226800000.0,,0.0,0.0,0.0,0.0,3574800000.0,328700000.0,3246100000.0,2115589656.0,193700000.0,0.0,0.0,-97900000.0,-12600000.0,-111700000.0,-33800000.0,0.0,339200000.0,0.0,124300000.0,124300000.0,124300000.0,0.0,0.0,0.232,119800000.0,180200000.0,109600000.0,0.1,0.443,22.675,22.6,7405800000.0,0.0,16.95,0.99,0.99,410500000.0,3509800000.0,535800000.0,535800000.0,0.0,,,,,9100000.0,27400000.0,1.0,124813549.0,124813549.0,,4.293,8347300000.0,0.0,13500000.0,195800000.0,66.878,592600000.0
13,RDC,MRQ,2015-09-30,2015-09-30,2015-09-30,2019-02-27,-209863000.0,8341675000.0,,836348000.0,7505327000.0,,37.221,-55600000.0,290481000.0,290481000.0,247600000.0,-239400000.0,2.624,0.796,2806686000.0,0.0,2806686000.0,2806686000.0,48204000.0,104859000.0,0.0,0.025,0.1,-172200000.0,-67341000.0,-0.123,-67341000.0,-172200000.0,-213500000.0,-1.92,-1.92,-1.92,4644938000.0,,4644938000.0,4673768889.0,-16.0,48.948,154580000.0,1.239,1.0,297800000.0,0.546,0.0,41300000.0,10539209000.0,,0.0,0.0,0.0,0.0,3696737000.0,318671000.0,3378066000.0,2015421889.0,91900000.0,0.0,0.0,-50000000.0,-12680000.0,-62680000.0,-55600000.0,0.0,210180000.0,0.0,-239400000.0,-239400000.0,-239400000.0,0.0,0.0,-0.439,468400000.0,-170600000.0,118976000.0,-0.052,0.434,-5.631,-5.588,7468718000.0,0.0,16.15,0.934,0.934,508338000.0,3398078000.0,545400000.0,545400000.0,0.0,,,,,8130000.0,29700000.0,1.0,124793925.0,124793925.0,,4.37,8341675000.0,0.0,25900000.0,190822000.0,66.844,517677000.0
14,RDC,MRQ,2015-06-30,2015-06-30,2015-06-30,2019-02-27,-213319000.0,8656767000.0,,763889000.0,7892878000.0,,39.179,-101515000.0,198554000.0,198554000.0,253944000.0,84735000.0,1.987,0.771,2856901000.0,50000000.0,2806901000.0,2856901000.0,41102000.0,94677000.0,0.0,0.019,0.1,123261000.0,217938000.0,0.428,217938000.0,123261000.0,92421000.0,0.68,0.68,0.68,4888121000.0,,4888121000.0,5384062259.0,-662.0,15.333,102439000.0,0.821,1.0,254792000.0,0.501,0.0,30840000.0,10930719000.0,,0.0,0.0,0.0,0.0,3768646000.0,384395000.0,3384251000.0,2633740259.0,141762000.0,0.0,0.0,50000000.0,-12658000.0,39323000.0,-101515000.0,0.0,203954000.0,0.0,84735000.0,84735000.0,84735000.0,0.0,0.0,0.167,131886000.0,122906000.0,110216000.0,0.147,0.539,2472.996,-2111.0,7854169000.0,0.0,21.11,1.266,1.266,497912000.0,3650177000.0,508736000.0,508736000.0,0.0,,,,,11180000.0,31158000.0,1.0,124762684.0,124762684.0,,4.078,8656767000.0,27460000.0,7686000.0,204356000.0,69.386,379494000.0
15,RDC,MRQ,2015-03-31,2015-03-31,2015-03-31,2019-02-27,-216732000.0,8511964000.0,,611990000.0,7899974000.0,,38.584,-512585000.0,56792000.0,56792000.0,255734000.0,123669000.0,1.923,0.771,2807114000.0,0.0,2807114000.0,2807114000.0,37352000.0,90564000.0,0.0,0.023,0.1,173656000.0,264220000.0,0.483,264220000.0,173656000.0,140910000.0,0.99,0.99,0.99,4806346000.0,,4806346000.0,4674299865.0,-68.0,17.096,-267819000.0,-2.15,1.0,291305000.0,0.533,0.0,32746000.0,10944053000.0,,0.0,0.0,0.0,0.0,3705618000.0,318233000.0,3387385000.0,2206129865.0,-282362000.0,0.0,0.0,0.0,-12562000.0,-14543000.0,-512585000.0,0.0,244766000.0,0.0,123669000.0,123669000.0,123669000.0,0.0,0.0,0.226,116763000.0,174542000.0,118073000.0,0.101,0.459,-43.406,-41.186,7864026000.0,0.0,17.71,1.106,1.106,503151000.0,3578100000.0,547039000.0,547039000.0,0.0,,,,,5190000.0,27586000.0,1.0,124569727.0,124569727.0,,4.391,8511964000.0,27144000.0,17241000.0,232463000.0,68.331,293757000.0
16,RDC,MRQ,2014-12-31,2014-12-31,2014-12-31,2019-02-27,-220118000.0,8392350000.0,,938939000.0,7453411000.0,,37.67,-578553000.0,339154000.0,339154000.0,279446000.0,-326936000.0,2.818,0.789,2788482000.0,0.0,2788482000.0,2788482000.0,36189000.0,92546000.0,0.0,0.013,0.1,-411879000.0,-319333000.0,-0.574,-319333000.0,-411879000.0,-441471000.0,-2.64,-2.63,-2.64,4691399000.0,,4691399000.0,5004057169.0,-31.0,31.1,-355775000.0,-2.857,1.0,276782000.0,0.498,0.0,29592000.0,10508457000.0,,0.0,0.0,0.0,0.0,3700951000.0,333221000.0,3367730000.0,2904246169.0,-368485000.0,0.0,-25000.0,7000.0,-12577000.0,-12710000.0,-578553000.0,0.0,222778000.0,0.0,-326936000.0,-326936000.0,-326936000.0,23000.0,0.0,-0.588,688544000.0,-411762000.0,102773000.0,-0.038,0.619,-25.276,-25.075,7432212000.0,0.0,23.32,1.592,1.592,545204000.0,3466993000.0,556228000.0,556228000.0,0.0,,,,,10596000.0,33743000.0,1.0,124538858.0,124538858.0,,4.466,8392350000.0,27485000.0,-114535000.0,210982000.0,67.387,605718000.0
17,RDC,MRQ,2014-09-30,2014-09-30,2014-09-30,2019-02-27,-135451000.0,8828780000.0,,1300695000.0,7528085000.0,,41.043,-578248000.0,707729000.0,707729000.0,246907000.0,119597000.0,4.963,0.728,2807540000.0,0.0,2807540000.0,2807540000.0,31803000.0,81503000.0,0.0,0.008,0.1,106825000.0,188328000.0,0.403,188328000.0,106825000.0,81169000.0,0.96,0.96,0.96,5109991000.0,,5109991000.0,4711934281.0,15.0,7.71,-527541000.0,-4.237,1.0,220785000.0,0.472,0.0,25656000.0,10666499000.0,,0.0,0.0,0.0,0.0,3718789000.0,262092000.0,3456697000.0,3151185281.0,-539277000.0,0.0,253000.0,0.0,-12567000.0,-11736000.0,-578248000.0,0.0,50707000.0,0.0,119597000.0,119597000.0,119597000.0,0.0,0.0,0.256,114601000.0,106184000.0,100453000.0,0.104,0.617,12.04,12.052,7508571000.0,0.0,25.31,1.897,1.897,510194000.0,3806453000.0,467692000.0,467692000.0,0.0,,,,,8437000.0,33040000.0,1.0,124503567.0,124503567.0,,3.756,8828780000.0,41899000.0,-38428000.0,414898000.0,70.912,1038603000.0
18,RDC,MRQ,2014-06-30,2014-06-30,2014-06-30,2019-02-27,-137904000.0,8818885000.0,,1741881000.0,7077004000.0,,40.143,-253481000.0,1247006000.0,1247006000.0,244578000.0,32844000.0,5.916,0.767,2807755000.0,0.0,2807755000.0,2807755000.0,37743000.0,77678000.0,0.0,0.003,0.1,62518000.0,140196000.0,0.332,140196000.0,62518000.0,34826000.0,0.26,0.26,0.26,4992272000.0,,4992272000.0,5338489995.0,20.0,9.522,-184489000.0,-1.483,1.0,178300000.0,0.422,0.0,27692000.0,10085207000.0,,0.0,0.0,0.0,0.0,3826613000.0,294427000.0,3532186000.0,3970911995.0,-193383000.0,0.0,3662000.0,0.0,-12556000.0,-8894000.0,-253481000.0,0.0,68992000.0,0.0,32844000.0,32844000.0,32844000.0,20000.0,0.0,0.078,115979000.0,62321000.0,117534000.0,0.385,0.795,20.465,20.468,7009626000.0,0.0,31.93,2.519,2.519,422746000.0,3699423000.0,422878000.0,422878000.0,0.0,,,,,7920000.0,29142000.0,1.0,124363044.0,124363044.0,,3.4,8818885000.0,20467000.0,1982000.0,431941000.0,70.912,1447454000.0
19,RDC,MRQ,2014-03-31,2014-03-31,2014-03-31,2019-02-27,-140328000.0,8784108000.0,,1880259000.0,6903849000.0,,39.896,-525918000.0,1440389000.0,1440389000.0,220369000.0,59595000.0,6.269,0.772,2807967000.0,0.0,2807967000.0,2807967000.0,41013000.0,70873000.0,0.0,0.0,0.0,80836000.0,151709000.0,0.402,151709000.0,80836000.0,59876000.0,0.48,0.48,0.48,4956777000.0,,4956777000.0,5100348957.0,16.0,8.513,-445395000.0,-3.585,1.0,157233000.0,0.416,0.0,20960000.0,9851769000.0,,0.0,0.0,0.0,0.0,3827331000.0,299917000.0,3527414000.0,4184492957.0,347545000.0,0.0,810000.0,792693000.0,0.0,792940000.0,-525918000.0,0.0,80523000.0,0.0,59595000.0,59595000.0,59595000.0,-4043000.0,0.0,0.158,80676000.0,76557000.0,100088000.0,0.0,0.844,17.147,17.096,6835350000.0,0.0,33.68,2.678,2.678,383636000.0,3679135000.0,377602000.0,377602000.0,0.0,,,,,7547000.0,29875000.0,1.0,124242665.0,124242665.0,,3.039,8784108000.0,22901000.0,281000.0,448101000.0,70.701,1580342000.0
20,RDC,MRQ,2013-12-31,2013-12-31,2013-12-31,2019-02-27,-142445000.0,7975761000.0,,1528878000.0,6446883000.0,,39.391,-149892000.0,1092844000.0,1092844000.0,223553000.0,49698000.0,4.312,0.63,2008700000.0,0.0,2008700000.0,2008700000.0,54515000.0,70587000.0,0.0,0.0,0.0,60304000.0,130891000.0,0.333,130891000.0,60304000.0,43887000.0,0.4,0.4,0.4,4893761000.0,,4893761000.0,5393046847.0,16.0,8.958,81252000.0,0.654,1.0,169802000.0,0.432,0.0,16417000.0,8537033000.0,,0.0,0.0,0.0,0.0,3082000000.0,354584000.0,2727416000.0,4392999847.0,83965000.0,0.0,0.0,0.0,0.0,2713000.0,-149892000.0,0.0,231144000.0,0.0,49698000.0,49698000.0,49698000.0,0.0,0.0,0.126,109316000.0,60486000.0,123976000.0,0.0,0.898,17.393,17.333,6385755000.0,0.0,35.36,2.782,2.782,344546000.0,3619540000.0,393355000.0,393355000.0,0.0,,,,,6612000.0,35416000.0,1.0,124236421.0,124236421.0,,3.166,7975761000.0,22137000.0,-5811000.0,429655000.0,64.198,1174294000.0
21,RDC,MRQ,2013-09-30,2013-09-30,2013-09-30,2019-02-27,-210096000.0,7964285000.0,,1603056000.0,6361229000.0,,38.383,-156270000.0,1008879000.0,1008879000.0,211827000.0,51900000.0,5.739,0.671,2008926000.0,0.0,2008926000.0,2008926000.0,67700000.0,69274000.0,0.0,0.0,0.0,68558000.0,137832000.0,0.36,137832000.0,68558000.0,51447000.0,0.42,0.42,0.42,4767585000.0,,4767585000.0,5564328481.0,18.0,9.596,1430000.0,0.012,1.0,170981000.0,0.447,0.0,17111000.0,8685019000.0,,0.0,0.0,0.0,0.0,3196700000.0,279313000.0,2917387000.0,4561074481.0,2981000.0,0.0,731000.0,0.0,0.0,1551000.0,-156270000.0,0.0,157700000.0,0.0,51900000.0,51900000.0,51900000.0,0.0,0.0,0.136,102472000.0,68509000.0,95568000.0,0.0,0.957,17.751,17.654,6297822000.0,0.0,36.72,2.961,2.961,496356000.0,3569842000.0,382808000.0,382808000.0,0.0,,,,,10449000.0,33263000.0,1.0,124212268.0,124212268.0,,3.082,7964285000.0,18876000.0,-453000.0,492826000.0,64.118,1323743000.0
22,RDC,MRQ,2013-06-30,2013-06-30,2013-06-30,2019-02-27,-213797000.0,7864793000.0,,1586932000.0,6277861000.0,,37.871,-147021000.0,1005898000.0,1005898000.0,216044000.0,82844000.0,6.228,0.672,2009152000.0,0.0,2009152000.0,2009152000.0,55084000.0,66531000.0,0.0,0.0,0.0,112192000.0,178723000.0,0.437,178723000.0,112192000.0,94507000.0,0.67,0.67,0.67,4703507000.0,,4703507000.0,5221887480.0,18.0,9.411,-15868000.0,-0.128,1.0,192839000.0,0.472,0.0,17685000.0,8613259000.0,,0.0,0.0,0.0,0.0,3161286000.0,254788000.0,2906498000.0,4231471480.0,-13354000.0,0.0,649000.0,0.0,0.0,2514000.0,-147021000.0,0.0,131153000.0,0.0,82844000.0,82844000.0,82844000.0,0.0,0.0,0.203,80572000.0,112267000.0,77627000.0,0.0,0.9,18.19,18.122,6210153000.0,0.0,34.07,2.8,2.8,470299000.0,3517942000.0,408883000.0,408883000.0,0.0,,,,,9340000.0,33263000.0,1.0,124199339.0,124199339.0,,3.292,7864793000.0,20387000.0,11663000.0,501232000.0,63.324,1332144000.0
23,RDC,MRQ,2013-03-31,2013-03-31,2013-03-31,2019-02-27,-217454000.0,7749192000.0,,1578415000.0,6170777000.0,,37.071,-109578000.0,1019252000.0,1019252000.0,209469000.0,68134000.0,6.525,0.682,2009668000.0,0.0,2009668000.0,2009668000.0,50250000.0,64616000.0,0.0,0.0,0.0,89979000.0,154595000.0,0.392,154595000.0,89979000.0,71398000.0,0.55,0.55,0.55,4606145000.0,,4606145000.0,5379139058.0,22.0,10.872,-6399000.0,-0.052,1.0,184769000.0,0.469,0.0,18581000.0,8497712000.0,,0.0,0.0,0.0,0.0,3143047000.0,241896000.0,2901151000.0,4393549058.0,-4756000.0,0.0,1531000.0,0.0,0.0,1643000.0,-109578000.0,0.0,103179000.0,0.0,68134000.0,68134000.0,68134000.0,0.0,0.0,0.173,94355000.0,90414000.0,64065000.0,0.0,0.954,22.054,21.963,6098623000.0,0.0,35.36,3.023,3.023,463805000.0,3435098000.0,394238000.0,394238000.0,0.0,,,,,7530000.0,29431000.0,1.0,124251953.0,124251953.0,,3.173,7749192000.0,26146000.0,3264000.0,513970000.0,62.367,1336519000.0
24,RDC,MRQ,2012-12-31,2012-12-31,2012-12-31,2019-02-27,-221082000.0,7699487000.0,,1552550000.0,6146937000.0,,36.489,-119220000.0,1024008000.0,1024008000.0,193768000.0,54071000.0,5.279,0.699,2009598000.0,0.0,2009598000.0,2009598000.0,52340000.0,64577000.0,0.0,0.0,0.0,44161000.0,108738000.0,0.307,108738000.0,44161000.0,31384000.0,0.44,0.44,0.44,4531724000.0,,4531724000.0,4948409538.0,23.0,10.772,84987000.0,0.684,1.0,160434000.0,0.453,0.0,12777000.0,8390983000.0,,0.0,0.0,0.0,0.0,3167763000.0,294094000.0,2873669000.0,3883548538.0,695718000.0,0.0,433000.0,610287000.0,0.0,610731000.0,-119220000.0,0.0,204207000.0,0.0,54071000.0,54071000.0,54071000.0,16466000.0,0.0,0.153,99932000.0,60502000.0,83004000.0,0.0,0.857,21.503,21.272,6071729000.0,0.0,31.27,2.789,2.789,423839000.0,3366964000.0,354202000.0,354202000.0,0.0,,,,,4700000.0,25778000.0,1.0,124194069.0,124194069.0,,2.852,7699487000.0,26628000.0,-22687000.0,473872000.0,61.996,1258456000.0
25,RDC,MRQ,2012-09-30,2012-09-30,2012-09-30,2019-02-27,-215468000.0,6988846000.0,,866497000.0,6122349000.0,,36.058,-274010000.0,328290000.0,328290000.0,188152000.0,27579000.0,3.47,0.561,1393151000.0,0.0,1393151000.0,1393151000.0,35975000.0,63027000.0,0.0,0.0,0.0,49802000.0,112829000.0,0.319,112829000.0,49802000.0,36112000.0,0.22,0.22,0.22,4478311000.0,,4478311000.0,5010767205.0,24.0,11.165,-247319000.0,-1.991,1.0,165758000.0,0.468,0.0,13690000.0,7804004000.0,,0.0,0.0,0.0,0.0,2510535000.0,249703000.0,2260832000.0,4194095205.0,-337347000.0,0.0,155000.0,-99643000.0,0.0,-99477000.0,-264561000.0,0.0,26691000.0,0.0,27579000.0,27579000.0,27579000.0,-1164000.0,0.0,0.078,106422000.0,59336000.0,90101000.0,0.0,0.937,24.437,24.121,6021949000.0,0.0,33.77,3.193,3.193,403465000.0,3312893000.0,353910000.0,353910000.0,0.0,,,,,8341000.0,25780000.0,1.0,124195890.0,124195890.0,,2.85,6988846000.0,42899000.0,8533000.0,494870000.0,56.273,616794000.0
26,RDC,MRQ,2012-06-30,2012-06-30,2012-06-30,2019-02-27,-218894000.0,7027191000.0,,1117425000.0,5909766000.0,,35.757,-144349000.0,675086000.0,675086000.0,188114000.0,49435000.0,3.282,0.583,1491758000.0,98844000.0,1392914000.0,1491758000.0,35997000.0,61330000.0,0.0,0.0,0.0,57257000.0,118587000.0,0.338,118587000.0,57257000.0,44264000.0,0.4,0.4,0.4,4440276000.0,,4440276000.0,4783801268.0,13.0,8.241,-44819000.0,-0.361,1.0,162904000.0,0.464,0.0,12993000.0,7503439000.0,,0.0,0.0,0.0,0.0,2586915000.0,340424000.0,2246491000.0,4014738268.0,323123000.0,0.0,-214000.0,366118000.0,0.0,366770000.0,-143177000.0,0.0,99530000.0,0.0,49435000.0,49435000.0,49435000.0,1413000.0,0.0,0.141,92491000.0,70413000.0,74020000.0,0.0,0.904,11.883,11.842,5808976000.0,0.0,32.33,3.362,3.362,330096000.0,3285314000.0,351018000.0,351018000.0,0.0,,,,,6602000.0,25098000.0,1.0,124179965.0,124179965.0,,2.827,7027191000.0,22903000.0,-5171000.0,483701000.0,56.589,777001000.0
27,RDC,MRQ,2012-03-31,2012-03-31,2012-03-31,2019-02-27,-222282000.0,6601286000.0,,776703000.0,5824583000.0,,35.455,-137177000.0,353135000.0,353135000.0,182139000.0,49517000.0,1.645,0.507,1122198000.0,226141000.0,896057000.0,1122198000.0,36370000.0,58966000.0,0.0,0.0,0.0,60270000.0,119236000.0,0.358,119236000.0,60270000.0,49013000.0,0.4,0.4,0.4,4381527000.0,,4381527000.0,4764949681.0,6.0,4.833,-73896000.0,-0.598,1.0,151338000.0,0.454,0.0,11257000.0,6898327000.0,,0.0,0.0,0.0,0.0,2219759000.0,472022000.0,1747737000.0,4069444681.0,-96339000.0,0.0,214000.0,-12312000.0,0.0,-11822000.0,-147798000.0,0.0,63281000.0,0.0,49517000.0,49517000.0,49517000.0,5982000.0,0.0,0.148,86537000.0,64801000.0,87875000.0,0.0,0.929,5.395,5.47,5726785000.0,0.0,32.93,3.815,3.815,331316000.0,3235879000.0,333477000.0,333477000.0,0.0,,,,,5165000.0,23056000.0,1.0,123578642.0,123578642.0,,2.699,6601286000.0,28416000.0,-504000.0,490625000.0,53.418,304681000.0
28,RDC,MRQ,2011-12-31,2011-12-31,2011-12-31,2019-02-27,-225671000.0,6597845000.0,,821715000.0,5776130000.0,,34.613,-362310000.0,438853000.0,438853000.0,162508000.0,45101000.0,2.359,0.525,1134358000.0,45023000.0,1089335000.0,1134358000.0,36220000.0,54636000.0,0.0,0.0,0.0,43522000.0,98158000.0,0.357,98158000.0,43522000.0,40452000.0,0.38,0.38,0.38,4325987000.0,,4325987000.0,4046047709.0,5.0,4.232,-395640000.0,-3.166,1.0,112560000.0,0.409,0.0,3070000.0,6944979000.0,,0.0,0.0,0.0,0.0,2271858000.0,348371000.0,1923487000.0,3790649709.0,-453707000.0,-5058000.0,-39255000.0,-13754000.0,0.0,-53009000.0,-367368000.0,0.0,-33330000.0,0.0,45101000.0,45101000.0,45101000.0,-11984000.0,0.0,0.164,82429000.0,30131000.0,111082000.0,0.0,0.876,5.144,5.149,5678713000.0,0.0,30.33,4.036,4.036,283592000.0,3186362000.0,275068000.0,275068000.0,0.0,,,,,7824000.0,23106000.0,1.0,124980208.0,124980208.0,,2.201,6597845000.0,27023000.0,-4649000.0,476443000.0,52.791,473344000.0
29,RDC,MRQ,2011-09-30,2011-09-30,2011-09-30,2019-02-27,-145495000.0,6758529000.0,,1306091000.0,5452438000.0,,34.518,-222709000.0,892560000.0,892560000.0,129767000.0,193809000.0,2.71,0.537,1147958000.0,45023000.0,1102935000.0,1147958000.0,39721000.0,50306000.0,0.0,0.0,0.0,194166000.0,244472000.0,1.042,244472000.0,194166000.0,189933000.0,1.55,1.53,1.55,4398523000.0,,4398523000.0,4295835881.0,5.0,4.375,-240599000.0,-1.888,1.0,104931000.0,0.447,0.0,4233000.0,6531907000.0,,0.0,0.0,0.0,0.0,2360006000.0,482020000.0,1877986000.0,3847030881.0,181233000.0,515997000.0,-82300000.0,-12329000.0,0.0,-94165000.0,293288000.0,0.0,-17890000.0,0.0,193809000.0,193809000.0,193809000.0,-162385000.0,0.0,0.826,72969000.0,31962000.0,95574000.0,0.0,0.875,5.136,5.082,5347858000.0,0.0,30.19,4.409,4.409,325164000.0,3141261000.0,234698000.0,234698000.0,0.0,,,,,3265000.0,22629000.0,1.0,127427323.0,127427323.0,,1.842,6758529000.0,0.0,-3876000.0,706401000.0,53.038,824071000.0
30,RDC,MRQ,2011-06-30,2011-06-30,2011-06-30,2019-02-27,-145495000.0,6645039000.0,,1386045000.0,5258994000.0,,33.569,-568485000.0,711327000.0,711327000.0,104517000.0,465859000.0,3.488,0.553,1160132000.0,52149000.0,1107983000.0,1160132000.0,20916000.0,50564000.0,0.0,0.0,0.0,473588000.0,524152000.0,2.345,524152000.0,473588000.0,466139000.0,3.69,3.65,3.69,4278675000.0,,4278675000.0,5915882496.0,9.0,6.827,-536456000.0,-4.209,1.0,118980000.0,0.532,0.0,7449000.0,6696413000.0,,0.0,0.0,0.0,0.0,2366364000.0,397431000.0,1968933000.0,4946642496.0,521673000.0,1044541000.0,8702000.0,-13754000.0,0.0,-1252000.0,490896000.0,0.0,32029000.0,0.0,465859000.0,465859000.0,465859000.0,-421456000.0,0.0,2.084,67245000.0,51735000.0,69829000.0,0.0,1.156,7.948,7.809,5162334000.0,0.0,38.81,5.644,5.644,254682000.0,2947452000.0,223497000.0,223497000.0,0.0,,,,,6089000.0,21729000.0,1.0,127457936.0,127457936.0,,1.753,6645039000.0,2955000.0,280000.0,728785000.0,52.135,988614000.0
31,RDC,MRQ,2011-03-31,2011-03-31,2011-03-31,2019-02-27,-145495000.0,6257993000.0,,1066321000.0,5191672000.0,,30.058,-358436000.0,204494000.0,204494000.0,111274000.0,32072000.0,2.035,0.648,1173734000.0,52149000.0,1121585000.0,1173734000.0,189156000.0,49366000.0,0.0,0.0,0.0,39977000.0,89343000.0,0.434,89343000.0,39977000.0,34658000.0,0.26,0.25,0.26,3797190000.0,,3797190000.0,6314329911.0,19.0,12.225,-244566000.0,-1.936,1.0,94692000.0,0.46,0.0,5319000.0,6703363000.0,,395964000.0,0.0,0.0,0.0,2460803000.0,523870000.0,1936933000.0,5581162911.0,-247825000.0,0.0,7781000.0,-12329000.0,0.0,-3684000.0,-358011000.0,0.0,113870000.0,0.0,32072000.0,32072000.0,32072000.0,-5277000.0,0.0,0.156,58937000.0,35755000.0,147186000.0,0.0,1.47,22.555,21.24,5092220000.0,0.0,44.18,5.968,5.968,382701000.0,2481593000.0,205966000.0,205966000.0,0.0,,,,,4910000.0,20814000.0,1.0,126327816.0,126327816.0,,1.63,6257993000.0,36174000.0,2586000.0,563391000.0,49.538,542451000.0
32,RDC,MRQ,2010-12-31,2010-12-31,2010-12-31,2019-02-27,-145495000.0,6217457000.0,,1775253000.0,4442204000.0,,29.729,-173685000.0,452744000.0,452744000.0,99983000.0,57285000.0,2.752,0.657,1185911000.0,52166000.0,1133745000.0,1185911000.0,7748000.0,47260000.0,0.0,0.0,0.0,76767000.0,124027000.0,0.595,124027000.0,76767000.0,70949000.0,0.44,0.44,0.44,3752310000.0,,3752310000.0,4978794148.0,13.0,8.535,54196000.0,0.429,1.0,108483000.0,0.52,0.0,5818000.0,6305659000.0,,0.0,0.0,0.0,0.0,2465147000.0,644965000.0,1820182000.0,4406271148.0,-455283000.0,0.0,3284000.0,-497952000.0,0.0,-494214000.0,-188950000.0,0.0,227881000.0,0.0,57285000.0,57285000.0,57285000.0,-22205000.0,0.0,0.275,59250000.0,49233000.0,81715000.0,0.0,1.174,15.737,14.607,4344522000.0,0.0,34.91,4.33,4.33,269896000.0,2449521000.0,208466000.0,208466000.0,0.0,,,,,4248000.0,23400000.0,1.0,126218022.0,126218022.0,,1.652,6217457000.0,13043000.0,13664000.0,435292000.0,49.26,1130288000.0
33,RDC,MRQ,2010-09-30,2010-09-30,2010-09-30,2019-02-27,-150321000.0,6562137000.0,,2029090000.0,4533047000.0,,32.134,-104103000.0,1111754000.0,1111754000.0,106941000.0,67171000.0,2.234,0.781,1684277000.0,536932000.0,1147345000.0,1684277000.0,108151000.0,47353000.0,0.0,0.0,0.0,81639000.0,128992000.0,0.541,128992000.0,81639000.0,73509000.0,0.58,0.57,0.58,3683571000.0,,3683571000.0,3689427595.0,10.0,6.68,-34107000.0,-0.298,1.0,131618000.0,0.552,0.0,8130000.0,6226217000.0,,382746000.0,0.0,0.0,0.0,2878566000.0,908443000.0,1970123000.0,3480251595.0,281823000.0,-17681000.0,1751000.0,331917000.0,0.0,333611000.0,-121784000.0,0.0,69996000.0,0.0,67171000.0,67171000.0,67171000.0,-7029000.0,0.0,0.282,57150000.0,74468000.0,130930000.0,0.0,0.945,12.274,12.193,4440705000.0,0.0,30.36,5.562,5.562,406984000.0,2392236000.0,238559000.0,238559000.0,0.0,,,,,4281000.0,20640000.0,1.0,114632793.0,114632793.0,,2.081,6562137000.0,41514000.0,6338000.0,414418000.0,57.245,1120647000.0
34,RDC,MRQ,2010-06-30,2010-06-30,2010-06-30,2019-02-27,-150321000.0,5238563000.0,,1463480000.0,3775083000.0,,28.602,-120252000.0,610939000.0,610939000.0,105444000.0,90916000.0,3.339,0.601,820115000.0,58563000.0,761552000.0,820115000.0,137643000.0,46458000.0,0.0,0.0,0.0,127672000.0,174130000.0,0.617,174130000.0,127672000.0,122421000.0,0.8,0.79,0.8,3272829000.0,,3272829000.0,2822142337.0,7.0,5.002,100221000.0,0.876,1.0,176736000.0,0.626,0.0,5251000.0,5009379000.0,,381509000.0,0.0,0.0,0.0,1965734000.0,438360000.0,1527374000.0,2510502337.0,88793000.0,0.0,2196000.0,-13754000.0,0.0,-11428000.0,-120252000.0,0.0,220473000.0,0.0,90916000.0,90916000.0,90916000.0,-7471000.0,0.0,0.322,57037000.0,119699000.0,109500000.0,0.0,0.767,8.517,8.438,3698442000.0,0.0,21.94,3.216,3.216,352988000.0,2325065000.0,282180000.0,282180000.0,0.0,,,,,4094000.0,18626000.0,1.0,114425813.0,114425813.0,,2.466,5238563000.0,42253000.0,31505000.0,487469000.0,45.781,1025120000.0
35,RDC,MRQ,2010-03-31,2010-03-31,2010-03-31,2019-02-27,-150321000.0,5174615000.0,,1460185000.0,3714430000.0,,27.92,-89253000.0,522146000.0,522146000.0,221117000.0,64623000.0,3.123,0.628,833786000.0,58563000.0,775223000.0,833786000.0,149850000.0,45492000.0,0.0,0.0,0.0,99830000.0,145322000.0,0.336,145322000.0,99830000.0,94151000.0,0.57,0.56,0.57,3178310000.0,,3178310000.0,3526466103.0,9.0,6.206,-99441000.0,-0.874,1.0,211288000.0,0.489,0.0,5679000.0,5018643000.0,,427818000.0,0.0,0.0,0.0,1996305000.0,467612000.0,1528693000.0,3313735103.0,-117535000.0,0.0,728000.0,-18707000.0,0.0,-18094000.0,-89253000.0,0.0,-10188000.0,0.0,64623000.0,64623000.0,64623000.0,0.0,0.0,0.149,113184000.0,98104000.0,105434000.0,0.0,1.043,11.03,10.985,3636344000.0,0.0,29.11,3.379,3.379,420153000.0,2234149000.0,432405000.0,432405000.0,0.0,,,,,2955000.0,25797000.0,1.0,113834940.0,113834940.0,,3.799,5174615000.0,39153000.0,29528000.0,509188000.0,45.457,992573000.0
36,RDC,MRQ,2009-12-31,2009-12-31,2009-12-31,2019-02-27,-150321000.0,5210694000.0,,1549797000.0,3660897000.0,,27.344,-170257000.0,639681000.0,639681000.0,-354291000.0,60829000.0,2.727,0.675,852412000.0,64922000.0,787490000.0,852412000.0,164624000.0,44590000.0,0.0,0.0,0.0,59275000.0,103865000.0,-0.317,103865000.0,59275000.0,67657000.0,0.54,0.54,0.54,3110370000.0,,3110370000.0,2760298417.0,6.0,4.144,-35126000.0,-0.309,1.0,26905000.0,-0.082,0.0,-8382000.0,4855153000.0,,451659000.0,0.0,0.0,0.0,2100324000.0,568272000.0,1532052000.0,2575321417.0,-41426000.0,0.0,1220000.0,-13754000.0,0.0,-6300000.0,-170257000.0,0.0,135131000.0,0.0,60829000.0,60829000.0,60829000.0,-39172000.0,0.0,-0.186,-11559000.0,38464000.0,124562000.0,0.0,0.828,7.008,6.988,3579485000.0,0.0,22.64,2.469,2.469,343642000.0,2169526000.0,-327386000.0,-327386000.0,0.0,,,,,3463000.0,-7437000.0,1.0,113750946.0,113750946.0,,-2.878,5210694000.0,38071000.0,6828000.0,465700000.0,45.808,981525000.0
37,RDC,MRQ,2009-09-30,2009-09-30,2009-09-30,2019-02-27,-217016000.0,5182582000.0,,1650901000.0,3531681000.0,,26.129,-182741000.0,681107000.0,681107000.0,238187000.0,78392000.0,3.355,0.744,866084000.0,64922000.0,801162000.0,866084000.0,197437000.0,43747000.0,0.0,0.004,0.0,97180000.0,140927000.0,0.358,140927000.0,97180000.0,86370000.0,0.69,0.69,0.69,2972067000.0,,2972067000.0,2798268477.0,5.0,3.801,1292000.0,0.011,1.0,155234000.0,0.395,0.0,10810000.0,4875456000.0,,480785000.0,0.0,0.0,0.0,2210515000.0,492103000.0,1718412000.0,2624108477.0,467246000.0,0.0,-3506000.0,473022000.0,0.0,465954000.0,-182741000.0,0.0,184033000.0,0.0,78392000.0,78392000.0,78392000.0,0.0,0.0,0.199,68146000.0,87088000.0,118275000.0,0.0,0.883,6.545,6.517,3440007000.0,0.0,23.07,1.323,1.323,361167000.0,2108697000.0,393421000.0,393421000.0,0.0,,,,,3567000.0,24094000.0,1.0,113745491.0,113745491.0,,3.459,5182582000.0,43647000.0,7978000.0,491614000.0,45.563,1158798000.0
38,RDC,MRQ,2009-06-30,2009-06-30,2009-06-30,2019-02-27,-217016000.0,4599017000.0,,1245721000.0,3353296000.0,,25.623,-116472000.0,213861000.0,213861000.0,284228000.0,96583000.0,2.305,0.587,388021000.0,64922000.0,323099000.0,388021000.0,237355000.0,42609000.0,0.0,0.01,0.0,135509000.0,178118000.0,0.369,178118000.0,135509000.0,133052000.0,0.85,0.85,0.85,2897372000.0,,2897372000.0,2393635567.0,4.0,2.965,31182000.0,0.276,1.0,197932000.0,0.411,0.0,2457000.0,4232620000.0,,521966000.0,0.0,0.0,0.0,1701645000.0,540557000.0,1161088000.0,2184652567.0,21069000.0,0.0,3641000.0,-13754000.0,0.0,-10113000.0,-116472000.0,0.0,147654000.0,0.0,96583000.0,96583000.0,96583000.0,0.0,0.0,0.2,67389000.0,130543000.0,119155000.0,0.0,0.754,5.003,5.005,3327878000.0,0.0,19.32,1.032,1.032,368101000.0,2030305000.0,482160000.0,482160000.0,0.0,,,,,3035000.0,24720000.0,1.0,113077255.0,113077255.0,,4.264,4599017000.0,45145000.0,36469000.0,468223000.0,40.671,705164000.0
39,RDC,MRQ,2009-03-31,2009-03-31,2009-03-31,2019-02-27,-217016000.0,4568606000.0,,1297802000.0,3270804000.0,,24.703,-88321000.0,192792000.0,192792000.0,236189000.0,131700000.0,2.092,0.635,401775000.0,64922000.0,336853000.0,401775000.0,235930000.0,40499000.0,0.0,0.025,0.0,202754000.0,243253000.0,0.492,243253000.0,202754000.0,199611000.0,1.16,1.16,1.16,2794313000.0,,2794313000.0,1552072175.0,2.0,1.824,-11045000.0,-0.098,1.0,258619000.0,0.523,0.0,3143000.0,4157272000.0,,564839000.0,0.0,0.0,0.0,1774293000.0,620317000.0,1153976000.0,1354018175.0,-29636000.0,0.0,116000.0,-18707000.0,0.0,-18591000.0,-88321000.0,0.0,77276000.0,0.0,131700000.0,131700000.0,131700000.0,0.0,0.0,0.266,60374000.0,198245000.0,157746000.0,0.0,0.485,2.939,2.934,3242458000.0,0.0,11.97,0.609,0.609,443081000.0,1933722000.0,494808000.0,494808000.0,0.0,,,,,2969000.0,24576000.0,1.0,113117642.0,113117642.0,,4.374,4568606000.0,48163000.0,67911000.0,449073000.0,40.388,677485000.0
40,RDC,MRQ,2008-12-31,2008-12-31,2008-12-31,2019-02-27,-217016000.0,4548892000.0,,1369187000.0,3179705000.0,,23.537,-207962000.0,222428000.0,222428000.0,316748000.0,94281000.0,1.839,0.71,420482000.0,64922000.0,355560000.0,420482000.0,231205000.0,38613000.0,0.0,0.025,0.1,135293000.0,173906000.0,0.284,173906000.0,135293000.0,148446000.0,0.84,0.83,0.84,2659816000.0,,2659816000.0,2078274798.0,3.0,2.609,52923000.0,0.468,1.0,296299000.0,0.483,0.0,-13153000.0,4002304000.0,,551429000.0,0.0,0.0,0.0,1889076000.0,744642000.0,1144434000.0,1796758798.0,69708000.0,0.0,-419000.0,-13754000.0,-11276000.0,-24765000.0,-166412000.0,0.0,260885000.0,0.0,94281000.0,94281000.0,94281000.0,0.0,0.0,0.154,139783000.0,156516000.0,235048000.0,0.119,0.676,4.202,4.184,3147528000.0,0.0,15.9,0.812,0.812,484962000.0,1802022000.0,613047000.0,613047000.0,0.0,,,,,5504000.0,29459000.0,1.0,113003698.0,113003698.0,,5.425,4548892000.0,50902000.0,54165000.0,426848000.0,40.254,624545000.0
41,RDC,MRQ,2008-09-30,2008-09-30,2008-09-30,2019-02-27,-96125000.0,4286893000.0,,1266300000.0,3020593000.0,,23.824,-265219000.0,152720000.0,152720000.0,312504000.0,114114000.0,2.274,0.592,434236000.0,64922000.0,369314000.0,434236000.0,187387000.0,36230000.0,0.0,0.013,0.1,175789000.0,212019000.0,0.402,212019000.0,175789000.0,171333000.0,1.01,1.0,1.01,2692226000.0,,2692226000.0,3726137862.0,5.0,4.272,3766000.0,0.033,1.0,214554000.0,0.407,33054000.0,4456000.0,3978572000.0,,600525000.0,0.0,0.0,0.0,1594667000.0,556783000.0,1037884000.0,3452267862.0,-26353000.0,0.0,-2043000.0,-18707000.0,-11368000.0,-30119000.0,-265219000.0,0.0,268985000.0,0.0,114114000.0,114114000.0,114114000.0,0.0,0.0,0.217,42378000.0,172176000.0,187564000.0,0.099,1.282,7.317,7.274,2987539000.0,0.0,30.55,1.553,1.553,421416000.0,1719025000.0,527058000.0,527058000.0,0.0,,,,,3678000.0,27595000.0,1.0,113003858.0,113003858.0,,4.664,4253839000.0,25967000.0,57219000.0,453942000.0,37.643,709517000.0
42,RDC,MRQ,2008-06-30,2008-06-30,2008-06-30,2019-02-27,-96125000.0,4091980000.0,,1300224000.0,2791756000.0,,22.964,-160367000.0,179073000.0,179073000.0,342655000.0,120608000.0,2.713,0.582,452943000.0,64922000.0,388021000.0,452943000.0,130392000.0,33461000.0,0.0,0.009,0.1,188187000.0,221648000.0,0.378,221648000.0,188187000.0,183858000.0,1.07,1.06,1.07,2585967000.0,,2585967000.0,5442239226.0,7.0,6.072,-104414000.0,-0.927,1.0,244487000.0,0.416,35828000.0,4329000.0,3850690000.0,,521872000.0,0.0,0.0,0.0,1506013000.0,479332000.0,1026681000.0,5264468226.0,-109853000.0,0.0,19565000.0,-13754000.0,-11250000.0,-5439000.0,-160367000.0,0.0,55953000.0,0.0,120608000.0,120608000.0,120608000.0,0.0,0.0,0.205,62727000.0,181760000.0,150353000.0,0.093,2.036,10.776,10.698,2755928000.0,0.0,46.75,2.395,2.395,491767000.0,1616305000.0,587142000.0,587142000.0,0.0,,,,,3921000.0,30773000.0,1.0,112608946.0,112608946.0,,5.214,4056152000.0,22556000.0,63250000.0,440646000.0,36.02,820892000.0
43,RDC,MRQ,2008-03-31,2008-03-31,2008-03-31,2019-02-27,-96125000.0,3966508000.0,,1305869000.0,2660639000.0,,22.042,-139500000.0,288926000.0,288926000.0,282703000.0,98625000.0,2.649,0.617,466697000.0,64922000.0,401775000.0,466697000.0,161230000.0,33091000.0,0.0,0.01,0.1,156020000.0,189111000.0,0.39,189111000.0,156020000.0,150454000.0,0.88,0.88,0.88,2453501000.0,,2453501000.0,4734803974.0,6.0,5.226,-30854000.0,-0.277,1.0,202786000.0,0.418,33646000.0,5566000.0,3617737000.0,,512498000.0,0.0,0.0,0.0,1513007000.0,492896000.0,1020111000.0,4583857974.0,4468000.0,0.0,15124000.0,-18707000.0,-11095000.0,-14678000.0,-89500000.0,0.0,108646000.0,0.0,98625000.0,98625000.0,98625000.0,0.0,0.0,0.203,55115000.0,147671000.0,103754000.0,0.114,1.868,9.24,9.233,2626993000.0,0.0,41.18,2.164,2.164,438417000.0,1506947000.0,485489000.0,485489000.0,0.0,,,,,2731000.0,27399000.0,1.0,111312724.0,111312724.0,,4.361,3932862000.0,22926000.0,51829000.0,422371000.0,35.332,812973000.0
44,RDC,MRQ,2007-12-31,2007-12-31,2007-12-31,2019-02-27,-96125000.0,3875305000.0,,1302967000.0,2572338000.0,,21.103,-143073000.0,334458000.0,334458000.0,355740000.0,138474000.0,2.629,0.65,485404000.0,64922000.0,420482000.0,485404000.0,0.0,32526000.0,0.0,0.01,0.1,216882000.0,249408000.0,0.4,249408000.0,216882000.0,210631000.0,1.24,1.23,1.24,2348438000.0,,2348438000.0,4499202293.0,6.0,5.091,-32317000.0,-0.29,1.0,267822000.0,0.43,34527000.0,6251000.0,3496135000.0,,456363000.0,0.0,0.0,0.0,1526867000.0,495589000.0,1031278000.0,4391318293.0,-56816000.0,0.0,-1233000.0,-13754000.0,-11167000.0,-24499000.0,-143073000.0,0.0,110756000.0,0.0,138474000.0,138474000.0,138474000.0,0.0,0.0,0.222,58937000.0,208885000.0,100880000.0,0.081,1.87,9.077,9.05,2487811000.0,0.0,39.46,2.096,2.096,478017000.0,1419417000.0,623562000.0,623562000.0,0.0,,,,,2580000.0,27107000.0,1.0,111285309.0,111285309.0,,5.603,3840778000.0,22960000.0,72157000.0,412931000.0,34.513,807378000.0
45,RDC,MRQ,2007-09-30,2007-09-30,2007-09-30,2019-02-27,-110370000.0,3794983000.0,,1328032000.0,2466951000.0,,19.837,-95915000.0,391274000.0,391274000.0,252874000.0,130849000.0,2.487,0.722,499158000.0,64922000.0,434236000.0,499158000.0,226793000.0,29812000.0,0.0,0.011,0.1,206256000.0,236068000.0,0.47,236068000.0,206256000.0,199809000.0,1.18,1.16,1.18,2204001000.0,,2204001000.0,4142306086.0,6.0,5.411,-25167000.0,-0.227,1.0,249327000.0,0.496,41635000.0,6447000.0,3327285000.0,,481722000.0,0.0,0.0,0.0,1590982000.0,533947000.0,1057035000.0,4064203086.0,-48488000.0,0.0,6472000.0,-18707000.0,-11086000.0,-23321000.0,-95915000.0,0.0,70748000.0,0.0,130849000.0,130849000.0,130849000.0,0.0,0.0,0.261,51234000.0,198093000.0,119899000.0,0.085,1.844,9.968,9.913,2375316000.0,0.0,36.58,2.159,2.159,414069000.0,1292110000.0,502201000.0,502201000.0,0.0,,,,,2535000.0,22510000.0,1.0,111104513.0,111104513.0,,4.52,3753348000.0,15065000.0,68960000.0,376251000.0,33.782,794085000.0
46,RDC,MRQ,2007-06-30,2007-06-30,2007-06-30,2019-02-27,-110370000.0,3646052000.0,,1242543000.0,2403509000.0,,18.758,-132658000.0,439762000.0,439762000.0,274984000.0,128124000.0,2.481,0.757,517865000.0,64922000.0,452943000.0,517865000.0,221184000.0,28814000.0,0.0,0.01,0.1,202611000.0,231425000.0,0.456,231425000.0,202611000.0,196077000.0,1.16,1.14,1.16,2075490000.0,,2075490000.0,4595542223.0,8.0,6.615,-11863000.0,-0.107,1.0,232020000.0,0.458,49864000.0,6534000.0,3173502000.0,,407104000.0,0.0,0.0,0.0,1570562000.0,500789000.0,1069773000.0,4534140223.0,-30455000.0,0.0,6252000.0,-13754000.0,-11090000.0,-18592000.0,-132658000.0,0.0,120795000.0,0.0,128124000.0,128124000.0,128124000.0,0.0,0.0,0.253,37124000.0,194896000.0,103990000.0,0.086,2.185,12.459,12.418,2303645000.0,0.0,40.98,2.523,2.523,338165000.0,1172347000.0,507004000.0,507004000.0,0.0,,,,,2424000.0,22931000.0,1.0,110642758.0,110642758.0,,4.582,3596188000.0,18262000.0,67953000.0,365147000.0,32.503,741754000.0
47,RDC,MRQ,2007-03-31,2007-03-31,2007-03-31,2019-02-27,-110370000.0,3554600000.0,,1257569000.0,2297031000.0,,17.647,-45188000.0,470217000.0,470217000.0,304355000.0,86353000.0,2.369,0.823,531619000.0,64922000.0,466697000.0,531619000.0,227308000.0,27644000.0,0.0,0.012,0.1,139250000.0,166894000.0,0.361,166894000.0,139250000.0,132569000.0,0.78,0.77,0.78,1950006000.0,,1950006000.0,3724156800.0,7.0,5.64,85056000.0,0.77,1.0,157899000.0,0.342,55352000.0,6681000.0,3029820000.0,,394587000.0,0.0,0.0,0.0,1604594000.0,530830000.0,1073764000.0,3587948800.0,162176000.0,0.0,775000.0,-18707000.0,-11025000.0,-28957000.0,60889000.0,0.0,130244000.0,0.0,86353000.0,86353000.0,86353000.0,0.0,0.0,0.187,25900000.0,131999000.0,124716000.0,0.128,1.84,10.385,10.374,2191679000.0,0.0,32.47,2.144,2.144,371769000.0,1055313000.0,462254000.0,462254000.0,0.0,,,,,1787000.0,22357000.0,1.0,110500425.0,110500425.0,,4.183,3499248000.0,15106000.0,46216000.0,350124000.0,31.667,726739000.0
48,RDC,MRQ,2006-12-31,2006-12-31,2006-12-31,2019-02-27,-110370000.0,3435398000.0,,1102849000.0,2332549000.0,,16.97,-105968000.0,414118000.0,414118000.0,258246000.0,62410000.0,2.134,0.833,550326000.0,64922000.0,485404000.0,550326000.0,0.0,24599000.0,0.0,0.017,0.1,106594000.0,131193000.0,0.319,131193000.0,106594000.0,99596000.0,0.57,0.56,0.57,1874046000.0,,1874046000.0,3791588795.0,7.0,6.186,-3218000.0,-0.029,1.0,152701000.0,0.372,43246000.0,6998000.0,3011654000.0,,345095000.0,0.0,0.0,0.0,1561352000.0,516706000.0,1044646000.0,3666459795.0,-24833000.0,0.0,772000.0,-13754000.0,-11013000.0,-21615000.0,-105968000.0,0.0,102750000.0,0.0,62410000.0,62410000.0,62410000.0,0.0,0.0,0.152,53896000.0,98805000.0,141206000.0,0.175,1.956,11.521,11.488,2133226000.0,0.0,33.2,2.427,2.427,418985000.0,981610000.0,410947000.0,410947000.0,0.0,,,,,-1055000.0,20286000.0,1.0,110435536.0,110435536.0,,3.721,3392152000.0,18421000.0,37186000.0,347065000.0,30.716,586143000.0
49,RDC,MRQ,2006-09-30,2006-09-30,2006-09-30,2019-02-27,-83660000.0,3285766000.0,,1213925000.0,2071841000.0,,16.69,-112199000.0,438951000.0,438951000.0,245708000.0,87040000.0,2.784,0.783,564080000.0,64922000.0,499158000.0,564080000.0,184509000.0,23310000.0,0.0,0.014,0.1,141895000.0,165205000.0,0.396,165205000.0,141895000.0,134697000.0,0.79,0.78,0.79,1842471000.0,,1842471000.0,3586266962.0,7.0,5.788,-21579000.0,-0.195,1.0,171406000.0,0.411,36313000.0,7198000.0,2938490000.0,,282107000.0,0.0,0.0,0.0,1443295000.0,436092000.0,1007203000.0,3491810962.0,-205457000.0,1953000.0,-34000.0,-18707000.0,-11013000.0,-29754000.0,-266323000.0,0.0,90620000.0,0.0,87040000.0,87040000.0,87040000.0,-1269000.0,0.0,0.209,40004000.0,131402000.0,110837000.0,0.127,1.895,10.733,10.722,2035528000.0,0.0,31.63,2.464,2.464,407022000.0,930296000.0,417114000.0,417114000.0,0.0,,,,,3032000.0,18995000.0,1.0,110395541.0,110395541.0,,3.778,3249453000.0,20437000.0,47657000.0,337847000.0,29.435,777833000.0
50,RDC,MRQ,2006-06-30,2006-06-30,2006-06-30,2019-02-27,-83660000.0,3202415000.0,,1212534000.0,1989881000.0,,16.004,-123420000.0,488331000.0,488331000.0,200780000.0,109691000.0,2.853,0.815,582787000.0,64922000.0,517865000.0,582787000.0,183007000.0,21951000.0,0.0,0.017,0.1,175106000.0,197057000.0,0.515,197057000.0,175106000.0,167978000.0,0.99,0.98,0.99,1764008000.0,,1764008000.0,3966099847.0,8.0,6.609,-42659000.0,-0.387,1.0,182106000.0,0.476,36177000.0,7128000.0,2835731000.0,,263325000.0,0.0,0.0,0.0,1438407000.0,424963000.0,1013444000.0,3922777847.0,-64888000.0,0.0,2552000.0,-13754000.0,-11027000.0,-22229000.0,-123420000.0,0.0,80761000.0,0.0,109691000.0,109691000.0,109691000.0,0.0,0.0,0.286,16148000.0,165958000.0,103342000.0,0.101,2.224,12.537,12.532,1953704000.0,0.0,35.59,3.054,3.054,375489000.0,854309000.0,382886000.0,382886000.0,0.0,,,,,5587000.0,18629000.0,1.0,110221350.0,110221350.0,,3.474,3166238000.0,16461000.0,58287000.0,322376000.0,28.726,787571000.0
51,RDC,MRQ,2006-03-31,2006-03-31,2006-03-31,2019-02-27,-83660000.0,3047377000.0,,1191395000.0,1855982000.0,,15.098,-100366000.0,553219000.0,553219000.0,172359000.0,59105000.0,2.98,0.835,596541000.0,64922000.0,531619000.0,596541000.0,173980000.0,20111000.0,0.0,0.011,0.25,99349000.0,119460000.0,0.398,119460000.0,99349000.0,92352000.0,0.54,0.53,0.54,1660402000.0,,1660402000.0,4773880377.0,12.0,9.623,-82428000.0,-0.75,1.0,127428000.0,0.425,37044000.0,6997000.0,2653791000.0,,236187000.0,0.0,0.0,0.0,1386975000.0,399864000.0,987111000.0,4834535377.0,-122684000.0,0.0,5886000.0,-18707000.0,-27435000.0,-40256000.0,-100366000.0,0.0,17938000.0,0.0,59105000.0,59105000.0,59105000.0,0.0,0.0,0.197,37899000.0,89529000.0,104791000.0,0.463,2.912,19.694,19.625,1818938000.0,0.0,43.96,4.218,4.218,336922000.0,755683000.0,299787000.0,299787000.0,0.0,,,,,3190000.0,20332000.0,1.0,109975782.0,109975782.0,,2.726,3010333000.0,47200000.0,33247000.0,324281000.0,27.373,791531000.0
52,RDC,MRQ,2005-12-31,2005-12-31,2005-12-31,2019-02-27,-83660000.0,2975183000.0,,1208132000.0,1767051000.0,,14.809,-59550000.0,675903000.0,675903000.0,186825000.0,69487000.0,3.547,0.837,615248000.0,64922000.0,550326000.0,615248000.0,0.0,20983000.0,0.0,0.014,0.0,116914000.0,137897000.0,0.434,137897000.0,116914000.0,109980000.0,0.63,0.62,0.63,1619739000.0,,1619739000.0,4010337456.0,10.0,8.633,164771000.0,1.506,1.0,130607000.0,0.411,46317000.0,6934000.0,2527598000.0,,196010000.0,0.0,0.0,0.0,1355444000.0,340613000.0,1014831000.0,3898180456.0,159481000.0,20866000.0,8004000.0,-13331000.0,37000.0,-5290000.0,-59550000.0,0.0,224321000.0,0.0,69487000.0,69487000.0,69487000.0,0.0,0.0,0.219,20783000.0,109824000.0,82935000.0,0.0,2.407,16.963,16.891,1720734000.0,0.0,35.64,3.647,3.647,253194000.0,724096000.0,317432000.0,317432000.0,0.0,,,,,1124000.0,24142000.0,1.0,109376556.0,109376556.0,,2.902,2928866000.0,65984000.0,40493000.0,314723000.0,26.778,867519000.0
53,RDC,MRQ,2005-09-30,2005-09-30,2005-09-30,2019-02-27,-70782000.0,2734030000.0,,1044375000.0,1689655000.0,,14.218,2205000.0,516422000.0,516422000.0,158154000.0,74625000.0,4.525,0.766,628579000.0,64922000.0,563657000.0,628579000.0,37476000.0,20261000.0,0.0,0.014,0.25,125406000.0,145667000.0,0.512,145667000.0,125406000.0,118712000.0,0.68,0.67,0.68,1548466000.0,,1548466000.0,4015580408.0,14.0,10.892,58154000.0,0.534,1.0,126244000.0,0.444,15525000.0,6694000.0,2599886000.0,,192546000.0,0.0,0.0,0.0,1185564000.0,230776000.0,954788000.0,3865299408.0,28601000.0,0.0,7215000.0,-9523000.0,-27245000.0,-29553000.0,2205000.0,0.0,55949000.0,0.0,74625000.0,74625000.0,74625000.0,0.0,0.0,0.262,6328000.0,119916000.0,47015000.0,0.368,2.496,23.78,23.819,1674130000.0,0.0,35.49,4.103,4.103,245737000.0,654609000.0,284398000.0,284398000.0,0.0,,,,,1055000.0,17941000.0,1.0,108912353.0,108912353.0,,2.611,2718505000.0,64682000.0,44087000.0,291568000.0,24.96,813599000.0
54,RDC,MRQ,2005-06-30,2005-06-30,2005-06-30,2019-02-27,-70782000.0,2617125000.0,,906851000.0,1710274000.0,,13.784,-20701000.0,487821000.0,487821000.0,150869000.0,42266000.0,4.581,0.754,638102000.0,64922000.0,573180000.0,638102000.0,0.0,20134000.0,0.0,0.008,0.0,72909000.0,93043000.0,0.38,93043000.0,72909000.0,66591000.0,0.39,0.39,0.39,1492448000.0,,1492448000.0,3441415109.0,19.0,12.734,66120000.0,0.611,1.0,93691000.0,0.383,15565000.0,6318000.0,2553874000.0,,179899000.0,0.0,0.0,0.0,1124677000.0,197967000.0,926710000.0,3216839109.0,79243000.0,0.0,6323000.0,4948000.0,0.0,11271000.0,-18849000.0,1852000.0,86821000.0,0.0,42266000.0,42266000.0,42266000.0,920000.0,0.0,0.173,26600000.0,67091000.0,42371000.0,0.0,2.155,32.876,33.011,1694709000.0,0.0,29.71,3.833,3.833,169962000.0,607229000.0,244560000.0,244560000.0,0.0,,,,,927000.0,16086000.0,1.0,108274625.0,108274625.0,,2.259,2601560000.0,46067000.0,24325000.0,234918000.0,24.027,708884000.0
55,RDC,MRQ,2005-03-31,2005-03-31,2005-03-31,2019-02-27,-70782000.0,2465703000.0,,765429000.0,1700274000.0,,13.35,-31458000.0,408578000.0,408578000.0,146099000.0,43422000.0,4.538,0.71,633154000.0,64922000.0,568232000.0,633154000.0,0.0,19913000.0,0.0,0.008,0.25,68006000.0,87919000.0,0.395,87919000.0,68006000.0,62150000.0,0.4,0.4,0.4,1441955000.0,,1441955000.0,3406141479.0,30.0,16.551,-65379000.0,-0.605,1.0,76293000.0,0.343,15627000.0,5856000.0,2505998000.0,,167053000.0,0.0,0.0,0.0,1023748000.0,168654000.0,855094000.0,3232846479.0,-57399000.0,0.0,12466000.0,-6118000.0,-26935000.0,-20587000.0,-2891000.0,7701000.0,-33921000.0,0.0,43422000.0,43422000.0,43422000.0,-12883000.0,0.0,0.195,32524000.0,43769000.0,35054000.0,0.625,2.242,60.476,61.082,1684647000.0,0.0,29.93,4.268,4.268,165536000.0,564963000.0,222392000.0,222392000.0,0.0,,,,,1009000.0,13260000.0,1.0,108013581.0,108013581.0,,2.059,2450076000.0,3018000.0,18728000.0,170116000.0,22.683,596775000.0
56,RDC,MRQ,2004-12-31,2004-12-31,2004-12-31,2019-02-27,-70782000.0,2492286000.0,,807097000.0,1685189000.0,,13.138,-33642000.0,465977000.0,465977000.0,129394000.0,2228000.0,3.437,0.769,639272000.0,64922000.0,574350000.0,639272000.0,0.0,24275000.0,0.0,0.0,0.0,17768000.0,42043000.0,0.22,42043000.0,17768000.0,12290000.0,0.02,0.02,0.02,1408884000.0,,1408884000.0,3121688389.0,85.0,23.578,50544000.0,0.471,1.0,61331000.0,0.322,15695000.0,5478000.0,2415086000.0,,164113000.0,0.0,0.0,0.0,1083402000.0,234800000.0,848602000.0,2777375389.0,172994000.0,117014000.0,3460000.0,1976000.0,0.0,5436000.0,83372000.0,0.0,84186000.0,0.0,2228000.0,2228000.0,2228000.0,14158000.0,0.0,0.012,31787000.0,29544000.0,26095000.0,0.0,1.971,-2181.756,-2590.0,1669494000.0,0.0,25.9,4.086,4.086,132445000.0,548476000.0,190725000.0,190725000.0,0.0,,,,,1360000.0,12217000.0,1.0,107234571.0,107234571.0,,1.779,2476591000.0,19332000.0,10062000.0,163336000.0,23.095,572297000.0
57,RDC,MRQ,2004-09-30,2004-09-30,2004-09-30,2019-02-27,-54685000.0,2440685000.0,,682516000.0,1758169000.0,,13.257,-23286000.0,292983000.0,292983000.0,128550000.0,9932000.0,4.47,0.724,637296000.0,60243000.0,577053000.0,637296000.0,0.0,24341000.0,0.0,0.0,0.0,22910000.0,47251000.0,0.26,47251000.0,22910000.0,17581000.0,0.09,0.09,0.09,1415873000.0,,1415873000.0,3170105069.0,95.0,24.655,-3673000.0,-0.034,1.0,53024000.0,0.292,16772000.0,5329000.0,2615553000.0,,200998000.0,0.0,0.0,0.0,1024812000.0,152673000.0,872139000.0,2819624069.0,-1697000.0,0.0,9841000.0,-7865000.0,0.0,1976000.0,-23286000.0,0.0,19613000.0,0.0,9932000.0,9932000.0,9932000.0,2351000.0,0.0,0.055,29367000.0,23657000.0,34562000.0,0.0,1.991,2986.89,2640.0,1741397000.0,0.0,26.4,5.224,5.224,170958000.0,546248000.0,181574000.0,181574000.0,0.0,,,,,1520000.0,10137000.0,1.0,106803942.0,106803942.0,,1.7,2423913000.0,8816000.0,7649000.0,158177000.0,22.695,529843000.0
58,RDC,MRQ,2004-06-30,2004-06-30,2004-06-30,2019-02-27,-54685000.0,2424676000.0,,654344000.0,1770332000.0,,13.183,-21988000.0,294680000.0,294680000.0,124550000.0,-2125000.0,4.215,0.738,645161000.0,59883000.0,585278000.0,645161000.0,0.0,23509000.0,0.0,0.0,0.0,5074000.0,28583000.0,0.176,28583000.0,5074000.0,35000.0,-0.02,-0.02,-0.02,1394714000.0,,1394714000.0,2902913878.0,88.0,23.116,-22864000.0,-0.216,1.0,38295000.0,0.235,18305000.0,5039000.0,2601624000.0,,187687000.0,0.0,0.0,0.0,1029962000.0,155228000.0,874734000.0,2573995878.0,-11755000.0,0.0,1301000.0,9808000.0,0.0,11109000.0,-21988000.0,0.0,-876000.0,0.0,-2125000.0,-2125000.0,-2125000.0,6099000.0,0.0,-0.013,28615000.0,9680000.0,29571000.0,0.0,1.846,990.379,608.25,1752027000.0,0.0,24.33,4.663,4.663,149522000.0,536316000.0,162845000.0,162845000.0,0.0,,,,,1697000.0,9269000.0,1.0,105795145.0,105795145.0,,1.539,2406371000.0,10429000.0,2160000.0,155244000.0,22.746,499116000.0
59,RDC,MRQ,2004-03-31,2004-03-31,2004-03-31,2019-02-27,-54685000.0,2405805000.0,,638730000.0,1767075000.0,,13.182,-43290000.0,306435000.0,306435000.0,127212000.0,-11308000.0,4.282,0.726,635353000.0,55887000.0,579466000.0,635353000.0,0.0,23525000.0,0.0,0.0,0.0,-9287000.0,14238000.0,0.095,14238000.0,-9287000.0,-14352000.0,-0.11,-0.11,-0.11,1393679000.0,,1393679000.0,2795826919.0,124.0,24.844,-29106000.0,-0.275,1.0,22180000.0,0.148,18275000.0,5065000.0,2567274000.0,,183189000.0,0.0,0.0,0.0,1012126000.0,149174000.0,862952000.0,2229719919.0,248208000.0,0.0,266295000.0,11019000.0,0.0,277314000.0,-43290000.0,0.0,14184000.0,0.0,-11308000.0,-11308000.0,-11308000.0,4927000.0,0.0,-0.076,28081000.0,-5901000.0,28209000.0,0.0,1.6,-1173.537,-2109.0,1748800000.0,0.0,21.09,4.074,4.074,123817000.0,538441000.0,149392000.0,149392000.0,0.0,,,,,1903000.0,9097000.0,1.0,105724036.0,105724036.0,,1.413,2387530000.0,10656000.0,-3044000.0,156800000.0,22.583,489556000.0
60,RDC,MRQ,2003-12-31,2003-12-31,2003-12-31,2019-02-27,-54685000.0,2190809000.0,,444224000.0,1746585000.0,,12.086,-65052000.0,57809000.0,57809000.0,5988000.0,4445000.0,2.954,0.927,624334000.0,55267000.0,569067000.0,624334000.0,0.0,23878000.0,0.0,0.0,0.0,14631000.0,38509000.0,0.839,38509000.0,14631000.0,9473000.0,0.05,0.05,0.05,1136830000.0,,1136830000.0,2734334562.0,261.0,28.097,-12918000.0,-0.137,1.0,39928000.0,0.87,17150000.0,5158000.0,2589819000.0,,157645000.0,0.0,0.0,0.0,1053979000.0,150365000.0,903614000.0,2179429562.0,8213000.0,0.0,1716000.0,19415000.0,0.0,21131000.0,-65052000.0,0.0,52134000.0,0.0,4445000.0,4445000.0,4445000.0,4441000.0,0.0,0.097,21702000.0,18226000.0,22810000.0,0.0,1.917,-280.349,-289.625,1614597000.0,0.0,23.17,4.118,4.118,111709000.0,549749000.0,45916000.0,45916000.0,0.0,,,,,1830000.0,16675000.0,1.0,94062562.0,94062562.0,,0.488,2173659000.0,66474000.0,5028000.0,202214000.0,23.109,293859000.0
61,RDC,MRQ,2003-09-30,2003-09-30,2003-09-30,2019-02-27,-55200000.0,2141488000.0,,435446000.0,1706042000.0,,12.023,-46673000.0,50014000.0,50014000.0,144688000.0,11587000.0,3.027,0.898,604919000.0,52809000.0,552110000.0,604919000.0,0.0,21740000.0,0.0,0.0,0.0,22510000.0,44250000.0,0.228,44250000.0,22510000.0,17297000.0,0.12,0.12,0.12,1128332000.0,,1128332000.0,2828440068.0,-341.0,37.491,-34791000.0,-0.371,1.0,49195000.0,0.254,19326000.0,5213000.0,2533193000.0,,199920000.0,0.0,0.0,0.0,1013156000.0,143874000.0,869282000.0,2306867068.0,-23637000.0,0.0,1459000.0,9695000.0,0.0,11154000.0,-46673000.0,0.0,11882000.0,0.0,11587000.0,11587000.0,11587000.0,0.0,0.0,0.06,27866000.0,21329000.0,29083000.0,0.0,2.044,-153.352,-153.625,1686716000.0,0.0,24.58,4.706,4.706,120066000.0,545304000.0,193883000.0,193883000.0,0.0,,,,,1822000.0,6126000.0,1.0,93851386.0,93851386.0,,2.066,2122162000.0,58830000.0,5710000.0,207308000.0,22.612,291572000.0
62,RDC,MRQ,2003-06-30,2003-06-30,2003-06-30,2019-02-27,-55200000.0,2110806000.0,,431408000.0,1679398000.0,,11.892,-65279000.0,73651000.0,73651000.0,137750000.0,-6624000.0,3.281,0.896,595224000.0,47633000.0,547591000.0,595224000.0,0.0,20923000.0,0.0,0.0,0.0,-5386000.0,15537000.0,0.098,15537000.0,-5386000.0,-10183000.0,-0.07,-0.07,-0.07,1113585000.0,,1113585000.0,2550197371.0,-268.0,35.028,-71198000.0,-0.76,1.0,20350000.0,0.129,0.0,4797000.0,2500873000.0,,188443000.0,0.0,0.0,0.0,997221000.0,131506000.0,865715000.0,2097560371.0,-41362000.0,0.0,2262000.0,27574000.0,0.0,29836000.0,-65279000.0,0.0,-5919000.0,0.0,-6624000.0,-6624000.0,-6624000.0,0.0,0.0,-0.042,27712000.0,-7362000.0,27774000.0,0.0,1.884,-127.387,-131.765,1661341000.0,0.0,22.4,4.366,4.366,115281000.0,533717000.0,158100000.0,158100000.0,0.0,,,,,1778000.0,6789000.0,1.0,93641088.0,93641088.0,,1.688,2110806000.0,44461000.0,-3559000.0,187170000.0,22.541,299902000.0
63,RDC,MRQ,2003-03-31,2003-03-31,2003-03-31,2019-02-27,-55200000.0,2062131000.0,,428204000.0,1633927000.0,,11.92,-66399000.0,115013000.0,115013000.0,127570000.0,-17182000.0,3.56,0.848,567650000.0,47285000.0,520365000.0,567650000.0,0.0,20310000.0,0.0,0.013,0.0,-21290000.0,-980000.0,-0.007,-980000.0,-21290000.0,-26149000.0,-0.18,-0.18,-0.18,1115929000.0,,1115929000.0,2217059661.0,-173.0,32.908,-76246000.0,-0.814,1.0,3785000.0,0.029,0.0,4859000.0,2394493000.0,,179710000.0,0.0,0.0,0.0,946202000.0,120275000.0,825927000.0,1840513661.0,-63743000.0,0.0,155000.0,12348000.0,0.0,12503000.0,-66399000.0,0.0,-9847000.0,0.0,-17182000.0,-17182000.0,-17182000.0,0.0,0.0,-0.131,26815000.0,-23030000.0,25868000.0,0.0,1.649,-99.054,-103.474,1616098000.0,0.0,19.66,3.909,3.909,98069000.0,540341000.0,131355000.0,131355000.0,0.0,,,,,1678000.0,6505000.0,1.0,93617175.0,93617175.0,,1.403,2062131000.0,29595000.0,-8967000.0,176164000.0,22.027,307929000.0
64,RDC,MRQ,2002-12-31,2002-12-31,2002-12-31,2019-02-27,-55200000.0,2054504000.0,,469902000.0,1584602000.0,,12.098,-44921000.0,178756000.0,178756000.0,771000.0,-2824000.0,4.052,0.815,555302000.0,42458000.0,512844000.0,555302000.0,0.0,20759000.0,0.0,0.011,0.0,-4122000.0,16637000.0,2.421,16637000.0,-4122000.0,-9288000.0,-0.03,-0.03,-0.03,1131777000.0,,1131777000.0,2492533508.0,17.0,10.985,-7245000.0,-0.077,1.0,6101000.0,0.888,17458000.0,5166000.0,2297617000.0,,162960000.0,0.0,0.0,0.0,922727000.0,115975000.0,806752000.0,2123521508.0,10462000.0,0.0,-289000.0,17996000.0,0.0,17707000.0,-44921000.0,0.0,37676000.0,0.0,-2824000.0,-2824000.0,-2824000.0,-8629000.0,0.0,-0.411,20300000.0,-14199000.0,30000000.0,0.0,1.876,24.613,24.674,1567144000.0,0.0,22.7,4.449,4.449,109320000.0,557523000.0,6872000.0,6872000.0,0.0,,,,,1665000.0,15341000.0,1.0,93547203.0,93547203.0,,0.073,2037046000.0,10855000.0,-6464000.0,166060000.0,21.776,353927000.0
65,RDC,MRQ,2002-09-30,2002-09-30,2002-09-30,2019-02-27,-12540000.0,2022019000.0,,465593000.0,1556426000.0,,12.541,-52486000.0,168294000.0,168294000.0,137948000.0,10164000.0,3.916,0.72,537306000.0,42458000.0,494848000.0,537306000.0,0.0,20330000.0,0.0,0.013,0.0,21280000.0,41610000.0,0.226,41610000.0,21280000.0,16025000.0,0.11,0.11,0.11,1175870000.0,,1175870000.0,2057638278.0,14.0,9.345,-49497000.0,-0.528,1.0,46205000.0,0.251,0.0,5255000.0,2272139000.0,,158161000.0,0.0,0.0,0.0,846149000.0,118892000.0,727257000.0,1747781278.0,-44171000.0,0.0,-9658000.0,14984000.0,0.0,5326000.0,-52486000.0,0.0,2989000.0,0.0,10164000.0,10164000.0,10164000.0,0.0,0.0,0.055,26764000.0,19441000.0,27470000.0,0.0,1.486,22.003,21.929,1538008000.0,0.0,18.64,2.883,2.883,130412000.0,560347000.0,184153000.0,184153000.0,0.0,,,,,1687000.0,6434000.0,1.0,93765090.0,93765090.0,,1.964,2022019000.0,2089000.0,5861000.0,171299000.0,21.565,346701000.0
66,RDC,MRQ,2002-06-30,2002-06-30,2002-06-30,2019-02-27,-12540000.0,2008562000.0,,484404000.0,1524158000.0,,12.509,-56959000.0,212465000.0,212465000.0,134954000.0,-8739000.0,3.552,0.71,522322000.0,42458000.0,479864000.0,522322000.0,0.0,18754000.0,0.0,0.012,0.25,-8649000.0,10105000.0,0.068,10105000.0,-8649000.0,-13892000.0,-0.09,-0.09,-0.09,1174809000.0,,1174809000.0,2250055276.0,14.0,9.621,-52756000.0,-0.562,1.0,13544000.0,0.091,0.0,5243000.0,2182055000.0,,151509000.0,0.0,0.0,0.0,833753000.0,136364000.0,697389000.0,2014502276.0,-48222000.0,0.0,1963000.0,26082000.0,-23511000.0,4534000.0,-56959000.0,0.0,4203000.0,0.0,-8739000.0,-8739000.0,-8739000.0,0.0,0.0,-0.059,18754642.0,-5210642.0,26457000.0,-2.778,1.715,22.406,22.344,1505516000.0,0.0,21.45,3.284,3.284,112719000.0,550183000.0,148498000.0,148498000.0,0.0,,,,,1842000.0,642.0,1.0,93916190.0,93916190.0,,1.581,2008562000.0,1108000.0,-5153000.0,151622000.0,21.387,348040000.0
67,RDC,MRQ,2002-03-31,2002-03-31,2002-03-31,2019-02-27,-12540000.0,2006261000.0,,523391000.0,1482870000.0,,12.813,-62749000.0,260687000.0,260687000.0,132837000.0,87677000.0,3.547,0.668,496240000.0,42458000.0,453782000.0,496240000.0,4187000.0,18248000.0,0.0,0.0,0.0,140308000.0,158556000.0,1.151,158556000.0,140308000.0,135327000.0,0.93,0.92,0.93,1202904000.0,,1202904000.0,2407054530.0,11.0,8.049,10573000.0,0.113,1.0,4968000.0,0.036,0.0,4981000.0,2094271000.0,,149451000.0,0.0,0.0,0.0,803357000.0,147543000.0,655814000.0,2163101530.0,23698000.0,0.0,-2173000.0,15298000.0,0.0,13125000.0,-62749000.0,0.0,73322000.0,0.0,87677000.0,87677000.0,87677000.0,0.0,0.0,0.636,24643000.0,-19675000.0,24453000.0,0.0,1.798,16.269,16.34,1464392000.0,0.0,23.04,3.203,3.203,107634000.0,582433000.0,137805000.0,137805000.0,0.0,,,,,1982000.0,6395000.0,1.0,93884615.0,93884615.0,,1.468,2006261000.0,2325000.0,47650000.0,137677000.0,21.369,375848000.0
68,RDC,MRQ,2001-12-31,2001-12-31,2001-12-31,2019-02-27,-12540000.0,1938955000.0,,506682000.0,1432273000.0,,11.821,-86139000.0,236989000.0,236989000.0,124534000.0,-9670000.0,2.515,0.75,480942000.0,42458000.0,438484000.0,480942000.0,0.0,18296000.0,0.0,0.0,0.0,-8386000.0,9910000.0,0.073,9910000.0,-8386000.0,-14504000.0,-0.1,-0.1,-0.1,1108087000.0,,1108087000.0,2098769401.0,15.0,9.856,41697000.0,0.445,1.0,11297000.0,0.083,13430000.0,6118000.0,1967984000.0,,143189000.0,0.0,0.0,0.0,830868000.0,201494000.0,629374000.0,1815728401.0,74648000.0,0.0,-2609000.0,35560000.0,0.0,32951000.0,-86139000.0,0.0,127836000.0,0.0,-9670000.0,-9670000.0,-9670000.0,0.0,0.0,-0.071,24534000.0,-13237000.0,28903000.0,0.0,1.639,23.582,23.622,1418843000.0,0.0,19.37,2.484,2.484,120199000.0,494756000.0,135831000.0,135831000.0,0.0,,,,,2047000.0,6238000.0,1.0,93739205.0,93739205.0,,1.449,1925525000.0,3117000.0,-4834000.0,127952000.0,20.541,305188000.0
69,RDC,MRQ,2001-09-30,2001-09-30,2001-09-30,2019-02-27,0.0,1818648000.0,,456482000.0,1362166000.0,,11.972,-76725000.0,162341000.0,162341000.0,133211000.0,20640000.0,4.367,0.608,445382000.0,34994000.0,410388000.0,445382000.0,0.0,17276000.0,0.0,0.0,0.0,38026000.0,55302000.0,0.289,55302000.0,38026000.0,32409000.0,0.22,0.22,0.22,1131309000.0,,1131309000.0,1407660586.0,7.0,5.235,-30992000.0,-0.328,1.0,58114000.0,0.304,0.0,5617000.0,1997160000.0,,139000000.0,0.0,0.0,0.0,687339000.0,104529000.0,582810000.0,1169907586.0,-28157000.0,0.0,-14296000.0,17131000.0,0.0,2835000.0,-76725000.0,0.0,45733000.0,0.0,20640000.0,20640000.0,20640000.0,0.0,0.0,0.108,24525000.0,33589000.0,27234000.0,0.0,1.034,10.251,10.148,1349941000.0,0.0,12.38,1.501,1.501,146092000.0,504426000.0,191325000.0,191325000.0,0.0,,,,,1926000.0,7249000.0,1.0,94499805.0,94499805.0,,2.025,1818648000.0,2424000.0,11769000.0,128958000.0,19.245,351953000.0
70,RDC,MRQ,2001-06-30,2001-06-30,2001-06-30,2019-02-27,0.0,1795479000.0,,493431000.0,1302048000.0,,11.909,-80702000.0,190498000.0,190498000.0,132121000.0,34312000.0,4.269,0.598,428251000.0,34187000.0,394064000.0,428251000.0,0.0,16733000.0,0.0,0.0,0.0,58562000.0,75295000.0,0.358,75295000.0,58562000.0,52745000.0,0.36,0.36,0.36,1123523000.0,,1123523000.0,2282586608.0,11.0,8.279,-39407000.0,-0.418,1.0,78273000.0,0.372,0.0,5817000.0,1917641000.0,,134793000.0,0.0,0.0,0.0,671956000.0,115591000.0,556365000.0,2084940608.0,-21187000.0,0.0,-700000.0,18920000.0,0.0,18220000.0,-80702000.0,0.0,41295000.0,0.0,34312000.0,34312000.0,34312000.0,0.0,0.0,0.163,24527000.0,53746000.0,30204000.0,0.0,1.856,17.514,17.402,1289856000.0,0.0,22.1,2.677,2.677,157802000.0,483786000.0,210394000.0,210394000.0,0.0,,,,,1985000.0,7794000.0,1.0,94341204.0,94341204.0,,2.23,1795479000.0,3338000.0,18433000.0,106310000.0,19.032,377840000.0
71,RDC,MRQ,2001-03-31,2001-03-31,2001-03-31,2019-02-27,0.0,1733927000.0,,495975000.0,1237952000.0,,11.527,-57739000.0,211685000.0,211685000.0,120398000.0,31716000.0,4.478,0.595,409331000.0,28008000.0,381323000.0,409331000.0,0.0,16194000.0,0.0,0.0,0.0,56245000.0,72439000.0,0.374,72439000.0,56245000.0,49557000.0,0.34,0.33,0.34,1086905000.0,,1086905000.0,2800404235.0,16.0,11.727,9125000.0,0.097,1.0,73116000.0,0.378,0.0,6688000.0,1820805000.0,,130433000.0,0.0,0.0,0.0,647022000.0,110768000.0,536254000.0,2593012235.0,18857000.0,0.0,621000.0,9111000.0,0.0,9732000.0,-57739000.0,0.0,66864000.0,0.0,31716000.0,31716000.0,31716000.0,0.0,0.0,0.164,22583000.0,50533000.0,29941000.0,0.0,2.386,27.06,26.699,1225542000.0,0.0,27.5,3.643,3.643,145368000.0,449474000.0,193514000.0,193514000.0,0.0,,,,,1811000.0,6389000.0,1.0,94291354.0,94291354.0,,2.052,1733927000.0,2516000.0,17841000.0,100988000.0,18.389,385207000.0
72,RDC,MRQ,2000-12-31,2000-12-31,2000-12-31,2019-02-27,0.0,1678426000.0,,483357000.0,1195069000.0,,11.156,-31853000.0,192828000.0,192828000.0,117573000.0,27454000.0,4.632,0.594,400220000.0,28008000.0,372212000.0,400220000.0,0.0,15814000.0,0.0,0.0,0.0,50028000.0,65842000.0,0.357,65842000.0,50028000.0,43091000.0,0.3,0.29,0.3,1052757000.0,,1052757000.0,2757451958.0,20.0,14.113,4977000.0,0.053,1.0,66646000.0,0.362,0.0,6937000.0,1781464000.0,,128892000.0,0.0,0.0,0.0,625669000.0,104354000.0,521315000.0,2547950958.0,23227000.0,0.0,-2868000.0,21118000.0,0.0,18250000.0,-31853000.0,0.0,36830000.0,0.0,27454000.0,27454000.0,27454000.0,0.0,0.0,0.149,22407000.0,44239000.0,24769000.0,0.0,2.42,36.289,35.526,1182780000.0,0.0,27.0,3.944,3.944,154541000.0,417758000.0,184219000.0,184219000.0,0.0,,,,,1810000.0,6593000.0,1.0,94368554.0,94368554.0,,1.952,1678426000.0,3699000.0,15637000.0,91390000.0,17.786,379003000.0
73,RDC,MRQ,2000-09-30,2000-09-30,2000-09-30,2019-02-27,0.0,1616531000.0,,437438000.0,1179093000.0,,10.888,-48746000.0,169601000.0,169601000.0,127147000.0,25559000.0,4.646,0.574,379102000.0,28007000.0,351095000.0,379102000.0,0.0,15608000.0,0.0,0.0,0.0,46516000.0,62124000.0,0.326,62124000.0,46516000.0,40233000.0,0.27,0.27,0.27,1026710000.0,,1026710000.0,2557639341.0,27.0,16.676,-21324000.0,-0.226,1.0,63702000.0,0.334,0.0,6283000.0,1731881000.0,,109263000.0,0.0,0.0,0.0,589821000.0,94151000.0,495670000.0,2734541341.0,-7301000.0,0.0,754000.0,13269000.0,0.0,14023000.0,-48746000.0,0.0,27422000.0,0.0,25559000.0,25559000.0,25559000.0,0.0,0.0,0.134,22298000.0,41404000.0,27041000.0,0.0,2.663,60.611,60.417,1166349000.0,0.0,29.0,4.689,4.689,142786000.0,390304000.0,190849000.0,190849000.0,0.0,,,,,1702000.0,6690000.0,1.0,94294529.0,94294529.0,,2.024,1616531000.0,9899000.0,14674000.0,88436000.0,17.143,343287000.0
74,RDC,MRQ,2000-06-30,2000-06-30,2000-06-30,2019-02-27,0.0,1570774000.0,,425869000.0,1144905000.0,,16.736,-59811000.0,176902000.0,176902000.0,106821000.0,11096000.0,,,0.0,,,0.0,0.0,14677000.0,0.0,0.0,0.0,23711000.0,38388000.0,0.268,38388000.0,23711000.0,17799000.0,0.12,0.12,0.12,,,,2996545958.0,53.0,26.785,-47856000.0,-0.51,1.0,36340000.0,0.254,0.0,5912000.0,1393872000.0,,113251000.0,0.0,0.0,0.0,,,,2851289958.0,-20585000.0,0.0,4181000.0,23090000.0,0.0,27271000.0,-59811000.0,0.0,11955000.0,0.0,11096000.0,11096000.0,11096000.0,0.0,0.0,0.078,20618000.0,15722000.0,0.0,0.0,,141.447,138.091,1131552000.0,0.0,30.38,5.566,5.566,110359000.0,,143161000.0,143161000.0,0.0,,,,,1747000.0,5941000.0,1.0,93854179.0,93854179.0,,1.525,1570774000.0,17005000.0,6703000.0,0.0,16.736,
75,RDC,MRQ,2000-03-31,2000-03-31,2000-03-31,2019-02-27,0.0,1516397000.0,,416959000.0,1099438000.0,,10.601,-71866000.0,197487000.0,197487000.0,99911000.0,6104000.0,4.672,0.548,342743000.0,27638000.0,315105000.0,342743000.0,0.0,12766000.0,0.0,0.0,0.0,16260000.0,29026000.0,0.227,29026000.0,16260000.0,9740000.0,0.07,0.07,0.07,979433000.0,,979433000.0,3058631410.0,89.0,34.546,-44040000.0,-0.477,1.0,27819000.0,0.218,0.0,6520000.0,1572401000.0,,109398000.0,0.0,0.0,0.0,536964000.0,89252000.0,447712000.0,2719886410.0,110432000.0,-7245000.0,247774000.0,-86057000.0,0.0,161717000.0,-79111000.0,0.0,27826000.0,0.0,6104000.0,6104000.0,6104000.0,0.0,0.0,0.048,17614000.0,10205000.0,20260000.0,0.0,2.777,422.343,420.571,1085965000.0,0.0,29.44,5.571,5.571,87387000.0,353649000.0,127730000.0,127730000.0,0.0,,,,,1507000.0,4848000.0,1.0,92387446.0,92387446.0,,1.383,1516397000.0,17417000.0,3636000.0,80540000.0,16.413,327707000.0
76,RDC,MRQ,1999-12-31,1999-12-31,1999-12-31,2019-02-27,0.0,1356067000.0,,325075000.0,1030992000.0,,8.692,-37855000.0,87055000.0,87055000.0,98001000.0,2357000.0,1.607,0.874,425800000.0,129123000.0,296677000.0,425800000.0,0.0,13843000.0,0.0,0.0,0.0,9987000.0,23830000.0,0.196,23830000.0,9987000.0,3289000.0,0.02,0.02,0.02,723724000.0,,723724000.0,2132622291.0,259.0,33.895,-12398000.0,-0.149,1.0,23416000.0,0.193,0.0,6698000.0,1492529000.0,,120456000.0,0.0,0.0,0.0,632343000.0,202283000.0,430060000.0,1806082291.0,27008000.0,0.0,193000.0,39213000.0,0.0,39406000.0,-37855000.0,0.0,25457000.0,0.0,2357000.0,2357000.0,2357000.0,0.0,0.0,0.019,18181000.0,5235000.0,22742000.0,0.0,2.496,-186.849,-180.75,1025739000.0,0.0,21.69,3.921,3.921,93083000.0,347545000.0,121417000.0,121417000.0,0.0,,,,,1467000.0,4338000.0,1.0,83267971.0,83267971.0,,1.458,1356067000.0,18604000.0,932000.0,78113000.0,16.286,122792000.0
77,RDC,MRQ,1999-09-30,1999-09-30,1999-09-30,2019-02-27,0.0,1298659000.0,,292171000.0,1006488000.0,,8.655,-42218000.0,60047000.0,60047000.0,98808000.0,601000.0,3.581,0.803,386587000.0,18433000.0,368154000.0,386587000.0,0.0,13964000.0,0.0,0.0,0.0,6664000.0,20628000.0,0.172,20628000.0,6664000.0,891000.0,0.01,0.01,0.01,720095000.0,,720095000.0,1632685270.0,149.0,25.234,-46421000.0,-0.558,1.0,21115000.0,0.176,0.0,5773000.0,1543609000.0,,112464000.0,0.0,0.0,0.0,578564000.0,81590000.0,496974000.0,1352049270.0,-21116000.0,0.0,517000.0,24788000.0,0.0,25305000.0,-42218000.0,0.0,-4203000.0,0.0,601000.0,601000.0,601000.0,0.0,0.0,0.005,18536000.0,2579000.0,22564000.0,0.0,1.878,-187.628,-203.125,1001211000.0,0.0,16.25,2.853,2.853,91142000.0,345188000.0,119923000.0,119923000.0,0.0,,,,,1455000.0,4572000.0,1.0,83203032.0,83203032.0,,1.441,1298659000.0,18769000.0,290000.0,76604000.0,15.608,210581000.0
78,RDC,MRQ,1999-06-30,1999-06-30,1999-06-30,2019-02-27,0.0,1275488000.0,,297496000.0,977992000.0,,8.637,-56572000.0,81163000.0,81163000.0,103183000.0,-2622000.0,3.791,0.778,361799000.0,12756000.0,349043000.0,361799000.0,0.0,13777000.0,0.0,0.0,0.0,1277000.0,15054000.0,0.126,15054000.0,1277000.0,-4015000.0,-0.03,-0.03,-0.03,717542000.0,,717542000.0,1746883115.0,29.0,15.511,-50379000.0,-0.606,1.0,15986000.0,0.134,0.0,5292000.0,1477654000.0,,104008000.0,0.0,0.0,0.0,557946000.0,78470000.0,479476000.0,1516085115.0,-25489000.0,0.0,598000.0,24349000.0,0.0,24890000.0,-56572000.0,0.0,6193000.0,0.0,-2622000.0,-2622000.0,-2622000.0,0.0,0.0,-0.022,18422000.0,-2436000.0,20096000.0,0.0,2.113,61.41,62.931,972653000.0,0.0,18.25,2.821,2.821,85346000.0,344587000.0,119169000.0,119169000.0,0.0,,,,,1382000.0,4645000.0,1.0,83073157.0,83073157.0,,1.435,1275488000.0,18702000.0,-1393000.0,76442000.0,15.354,219026000.0
79,RDC,MRQ,1999-03-31,1999-03-31,1999-03-31,2019-02-27,0.0,1247542000.0,,311401000.0,936141000.0,,8.655,-64884000.0,106652000.0,106652000.0,95600000.0,-10002000.0,4.308,0.736,337450000.0,12756000.0,324694000.0,337450000.0,0.0,13115000.0,0.0,0.0,0.0,-9709000.0,3406000.0,0.034,3406000.0,-9709000.0,-14701000.0,-0.12,-0.12,-0.12,718522000.0,,718522000.0,1227726345.0,9.0,6.739,-54425000.0,-0.656,1.0,4453000.0,0.045,0.0,4992000.0,1406059000.0,,107451000.0,0.0,0.0,0.0,529020000.0,72281000.0,456739000.0,1053554345.0,-42182000.0,0.0,-2258000.0,14444000.0,0.0,12243000.0,-64884000.0,0.0,10459000.0,0.0,-10002000.0,-10002000.0,-10002000.0,0.0,0.0,-0.1,17959000.0,-13506000.0,17805000.0,0.0,1.466,14.694,15.289,929721000.0,0.0,12.69,1.692,1.692,72233000.0,347209000.0,100053000.0,100053000.0,0.0,,,,,1181000.0,4844000.0,1.0,83022407.0,83022407.0,,1.205,1247542000.0,16827000.0,-4699000.0,75818000.0,15.027,239120000.0
80,RDC,MRQ,1998-12-31,1998-12-31,1998-12-31,2019-02-27,0.0,1249108000.0,,365652000.0,883456000.0,,8.708,-64268000.0,148834000.0,148834000.0,108053000.0,4817000.0,4.594,0.711,323006000.0,12756000.0,310250000.0,323006000.0,0.0,12856000.0,0.0,0.0,0.0,12757000.0,25613000.0,0.19,25613000.0,12757000.0,8010000.0,0.06,0.07,0.06,729996000.0,,729996000.0,978578946.0,5.0,3.751,-14144000.0,-0.169,1.0,26673000.0,0.198,0.0,4747000.0,1343687000.0,,113916000.0,0.0,0.0,0.0,519112000.0,79593000.0,439519000.0,828262946.0,36059000.0,0.0,-8078000.0,59915000.0,0.0,50203000.0,-64268000.0,0.0,50124000.0,0.0,4817000.0,4817000.0,4817000.0,0.0,0.0,0.036,17577000.0,9096000.0,17744000.0,0.0,1.135,6.655,6.814,877197000.0,0.0,9.88,1.173,1.173,81097000.0,357211000.0,134726000.0,134726000.0,0.0,,,,,1275000.0,4721000.0,1.0,83832282.0,83832282.0,,1.607,1249108000.0,11327000.0,3193000.0,75255000.0,14.9,286059000.0
81,RDC,MRQ,1998-09-30,1998-09-30,1998-09-30,2019-02-27,0.0,1209469000.0,,379012000.0,830457000.0,,8.632,-61527000.0,112775000.0,112775000.0,119034000.0,32495000.0,3.91,0.645,263091000.0,12756000.0,250335000.0,263091000.0,12290000.0,12571000.0,0.0,0.0,0.0,55979000.0,68550000.0,0.374,68550000.0,55979000.0,51617000.0,0.38,0.38,0.38,735149000.0,,735149000.0,1083687821.0,4.0,3.521,13743000.0,0.161,1.0,64436000.0,0.351,0.0,4362000.0,1262848000.0,,128815000.0,0.0,0.0,0.0,474320000.0,96937000.0,377383000.0,963268821.0,-27402000.0,0.0,-43782000.0,2495000.0,0.0,-41145000.0,-61527000.0,0.0,75270000.0,0.0,32495000.0,32495000.0,32495000.0,0.0,0.0,0.177,16947000.0,47489000.0,22794000.0,0.0,1.31,5.758,5.86,824526000.0,0.0,11.31,1.264,1.264,114474000.0,352394000.0,183470000.0,183470000.0,0.0,,,,,1244000.0,4376000.0,1.0,85169657.0,85169657.0,,2.154,1209469000.0,13898000.0,19122000.0,76796000.0,14.201,282075000.0
82,RDC,MRQ,1998-06-30,1998-06-30,1998-06-30,2019-02-27,0.0,1211392000.0,,431966000.0,779426000.0,,8.477,-46006000.0,140177000.0,140177000.0,120842000.0,44389000.0,4.599,0.644,260596000.0,6378000.0,254218000.0,260596000.0,11403000.0,12397000.0,0.0,0.0,0.0,72213000.0,84610000.0,0.414,84610000.0,72213000.0,68099000.0,0.51,0.5,0.51,737071000.0,,737071000.0,1811780452.0,7.0,5.684,1894000.0,0.022,1.0,83398000.0,0.408,0.0,4114000.0,1237879000.0,,119409000.0,0.0,0.0,0.0,474321000.0,93932000.0,380389000.0,1690262452.0,23560000.0,0.0,-2080000.0,22461000.0,0.0,21666000.0,-46006000.0,0.0,47900000.0,0.0,44389000.0,44389000.0,44389000.0,0.0,0.0,0.217,17163000.0,66235000.0,26495000.0,0.0,2.293,8.94,8.917,773118000.0,0.0,19.44,2.184,2.184,138805000.0,319899000.0,204240000.0,204240000.0,0.0,,,,,1299000.0,4766000.0,1.0,86947657.0,86947657.0,,2.349,1211392000.0,25163000.0,23710000.0,74162000.0,13.932,338034000.0
83,RDC,MRQ,1998-03-31,1998-03-31,1998-03-31,2019-02-27,0.0,1143397000.0,,398344000.0,745053000.0,,8.038,-67856000.0,116617000.0,116617000.0,103015000.0,42759000.0,5.191,0.638,238135000.0,0.0,238135000.0,238135000.0,0.0,11879000.0,0.0,0.0,0.0,70252000.0,82131000.0,0.447,82131000.0,70252000.0,65975000.0,0.49,0.48,0.49,698223000.0,,698223000.0,2666882178.0,11.0,9.015,6543000.0,0.075,1.0,80899000.0,0.44,0.0,4277000.0,1188183000.0,,108328000.0,0.0,0.0,0.0,445174000.0,76732000.0,368442000.0,2519064178.0,8285000.0,19550000.0,0.0,-18015000.0,0.0,-17808000.0,-48306000.0,0.0,74399000.0,0.0,42759000.0,42759000.0,42759000.0,0.0,0.0,0.232,16382000.0,64517000.0,24116000.0,0.0,3.608,13.597,13.551,739257000.0,0.0,29.0,3.43,3.43,124527000.0,275510000.0,183914000.0,183914000.0,0.0,,,,,1210000.0,4503000.0,1.0,86864282.0,86864282.0,,2.117,1143397000.0,39609000.0,23216000.0,74757000.0,13.163,321612000.0
84,RDC,MRQ,1997-12-31,1997-12-31,1997-12-31,2019-02-27,0.0,1122135000.0,,412378000.0,709757000.0,,7.519,-62269000.0,108332000.0,108332000.0,112719000.0,47639000.0,5.058,0.718,256150000.0,0.0,256150000.0,256150000.0,0.0,12480000.0,0.0,0.0,0.0,60010000.0,72490000.0,0.381,72490000.0,60010000.0,53941000.0,0.55,0.54,0.55,653098000.0,,653098000.0,,,,16716000.0,0.192,1.0,77527000.0,0.408,0.0,6069000.0,1188427000.0,,101916000.0,25737000.0,0.0,25737000.0,469037000.0,81526000.0,387511000.0,2649360601.0,-9094000.0,0.0,0.0,-17465000.0,0.0,-25810000.0,-62269000.0,0.0,78985000.0,0.0,47639000.0,47639000.0,47639000.0,0.0,0.0,0.25,16807000.0,60720000.0,22839000.0,0.0,4.057,18.065,17.941,677160000.0,0.0,30.5,3.811,3.811,133627000.0,232751000.0,190246000.0,190246000.0,0.0,,,,,1224000.0,4327000.0,1.0,86864282.0,86864282.0,,2.19,1122135000.0,60809000.0,6302000.0,74956000.0,12.918,330852000.0
85,RDC,MRQ,1997-09-30,1997-09-30,1997-09-30,2019-02-27,,,,,,,,-38857000.0,,,115873000.0,54287000.0,,,,,,,,11808000.0,,0.0,0.0,67738000.0,79546000.0,0.407,79546000.0,67738000.0,61137000.0,0.63,0.61,0.63,,,,,,,30069000.0,,1.0,79583000.0,0.407,,6601000.0,,,,,,,,,,,50916000.0,3000.0,0.0,20556000.0,0.0,20844000.0,-38854000.0,0.0,68926000.0,0.0,54287000.0,54287000.0,54287000.0,0.0,0.0,0.278,15869000.0,63714000.0,,0.0,,,,,0.0,35.81,,,,,195456000.0,195456000.0,0.0,,,,,1029000.0,4061000.0,1.0,,,,,,,6850000.0,,,
86,RDC,MRQ,1997-06-30,1997-06-30,1997-06-30,2019-02-27,,,,,,,,-38122000.0,,,102035000.0,40580000.0,,,,,,,,11423000.0,,0.0,0.0,50251000.0,61674000.0,0.374,61674000.0,50251000.0,44057000.0,0.47,0.46,0.47,,,,,,,-16053000.0,,1.0,62750000.0,0.381,,6194000.0,,,,,,,,,,,-50414000.0,1000.0,0.0,-35223000.0,0.0,-34362000.0,-38121000.0,0.0,22069000.0,0.0,40580000.0,40580000.0,40580000.0,0.0,0.0,0.246,15714000.0,47036000.0,,0.0,,,,,0.0,28.19,,,,,164785000.0,164785000.0,0.0,,,,,1231000.0,4291000.0,1.0,,,,,,,3477000.0,,,
87,RDC,MRQ,1997-03-31,1997-03-31,1997-03-31,2019-02-27,,,,,,,,-36972000.0,,,118120000.0,4153000.0,,,,,,,,11367000.0,,0.0,0.0,11731000.0,23098000.0,0.16,23098000.0,11731000.0,4387000.0,0.05,0.05,0.05,,,,,,,-1251000.0,,1.0,26645000.0,0.184,,7344000.0,,,,,,,,,,,19699000.0,225000.0,0.0,20629000.0,0.0,20725000.0,-36747000.0,0.0,35721000.0,0.0,4153000.0,4153000.0,4153000.0,0.0,0.0,0.029,15659000.0,10986000.0,,0.0,,,,,0.0,22.62,,,,,144765000.0,144765000.0,0.0,,,,,1236000.0,4292000.0,1.0,,,,,,,234000.0,,,
88,RDC,MRQ,1996-12-31,1996-12-31,1996-12-31,2019-02-27,0.0,899308000.0,,317319000.0,581989000.0,,,,97225000.0,97225000.0,,,3.721,0.812,271253000.0,3932000.0,267321000.0,271253000.0,0.0,,0.0,0.0,0.0,,,,,,,,,,496219000.0,,496219000.0,,,,,,1.0,,,0.0,,988062000.0,,88673000.0,28049000.0,0.0,28049000.0,403089000.0,85274000.0,317815000.0,,,,,,,,,,,,,,,,,,,,28106000.0,,,,31.417,546200000.0,,22.62,,,112836000.0,86092000.0,,,,,,,,,,1.0,,,,,899308000.0,0.0,,1774000.0,,232045000.0
0,RDC,MRT,2018-12-31,2018-12-31,2018-12-31,2019-02-27,-285100000.0,8117700000.0,8202000000.0,1300300000.0,6817400000.0,0.101,39.624,-227300000.0,1026700000.0,1026700000.0,682700000.0,-347400000.0,2.867,0.612,2510900000.0,201200000.0,2309700000.0,2510900000.0,16700000.0,388900000.0,0.0,0.0,0.0,-242700000.0,146200000.0,0.177,146200000.0,-242700000.0,-399000000.0,-2.74,-2.74,-2.74,5035000000.0,5159175000.0,5035000000.0,2544406259.0,-10.0,17.404,-387400000.0,-3.049,1.0,142100000.0,0.172,0.0,156300000.0,9148300000.0,9268200000.0,0.0,497200000.0,0.0,497200000.0,3082700000.0,453600000.0,2629100000.0,1066106259.0,-305400000.0,93200000.0,100000.0,-6100000.0,0.0,-11200000.0,-134100000.0,0.0,-160100000.0,0.0,-347400000.0,-347400000.0,-347400000.0,0.0,0.0,-0.421,506000000.0,-363900000.0,122300000.0,0.0,0.212,-3.069,-3.062,6201000000.0,0.0,8.39,1.293,1.293,251200000.0,3810500000.0,824800000.0,824800000.0,0.0,-0.042,-0.067,-0.026,-0.294,24000000.0,96100000.0,1.0,127068684.0,127068684.0,,6.491,8117700000.0,0.0,-51600000.0,11700000.0,63.884,846700000.0
1,RDC,MRT,2018-09-30,2018-09-30,2018-09-30,2019-02-27,-241700000.0,8131400000.0,8287150000.0,1345300000.0,6786100000.0,0.114,40.038,-207500000.0,1032400000.0,1032400000.0,692200000.0,-221100000.0,2.968,0.598,2510700000.0,201100000.0,2309600000.0,2510700000.0,17800000.0,394000000.0,0.0,0.0,0.0,-62700000.0,331300000.0,0.352,331300000.0,-62700000.0,-218000000.0,-1.73,-1.74,-1.73,5088800000.0,5246950000.0,5088800000.0,3770326519.0,-60.0,11.38,-261100000.0,-2.054,1.0,249900000.0,0.265,0.0,155300000.0,9156400000.0,9325900000.0,0.0,303300000.0,0.0,303300000.0,3042600000.0,453300000.0,2589300000.0,2392426519.0,-187600000.0,84800000.0,0.0,-6100000.0,0.0,-11300000.0,-122700000.0,0.0,-53600000.0,0.0,-221100000.0,-221100000.0,-221100000.0,0.0,0.0,-0.235,509800000.0,-259900000.0,112200000.0,0.0,0.47,-10.821,-10.884,6438100000.0,0.0,18.83,2.539,2.54,281500000.0,3824800000.0,942100000.0,942100000.0,0.0,-0.027,-0.042,-0.007,-0.067,28900000.0,110700000.0,1.0,127053984.0,127100000.0,,7.412,8131400000.0,0.0,3100000.0,11100000.0,63.976,892000000.0
2,RDC,MRT,2018-06-30,2018-06-30,2018-06-30,2019-02-27,-241000000.0,8230900000.0,8347600000.0,1385900000.0,6845000000.0,0.125,41.179,-194700000.0,1132700000.0,1132700000.0,678600000.0,-97900000.0,6.089,0.574,2510600000.0,0.0,2510600000.0,2510600000.0,6800000.0,398400000.0,0.0,0.0,0.0,34500000.0,432900000.0,0.416,432900000.0,34500000.0,-120100000.0,-0.77,-0.78,-0.77,5229700000.0,5298425000.0,5229700000.0,3354671303.0,97.0,7.749,-79300000.0,-0.624,1.0,362200000.0,0.348,0.0,154600000.0,9381200000.0,9388500000.0,0.0,300800000.0,0.0,300800000.0,3001200000.0,227600000.0,2773600000.0,2058271303.0,-12500000.0,84200000.0,0.0,-12600000.0,0.0,-17400000.0,-110500000.0,0.0,115400000.0,0.0,-97900000.0,-97900000.0,-97900000.0,0.0,0.0,-0.094,513800000.0,-151600000.0,89500000.0,0.0,0.394,-21.024,-21.065,6498000000.0,0.0,16.22,1.978,1.979,238100000.0,3968900000.0,1040800000.0,1040800000.0,0.0,-0.012,-0.018,0.004,0.033,27800000.0,109000000.0,1.0,126897121.0,127000000.0,,8.195,8230900000.0,0.0,-22200000.0,11100000.0,64.81,1158300000.0
3,RDC,MRT,2018-03-31,2018-03-31,2018-03-31,2019-02-27,-261700000.0,8328000000.0,8403900000.0,1432200000.0,6895800000.0,0.133,41.841,-179100000.0,1214100000.0,1214100000.0,671100000.0,-49900000.0,6.03,0.576,2510500000.0,0.0,2510500000.0,2510500000.0,4400000.0,402500000.0,0.0,0.0,0.0,107800000.0,510300000.0,0.456,510300000.0,107800000.0,-46800000.0,-0.4,-0.41,-0.4,5283200000.0,5318525000.0,5283200000.0,2635329973.0,24.0,5.164,27800000.0,0.22,1.0,448600000.0,0.401,0.0,154600000.0,9386900000.0,9425775000.0,0.0,299600000.0,0.0,299600000.0,3044800000.0,237500000.0,2807300000.0,1457129973.0,40900000.0,58800000.0,0.0,-42000000.0,0.0,-45700000.0,-120300000.0,0.0,206900000.0,0.0,-49900000.0,-49900000.0,-49900000.0,0.0,0.0,-0.045,515800000.0,-67200000.0,93400000.0,0.0,0.276,-29.201,-28.85,6554000000.0,0.0,11.54,1.301,1.301,202800000.0,4048500000.0,1119700000.0,1119700000.0,0.0,-0.006,-0.009,0.011,0.096,26500000.0,106000000.0,1.0,126267762.0,126267762.0,,8.868,8328000000.0,0.0,3100000.0,10800000.0,65.955,1194700000.0
4,RDC,MRT,2017-12-31,2017-12-31,2017-12-31,2019-02-27,-218900000.0,8458300000.0,8460225000.0,1560400000.0,6897900000.0,0.152,42.661,-105000000.0,1332100000.0,1332100000.0,685000000.0,72700000.0,6.062,0.57,2510300000.0,0.0,2510300000.0,2510300000.0,1100000.0,403700000.0,0.0,0.0,0.0,255000000.0,658700000.0,0.513,658700000.0,255000000.0,99300000.0,0.58,0.57,0.58,5386100000.0,5330675000.0,5386100000.0,3267323530.0,13.0,4.96,194800000.0,1.543,1.0,597800000.0,0.466,0.0,155700000.0,9379100000.0,9477300000.0,0.0,301100000.0,0.0,301100000.0,3072200000.0,257400000.0,2814800000.0,1977123530.0,76600000.0,57500000.0,0.0,-170000000.0,0.0,-175700000.0,-47500000.0,0.0,299800000.0,0.0,72700000.0,72700000.0,72700000.0,0.0,0.0,0.057,517700000.0,80100000.0,97200000.0,0.0,0.367,27.196,27.0,6552700000.0,0.0,15.66,1.541,1.541,212800000.0,4109700000.0,1282800000.0,1282800000.0,0.0,0.009,0.014,0.027,0.199,29000000.0,104600000.0,1.0,126253099.0,126253099.0,,10.161,8458300000.0,0.0,26600000.0,10900000.0,66.995,1303000000.0
5,RDC,MRT,2017-09-30,2017-09-30,2017-09-30,2019-02-27,-194300000.0,8373200000.0,8514550000.0,1488600000.0,6884600000.0,0.157,41.955,-101100000.0,1220000000.0,1220000000.0,690200000.0,-63700000.0,5.801,0.581,2510200000.0,0.0,2510200000.0,2510200000.0,43800000.0,405700000.0,0.0,0.0,0.0,111800000.0,517500000.0,0.387,517500000.0,111800000.0,-44100000.0,-0.51,-0.51,-0.51,5294700000.0,5262625000.0,5294700000.0,2993596413.0,27.0,5.785,376000000.0,2.979,1.0,647700000.0,0.484,0.0,155900000.0,9406800000.0,9536650000.0,0.0,25000000.0,0.0,25000000.0,3078500000.0,256600000.0,2821900000.0,1622196413.0,182500000.0,-25000000.0,0.0,-166600000.0,0.0,-168500000.0,-126100000.0,0.0,477100000.0,0.0,-63700000.0,-63700000.0,-63700000.0,0.0,0.0,-0.048,515400000.0,132300000.0,71400000.0,0.0,0.306,-25.466,-25.196,6815900000.0,0.0,12.85,1.212,1.212,244100000.0,3997700000.0,1337900000.0,1337900000.0,0.0,-0.007,-0.012,0.012,0.084,28200000.0,97000000.0,1.0,126240966.0,126200000.0,,10.601,8373200000.0,0.0,19600000.0,19200000.0,66.349,1232000000.0
6,RDC,MRT,2017-06-30,2017-06-30,2017-06-30,2019-02-27,-195300000.0,8456100000.0,8587500000.0,1484800000.0,6971300000.0,0.166,42.044,-104100000.0,1145200000.0,1145200000.0,707500000.0,-37300000.0,4.996,0.592,2516600000.0,0.0,2516600000.0,2516600000.0,74500000.0,404500000.0,0.0,0.0,0.0,148700000.0,553200000.0,0.388,553200000.0,148700000.0,-8100000.0,-0.3,-0.3,-0.3,5310100000.0,5228250000.0,5310100000.0,2670549838.0,18.0,4.827,570800000.0,4.519,1.0,718200000.0,0.504,0.0,156800000.0,9530300000.0,9583775000.0,0.0,25000000.0,0.0,25000000.0,3146000000.0,297200000.0,2848800000.0,1291249838.0,383800000.0,-25000000.0,0.0,-160000000.0,0.0,-162000000.0,-129100000.0,0.0,674900000.0,0.0,-37300000.0,-37300000.0,-37300000.0,0.0,0.0,-0.026,544100000.0,174100000.0,87800000.0,0.0,0.243,-34.618,-34.133,6901300000.0,0.0,10.24,0.906,0.907,310100000.0,4018600000.0,1425700000.0,1425700000.0,0.0,-0.004,-0.007,0.016,0.104,29300000.0,95600000.0,1.0,126098617.0,126300000.0,,11.288,8456100000.0,0.0,29200000.0,22400000.0,66.952,1187600000.0
7,RDC,MRT,2017-03-31,2017-03-31,2017-03-31,2019-02-27,-196100000.0,8553300000.0,8628390250.0,1514900000.0,7038400000.0,0.199,42.486,-109600000.0,1173200000.0,1173200000.0,746200000.0,208100000.0,4.461,0.604,2552500000.0,0.0,2552500000.0,2552500000.0,108200000.0,403100000.0,0.0,0.0,0.0,394900000.0,798000000.0,0.465,798000000.0,394900000.0,238700000.0,1.66,1.65,1.66,5331800000.0,5182423000.0,5331800000.0,3379923053.0,9.0,4.235,738900000.0,5.888,1.0,971100000.0,0.565,0.0,156200000.0,9593000000.0,9750064750.0,0.0,0.0,0.0,0.0,3221500000.0,339600000.0,2881900000.0,1955223053.0,578000000.0,0.0,0.0,-156000000.0,0.0,-160900000.0,-109600000.0,0.0,848500000.0,0.0,208100000.0,208100000.0,208100000.0,0.0,0.0,0.121,545400000.0,425700000.0,93100000.0,0.0,0.367,9.396,9.386,6983800000.0,0.0,15.58,1.139,1.139,317100000.0,4047300000.0,1717300000.0,1717300000.0,0.0,0.024,0.04,0.041,0.23,33200000.0,99500000.0,1.0,125495703.0,125495703.0,,13.684,8553300000.0,0.0,30600000.0,8800000.0,68.156,1175300000.0
8,RDC,MRT,2016-12-31,2016-12-31,2016-12-31,2019-02-27,-197000000.0,8675600000.0,8588097000.0,1580300000.0,7095300000.0,0.215,40.768,-111400000.0,1255500000.0,1255500000.0,779700000.0,320600000.0,3.266,0.696,2680200000.0,126800000.0,2553400000.0,2680200000.0,103900000.0,402900000.0,0.0,0.0,0.0,481100000.0,884000000.0,0.48,884000000.0,481100000.0,325600000.0,2.56,2.55,2.56,5113900000.0,5074481250.0,5113900000.0,3977645109.0,8.0,4.5,818200000.0,6.523,1.0,1063500000.0,0.577,0.0,155500000.0,9616500000.0,9895312500.0,0.0,0.0,0.0,0.0,3561700000.0,483800000.0,3077900000.0,2369545109.0,771300000.0,0.0,0.0,-44500000.0,0.0,-46900000.0,-111400000.0,0.0,929600000.0,0.0,320600000.0,320600000.0,320600000.0,0.0,0.0,0.174,546700000.0,516800000.0,94300000.0,0.0,0.463,7.391,7.379,7060000000.0,0.0,18.89,1.286,1.286,301300000.0,3830400000.0,1843200000.0,1843200000.0,0.0,0.037,0.063,0.049,0.261,34600000.0,102200000.0,1.0,125439127.0,125439127.0,,14.694,8675600000.0,0.0,5000000.0,185700000.0,69.162,1096500000.0
9,RDC,MRT,2016-09-30,2016-09-30,2016-09-30,2019-02-27,-174100000.0,8665000000.0,8506022000.0,1506600000.0,7158400000.0,0.238,41.119,-121200000.0,1037500000.0,1037500000.0,834100000.0,469300000.0,2.223,0.68,2645600000.0,357100000.0,2288500000.0,2645600000.0,78400000.0,403800000.0,0.0,0.007,0.1,654500000.0,1058300000.0,0.522,1058300000.0,654500000.0,497500000.0,3.75,3.74,3.75,5157200000.0,4989131250.0,5157200000.0,3785322994.0,6.0,3.577,911500000.0,7.268,1.0,1193100000.0,0.589,0.0,157000000.0,9595300000.0,10047887500.0,0.0,0.0,0.0,0.0,3507800000.0,677800000.0,2830000000.0,1901378994.0,747000000.0,0.0,0.0,-145800000.0,-12600000.0,-164500000.0,-121200000.0,0.0,1032700000.0,0.0,469300000.0,469300000.0,469300000.0,0.0,0.0,0.232,535700000.0,657400000.0,82200000.0,0.027,0.369,4.052,4.043,7143300000.0,0.0,15.16,0.938,0.938,440500000.0,3854800000.0,2027200000.0,2027200000.0,0.0,0.055,0.094,0.065,0.323,35000000.0,103900000.0,1.0,125420778.0,125420778.0,,16.163,8665000000.0,0.0,28200000.0,184800000.0,69.087,828800000.0
10,RDC,MRT,2016-06-30,2016-06-30,2016-06-30,2019-02-27,-194355000.0,8619661000.0,8425190750.0,1342133000.0,7277528000.0,0.26,40.888,-152700000.0,761423000.0,761423000.0,895700000.0,224400000.0,4.356,0.681,2645367000.0,0.0,2645367000.0,2645367000.0,23619000.0,406459000.0,0.0,0.011,0.2,449600000.0,856059000.0,0.39,856059000.0,449600000.0,290700000.0,1.79,1.78,1.79,5126792000.0,4861065750.0,5126792000.0,4295437566.0,10.0,5.018,789880000.0,6.3,1.0,1297500000.0,0.592,0.0,158900000.0,10195459000.0,10283864750.0,0.0,0.0,0.0,0.0,3492869000.0,308146000.0,3184723000.0,2214316566.0,562800000.0,0.0,0.0,-195800000.0,-25280000.0,-227080000.0,-152700000.0,0.0,942580000.0,0.0,224400000.0,224400000.0,224400000.0,0.0,0.0,0.102,844300000.0,453200000.0,109644000.0,0.112,0.432,9.868,9.866,7254933000.0,0.0,17.66,1.01,1.01,550416000.0,3849354000.0,2193200000.0,2193200000.0,0.0,0.027,0.046,0.044,0.205,34730000.0,110100000.0,1.0,125385989.0,125385989.0,,17.492,8619661000.0,0.0,66300000.0,190680000.0,68.745,1033987000.0
11,RDC,MRT,2016-03-31,2016-03-31,2016-03-31,2019-02-27,-196870000.0,8392127000.0,8434467250.0,1041844000.0,7350283000.0,0.248,39.255,-223515000.0,595200000.0,595200000.0,942144000.0,92435000.0,3.481,0.713,2676321000.0,21278000.0,2655043000.0,2676321000.0,30523000.0,401036000.0,0.0,0.019,0.3,295061000.0,696097000.0,0.333,696097000.0,295061000.0,143621000.0,0.74,0.74,0.74,4900033000.0,4801398000.0,4900033000.0,4217861006.0,14.0,6.059,692719000.0,5.55,1.0,1147992000.0,0.549,0.0,151440000.0,10173991000.0,10467679750.0,0.0,0.0,0.0,0.0,3492094000.0,299257000.0,3192837000.0,2009670006.0,538362000.0,0.0,0.0,-114400000.0,-37938000.0,-154357000.0,-223515000.0,0.0,916234000.0,0.0,92435000.0,92435000.0,92435000.0,0.0,0.0,0.044,848086000.0,299906000.0,87071000.0,0.405,0.41,21.741,21.757,7332124000.0,0.0,16.1,0.962,0.962,426909000.0,3632596000.0,2090136000.0,2090136000.0,0.0,0.011,0.019,0.028,0.141,36610000.0,115158000.0,1.0,124824224.0,124824224.0,,16.745,8392127000.0,0.0,51186000.0,185396000.0,67.232,742587000.0
12,RDC,MRT,2015-12-31,2015-12-31,2015-12-31,2019-02-27,-199300000.0,8347300000.0,8464426500.0,921300000.0,7426000000.0,0.252,38.237,-703500000.0,484200000.0,484200000.0,993100000.0,93300000.0,2.803,0.749,2692400000.0,0.0,2692400000.0,2692400000.0,33100000.0,392700000.0,0.0,0.024,0.4,303000000.0,695700000.0,0.326,695700000.0,303000000.0,157700000.0,0.75,0.75,0.75,4772500000.0,4777976250.0,4772500000.0,4631794656.0,15.0,6.658,294600000.0,2.36,1.0,1143900000.0,0.535,0.0,145300000.0,10226800000.0,10660195250.0,0.0,0.0,0.0,0.0,3574800000.0,328700000.0,3246100000.0,2115589656.0,145000000.0,0.0,0.0,-97900000.0,-50500000.0,-149600000.0,-703500000.0,0.0,998100000.0,0.0,93300000.0,93300000.0,93300000.0,0.0,0.0,0.044,836800000.0,307100000.0,109600000.0,0.533,0.443,22.675,22.6,7405800000.0,0.0,16.95,0.99,0.99,410500000.0,3509800000.0,2137000000.0,2137000000.0,0.0,0.011,0.02,0.028,0.142,33600000.0,115800000.0,1.0,124813549.0,124813549.0,,17.122,8347300000.0,0.0,64400000.0,195800000.0,66.878,592600000.0
13,RDC,MRT,2015-09-30,2015-09-30,2015-09-30,2019-02-27,-209863000.0,8341675000.0,8475689000.0,836348000.0,7505327000.0,0.255,37.221,-1248253000.0,290481000.0,290481000.0,1036724000.0,-357932000.0,2.624,0.796,2806686000.0,0.0,2806686000.0,2806686000.0,48204000.0,382646000.0,0.0,0.025,0.4,-287162000.0,95484000.0,0.044,95484000.0,-287162000.0,-421640000.0,-2.89,-2.88,-2.89,4644938000.0,4757701000.0,4644938000.0,4673768889.0,-16.0,48.948,-366575000.0,-2.937,1.0,1120679000.0,0.519,0.0,134478000.0,10539209000.0,10730609500.0,0.0,0.0,0.0,0.0,3696737000.0,318671000.0,3378066000.0,2015421889.0,-417185000.0,0.0,-25000.0,7000.0,-50477000.0,-50610000.0,-1248253000.0,0.0,881678000.0,0.0,-357932000.0,-357932000.0,-357932000.0,23000.0,0.0,-0.166,1405593000.0,-284914000.0,118976000.0,-0.138,0.434,-5.631,-5.588,7468718000.0,0.0,16.15,0.934,0.934,508338000.0,3398078000.0,2157403000.0,2157403000.0,0.0,-0.042,-0.075,-0.027,-0.133,35096000.0,122187000.0,1.0,124793925.0,124793925.0,,17.288,8341675000.0,0.0,-63708000.0,190822000.0,66.844,517677000.0
14,RDC,MRT,2015-06-30,2015-06-30,2015-06-30,2019-02-27,-213319000.0,8656767000.0,8597465250.0,763889000.0,7892878000.0,0.242,39.179,-1770901000.0,198554000.0,198554000.0,1036031000.0,1065000.0,1.987,0.771,2856901000.0,50000000.0,2806901000.0,2856901000.0,41102000.0,359290000.0,0.0,0.019,0.4,-8137000.0,351153000.0,0.169,351153000.0,-8137000.0,-126971000.0,-0.01,0.0,-0.01,4888121000.0,4873964250.0,4888121000.0,5384062259.0,-662.0,15.333,-1048696000.0,-8.406,1.0,1043664000.0,0.502,0.0,118834000.0,10930719000.0,10762432000.0,0.0,0.0,0.0,0.0,3768646000.0,384395000.0,3384251000.0,2633740259.0,-1048362000.0,0.0,228000.0,50007000.0,-50364000.0,334000.0,-1770901000.0,0.0,722205000.0,0.0,1065000.0,1065000.0,1065000.0,23000.0,0.0,0.001,1051794000.0,-8130000.0,110216000.0,-40.0,0.539,2472.996,-2111.0,7854169000.0,0.0,21.11,1.266,1.266,497912000.0,3650177000.0,2079695000.0,2079695000.0,0.0,0.0,0.0,-0.001,-0.004,35403000.0,125527000.0,1.0,124762684.0,124762684.0,,16.669,8656767000.0,27460000.0,-128036000.0,204356000.0,69.386,379494000.0
15,RDC,MRT,2015-03-31,2015-03-31,2015-03-31,2019-02-27,-216732000.0,8511964000.0,8637994750.0,611990000.0,7899974000.0,0.231,38.584,-1922867000.0,56792000.0,56792000.0,1026665000.0,-50826000.0,1.923,0.771,2807114000.0,0.0,2807114000.0,2807114000.0,37352000.0,342291000.0,0.0,0.023,0.4,-68880000.0,273411000.0,0.137,273411000.0,-68880000.0,-184566000.0,-0.43,-0.42,-0.43,4806346000.0,4900002000.0,4806346000.0,4674299865.0,-68.0,17.096,-1335624000.0,-10.722,1.0,967172000.0,0.485,0.0,115686000.0,10944053000.0,10551054000.0,0.0,0.0,0.0,0.0,3705618000.0,318233000.0,3387385000.0,2206129865.0,-1383507000.0,0.0,3890000.0,7000.0,-50262000.0,-47883000.0,-1922867000.0,0.0,587243000.0,0.0,-50826000.0,-50826000.0,-50826000.0,43000.0,0.0,-0.025,1035887000.0,-68715000.0,118073000.0,-0.93,0.459,-43.406,-41.186,7864026000.0,0.0,17.71,1.106,1.106,503151000.0,3578100000.0,1993837000.0,1993837000.0,0.0,-0.006,-0.01,-0.007,-0.035,32143000.0,123511000.0,1.0,124569727.0,124569727.0,,16.006,8511964000.0,27144000.0,-133740000.0,232463000.0,68.331,293757000.0
16,RDC,MRT,2014-12-31,2014-12-31,2014-12-31,2019-02-27,-220118000.0,8392350000.0,8706030750.0,938939000.0,7453411000.0,0.21,37.67,-1936200000.0,339154000.0,339154000.0,991300000.0,-114900000.0,2.818,0.789,2788482000.0,0.0,2788482000.0,2788482000.0,36189000.0,322600000.0,0.0,0.013,0.3,-161700000.0,160900000.0,0.088,160900000.0,-161700000.0,-265600000.0,-0.93,-0.93,-0.93,4691399000.0,4937609750.0,4691399000.0,5004057169.0,-31.0,31.1,-1513200000.0,-12.15,1.0,833100000.0,0.457,0.0,103900000.0,10508457000.0,10277983000.0,0.0,0.0,0.0,0.0,3700951000.0,333221000.0,3367730000.0,2904246169.0,-753600000.0,0.0,4700000.0,792700000.0,-37700000.0,759600000.0,-1936200000.0,0.0,423000000.0,0.0,-114900000.0,-114900000.0,-114900000.0,-4000000.0,0.0,-0.063,999800000.0,-166700000.0,102773000.0,-0.323,0.619,-25.276,-25.075,7432212000.0,0.0,23.32,1.592,1.592,545204000.0,3466993000.0,1824400000.0,1824400000.0,0.0,-0.013,-0.023,-0.016,-0.089,34500000.0,125800000.0,1.0,124538858.0,124538858.0,,14.649,8392350000.0,27485000.0,-150700000.0,210982000.0,67.387,605718000.0
17,RDC,MRT,2014-09-30,2014-09-30,2014-09-30,2019-02-27,-135451000.0,8828780000.0,8601883500.0,1300695000.0,7528085000.0,0.193,41.043,-1507539000.0,707729000.0,707729000.0,935407000.0,261734000.0,4.963,0.728,2807540000.0,0.0,2807540000.0,2807540000.0,31803000.0,300641000.0,0.0,0.008,0.2,310483000.0,611124000.0,0.368,611124000.0,310483000.0,219758000.0,2.1,2.1,2.1,5109991000.0,4988200250.0,5109991000.0,4711934281.0,15.0,7.71,-1076173000.0,-8.644,1.0,726120000.0,0.437,0.0,90725000.0,10666499000.0,9785127000.0,0.0,0.0,0.0,0.0,3718789000.0,262092000.0,3456697000.0,3151185281.0,-301150000.0,0.0,4725000.0,792693000.0,-25123000.0,775023000.0,-1507539000.0,0.0,431366000.0,0.0,261734000.0,261734000.0,261734000.0,-4023000.0,0.0,0.158,420572000.0,305548000.0,100453000.0,0.095,0.617,12.04,12.052,7508571000.0,0.0,25.31,1.897,1.897,510194000.0,3806453000.0,1661527000.0,1661527000.0,0.0,0.03,0.052,0.032,0.187,30516000.0,127473000.0,1.0,124503567.0,124503567.0,,13.345,8828780000.0,41899000.0,-41976000.0,414898000.0,70.912,1038603000.0
18,RDC,MRT,2014-06-30,2014-06-30,2014-06-30,2019-02-27,-137904000.0,8818885000.0,8385759750.0,1741881000.0,7077004000.0,0.188,40.143,-1085561000.0,1247006000.0,1247006000.0,900327000.0,194037000.0,5.916,0.767,2807755000.0,0.0,2807755000.0,2807755000.0,37743000.0,288412000.0,0.0,0.003,0.1,272216000.0,560628000.0,0.356,560628000.0,272216000.0,190036000.0,1.56,1.56,1.56,4992272000.0,4902598750.0,4992272000.0,5338489995.0,20.0,9.522,-547202000.0,-4.4,1.0,676316000.0,0.429,0.0,82180000.0,10085207000.0,9289757000.0,0.0,0.0,0.0,0.0,3826613000.0,294427000.0,3532186000.0,3970911995.0,241108000.0,0.0,5203000.0,792693000.0,-12556000.0,788310000.0,-1085561000.0,0.0,538359000.0,0.0,194037000.0,194037000.0,194037000.0,-4023000.0,0.0,0.123,408443000.0,267873000.0,117534000.0,0.064,0.795,20.465,20.468,7009626000.0,0.0,31.93,2.519,2.519,422746000.0,3699423000.0,1576643000.0,1576643000.0,0.0,0.023,0.04,0.029,0.173,32528000.0,127696000.0,1.0,124363044.0,124363044.0,,12.678,8818885000.0,20467000.0,-4001000.0,431941000.0,70.912,1447454000.0
19,RDC,MRT,2014-03-31,2014-03-31,2014-03-31,2019-02-27,-140328000.0,8784108000.0,8147236750.0,1880259000.0,6903849000.0,0.192,39.896,-979101000.0,1440389000.0,1440389000.0,871793000.0,244037000.0,6.269,0.772,2807967000.0,0.0,2807967000.0,2807967000.0,41013000.0,277265000.0,0.0,0.0,0.0,321890000.0,599155000.0,0.383,599155000.0,321890000.0,249717000.0,1.97,1.97,1.97,4956777000.0,4830407500.0,4956777000.0,5100348957.0,16.0,8.513,-378581000.0,-3.047,1.0,690855000.0,0.442,0.0,72173000.0,9851769000.0,8921770000.0,0.0,0.0,0.0,0.0,3827331000.0,299917000.0,3527414000.0,4184492957.0,421137000.0,0.0,2190000.0,792693000.0,0.0,799718000.0,-979101000.0,0.0,600520000.0,0.0,244037000.0,244037000.0,244037000.0,-4043000.0,0.0,0.156,373036000.0,317819000.0,100088000.0,0.0,0.844,17.147,17.096,6835350000.0,0.0,33.68,2.678,2.678,383636000.0,3679135000.0,1562648000.0,1562648000.0,0.0,0.03,0.051,0.036,0.206,33948000.0,131817000.0,1.0,124242665.0,124242665.0,,12.577,8784108000.0,22901000.0,5680000.0,448101000.0,70.701,1580342000.0
20,RDC,MRT,2013-12-31,2013-12-31,2013-12-31,2019-02-27,-142445000.0,7975761000.0,7888507750.0,1528878000.0,6446883000.0,0.2,39.391,-562761000.0,1092844000.0,1092844000.0,860893000.0,252576000.0,4.312,0.63,2008700000.0,0.0,2008700000.0,2008700000.0,54515000.0,271008000.0,0.0,0.0,0.0,331033000.0,602041000.0,0.381,602041000.0,331033000.0,261239000.0,2.04,2.03,2.04,4893761000.0,4742749500.0,4893761000.0,5393046847.0,16.0,8.958,60415000.0,0.486,1.0,718391000.0,0.455,0.0,69794000.0,8537033000.0,8583255750.0,0.0,0.0,0.0,0.0,3082000000.0,354584000.0,2727416000.0,4392999847.0,68836000.0,0.0,2911000.0,0.0,0.0,8421000.0,-562761000.0,0.0,623176000.0,0.0,252576000.0,252576000.0,252576000.0,0.0,0.0,0.16,386715000.0,331676000.0,123976000.0,0.0,0.898,17.393,17.333,6385755000.0,0.0,35.36,2.782,2.782,344546000.0,3619540000.0,1579284000.0,1579284000.0,0.0,0.032,0.053,0.039,0.21,33931000.0,131373000.0,1.0,124236421.0,124236421.0,,12.712,7975761000.0,22137000.0,8663000.0,429655000.0,64.198,1174294000.0
21,RDC,MRT,2013-09-30,2013-09-30,2013-09-30,2019-02-27,-210096000.0,7964285000.0,7819439250.0,1603056000.0,6361229000.0,0.197,38.383,-532089000.0,1008879000.0,1008879000.0,831108000.0,256949000.0,5.739,0.671,2008926000.0,0.0,2008926000.0,2008926000.0,67700000.0,264998000.0,0.0,0.0,0.0,314890000.0,579888000.0,0.377,579888000.0,314890000.0,248736000.0,2.08,2.08,2.08,4767585000.0,4652240250.0,4767585000.0,5564328481.0,18.0,9.596,64150000.0,0.516,1.0,709023000.0,0.46,0.0,66154000.0,8685019000.0,8546743250.0,0.0,0.0,0.0,0.0,3196700000.0,279313000.0,2917387000.0,4561074481.0,680589000.0,0.0,3344000.0,610287000.0,0.0,616439000.0,-532089000.0,0.0,596239000.0,0.0,256949000.0,256949000.0,256949000.0,16466000.0,0.0,0.167,377331000.0,331692000.0,95568000.0,0.0,0.957,17.751,17.654,6297822000.0,0.0,36.72,2.961,2.961,496356000.0,3569842000.0,1540131000.0,1540131000.0,0.0,0.033,0.055,0.037,0.204,32019000.0,121735000.0,1.0,124212268.0,124212268.0,,12.399,7964285000.0,18876000.0,-8213000.0,492826000.0,64.118,1323743000.0
22,RDC,MRT,2013-06-30,2013-06-30,2013-06-30,2019-02-27,-213797000.0,7864793000.0,7575579500.0,1586932000.0,6277861000.0,0.199,37.871,-649829000.0,1005898000.0,1005898000.0,807433000.0,232628000.0,6.228,0.672,2009152000.0,0.0,2009152000.0,2009152000.0,55084000.0,258751000.0,0.0,0.0,0.0,296134000.0,554885000.0,0.367,554885000.0,296134000.0,233401000.0,1.88,1.88,1.88,4703507000.0,4579921750.0,4703507000.0,5221887480.0,18.0,9.411,-184599000.0,-1.486,1.0,703800000.0,0.466,0.0,62733000.0,8613259000.0,8326489500.0,0.0,0.0,0.0,0.0,3161286000.0,254788000.0,2906498000.0,4231471480.0,340261000.0,0.0,2768000.0,510644000.0,0.0,515411000.0,-640380000.0,0.0,465230000.0,0.0,232628000.0,232628000.0,232628000.0,15302000.0,0.0,0.154,381281000.0,322519000.0,77627000.0,0.0,0.9,18.19,18.122,6210153000.0,0.0,34.07,2.8,2.8,470299000.0,3517942000.0,1511233000.0,1511233000.0,0.0,0.031,0.051,0.036,0.196,29911000.0,114252000.0,1.0,124199339.0,124199339.0,,12.168,7864793000.0,20387000.0,773000.0,501232000.0,63.324,1332144000.0
23,RDC,MRT,2013-03-31,2013-03-31,2013-03-31,2019-02-27,-217454000.0,7749192000.0,7366179000.0,1578415000.0,6170777000.0,0.197,37.071,-647157000.0,1019252000.0,1019252000.0,779503000.0,199219000.0,6.525,0.682,2009668000.0,0.0,2009668000.0,2009668000.0,50250000.0,253550000.0,0.0,0.0,0.0,241199000.0,494749000.0,0.34,494749000.0,241199000.0,183158000.0,1.61,1.61,1.61,4606145000.0,4514114000.0,4606145000.0,5379139058.0,22.0,10.872,-213550000.0,-1.719,1.0,673865000.0,0.464,0.0,58041000.0,8497712000.0,8049034500.0,0.0,0.0,0.0,0.0,3143047000.0,241896000.0,2901151000.0,4393549058.0,676738000.0,0.0,1905000.0,876762000.0,0.0,879667000.0,-636536000.0,0.0,433607000.0,0.0,199219000.0,199219000.0,199219000.0,16715000.0,0.0,0.137,393200000.0,280665000.0,64065000.0,0.0,0.954,22.054,21.963,6098623000.0,0.0,35.36,3.023,3.023,463805000.0,3435098000.0,1453368000.0,1453368000.0,0.0,0.027,0.044,0.03,0.166,27173000.0,106087000.0,1.0,124251953.0,124251953.0,,11.697,7749192000.0,26146000.0,-16061000.0,513970000.0,62.367,1336519000.0
24,RDC,MRT,2012-12-31,2012-12-31,2012-12-31,2019-02-27,-221082000.0,7699487000.0,7079202500.0,1552550000.0,6146937000.0,0.197,36.489,-674756000.0,1024008000.0,1024008000.0,752173000.0,180602000.0,5.279,0.699,2009598000.0,0.0,2009598000.0,2009598000.0,52340000.0,247900000.0,0.0,0.0,0.0,211490000.0,459390000.0,0.33,459390000.0,211490000.0,160773000.0,1.47,1.46,1.47,4531724000.0,4457959500.0,4531724000.0,4948409538.0,23.0,10.772,-281047000.0,-2.263,1.0,640434000.0,0.46,0.0,50717000.0,8390983000.0,7649188250.0,0.0,0.0,0.0,0.0,3167763000.0,294094000.0,2873669000.0,3883548538.0,585155000.0,0.0,588000.0,864450000.0,0.0,866202000.0,-674756000.0,0.0,393709000.0,0.0,180602000.0,180602000.0,180602000.0,22697000.0,0.0,0.13,385382000.0,255052000.0,83004000.0,0.0,0.857,21.503,21.272,6071729000.0,0.0,31.27,2.789,2.789,423839000.0,3366964000.0,1392607000.0,1392607000.0,0.0,0.026,0.041,0.028,0.152,24808000.0,99712000.0,1.0,124194069.0,124194069.0,,11.213,7699487000.0,26628000.0,-19829000.0,473872000.0,61.996,1258456000.0
25,RDC,MRT,2012-09-30,2012-09-30,2012-09-30,2019-02-27,-215468000.0,6988846000.0,6803792000.0,866497000.0,6122349000.0,0.193,36.058,-917846000.0,328290000.0,328290000.0,720913000.0,171632000.0,3.47,0.561,1393151000.0,0.0,1393151000.0,1393151000.0,35975000.0,237959000.0,0.0,0.0,0.0,210851000.0,448810000.0,0.342,448810000.0,210851000.0,169841000.0,1.4,1.4,1.4,4478311000.0,4406525250.0,4478311000.0,5010767205.0,24.0,11.165,-761674000.0,-6.133,1.0,592560000.0,0.451,0.0,41010000.0,7804004000.0,7287687250.0,0.0,0.0,0.0,0.0,2510535000.0,249703000.0,2260832000.0,4194095205.0,-564270000.0,-5058000.0,-39100000.0,240409000.0,0.0,202462000.0,-922904000.0,0.0,156172000.0,0.0,171632000.0,171632000.0,171632000.0,-5753000.0,0.0,0.131,367879000.0,224681000.0,90101000.0,0.0,0.937,24.437,24.121,6021949000.0,0.0,33.77,3.193,3.193,403465000.0,3312893000.0,1313473000.0,1313473000.0,0.0,0.025,0.039,0.029,0.161,27932000.0,97040000.0,1.0,124195890.0,124195890.0,,10.576,6988846000.0,42899000.0,-1791000.0,494870000.0,56.273,616794000.0
26,RDC,MRT,2012-06-30,2012-06-30,2012-06-30,2019-02-27,-218894000.0,7027191000.0,6746212750.0,1117425000.0,5909766000.0,0.177,35.757,-866545000.0,675086000.0,675086000.0,662528000.0,337862000.0,3.282,0.583,1491758000.0,98844000.0,1392914000.0,1491758000.0,35997000.0,225238000.0,0.0,0.0,0.0,355215000.0,580453000.0,0.486,580453000.0,355215000.0,323662000.0,2.73,2.71,2.73,4440276000.0,4386578250.0,4440276000.0,4783801268.0,13.0,8.241,-754954000.0,-6.08,1.0,531733000.0,0.445,0.0,31553000.0,7503439000.0,6969663000.0,0.0,0.0,0.0,0.0,2586915000.0,340424000.0,2246491000.0,4014738268.0,-45690000.0,510939000.0,-121555000.0,327723000.0,0.0,207774000.0,-365055000.0,0.0,111591000.0,0.0,337862000.0,337862000.0,337862000.0,-166974000.0,0.0,0.283,334426000.0,197307000.0,74020000.0,0.0,0.904,11.883,11.842,5808976000.0,0.0,32.33,3.362,3.362,330096000.0,3285314000.0,1194261000.0,1194261000.0,0.0,0.05,0.077,0.051,0.297,22856000.0,93889000.0,1.0,124179965.0,124179965.0,,9.617,7027191000.0,22903000.0,-14200000.0,483701000.0,56.589,777001000.0
27,RDC,MRT,2012-03-31,2012-03-31,2012-03-31,2019-02-27,-222282000.0,6601286000.0,6650674750.0,776703000.0,5824583000.0,0.16,35.455,-1290681000.0,353135000.0,353135000.0,578931000.0,754286000.0,1.645,0.507,1122198000.0,226141000.0,896057000.0,1122198000.0,36370000.0,214472000.0,0.0,0.0,0.0,771546000.0,986018000.0,0.924,986018000.0,771546000.0,745537000.0,6.02,5.96,6.02,4381527000.0,4346178000.0,4381527000.0,4764949681.0,6.0,4.833,-1246591000.0,-10.087,1.0,487809000.0,0.457,0.0,26009000.0,6898327000.0,6767906500.0,0.0,0.0,0.0,0.0,2219759000.0,472022000.0,1747737000.0,4069444681.0,152860000.0,1555480000.0,-112639000.0,-52149000.0,0.0,-160248000.0,269018000.0,0.0,44090000.0,0.0,754286000.0,754286000.0,754286000.0,-589843000.0,0.0,0.707,309180000.0,178629000.0,87875000.0,0.0,0.929,5.395,5.47,5726785000.0,0.0,32.93,3.815,3.815,331316000.0,3235879000.0,1066740000.0,1066740000.0,0.0,0.113,0.174,0.114,0.723,22343000.0,90520000.0,1.0,123578642.0,123578642.0,,8.632,6601286000.0,28416000.0,-8749000.0,490625000.0,53.418,304681000.0
28,RDC,MRT,2011-12-31,2011-12-31,2011-12-31,2019-02-27,-225671000.0,6597845000.0,6564851500.0,821715000.0,5776130000.0,0.143,34.613,-1511940000.0,438853000.0,438853000.0,508066000.0,736841000.0,2.359,0.525,1134358000.0,45023000.0,1089335000.0,1134358000.0,36220000.0,204872000.0,0.0,0.0,0.0,751253000.0,956125000.0,1.018,956125000.0,751253000.0,731182000.0,5.89,5.83,5.89,4325987000.0,4200093750.0,4325987000.0,4046047709.0,5.0,4.232,-1417261000.0,-11.34,1.0,431163000.0,0.459,0.0,20071000.0,6944979000.0,6719165500.0,0.0,0.0,0.0,0.0,2271858000.0,348371000.0,1923487000.0,3790649709.0,1374000.0,1555480000.0,-105072000.0,-52166000.0,0.0,-152110000.0,58805000.0,0.0,94679000.0,0.0,736841000.0,736841000.0,736841000.0,-601102000.0,0.0,0.785,281580000.0,149583000.0,111082000.0,0.0,0.876,5.144,5.149,5678713000.0,0.0,30.33,4.036,4.036,283592000.0,3186362000.0,939229000.0,939229000.0,0.0,0.112,0.175,0.112,0.8,22088000.0,88278000.0,1.0,124980208.0,124980208.0,,7.515,6597845000.0,27023000.0,-5659000.0,476443000.0,52.791,473344000.0
29,RDC,MRT,2011-09-30,2011-09-30,2011-09-30,2019-02-27,-145495000.0,6758529000.0,6469754500.0,1306091000.0,5452438000.0,0.135,34.518,-1323315000.0,892560000.0,892560000.0,445541000.0,749025000.0,2.71,0.537,1147958000.0,45023000.0,1102935000.0,1147958000.0,39721000.0,197496000.0,0.0,0.0,0.0,784498000.0,981994000.0,1.125,981994000.0,784498000.0,761679000.0,5.94,5.87,5.94,4398523000.0,4056674500.0,4398523000.0,4295835881.0,5.0,4.375,-967425000.0,-7.592,1.0,427086000.0,0.489,0.0,22819000.0,6531907000.0,6559335500.0,0.0,0.0,0.0,0.0,2360006000.0,482020000.0,1877986000.0,3847030881.0,-202000.0,1560538000.0,-62533000.0,-536364000.0,0.0,-593315000.0,237223000.0,0.0,355890000.0,0.0,749025000.0,749025000.0,749025000.0,-611323000.0,0.0,0.858,258401000.0,168685000.0,95574000.0,0.0,0.875,5.136,5.082,5347858000.0,0.0,30.19,4.409,4.409,325164000.0,3141261000.0,872627000.0,872627000.0,0.0,0.116,0.185,0.12,0.899,18512000.0,88572000.0,1.0,127427323.0,127427323.0,,6.848,6758529000.0,0.0,12654000.0,706401000.0,53.038,824071000.0
30,RDC,MRT,2011-06-30,2011-06-30,2011-06-30,2019-02-27,-145495000.0,6645039000.0,6420656500.0,1386045000.0,5258994000.0,0.137,33.569,-1204709000.0,711327000.0,711327000.0,422715000.0,622387000.0,3.488,0.553,1160132000.0,52149000.0,1107983000.0,1160132000.0,20916000.0,194543000.0,0.0,0.0,0.0,671971000.0,866514000.0,0.989,866514000.0,671971000.0,645255000.0,4.97,4.91,4.97,4278675000.0,3877936500.0,4278675000.0,5915882496.0,9.0,6.827,-760933000.0,-5.97,1.0,453773000.0,0.518,0.0,26716000.0,6696413000.0,6482913000.0,0.0,0.0,0.0,0.0,2366364000.0,397431000.0,1968933000.0,4946642496.0,100388000.0,1026860000.0,21518000.0,-192118000.0,0.0,-165539000.0,-177849000.0,0.0,443776000.0,0.0,622387000.0,622387000.0,622387000.0,-455967000.0,0.0,0.71,242582000.0,211191000.0,69829000.0,0.0,1.156,7.948,7.809,5162334000.0,0.0,38.81,5.644,5.644,254682000.0,2947452000.0,876488000.0,876488000.0,0.0,0.097,0.16,0.104,0.767,19528000.0,86583000.0,1.0,127457936.0,127457936.0,,6.877,6645039000.0,2955000.0,22868000.0,728785000.0,52.135,988614000.0
31,RDC,MRT,2011-03-31,2011-03-31,2011-03-31,2019-02-27,-145495000.0,6257993000.0,6069037500.0,1066321000.0,5191672000.0,0.154,30.058,-756476000.0,204494000.0,204494000.0,423642000.0,247444000.0,2.035,0.648,1173734000.0,52149000.0,1121585000.0,1173734000.0,189156000.0,190437000.0,0.0,0.0,0.0,326055000.0,516492000.0,0.552,516492000.0,326055000.0,301537000.0,2.08,2.05,2.08,3797190000.0,3626475000.0,3797190000.0,6314329911.0,19.0,12.225,-124256000.0,-0.984,1.0,511529000.0,0.547,0.0,24518000.0,6703363000.0,6061154500.0,395964000.0,0.0,0.0,0.0,2460803000.0,523870000.0,1936933000.0,5581162911.0,-332492000.0,-17681000.0,15012000.0,-192118000.0,0.0,-175715000.0,-788997000.0,0.0,632220000.0,0.0,247444000.0,247444000.0,247444000.0,-41982000.0,0.0,0.265,232374000.0,279155000.0,147186000.0,0.0,1.47,22.555,21.24,5092220000.0,0.0,44.18,5.968,5.968,382701000.0,2481593000.0,935171000.0,935171000.0,0.0,0.041,0.068,0.054,0.349,17533000.0,83480000.0,1.0,126327816.0,126327816.0,,7.403,6257993000.0,36174000.0,54093000.0,563391000.0,49.538,542451000.0
32,RDC,MRT,2010-12-31,2010-12-31,2010-12-31,2019-02-27,-145495000.0,6217457000.0,5798193000.0,1775253000.0,4442204000.0,0.176,29.729,-487293000.0,452744000.0,452744000.0,416832000.0,279995000.0,2.752,0.657,1185911000.0,52166000.0,1133745000.0,1185911000.0,7748000.0,186563000.0,0.0,0.0,0.0,396808000.0,583371000.0,0.573,583371000.0,396808000.0,371929000.0,2.39,2.36,2.39,3752310000.0,3471755000.0,3752310000.0,4978794148.0,13.0,8.535,20869000.0,0.165,1.0,600873000.0,0.59,0.0,24879000.0,6305659000.0,5639974500.0,0.0,0.0,0.0,0.0,2465147000.0,644965000.0,1820182000.0,4406271148.0,-202202000.0,-17681000.0,7959000.0,-198496000.0,0.0,-190125000.0,-520239000.0,0.0,508162000.0,0.0,279995000.0,279995000.0,279995000.0,-12394000.0,0.0,0.275,222611000.0,378262000.0,81715000.0,0.0,1.174,15.737,14.607,4344522000.0,0.0,34.91,4.33,4.33,269896000.0,2449521000.0,1017705000.0,1017705000.0,0.0,0.048,0.081,0.07,0.39,15578000.0,78658000.0,1.0,126218022.0,126218022.0,,8.063,6217457000.0,13043000.0,91934000.0,435292000.0,49.26,1130288000.0
33,RDC,MRT,2010-09-30,2010-09-30,2010-09-30,2019-02-27,-150321000.0,6562137000.0,5546502250.0,2029090000.0,4533047000.0,0.113,32.134,-483865000.0,1111754000.0,1111754000.0,79211000.0,283539000.0,2.234,0.781,1684277000.0,536932000.0,1147345000.0,1684277000.0,108151000.0,183893000.0,0.0,0.0,0.0,368416000.0,552309000.0,0.883,552309000.0,368416000.0,357738000.0,2.49,2.46,2.49,3683571000.0,3311270000.0,3683571000.0,3689427595.0,10.0,6.68,-68453000.0,-0.597,1.0,546547000.0,0.873,0.0,10678000.0,6226217000.0,5277348000.0,382746000.0,0.0,0.0,0.0,2878566000.0,908443000.0,1970123000.0,3480251595.0,211655000.0,-17681000.0,5895000.0,285702000.0,0.0,297789000.0,-501546000.0,0.0,415412000.0,0.0,283539000.0,283539000.0,283539000.0,-53672000.0,0.0,0.453,215812000.0,330735000.0,130930000.0,0.0,0.945,12.274,12.193,4440705000.0,0.0,30.36,5.562,5.562,406984000.0,2392236000.0,625758000.0,625758000.0,0.0,0.051,0.086,0.07,0.589,14793000.0,57626000.0,1.0,114632793.0,114632793.0,,5.459,6562137000.0,41514000.0,74199000.0,414418000.0,57.245,1120647000.0
34,RDC,MRT,2010-06-30,2010-06-30,2010-06-30,2019-02-27,-150321000.0,5238563000.0,5201613500.0,1463480000.0,3775083000.0,0.15,28.602,-562503000.0,610939000.0,610939000.0,210457000.0,294760000.0,3.339,0.601,820115000.0,58563000.0,761552000.0,820115000.0,137643000.0,180287000.0,0.0,0.0,0.0,383957000.0,564244000.0,0.723,564244000.0,383957000.0,370599000.0,2.6,2.58,2.6,3272829000.0,3133394000.0,3272829000.0,2822142337.0,7.0,5.002,-33054000.0,-0.289,1.0,570163000.0,0.73,0.0,13358000.0,5009379000.0,4939657750.0,381509000.0,0.0,0.0,0.0,1965734000.0,438360000.0,1527374000.0,2510502337.0,397078000.0,0.0,638000.0,426807000.0,0.0,430132000.0,-562503000.0,0.0,529449000.0,0.0,294760000.0,294760000.0,294760000.0,-46643000.0,0.0,0.378,226808000.0,343355000.0,109500000.0,0.0,0.767,8.517,8.438,3698442000.0,0.0,21.94,3.216,3.216,352988000.0,2325065000.0,780620000.0,780620000.0,0.0,0.057,0.094,0.078,0.492,14079000.0,61080000.0,1.0,114425813.0,114425813.0,,6.822,5238563000.0,42253000.0,75839000.0,487469000.0,45.781,1025120000.0
35,RDC,MRT,2010-03-31,2010-03-31,2010-03-31,2019-02-27,-150321000.0,5174615000.0,5041727000.0,1460185000.0,3714430000.0,0.194,27.92,-558723000.0,522146000.0,522146000.0,389241000.0,300427000.0,3.123,0.628,833786000.0,58563000.0,775223000.0,833786000.0,149850000.0,176438000.0,0.0,0.0,0.0,391794000.0,568232000.0,0.579,568232000.0,391794000.0,381230000.0,2.65,2.64,2.65,3178310000.0,3039529750.0,3178310000.0,3526466103.0,9.0,6.206,-102093000.0,-0.897,1.0,591359000.0,0.603,0.0,10564000.0,5018643000.0,4745468000.0,427818000.0,0.0,0.0,0.0,1996305000.0,467612000.0,1528693000.0,3313735103.0,329354000.0,0.0,2083000.0,426807000.0,0.0,431447000.0,-558723000.0,0.0,456630000.0,0.0,300427000.0,300427000.0,300427000.0,-39172000.0,0.0,0.306,237160000.0,354199000.0,105434000.0,0.0,1.043,11.03,10.985,3636344000.0,0.0,29.11,3.379,3.379,420153000.0,2234149000.0,980600000.0,980600000.0,0.0,0.06,0.099,0.083,0.4,13020000.0,67174000.0,1.0,113834940.0,113834940.0,,8.614,5174615000.0,39153000.0,80803000.0,509188000.0,45.457,992573000.0
36,RDC,MRT,2009-12-31,2009-12-31,2009-12-31,2019-02-27,-150321000.0,5210694000.0,4890224750.0,1549797000.0,3660897000.0,0.213,27.344,-557791000.0,639681000.0,639681000.0,404313000.0,367504000.0,2.727,0.675,852412000.0,64922000.0,787490000.0,852412000.0,164624000.0,171445000.0,0.0,0.0,0.0,494718000.0,666163000.0,0.639,666163000.0,494718000.0,486690000.0,3.24,3.24,3.24,3110370000.0,2943530500.0,3110370000.0,2760298417.0,6.0,4.144,-13697000.0,-0.12,1.0,638690000.0,0.612,0.0,8028000.0,4855153000.0,4530125250.0,451659000.0,0.0,0.0,0.0,2100324000.0,568272000.0,1532052000.0,2575321417.0,417253000.0,0.0,1471000.0,426807000.0,0.0,430950000.0,-557791000.0,0.0,544094000.0,0.0,367504000.0,367504000.0,367504000.0,-39172000.0,0.0,0.352,184350000.0,454340000.0,124562000.0,0.0,0.828,7.008,6.988,3579485000.0,0.0,22.64,2.469,2.469,343642000.0,2169526000.0,1043003000.0,1043003000.0,0.0,0.075,0.125,0.109,0.474,13034000.0,65953000.0,1.0,113750946.0,113750946.0,,9.169,5210694000.0,38071000.0,119186000.0,465700000.0,45.808,981525000.0
37,RDC,MRT,2009-09-30,2009-09-30,2009-09-30,2019-02-27,-217016000.0,5182582000.0,4724774250.0,1650901000.0,3531681000.0,0.42,26.129,-595496000.0,681107000.0,681107000.0,1075352000.0,400956000.0,3.355,0.744,866084000.0,64922000.0,801162000.0,866084000.0,197437000.0,165468000.0,0.0,0.004,0.1,570736000.0,736204000.0,0.371,736204000.0,570736000.0,567479000.0,3.54,3.53,3.54,2972067000.0,2830892000.0,2972067000.0,2798268477.0,5.0,3.801,74352000.0,0.654,1.0,908084000.0,0.458,0.0,3257000.0,4875456000.0,4316913000.0,480785000.0,0.0,0.0,0.0,2210515000.0,492103000.0,1718412000.0,2624108477.0,528387000.0,0.0,-168000.0,426807000.0,-11276000.0,412485000.0,-553946000.0,0.0,669848000.0,0.0,400956000.0,400956000.0,400956000.0,0.0,0.0,0.202,335692000.0,572392000.0,118275000.0,0.028,0.883,6.545,6.517,3440007000.0,0.0,23.07,1.323,1.323,361167000.0,2108697000.0,1983436000.0,1983436000.0,0.0,0.085,0.142,0.132,0.288,15075000.0,102849000.0,1.0,113745491.0,113745491.0,,17.437,5182582000.0,43647000.0,166523000.0,491614000.0,45.563,1158798000.0
38,RDC,MRT,2009-06-30,2009-06-30,2009-06-30,2019-02-27,-217016000.0,4599017000.0,4500852000.0,1245721000.0,3353296000.0,0.47,25.623,-677974000.0,213861000.0,213861000.0,1149669000.0,436678000.0,2.305,0.587,388021000.0,64922000.0,323099000.0,388021000.0,237355000.0,157951000.0,0.0,0.01,0.2,649345000.0,807296000.0,0.381,807296000.0,649345000.0,652442000.0,3.86,3.84,3.86,2897372000.0,2760931750.0,2897372000.0,2393635567.0,4.0,2.965,76826000.0,0.679,1.0,967404000.0,0.457,0.0,-3097000.0,4232620000.0,4092692000.0,521966000.0,0.0,0.0,0.0,1701645000.0,540557000.0,1161088000.0,2184652567.0,34788000.0,0.0,1295000.0,-64922000.0,-22644000.0,-83588000.0,-636424000.0,0.0,754800000.0,0.0,436678000.0,436678000.0,436678000.0,0.0,0.0,0.206,309924000.0,657480000.0,119155000.0,0.052,0.754,5.003,5.005,3327878000.0,0.0,19.32,1.032,1.032,368101000.0,2030305000.0,2117073000.0,2117073000.0,0.0,0.097,0.158,0.159,0.307,15186000.0,106350000.0,1.0,113077255.0,113077255.0,,18.722,4599017000.0,45145000.0,215764000.0,468223000.0,40.671,705164000.0
39,RDC,MRT,2009-03-31,2009-03-31,2009-03-31,2019-02-27,-217016000.0,4568606000.0,4374092750.0,1297802000.0,3270804000.0,0.508,24.703,-721869000.0,192792000.0,192792000.0,1208096000.0,460703000.0,2.092,0.635,401775000.0,64922000.0,336853000.0,401775000.0,235930000.0,148803000.0,0.0,0.025,0.3,702023000.0,850826000.0,0.383,850826000.0,702023000.0,703248000.0,4.08,4.05,4.08,2794313000.0,2683080500.0,2794313000.0,1552072175.0,2.0,1.824,-58770000.0,-0.52,1.0,1013959000.0,0.456,0.0,-1225000.0,4157272000.0,3997209500.0,564839000.0,0.0,0.0,0.0,1774293000.0,620317000.0,1153976000.0,1354018175.0,-96134000.0,0.0,17219000.0,-64922000.0,-33894000.0,-78914000.0,-680319000.0,0.0,663099000.0,0.0,460703000.0,460703000.0,460703000.0,0.0,0.0,0.207,305262000.0,708697000.0,157746000.0,0.074,0.485,2.939,2.934,3242458000.0,0.0,11.97,0.609,0.609,443081000.0,1933722000.0,2222055000.0,2222055000.0,0.0,0.105,0.172,0.176,0.316,16072000.0,112403000.0,1.0,113117642.0,113117642.0,,19.644,4568606000.0,48163000.0,242545000.0,449073000.0,40.388,677485000.0
40,RDC,MRT,2008-12-31,2008-12-31,2008-12-31,2019-02-27,-217016000.0,4548892000.0,4223568250.0,1369187000.0,3179705000.0,0.524,23.537,-773048000.0,222428000.0,222428000.0,1254610000.0,427628000.0,1.839,0.71,420482000.0,64922000.0,355560000.0,420482000.0,231205000.0,141395000.0,0.0,0.025,0.4,655289000.0,796684000.0,0.36,796684000.0,655289000.0,654091000.0,3.8,3.77,3.8,2659816000.0,2597877500.0,2659816000.0,2078274798.0,3.0,2.609,-78579000.0,-0.695,1.0,958126000.0,0.433,0.0,1198000.0,4002304000.0,3862325750.0,551429000.0,0.0,0.0,0.0,1889076000.0,744642000.0,1144434000.0,1796758798.0,-62030000.0,0.0,32227000.0,-64922000.0,-44989000.0,-75001000.0,-681498000.0,0.0,694469000.0,0.0,427628000.0,427628000.0,427628000.0,0.0,0.0,0.193,300003000.0,658123000.0,235048000.0,0.105,0.676,4.202,4.184,3147528000.0,0.0,15.9,0.812,0.812,484962000.0,1802022000.0,2212736000.0,2212736000.0,0.0,0.101,0.165,0.17,0.296,15834000.0,115226000.0,1.0,113003698.0,113003698.0,,19.581,4548892000.0,50902000.0,226463000.0,426848000.0,40.254,624545000.0
41,RDC,MRT,2008-09-30,2008-09-30,2008-09-30,2019-02-27,-96125000.0,4286893000.0,4055171500.0,1266300000.0,3020593000.0,0.548,23.824,-708159000.0,152720000.0,152720000.0,1293602000.0,471821000.0,2.274,0.592,434236000.0,64922000.0,369314000.0,434236000.0,187387000.0,135308000.0,0.0,0.013,0.4,736878000.0,872186000.0,0.392,872186000.0,736878000.0,716276000.0,4.2,4.17,4.2,2692226000.0,2520033000.0,2692226000.0,3726137862.0,5.0,4.272,-163819000.0,-1.45,1.0,929649000.0,0.418,33054000.0,20602000.0,3978572000.0,3735783500.0,600525000.0,0.0,0.0,0.0,1594667000.0,556783000.0,1037884000.0,3452267862.0,-188554000.0,0.0,31413000.0,-64922000.0,-44880000.0,-74735000.0,-658159000.0,0.0,544340000.0,0.0,471821000.0,471821000.0,471821000.0,0.0,0.0,0.212,219157000.0,710492000.0,187564000.0,0.095,1.282,7.317,7.274,2987539000.0,0.0,30.55,1.553,1.553,421416000.0,1719025000.0,2223251000.0,2223251000.0,0.0,0.116,0.187,0.197,0.331,12910000.0,112874000.0,1.0,113003858.0,113003858.0,,19.674,4253839000.0,25967000.0,244455000.0,453942000.0,37.643,709517000.0
42,RDC,MRT,2008-06-30,2008-06-30,2008-06-30,2019-02-27,-96125000.0,4091980000.0,3932194000.0,1300224000.0,2791756000.0,0.559,22.964,-538855000.0,179073000.0,179073000.0,1233972000.0,488556000.0,2.713,0.582,452943000.0,64922000.0,388021000.0,452943000.0,130392000.0,128890000.0,0.0,0.009,0.4,767345000.0,896235000.0,0.408,896235000.0,767345000.0,744752000.0,4.37,4.33,4.37,2585967000.0,2397976750.0,2585967000.0,5442239226.0,7.0,6.072,-192752000.0,-1.712,1.0,964422000.0,0.439,35828000.0,22593000.0,3850690000.0,3572961750.0,521872000.0,0.0,0.0,0.0,1506013000.0,479332000.0,1026681000.0,5264468226.0,-210689000.0,0.0,39928000.0,-64922000.0,-44598000.0,-67937000.0,-488855000.0,0.0,346103000.0,0.0,488556000.0,488556000.0,488556000.0,0.0,0.0,0.222,228013000.0,736409000.0,150353000.0,0.092,2.036,10.776,10.698,2755928000.0,0.0,46.75,2.395,2.395,491767000.0,1616305000.0,2198394000.0,2198394000.0,0.0,0.124,0.204,0.215,0.349,11767000.0,107789000.0,1.0,112608946.0,112608946.0,,19.522,4056152000.0,22556000.0,256196000.0,440646000.0,36.02,820892000.0
43,RDC,MRT,2008-03-31,2008-03-31,2008-03-31,2019-02-27,-96125000.0,3966508000.0,3820712000.0,1305869000.0,2660639000.0,0.554,22.042,-511146000.0,288926000.0,288926000.0,1166301000.0,496072000.0,2.649,0.617,466697000.0,64922000.0,401775000.0,466697000.0,161230000.0,124243000.0,0.0,0.01,0.4,781769000.0,906012000.0,0.428,906012000.0,781769000.0,756971000.0,4.46,4.41,4.46,2453501000.0,2270357500.0,2453501000.0,4734803974.0,6.0,5.226,-100201000.0,-0.9,1.0,951955000.0,0.449,33646000.0,24798000.0,3617737000.0,3403664750.0,512498000.0,0.0,0.0,0.0,1513007000.0,492896000.0,1020111000.0,4583857974.0,-131291000.0,0.0,26615000.0,-64922000.0,-44438000.0,-81090000.0,-461146000.0,0.0,410945000.0,0.0,496072000.0,496072000.0,496072000.0,0.0,0.0,0.234,202410000.0,749545000.0,103754000.0,0.09,1.868,9.24,9.233,2626993000.0,0.0,41.18,2.164,2.164,438417000.0,1506947000.0,2118256000.0,2118256000.0,0.0,0.13,0.218,0.23,0.369,10270000.0,99947000.0,1.0,111312724.0,111312724.0,,19.03,3932862000.0,22926000.0,260899000.0,422371000.0,35.332,812973000.0
44,RDC,MRT,2007-12-31,2007-12-31,2007-12-31,2019-02-27,-96125000.0,3875305000.0,3717735000.0,1302967000.0,2572338000.0,0.564,21.103,-416834000.0,334458000.0,334458000.0,1187953000.0,483800000.0,2.629,0.65,485404000.0,64922000.0,420482000.0,485404000.0,0.0,118796000.0,0.0,0.01,0.4,764999000.0,883795000.0,0.422,883795000.0,764999000.0,739086000.0,4.36,4.31,4.36,2348438000.0,2144483750.0,2348438000.0,4499202293.0,6.0,5.091,15709000.0,0.141,1.0,907068000.0,0.433,34527000.0,25913000.0,3496135000.0,3256685500.0,456363000.0,0.0,0.0,0.0,1526867000.0,495589000.0,1031278000.0,4391318293.0,26417000.0,0.0,12266000.0,-64922000.0,-44368000.0,-95369000.0,-310757000.0,0.0,432543000.0,0.0,483800000.0,483800000.0,483800000.0,0.0,0.0,0.231,173195000.0,733873000.0,100880000.0,0.092,1.87,9.077,9.05,2487811000.0,0.0,39.46,2.096,2.096,478017000.0,1419417000.0,2095021000.0,2095021000.0,0.0,0.13,0.226,0.235,0.365,9326000.0,94905000.0,1.0,111285309.0,111285309.0,,18.826,3840778000.0,22960000.0,255286000.0,412931000.0,34.513,807378000.0
45,RDC,MRT,2007-09-30,2007-09-30,2007-09-30,2019-02-27,-110370000.0,3794983000.0,3607758250.0,1328032000.0,2466951000.0,0.522,19.837,-379729000.0,391274000.0,391274000.0,1090459000.0,407736000.0,2.487,0.722,499158000.0,64922000.0,434236000.0,499158000.0,226793000.0,110869000.0,0.0,0.011,0.4,654711000.0,765580000.0,0.407,765580000.0,654711000.0,628051000.0,3.69,3.63,3.69,2204001000.0,2025885750.0,2204001000.0,4142306086.0,6.0,5.411,44808000.0,0.403,1.0,791947000.0,0.421,41635000.0,26660000.0,3327285000.0,3135565250.0,481722000.0,0.0,0.0,0.0,1590982000.0,533947000.0,1057035000.0,4064203086.0,58400000.0,0.0,14271000.0,-64922000.0,-44214000.0,-92485000.0,-273652000.0,0.0,424537000.0,0.0,407736000.0,407736000.0,407736000.0,0.0,0.0,0.217,168154000.0,623793000.0,119899000.0,0.108,1.844,9.968,9.913,2375316000.0,0.0,36.58,2.159,2.159,414069000.0,1292110000.0,1882406000.0,1882406000.0,0.0,0.113,0.201,0.209,0.348,5691000.0,88084000.0,1.0,111104513.0,111104513.0,,16.943,3753348000.0,15065000.0,220315000.0,376251000.0,33.782,794085000.0
46,RDC,MRT,2007-06-30,2007-06-30,2007-06-30,2019-02-27,-110370000.0,3646052000.0,3480454000.0,1242543000.0,2403509000.0,0.516,18.758,-396013000.0,439762000.0,439762000.0,1083293000.0,363927000.0,2.481,0.757,517865000.0,64922000.0,452943000.0,517865000.0,221184000.0,104367000.0,0.0,0.01,0.4,590350000.0,694717000.0,0.387,694717000.0,590350000.0,562939000.0,3.3,3.25,3.3,2075490000.0,1935503250.0,2075490000.0,4595542223.0,8.0,6.615,48396000.0,0.437,1.0,714026000.0,0.397,49864000.0,27411000.0,3173502000.0,3038366500.0,407104000.0,0.0,0.0,0.0,1570562000.0,500789000.0,1069773000.0,4534140223.0,-98569000.0,1953000.0,7765000.0,-64922000.0,-44141000.0,-98918000.0,-444060000.0,0.0,444409000.0,0.0,363927000.0,363927000.0,363927000.0,-1269000.0,0.0,0.202,156924000.0,557102000.0,103990000.0,0.121,2.185,12.459,12.418,2303645000.0,0.0,40.98,2.523,2.523,338165000.0,1172347000.0,1797319000.0,1797319000.0,0.0,0.105,0.188,0.194,0.328,6188000.0,84569000.0,1.0,110642758.0,110642758.0,,16.244,3596188000.0,18262000.0,199012000.0,365147000.0,32.503,741754000.0
47,RDC,MRT,2007-03-31,2007-03-31,2007-03-31,2019-02-27,-110370000.0,3554600000.0,3369544750.0,1257569000.0,2297031000.0,0.497,17.647,-386775000.0,470217000.0,470217000.0,1009089000.0,345494000.0,2.369,0.823,531619000.0,64922000.0,466697000.0,531619000.0,227308000.0,97504000.0,0.0,0.012,0.4,562845000.0,660349000.0,0.395,660349000.0,562845000.0,534840000.0,3.13,3.09,3.13,1950006000.0,1857632750.0,1950006000.0,3724156800.0,7.0,5.64,17600000.0,0.159,1.0,664112000.0,0.397,55352000.0,28005000.0,3029820000.0,2953923750.0,394587000.0,0.0,0.0,0.0,1604594000.0,530830000.0,1073764000.0,3587948800.0,-133002000.0,1953000.0,4065000.0,-64922000.0,-44078000.0,-102555000.0,-434822000.0,0.0,404375000.0,0.0,345494000.0,345494000.0,345494000.0,-1269000.0,0.0,0.206,135948000.0,528164000.0,124716000.0,0.128,1.84,10.385,10.374,2191679000.0,0.0,32.47,2.144,2.144,371769000.0,1055313000.0,1673201000.0,1673201000.0,0.0,0.103,0.186,0.191,0.336,9351000.0,80267000.0,1.0,110500425.0,110500425.0,,15.142,3499248000.0,15106000.0,189346000.0,350124000.0,31.667,726739000.0
48,RDC,MRT,2006-12-31,2006-12-31,2006-12-31,2019-02-27,-110370000.0,3435398000.0,3242739000.0,1102849000.0,2332549000.0,0.466,16.97,-441953000.0,414118000.0,414118000.0,877092000.0,318246000.0,2.134,0.833,550326000.0,64922000.0,485404000.0,550326000.0,0.0,89971000.0,0.0,0.017,0.55,522944000.0,612915000.0,0.406,612915000.0,522944000.0,494623000.0,2.89,2.85,2.89,1874046000.0,1785231750.0,1874046000.0,3791588795.0,7.0,6.186,-149884000.0,-1.357,1.0,633642000.0,0.419,43246000.0,28321000.0,3011654000.0,2859916500.0,345095000.0,0.0,0.0,0.0,1561352000.0,516706000.0,1044646000.0,3666459795.0,-417862000.0,1953000.0,9176000.0,-64922000.0,-60488000.0,-113854000.0,-596077000.0,0.0,292069000.0,0.0,318246000.0,318246000.0,318246000.0,-1269000.0,0.0,0.211,147948000.0,485694000.0,141206000.0,0.19,1.956,11.521,11.488,2133226000.0,0.0,33.2,2.427,2.427,418985000.0,981610000.0,1510734000.0,1510734000.0,0.0,0.098,0.178,0.183,0.346,10754000.0,78243000.0,1.0,110435536.0,110435536.0,,13.68,3392152000.0,18421000.0,176377000.0,347065000.0,30.716,586143000.0
49,RDC,MRT,2006-09-30,2006-09-30,2006-09-30,2019-02-27,-83660000.0,3285766000.0,3127685250.0,1213925000.0,2071841000.0,0.453,16.69,-395535000.0,438951000.0,438951000.0,805672000.0,325323000.0,2.784,0.783,564080000.0,64922000.0,499158000.0,564080000.0,184509000.0,86355000.0,0.0,0.014,0.45,533264000.0,619619000.0,0.437,619619000.0,533264000.0,505007000.0,2.95,2.91,2.95,1842471000.0,1721655000.0,1842471000.0,3586266962.0,7.0,5.788,18105000.0,0.164,1.0,611547000.0,0.432,36313000.0,28257000.0,2938490000.0,2738902500.0,282107000.0,0.0,0.0,0.0,1443295000.0,436092000.0,1007203000.0,3491810962.0,-233548000.0,22819000.0,16408000.0,-64499000.0,-49438000.0,-97529000.0,-549659000.0,0.0,413640000.0,0.0,325323000.0,325323000.0,325323000.0,-1269000.0,0.0,0.23,114834000.0,496713000.0,110837000.0,0.153,1.895,10.733,10.722,2035528000.0,0.0,31.63,2.464,2.464,407022000.0,930296000.0,1417219000.0,1417219000.0,0.0,0.104,0.189,0.195,0.376,12933000.0,82098000.0,1.0,110395541.0,110395541.0,,12.838,3249453000.0,20437000.0,179684000.0,337847000.0,29.435,777833000.0
50,RDC,MRT,2006-06-30,2006-06-30,2006-06-30,2019-02-27,-83660000.0,3202415000.0,2989751250.0,1212534000.0,1989881000.0,0.43,16.004,-281131000.0,488331000.0,488331000.0,718118000.0,312908000.0,2.853,0.815,582787000.0,64922000.0,517865000.0,582787000.0,183007000.0,83306000.0,0.0,0.017,0.6,516775000.0,600081000.0,0.467,600081000.0,516775000.0,489022000.0,2.84,2.8,2.84,1764008000.0,1648153750.0,1764008000.0,3966099847.0,8.0,6.609,97838000.0,0.888,1.0,566385000.0,0.441,36177000.0,27753000.0,2835731000.0,2654251500.0,263325000.0,0.0,0.0,0.0,1438407000.0,424963000.0,1013444000.0,3922777847.0,510000.0,20866000.0,23657000.0,-55315000.0,-65670000.0,-97328000.0,-281131000.0,0.0,378969000.0,0.0,312908000.0,312908000.0,312908000.0,0.0,0.0,0.244,81158000.0,485227000.0,103342000.0,0.211,2.224,12.537,12.532,1953704000.0,0.0,35.59,3.054,3.054,375489000.0,854309000.0,1284503000.0,1284503000.0,0.0,0.105,0.19,0.195,0.402,10956000.0,81044000.0,1.0,110221350.0,110221350.0,,11.654,3166238000.0,16461000.0,176114000.0,322376000.0,28.726,787571000.0
51,RDC,MRT,2006-03-31,2006-03-31,2006-03-31,2019-02-27,-83660000.0,3047377000.0,2843428750.0,1191395000.0,1855982000.0,0.403,15.098,-178412000.0,553219000.0,553219000.0,668207000.0,245483000.0,2.98,0.835,596541000.0,64922000.0,531619000.0,596541000.0,173980000.0,81489000.0,0.0,0.011,0.5,414578000.0,496067000.0,0.433,496067000.0,414578000.0,387635000.0,2.24,2.21,2.24,1660402000.0,1580263750.0,1660402000.0,4773880377.0,12.0,9.623,206617000.0,1.879,1.0,477970000.0,0.417,37044000.0,26943000.0,2653791000.0,2583787250.0,236187000.0,0.0,0.0,0.0,1386975000.0,399864000.0,987111000.0,4834535377.0,144641000.0,20866000.0,27428000.0,-36613000.0,-54643000.0,-63828000.0,-176560000.0,1852000.0,385029000.0,0.0,245483000.0,245483000.0,245483000.0,920000.0,0.0,0.214,91610000.0,386360000.0,104791000.0,0.223,2.912,19.694,19.625,1818938000.0,0.0,43.96,4.218,4.218,336922000.0,755683000.0,1146177000.0,1146177000.0,0.0,0.086,0.155,0.16,0.362,6296000.0,78501000.0,1.0,109975782.0,109975782.0,,10.422,3010333000.0,47200000.0,142152000.0,324281000.0,27.373,791531000.0
52,RDC,MRT,2005-12-31,2005-12-31,2005-12-31,2019-02-27,-83660000.0,2975183000.0,2698010250.0,1208132000.0,1767051000.0,0.396,14.809,-109504000.0,675903000.0,675903000.0,641947000.0,229800000.0,3.547,0.837,615248000.0,64922000.0,550326000.0,615248000.0,0.0,81291000.0,0.0,0.014,0.5,383235000.0,464526000.0,0.435,464526000.0,383235000.0,357433000.0,2.11,2.08,2.11,1619739000.0,1525652000.0,1619739000.0,4010337456.0,10.0,8.633,223666000.0,2.045,1.0,426835000.0,0.399,46317000.0,25802000.0,2527598000.0,2546839000.0,196010000.0,0.0,0.0,0.0,1355444000.0,340613000.0,1014831000.0,3898180456.0,209926000.0,20866000.0,34008000.0,-24024000.0,-54143000.0,-44159000.0,-79085000.0,9553000.0,333170000.0,0.0,229800000.0,229800000.0,229800000.0,-11963000.0,0.0,0.215,86235000.0,340600000.0,82935000.0,0.237,2.407,16.963,16.891,1720734000.0,0.0,35.64,3.647,3.647,253194000.0,724096000.0,1068782000.0,1068782000.0,0.0,0.085,0.151,0.15,0.359,4115000.0,71428000.0,1.0,109376556.0,109376556.0,,9.772,2928866000.0,65984000.0,127633000.0,314723000.0,26.778,867519000.0
53,RDC,MRT,2005-09-30,2005-09-30,2005-09-30,2019-02-27,-70782000.0,2734030000.0,2577286000.0,1044375000.0,1689655000.0,0.366,14.218,-83596000.0,516422000.0,516422000.0,584516000.0,162541000.0,4.525,0.766,628579000.0,64922000.0,563657000.0,628579000.0,37476000.0,84583000.0,0.0,0.014,0.5,284089000.0,368672000.0,0.391,368672000.0,284089000.0,259743000.0,1.49,1.48,1.49,1548466000.0,1472938250.0,1548466000.0,4015580408.0,14.0,10.892,109439000.0,1.005,1.0,357559000.0,0.38,15525000.0,24346000.0,2599886000.0,2518711000.0,192546000.0,0.0,0.0,0.0,1185564000.0,230776000.0,954788000.0,3865299408.0,223439000.0,117014000.0,29464000.0,-8717000.0,-54180000.0,-33433000.0,63837000.0,9553000.0,193035000.0,0.0,162541000.0,162541000.0,162541000.0,2195000.0,0.0,0.173,97239000.0,260320000.0,47015000.0,0.336,2.496,23.78,23.819,1674130000.0,0.0,35.49,4.103,4.103,245737000.0,654609000.0,942075000.0,942075000.0,0.0,0.063,0.11,0.113,0.302,4351000.0,59504000.0,1.0,108912353.0,108912353.0,,8.65,2718505000.0,64682000.0,97202000.0,291568000.0,24.96,813599000.0
54,RDC,MRT,2005-06-30,2005-06-30,2005-06-30,2019-02-27,-70782000.0,2617125000.0,2503949750.0,906851000.0,1710274000.0,0.335,13.784,-109087000.0,487821000.0,487821000.0,554912000.0,97848000.0,4.581,0.754,638102000.0,64922000.0,573180000.0,638102000.0,0.0,88663000.0,0.0,0.008,0.25,181593000.0,270256000.0,0.322,270256000.0,181593000.0,158612000.0,0.9,0.9,0.9,1492448000.0,1439790000.0,1492448000.0,3441415109.0,19.0,12.734,47612000.0,0.44,1.0,284339000.0,0.339,15565000.0,22981000.0,2553874000.0,2522627750.0,179899000.0,0.0,0.0,0.0,1124677000.0,197967000.0,926710000.0,3216839109.0,193141000.0,117014000.0,32090000.0,-7059000.0,-26935000.0,-1904000.0,38346000.0,9553000.0,156699000.0,0.0,97848000.0,97848000.0,97848000.0,4546000.0,0.0,0.117,120278000.0,164061000.0,42371000.0,0.278,2.155,32.876,33.011,1694709000.0,0.0,29.71,3.833,3.833,169962000.0,607229000.0,839251000.0,839251000.0,0.0,0.039,0.068,0.072,0.216,4816000.0,51700000.0,1.0,108274625.0,108274625.0,,7.751,2601560000.0,46067000.0,60764000.0,234918000.0,24.027,708884000.0
55,RDC,MRT,2005-03-31,2005-03-31,2005-03-31,2019-02-27,-70782000.0,2465703000.0,2455837500.0,765429000.0,1700274000.0,0.308,13.35,-110374000.0,408578000.0,408578000.0,528593000.0,53457000.0,4.538,0.71,633154000.0,64922000.0,568232000.0,633154000.0,0.0,92038000.0,0.0,0.008,0.25,113758000.0,205796000.0,0.272,205796000.0,113758000.0,92056000.0,0.49,0.49,0.49,1441955000.0,1415356500.0,1441955000.0,3406141479.0,30.0,16.551,-41372000.0,-0.383,1.0,228943000.0,0.302,15627000.0,21702000.0,2505998000.0,2534565250.0,167053000.0,0.0,0.0,0.0,1023748000.0,168654000.0,855094000.0,3232846479.0,102143000.0,117014000.0,27068000.0,-2199000.0,-26935000.0,-2066000.0,35207000.0,7701000.0,69002000.0,0.0,53457000.0,53457000.0,53457000.0,9725000.0,0.0,0.071,122293000.0,106650000.0,35054000.0,0.51,2.242,60.476,61.082,1684647000.0,0.0,29.93,4.268,4.268,165536000.0,564963000.0,757536000.0,757536000.0,0.0,0.022,0.038,0.045,0.15,5586000.0,44883000.0,1.0,108013581.0,108013581.0,,7.013,2450076000.0,3018000.0,38599000.0,170116000.0,22.683,596775000.0
56,RDC,MRT,2004-12-31,2004-12-31,2004-12-31,2019-02-27,-70782000.0,2492286000.0,2440863000.0,807097000.0,1685189000.0,0.278,13.138,-122206000.0,465977000.0,465977000.0,503728000.0,-1273000.0,3.437,0.769,639272000.0,64922000.0,574350000.0,639272000.0,0.0,95650000.0,0.0,0.0,0.0,36746000.0,132396000.0,0.195,132396000.0,36746000.0,15835000.0,-0.01,-0.01,-0.01,1408884000.0,1403287500.0,1408884000.0,3121688389.0,85.0,23.578,-5099000.0,-0.048,1.0,175948000.0,0.259,15695000.0,20911000.0,2415086000.0,2549884250.0,164113000.0,0.0,0.0,0.0,1083402000.0,234800000.0,848602000.0,2777375389.0,407750000.0,117014000.0,280897000.0,14938000.0,0.0,295835000.0,-5192000.0,0.0,117107000.0,0.0,-1273000.0,-1273000.0,-1273000.0,28758000.0,0.0,-0.002,117463000.0,58485000.0,26095000.0,0.0,1.971,-2181.756,-2590.0,1669494000.0,0.0,25.9,4.086,4.086,132445000.0,548476000.0,679676000.0,679676000.0,0.0,-0.001,-0.001,0.014,0.054,6480000.0,40721000.0,1.0,107234571.0,107234571.0,,6.338,2476591000.0,19332000.0,17108000.0,163336000.0,23.095,572297000.0
57,RDC,MRT,2004-09-30,2004-09-30,2004-09-30,2019-02-27,-54685000.0,2440685000.0,2365493750.0,682516000.0,1758169000.0,0.228,13.257,-153616000.0,292983000.0,292983000.0,386300000.0,944000.0,4.47,0.724,637296000.0,60243000.0,577053000.0,637296000.0,0.0,95253000.0,0.0,0.0,0.0,33328000.0,128581000.0,0.238,128581000.0,33328000.0,12737000.0,0.01,0.01,0.01,1415873000.0,1335274000.0,1415873000.0,3170105069.0,95.0,24.655,-68561000.0,-0.642,1.0,153427000.0,0.284,16772000.0,20591000.0,2615553000.0,2593567500.0,200998000.0,0.0,0.0,0.0,1024812000.0,152673000.0,872139000.0,2819624069.0,242969000.0,0.0,279153000.0,32377000.0,0.0,311530000.0,-153616000.0,0.0,85055000.0,0.0,944000.0,944000.0,944000.0,17818000.0,0.0,0.002,107765000.0,45662000.0,34562000.0,0.0,1.991,2986.89,2640.0,1741397000.0,0.0,26.4,5.224,5.224,170958000.0,546248000.0,539727000.0,539727000.0,0.0,0.0,0.001,0.013,0.062,6950000.0,45178000.0,1.0,106803942.0,106803942.0,,5.053,2423913000.0,8816000.0,11793000.0,158177000.0,22.695,529843000.0
58,RDC,MRT,2004-06-30,2004-06-30,2004-06-30,2019-02-27,-54685000.0,2424676000.0,2290694500.0,654344000.0,1770332000.0,0.241,13.183,-177003000.0,294680000.0,294680000.0,402438000.0,2599000.0,4.215,0.738,645161000.0,59883000.0,585278000.0,645161000.0,0.0,92652000.0,0.0,0.0,0.0,32928000.0,125580000.0,0.227,125580000.0,32928000.0,12453000.0,0.04,0.04,0.04,1394714000.0,1263388750.0,1394714000.0,2902913878.0,88.0,23.116,-99679000.0,-0.942,1.0,149598000.0,0.271,18305000.0,20475000.0,2601624000.0,2572977500.0,187687000.0,0.0,0.0,0.0,1029962000.0,155228000.0,874734000.0,2573995878.0,221029000.0,0.0,270771000.0,49937000.0,0.0,320708000.0,-177003000.0,0.0,77324000.0,0.0,2599000.0,2599000.0,2599000.0,15467000.0,0.0,0.005,106264000.0,43334000.0,29571000.0,0.0,1.846,990.379,608.25,1752027000.0,0.0,24.33,4.663,4.663,149522000.0,536316000.0,552036000.0,552036000.0,0.0,0.001,0.002,0.013,0.06,7252000.0,41167000.0,1.0,105795145.0,105795145.0,,5.218,2406371000.0,10429000.0,9854000.0,155244000.0,22.746,499116000.0
59,RDC,MRT,2004-03-31,2004-03-31,2004-03-31,2019-02-27,-54685000.0,2405805000.0,2212227000.0,638730000.0,1767075000.0,0.247,13.182,-220294000.0,306435000.0,306435000.0,415638000.0,-1900000.0,4.282,0.726,635353000.0,55887000.0,579466000.0,635353000.0,0.0,90066000.0,0.0,0.0,0.0,22468000.0,112534000.0,0.206,112534000.0,22468000.0,2235000.0,-0.01,-0.01,-0.01,1393679000.0,1193106500.0,1393679000.0,2795826919.0,124.0,24.844,-148013000.0,-1.4,1.0,131653000.0,0.241,18275000.0,20233000.0,2567274000.0,2547789750.0,183189000.0,0.0,0.0,0.0,1012126000.0,149174000.0,862952000.0,2229719919.0,191422000.0,0.0,271732000.0,67703000.0,0.0,339435000.0,-220294000.0,0.0,72281000.0,0.0,-1900000.0,-1900000.0,-1900000.0,9368000.0,0.0,-0.003,105361000.0,26292000.0,28209000.0,0.0,1.6,-1173.537,-2109.0,1748800000.0,0.0,21.09,4.074,4.074,123817000.0,538441000.0,547291000.0,547291000.0,0.0,-0.001,-0.002,0.009,0.041,7333000.0,38687000.0,1.0,105724036.0,105724036.0,,5.177,2387530000.0,10656000.0,4135000.0,156800000.0,22.583,489556000.0
60,RDC,MRT,2003-12-31,2003-12-31,2003-12-31,2019-02-27,-54685000.0,2190809000.0,2126308500.0,444224000.0,1746585000.0,0.249,12.086,-243403000.0,57809000.0,57809000.0,415996000.0,-7774000.0,2.954,0.927,624334000.0,55267000.0,569067000.0,624334000.0,0.0,86851000.0,0.0,0.0,0.0,10465000.0,97316000.0,0.184,97316000.0,10465000.0,-9562000.0,-0.08,-0.08,-0.08,1136830000.0,1123669000.0,1136830000.0,2734334562.0,261.0,28.097,-195153000.0,-2.075,1.0,113258000.0,0.214,17150000.0,20027000.0,2589819000.0,2504594500.0,157645000.0,0.0,0.0,0.0,1053979000.0,150365000.0,903614000.0,2179429562.0,-120529000.0,0.0,5592000.0,69032000.0,0.0,74624000.0,-243403000.0,0.0,48250000.0,0.0,-7774000.0,-7774000.0,-7774000.0,4441000.0,0.0,-0.015,104095000.0,9163000.0,22810000.0,0.0,1.917,-280.349,-289.625,1614597000.0,0.0,23.17,4.118,4.118,111709000.0,549749000.0,529254000.0,529254000.0,0.0,-0.004,-0.007,0.004,0.02,7108000.0,36095000.0,1.0,94062562.0,94062562.0,,5.627,2173659000.0,66474000.0,-1788000.0,202214000.0,23.109,293859000.0
61,RDC,MRT,2003-09-30,2003-09-30,2003-09-30,2019-02-27,-55200000.0,2141488000.0,2092232250.0,435446000.0,1706042000.0,0.234,12.023,-223272000.0,50014000.0,50014000.0,410779000.0,-15043000.0,3.027,0.898,604919000.0,52809000.0,552110000.0,604919000.0,0.0,83732000.0,0.0,0.0,0.0,-8288000.0,75444000.0,0.154,75444000.0,-8288000.0,-28323000.0,-0.16,-0.16,-0.16,1128332000.0,1122405750.0,1128332000.0,2828440068.0,-341.0,37.491,-189480000.0,-2.019,1.0,79431000.0,0.162,19326000.0,20035000.0,2533193000.0,2431544000.0,199920000.0,0.0,0.0,0.0,1013156000.0,143874000.0,869282000.0,2306867068.0,-118280000.0,0.0,3587000.0,67613000.0,0.0,71200000.0,-223272000.0,0.0,33792000.0,0.0,-15043000.0,-15043000.0,-15043000.0,-8629000.0,0.0,-0.031,102693000.0,-23262000.0,29083000.0,0.0,2.044,-153.352,-153.625,1686716000.0,0.0,24.58,4.706,4.706,120066000.0,545304000.0,490210000.0,490210000.0,0.0,-0.007,-0.013,-0.003,-0.017,6943000.0,34761000.0,1.0,93851386.0,93851386.0,,5.223,2122162000.0,58830000.0,-13280000.0,207308000.0,22.612,291572000.0
62,RDC,MRT,2003-06-30,2003-06-30,2003-06-30,2019-02-27,-55200000.0,2110806000.0,2062365000.0,431408000.0,1679398000.0,0.233,11.892,-229085000.0,73651000.0,73651000.0,404039000.0,-16466000.0,3.281,0.896,595224000.0,47633000.0,547591000.0,595224000.0,0.0,82322000.0,0.0,0.0,0.0,-9518000.0,72804000.0,0.152,72804000.0,-9518000.0,-29595000.0,-0.17,-0.17,-0.17,1113585000.0,1134290250.0,1113585000.0,2550197371.0,-268.0,35.028,-204186000.0,-2.181,1.0,76441000.0,0.159,0.0,20077000.0,2500873000.0,2366280500.0,188443000.0,0.0,0.0,0.0,997221000.0,131506000.0,865715000.0,2097560371.0,-138814000.0,0.0,-7530000.0,72902000.0,0.0,65372000.0,-229085000.0,0.0,24899000.0,0.0,-16466000.0,-16466000.0,-16466000.0,-8629000.0,0.0,-0.034,101591000.0,-25150000.0,27774000.0,0.0,1.884,-127.387,-131.765,1661341000.0,0.0,22.4,4.366,4.366,115281000.0,533717000.0,480480000.0,480480000.0,0.0,-0.008,-0.015,-0.004,-0.02,6808000.0,35069000.0,1.0,93641088.0,93641088.0,,5.131,2110806000.0,44461000.0,-13129000.0,187170000.0,22.541,299902000.0
63,RDC,MRT,2003-03-31,2003-03-31,2003-03-31,2019-02-27,-55200000.0,2062131000.0,2036804000.0,428204000.0,1633927000.0,0.231,11.92,-220765000.0,115013000.0,115013000.0,401243000.0,-18581000.0,3.56,0.848,567650000.0,47285000.0,520365000.0,567650000.0,0.0,80153000.0,0.0,0.013,0.25,-12781000.0,67372000.0,0.143,67372000.0,-12781000.0,-33304000.0,-0.19,-0.19,-0.19,1115929000.0,1149596250.0,1115929000.0,2217059661.0,-173.0,32.908,-185744000.0,-1.984,1.0,69635000.0,0.148,0.0,20523000.0,2394493000.0,2286576000.0,179710000.0,0.0,0.0,0.0,946202000.0,120275000.0,825927000.0,1840513661.0,-145674000.0,0.0,-7829000.0,71410000.0,-23511000.0,40070000.0,-220765000.0,0.0,35021000.0,0.0,-18581000.0,-18581000.0,-18581000.0,-8629000.0,0.0,-0.039,92633642.0,-22998642.0,25868000.0,-1.316,1.649,-99.054,-103.474,1616098000.0,0.0,19.66,3.909,3.909,98069000.0,540341000.0,470878000.0,470878000.0,0.0,-0.009,-0.016,-0.006,-0.027,6872000.0,28280642.0,1.0,93617175.0,93617175.0,,5.03,2062131000.0,29595000.0,-14723000.0,176164000.0,22.027,307929000.0
64,RDC,MRT,2002-12-31,2002-12-31,2002-12-31,2019-02-27,-55200000.0,2054504000.0,2022836500.0,469902000.0,1584602000.0,0.236,12.098,-217115000.0,178756000.0,178756000.0,406510000.0,86278000.0,4.052,0.815,555302000.0,42458000.0,512844000.0,555302000.0,0.0,78091000.0,0.0,0.011,0.25,148817000.0,226908000.0,0.475,226908000.0,148817000.0,128172000.0,0.92,0.9,0.92,1131777000.0,1171340000.0,1131777000.0,2492533508.0,17.0,10.985,-98925000.0,-1.057,1.0,70818000.0,0.148,17458000.0,20645000.0,2297617000.0,2211520500.0,162960000.0,0.0,0.0,0.0,922727000.0,115975000.0,806752000.0,2123521508.0,-58233000.0,0.0,-10157000.0,74360000.0,-23511000.0,40692000.0,-217115000.0,0.0,118190000.0,0.0,86278000.0,86278000.0,86278000.0,-8629000.0,0.0,0.181,96883000.0,-26065000.0,30000000.0,0.272,1.876,24.613,24.674,1567144000.0,0.0,22.7,4.449,4.449,109320000.0,557523000.0,477328000.0,477328000.0,0.0,0.043,0.074,0.067,0.312,7176000.0,34592000.0,1.0,93547203.0,93547203.0,,5.103,2037046000.0,10855000.0,41894000.0,166060000.0,21.776,353927000.0
65,RDC,MRT,2002-09-30,2002-09-30,2002-09-30,2019-02-27,-12540000.0,2022019000.0,1993949250.0,465593000.0,1556426000.0,0.304,12.541,-258333000.0,168294000.0,168294000.0,530273000.0,79432000.0,3.916,0.72,537306000.0,42458000.0,494848000.0,537306000.0,0.0,75628000.0,0.0,0.013,0.25,144553000.0,220181000.0,0.363,220181000.0,144553000.0,122956000.0,0.85,0.84,0.85,1175870000.0,1165417500.0,1175870000.0,2057638278.0,14.0,9.345,-49983000.0,-0.533,1.0,76014000.0,0.125,0.0,21597000.0,2272139000.0,2129112250.0,158161000.0,0.0,0.0,0.0,846149000.0,118892000.0,727257000.0,1747781278.0,5953000.0,0.0,-12477000.0,91924000.0,-23511000.0,55936000.0,-258333000.0,0.0,208350000.0,0.0,79432000.0,79432000.0,79432000.0,0.0,0.0,0.131,94695642.0,-18681642.0,27470000.0,0.294,1.486,22.003,21.929,1538008000.0,0.0,18.64,2.883,2.883,130412000.0,560347000.0,606287000.0,606287000.0,0.0,0.04,0.068,0.068,0.238,7558000.0,19067642.0,1.0,93765090.0,93765090.0,,6.466,2022019000.0,2089000.0,43524000.0,171299000.0,21.565,346701000.0
66,RDC,MRT,2002-06-30,2002-06-30,2002-06-30,2019-02-27,-12540000.0,2008562000.0,1943106500.0,484404000.0,1524158000.0,0.316,12.509,-282572000.0,212465000.0,212465000.0,525536000.0,89908000.0,3.552,0.71,522322000.0,42458000.0,479864000.0,522322000.0,0.0,72574000.0,0.0,0.012,0.25,161299000.0,233873000.0,0.381,233873000.0,161299000.0,139340000.0,0.96,0.95,0.96,1174809000.0,1154277250.0,1174809000.0,2250055276.0,14.0,9.621,-31478000.0,-0.335,1.0,87923000.0,0.143,0.0,21959000.0,2182055000.0,2060367500.0,151509000.0,0.0,0.0,0.0,833753000.0,136364000.0,697389000.0,2014502276.0,21967000.0,0.0,-17115000.0,94071000.0,-23511000.0,53445000.0,-282572000.0,0.0,251094000.0,0.0,89908000.0,89908000.0,89908000.0,0.0,0.0,0.147,92456642.0,-4533642.0,26457000.0,0.26,1.715,22.406,22.344,1505516000.0,0.0,21.45,3.284,3.284,112719000.0,550183000.0,613459000.0,613459000.0,0.0,0.046,0.078,0.078,0.263,7797000.0,19882642.0,1.0,93916190.0,93916190.0,,6.532,2008562000.0,1108000.0,49432000.0,151622000.0,21.387,348040000.0
67,RDC,MRT,2002-03-31,2002-03-31,2002-03-31,2019-02-27,-12540000.0,2006261000.0,1889835750.0,523391000.0,1482870000.0,0.357,12.813,-306315000.0,260687000.0,260687000.0,522703000.0,132959000.0,3.547,0.668,496240000.0,42458000.0,453782000.0,496240000.0,4187000.0,70553000.0,0.0,0.0,0.0,228510000.0,299063000.0,0.443,299063000.0,228510000.0,205977000.0,1.41,1.4,1.41,1202904000.0,1141455750.0,1202904000.0,2407054530.0,11.0,8.049,-18129000.0,-0.193,1.0,152652000.0,0.226,0.0,22533000.0,2094271000.0,1994264000.0,149451000.0,0.0,0.0,0.0,803357000.0,147543000.0,655814000.0,2163101530.0,49002000.0,0.0,-19778000.0,86909000.0,0.0,67131000.0,-306315000.0,0.0,288186000.0,0.0,132959000.0,132959000.0,132959000.0,0.0,0.0,0.197,98229000.0,54423000.0,24453000.0,0.0,1.798,16.269,16.34,1464392000.0,0.0,23.04,3.203,3.203,107634000.0,582433000.0,675355000.0,675355000.0,0.0,0.07,0.116,0.115,0.338,7940000.0,27676000.0,1.0,93884615.0,93884615.0,,7.193,2006261000.0,2325000.0,73018000.0,137677000.0,21.369,375848000.0
68,RDC,MRT,2001-12-31,2001-12-31,2001-12-31,2019-02-27,-12540000.0,1938955000.0,1821752250.0,506682000.0,1432273000.0,0.401,11.821,-301305000.0,236989000.0,236989000.0,510264000.0,76998000.0,2.515,0.75,480942000.0,42458000.0,438484000.0,480942000.0,0.0,68499000.0,0.0,0.0,0.0,144447000.0,212946000.0,0.291,212946000.0,144447000.0,120207000.0,0.82,0.8,0.82,1108087000.0,1112456000.0,1108087000.0,2098769401.0,15.0,9.856,-19577000.0,-0.209,1.0,220800000.0,0.302,13430000.0,24240000.0,1967984000.0,1925897500.0,143189000.0,0.0,0.0,0.0,830868000.0,201494000.0,629374000.0,1815728401.0,44161000.0,0.0,-16984000.0,80722000.0,0.0,63738000.0,-301305000.0,0.0,281728000.0,0.0,76998000.0,76998000.0,76998000.0,0.0,0.0,0.105,96169000.0,124631000.0,28903000.0,0.0,1.639,23.582,23.622,1418843000.0,0.0,19.37,2.484,2.484,120199000.0,494756000.0,731064000.0,731064000.0,0.0,0.042,0.069,0.075,0.198,7769000.0,27670000.0,1.0,93739205.0,93739205.0,,7.799,1925525000.0,3117000.0,43209000.0,127952000.0,20.541,305188000.0
69,RDC,MRT,2001-09-30,2001-09-30,2001-09-30,2019-02-27,0.0,1818648000.0,1756620000.0,456482000.0,1362166000.0,0.444,11.972,-247019000.0,162341000.0,162341000.0,503303000.0,114122000.0,4.367,0.608,445382000.0,34994000.0,410388000.0,445382000.0,0.0,66017000.0,0.0,0.0,0.0,202861000.0,268878000.0,0.345,268878000.0,202861000.0,177802000.0,1.22,1.2,1.22,1131309000.0,1098623500.0,1131309000.0,1407660586.0,7.0,5.235,-56297000.0,-0.596,1.0,276149000.0,0.354,0.0,25059000.0,1997160000.0,1879267500.0,139000000.0,0.0,0.0,0.0,687339000.0,104529000.0,582810000.0,1169907586.0,-7260000.0,0.0,-17243000.0,66280000.0,0.0,49037000.0,-247019000.0,0.0,190722000.0,0.0,114122000.0,114122000.0,114122000.0,0.0,0.0,0.146,94042000.0,182107000.0,27234000.0,0.0,1.034,10.251,10.148,1349941000.0,0.0,12.38,1.501,1.501,146092000.0,504426000.0,779452000.0,779452000.0,0.0,0.065,0.104,0.108,0.26,7532000.0,28025000.0,1.0,94499805.0,94499805.0,,8.248,1818648000.0,2424000.0,63680000.0,128958000.0,19.245,351953000.0
70,RDC,MRT,2001-06-30,2001-06-30,2001-06-30,2019-02-27,0.0,1795479000.0,1706090750.0,493431000.0,1302048000.0,0.457,11.909,-219040000.0,190498000.0,190498000.0,497239000.0,119041000.0,4.269,0.598,428251000.0,34187000.0,394064000.0,428251000.0,0.0,64349000.0,0.0,0.0,0.0,211351000.0,275700000.0,0.354,275700000.0,211351000.0,185626000.0,1.27,1.25,1.27,1123523000.0,1072473750.0,1123523000.0,2282586608.0,11.0,8.279,-46629000.0,-0.494,1.0,281737000.0,0.362,0.0,25725000.0,1917641000.0,1812947750.0,134793000.0,0.0,0.0,0.0,671956000.0,115591000.0,556365000.0,2084940608.0,13596000.0,0.0,-2193000.0,62418000.0,0.0,60225000.0,-219040000.0,0.0,172411000.0,0.0,119041000.0,119041000.0,119041000.0,0.0,0.0,0.153,91815000.0,189922000.0,30204000.0,0.0,1.856,17.514,17.402,1289856000.0,0.0,22.1,2.677,2.677,157802000.0,483786000.0,778976000.0,778976000.0,0.0,0.07,0.111,0.117,0.271,7308000.0,27466000.0,1.0,94341204.0,94341204.0,,8.257,1795479000.0,3338000.0,66585000.0,106310000.0,19.032,377840000.0
71,RDC,MRT,2001-03-31,2001-03-31,2001-03-31,2019-02-27,0.0,1733927000.0,1649914500.0,495975000.0,1237952000.0,0.431,11.527,-198149000.0,211685000.0,211685000.0,471939000.0,95825000.0,4.478,0.595,409331000.0,28008000.0,381323000.0,409331000.0,0.0,62293000.0,0.0,0.0,0.0,176500000.0,238793000.0,0.336,238793000.0,176500000.0,150680000.0,1.03,1.01,1.03,1086905000.0,1033169000.0,1086905000.0,2800404235.0,16.0,11.727,-55078000.0,-0.584,1.0,239804000.0,0.337,0.0,25820000.0,1820805000.0,1682005500.0,130433000.0,0.0,0.0,0.0,647022000.0,110768000.0,536254000.0,2593012235.0,14198000.0,0.0,2688000.0,66588000.0,0.0,69276000.0,-198149000.0,0.0,143071000.0,0.0,95825000.0,95825000.0,95825000.0,0.0,0.0,0.135,87906000.0,151898000.0,29941000.0,0.0,2.386,27.06,26.699,1225542000.0,0.0,27.5,3.643,3.643,145368000.0,449474000.0,711743000.0,711743000.0,0.0,0.058,0.093,0.105,0.248,7070000.0,25613000.0,1.0,94291354.0,94291354.0,,7.548,1733927000.0,2516000.0,54855000.0,100988000.0,18.389,385207000.0
72,RDC,MRT,2000-12-31,2000-12-31,2000-12-31,2019-02-27,0.0,1678426000.0,1595532000.0,483357000.0,1195069000.0,0.405,11.156,-212276000.0,192828000.0,192828000.0,451452000.0,70213000.0,4.632,0.594,400220000.0,28008000.0,372212000.0,400220000.0,0.0,58865000.0,0.0,0.0,0.0,136515000.0,195380000.0,0.302,195380000.0,136515000.0,110863000.0,0.76,0.74,0.76,1052757000.0,888240500.0,1052757000.0,2757451958.0,20.0,14.113,-108243000.0,-1.147,1.0,194507000.0,0.301,0.0,25652000.0,1781464000.0,1619904500.0,128892000.0,0.0,0.0,0.0,625669000.0,104354000.0,521315000.0,2547950958.0,105773000.0,-7245000.0,249841000.0,-28580000.0,0.0,221261000.0,-219521000.0,0.0,104033000.0,0.0,70213000.0,70213000.0,70213000.0,0.0,0.0,0.109,82937000.0,111570000.0,24769000.0,0.0,2.42,36.289,35.526,1182780000.0,0.0,27.0,3.944,3.944,154541000.0,417758000.0,645959000.0,645959000.0,0.0,0.044,0.079,0.084,0.211,6766000.0,24072000.0,1.0,94368554.0,94368554.0,,6.845,1678426000.0,3699000.0,40650000.0,91390000.0,17.786,379003000.0
73,RDC,MRT,2000-09-30,2000-09-30,2000-09-30,2019-02-27,0.0,1616531000.0,1514942250.0,437438000.0,1179093000.0,0.385,10.888,-218278000.0,169601000.0,169601000.0,431880000.0,45116000.0,4.646,0.574,379102000.0,28007000.0,351095000.0,379102000.0,0.0,56894000.0,0.0,0.0,0.0,96474000.0,153368000.0,0.263,153368000.0,96474000.0,71061000.0,0.48,0.48,0.48,1026710000.0,873402500.0,1026710000.0,2557639341.0,27.0,16.676,-125618000.0,-1.332,1.0,151277000.0,0.259,0.0,25413000.0,1731881000.0,1547670750.0,109263000.0,0.0,0.0,0.0,589821000.0,94151000.0,495670000.0,2734541341.0,109554000.0,-7245000.0,252902000.0,-10485000.0,0.0,242417000.0,-225523000.0,0.0,92660000.0,0.0,45116000.0,45116000.0,45116000.0,0.0,0.0,0.077,78711000.0,72566000.0,27041000.0,0.0,2.663,60.611,60.417,1166349000.0,0.0,29.0,4.689,4.689,142786000.0,390304000.0,583157000.0,583157000.0,0.0,0.03,0.052,0.062,0.165,6423000.0,21817000.0,1.0,94294529.0,94294529.0,,6.184,1616531000.0,9899000.0,25945000.0,88436000.0,17.143,343287000.0
74,RDC,MRT,2000-06-30,2000-06-30,2000-06-30,2019-02-27,0.0,1570774000.0,1435474250.0,425869000.0,1144905000.0,0.357,16.736,-211750000.0,176902000.0,176902000.0,403541000.0,20158000.0,,,0.0,,,0.0,0.0,55250000.0,0.0,0.0,0.0,56622000.0,111872000.0,0.218,111872000.0,56622000.0,31719000.0,0.22,0.22,0.22,,,,2996545958.0,53.0,26.785,-150715000.0,-1.606,1.0,108690000.0,0.212,0.0,24903000.0,1393872000.0,1500602750.0,113251000.0,0.0,0.0,0.0,,,,2851289958.0,95739000.0,-7245000.0,252665000.0,1034000.0,0.0,253699000.0,-218995000.0,0.0,61035000.0,0.0,20158000.0,20158000.0,20158000.0,0.0,0.0,0.039,74949000.0,33741000.0,0.0,0.0,,141.447,138.091,1131552000.0,0.0,30.38,5.566,5.566,110359000.0,,512231000.0,512231000.0,0.0,0.014,,0.038,0.111,6176000.0,19699000.0,1.0,93854179.0,93854179.0,,5.458,1570774000.0,17005000.0,11561000.0,0.0,16.736,
75,RDC,MRT,2000-03-31,2000-03-31,2000-03-31,2019-02-27,0.0,1516397000.0,1361652750.0,416959000.0,1099438000.0,0.359,10.601,-208511000.0,197487000.0,197487000.0,399903000.0,6440000.0,4.672,0.548,342743000.0,27638000.0,315105000.0,342743000.0,0.0,54350000.0,0.0,0.0,0.0,34188000.0,88538000.0,0.181,88538000.0,34188000.0,9905000.0,0.07,0.07,0.07,979433000.0,785198500.0,979433000.0,3058631410.0,89.0,34.546,-153238000.0,-1.659,1.0,88336000.0,0.181,0.0,24283000.0,1572401000.0,1521548250.0,109398000.0,0.0,0.0,0.0,536964000.0,89252000.0,447712000.0,2719886410.0,90835000.0,-7245000.0,249082000.0,2293000.0,0.0,251318000.0,-215756000.0,0.0,55273000.0,0.0,6440000.0,6440000.0,6440000.0,0.0,0.0,0.013,72753000.0,15583000.0,20260000.0,0.0,2.777,422.343,420.571,1085965000.0,0.0,29.44,5.571,5.571,87387000.0,353649000.0,488239000.0,488239000.0,0.0,0.005,0.008,0.022,0.07,5811000.0,18403000.0,1.0,92387446.0,92387446.0,,5.285,1516397000.0,17417000.0,3465000.0,80540000.0,16.413,327707000.0
76,RDC,MRT,1999-12-31,1999-12-31,1999-12-31,2019-02-27,0.0,1356067000.0,1294439000.0,325075000.0,1030992000.0,0.356,8.692,-201529000.0,87055000.0,87055000.0,395592000.0,-9666000.0,1.607,0.874,425800000.0,129123000.0,296677000.0,425800000.0,0.0,54699000.0,0.0,0.0,0.0,8219000.0,62918000.0,0.137,62918000.0,8219000.0,-14536000.0,-0.12,-0.12,-0.12,723724000.0,719970750.0,723724000.0,2132622291.0,259.0,33.895,-163623000.0,-1.965,1.0,64970000.0,0.141,0.0,22755000.0,1492529000.0,1479962750.0,120456000.0,0.0,0.0,0.0,632343000.0,202283000.0,430060000.0,1806082291.0,-61779000.0,0.0,-950000.0,102794000.0,0.0,101844000.0,-201529000.0,0.0,37906000.0,0.0,-9666000.0,-9666000.0,-9666000.0,0.0,0.0,-0.021,73098000.0,-8128000.0,22742000.0,0.0,2.496,-186.849,-180.75,1025739000.0,0.0,21.69,3.921,3.921,93083000.0,347545000.0,460562000.0,460562000.0,0.0,-0.007,-0.013,0.006,0.018,5485000.0,18399000.0,1.0,83267971.0,83267971.0,,5.531,1356067000.0,18604000.0,-4870000.0,78113000.0,16.286,122792000.0
77,RDC,MRT,1999-09-30,1999-09-30,1999-09-30,2019-02-27,0.0,1298659000.0,1267699250.0,292171000.0,1006488000.0,0.374,8.655,-227942000.0,60047000.0,60047000.0,405644000.0,-7206000.0,3.581,0.803,386587000.0,18433000.0,368154000.0,386587000.0,0.0,53712000.0,0.0,0.0,0.0,10989000.0,64701000.0,0.137,64701000.0,10989000.0,-9815000.0,-0.08,-0.07,-0.08,720095000.0,721538750.0,720095000.0,1632685270.0,149.0,25.234,-165369000.0,-1.988,1.0,68227000.0,0.144,0.0,20804000.0,1543609000.0,1442752250.0,112464000.0,0.0,0.0,0.0,578564000.0,81590000.0,496974000.0,1352049270.0,-52728000.0,0.0,-9221000.0,123496000.0,0.0,112641000.0,-227942000.0,0.0,62573000.0,0.0,-7206000.0,-7206000.0,-7206000.0,0.0,0.0,-0.015,72494000.0,-4267000.0,22564000.0,0.0,1.878,-187.628,-203.125,1001211000.0,0.0,16.25,2.853,2.853,91142000.0,345188000.0,473871000.0,473871000.0,0.0,-0.006,-0.01,0.008,0.023,5293000.0,18782000.0,1.0,83203032.0,83203032.0,,5.695,1298659000.0,18769000.0,-2609000.0,76604000.0,15.608,210581000.0
78,RDC,MRT,1999-06-30,1999-06-30,1999-06-30,2019-02-27,0.0,1275488000.0,1245401750.0,297496000.0,977992000.0,0.432,8.637,-247251000.0,81163000.0,81163000.0,425870000.0,24688000.0,3.791,0.778,361799000.0,12756000.0,349043000.0,361799000.0,0.0,52319000.0,0.0,0.0,0.0,60304000.0,112623000.0,0.21,112623000.0,60304000.0,40911000.0,0.29,0.3,0.29,717542000.0,725302250.0,717542000.0,1746883115.0,29.0,15.511,-105205000.0,-1.266,1.0,111548000.0,0.208,0.0,19393000.0,1477654000.0,1372562000.0,104008000.0,0.0,0.0,0.0,557946000.0,78470000.0,479476000.0,1516085115.0,-59014000.0,0.0,-53520000.0,101203000.0,0.0,46191000.0,-247251000.0,0.0,142046000.0,0.0,24688000.0,24688000.0,24688000.0,0.0,0.0,0.046,70905000.0,40643000.0,20096000.0,0.0,2.113,61.41,62.931,972653000.0,0.0,18.25,2.821,2.821,85346000.0,344587000.0,537418000.0,537418000.0,0.0,0.02,0.034,0.044,0.112,5082000.0,18586000.0,1.0,83073157.0,83073157.0,,6.469,1275488000.0,18702000.0,16223000.0,76442000.0,15.354,219026000.0
79,RDC,MRT,1999-03-31,1999-03-31,1999-03-31,2019-02-27,0.0,1247542000.0,1229377750.0,311401000.0,936141000.0,0.506,8.655,-236685000.0,106652000.0,106652000.0,443529000.0,71699000.0,4.308,0.736,337450000.0,12756000.0,324694000.0,337450000.0,0.0,50939000.0,0.0,0.0,0.0,131240000.0,182179000.0,0.293,182179000.0,131240000.0,113025000.0,0.83,0.83,0.83,718522000.0,730184500.0,718522000.0,1227726345.0,9.0,6.739,-52932000.0,-0.638,1.0,178960000.0,0.287,0.0,18215000.0,1406059000.0,1312618250.0,107451000.0,0.0,0.0,0.0,529020000.0,72281000.0,456739000.0,1053554345.0,-9965000.0,0.0,-56198000.0,99315000.0,0.0,42967000.0,-236685000.0,0.0,183753000.0,0.0,71699000.0,71699000.0,71699000.0,0.0,0.0,0.115,69646000.0,109314000.0,17805000.0,0.0,1.466,14.694,15.289,929721000.0,0.0,12.69,1.692,1.692,72233000.0,347209000.0,622489000.0,622489000.0,0.0,0.058,0.098,0.1,0.211,4999000.0,18707000.0,1.0,83022407.0,83022407.0,,7.498,1247542000.0,16827000.0,41326000.0,75818000.0,15.027,239120000.0
80,RDC,MRT,1998-12-31,1998-12-31,1998-12-31,2019-02-27,0.0,1249108000.0,1203341500.0,365652000.0,883456000.0,0.587,8.708,-239657000.0,148834000.0,148834000.0,450944000.0,124460000.0,4.594,0.711,323006000.0,12756000.0,310250000.0,323006000.0,0.0,49703000.0,0.0,0.0,0.0,211201000.0,260904000.0,0.369,260904000.0,211201000.0,193701000.0,1.45,1.43,1.45,729996000.0,725109750.0,729996000.0,978578946.0,5.0,3.751,8036000.0,0.096,1.0,255406000.0,0.362,0.0,17500000.0,1343687000.0,1258149250.0,113916000.0,0.0,0.0,0.0,519112000.0,79593000.0,439519000.0,828262946.0,40502000.0,19550000.0,-53940000.0,66856000.0,0.0,12916000.0,-220107000.0,0.0,247693000.0,0.0,124460000.0,124460000.0,124460000.0,0.0,0.0,0.176,68069000.0,187337000.0,17744000.0,0.0,1.135,6.655,6.814,877197000.0,0.0,9.88,1.173,1.173,81097000.0,357211000.0,706350000.0,706350000.0,0.0,0.103,0.172,0.168,0.299,5028000.0,18366000.0,1.0,83832282.0,83832282.0,,8.426,1249108000.0,11327000.0,69241000.0,75255000.0,14.9,286059000.0
81,RDC,MRT,1998-09-30,1998-09-30,1998-09-30,2019-02-27,0.0,1209469000.0,1171598250.0,379012000.0,830457000.0,0.65,8.632,-237658000.0,112775000.0,112775000.0,455610000.0,167282000.0,3.91,0.645,263091000.0,12756000.0,250335000.0,263091000.0,12290000.0,49327000.0,0.0,0.0,0.0,258454000.0,307781000.0,0.404,307781000.0,258454000.0,239632000.0,1.93,1.9,1.93,735149000.0,705885250.0,735149000.0,1083687821.0,4.0,3.521,38896000.0,0.457,1.0,306260000.0,0.402,0.0,18822000.0,1262848000.0,1219334250.0,128815000.0,0.0,0.0,0.0,474320000.0,96937000.0,377383000.0,963268821.0,-4651000.0,19550000.0,-45862000.0,-10524000.0,0.0,-63097000.0,-218108000.0,0.0,276554000.0,0.0,167282000.0,167282000.0,167282000.0,0.0,0.0,0.22,67299000.0,238961000.0,22794000.0,0.0,1.31,5.758,5.86,824526000.0,0.0,11.31,1.264,1.264,114474000.0,352394000.0,761870000.0,761870000.0,0.0,0.143,0.237,0.212,0.339,4977000.0,17972000.0,1.0,85169657.0,85169657.0,,8.945,1209469000.0,13898000.0,72350000.0,76796000.0,14.201,282075000.0
82,RDC,MRT,1998-06-30,1998-06-30,1998-06-30,2019-02-27,0.0,1211392000.0,,431966000.0,779426000.0,,8.477,-214988000.0,140177000.0,140177000.0,452449000.0,189074000.0,4.599,0.644,260596000.0,6378000.0,254218000.0,260596000.0,11403000.0,48564000.0,0.0,0.0,0.0,270213000.0,318777000.0,0.412,318777000.0,270213000.0,249152000.0,2.18,2.13,2.18,737071000.0,,737071000.0,1811780452.0,7.0,5.684,55222000.0,0.635,1.0,321407000.0,0.415,0.0,21061000.0,1237879000.0,,119409000.0,0.0,0.0,0.0,474321000.0,93932000.0,380389000.0,1690262452.0,73667000.0,19553000.0,-2080000.0,7537000.0,0.0,-1108000.0,-195435000.0,0.0,270210000.0,0.0,189074000.0,189074000.0,189074000.0,0.0,0.0,0.244,66221000.0,255186000.0,26495000.0,0.0,2.293,8.94,8.917,773118000.0,0.0,19.44,2.184,2.184,138805000.0,319899000.0,773856000.0,773856000.0,0.0,,,,0.349,4762000.0,17657000.0,1.0,86947657.0,86947657.0,,8.9,1211392000.0,25163000.0,60078000.0,74162000.0,13.932,338034000.0
83,RDC,MRT,1998-03-31,1998-03-31,1998-03-31,2019-02-27,0.0,1143397000.0,,398344000.0,745053000.0,,8.038,-207104000.0,116617000.0,116617000.0,433642000.0,185265000.0,5.191,0.638,238135000.0,0.0,238135000.0,238135000.0,0.0,47590000.0,0.0,0.0,0.0,248251000.0,295841000.0,0.403,295841000.0,248251000.0,225110000.0,2.14,2.09,2.14,698223000.0,,698223000.0,2666882178.0,11.0,9.015,37275000.0,0.429,1.0,300759000.0,0.41,0.0,23141000.0,1188183000.0,,108328000.0,0.0,0.0,0.0,445174000.0,76732000.0,368442000.0,2519064178.0,-307000.0,19554000.0,0.0,-50147000.0,0.0,-57136000.0,-187550000.0,0.0,244379000.0,0.0,185265000.0,185265000.0,185265000.0,0.0,0.0,0.252,64772000.0,235987000.0,24116000.0,0.0,3.608,13.597,13.551,739257000.0,0.0,29.0,3.43,3.43,124527000.0,275510000.0,734401000.0,734401000.0,0.0,,,,0.338,4694000.0,17182000.0,1.0,86864282.0,86864282.0,,8.455,1143397000.0,39609000.0,39845000.0,74757000.0,13.163,321612000.0
84,RDC,MRT,1997-12-31,1997-12-31,1997-12-31,2019-02-27,0.0,1122135000.0,1010721500.0,412378000.0,709757000.0,0.688,7.519,-176220000.0,108332000.0,108332000.0,448747000.0,146659000.0,5.058,0.718,256150000.0,0.0,256150000.0,256150000.0,0.0,47078000.0,0.0,0.0,0.0,189730000.0,236808000.0,0.341,236808000.0,189730000.0,163522000.0,1.7,1.65,1.7,653098000.0,574658500.0,653098000.0,,,,29481000.0,0.339,1.0,246505000.0,0.355,0.0,26208000.0,1188427000.0,1088244500.0,101916000.0,25737000.0,0.0,25737000.0,469037000.0,81526000.0,387511000.0,2649360601.0,11107000.0,229000.0,0.0,-11503000.0,0.0,-18603000.0,-175991000.0,0.0,205701000.0,0.0,146659000.0,146659000.0,146659000.0,0.0,0.0,0.211,64049000.0,182456000.0,22839000.0,0.0,4.057,18.065,17.941,677160000.0,0.0,30.5,3.811,3.811,133627000.0,232751000.0,695252000.0,695252000.0,0.0,0.145,0.255,0.174,0.273,4720000.0,16971000.0,1.0,86864282.0,86864282.0,,8.004,1122135000.0,60809000.0,16863000.0,74956000.0,12.918,330852000.0
85,RDC,MRT,1997-09-30,1997-09-30,1997-09-30,2019-02-27,,,,,,,,,,,,,,,,,,,,,,0.0,0.0,,,,,,,,,,,,,,,,,,1.0,,,,,,,,,,,,,,,,,,,,,,,,,,,,,,,,,,,,,,,,35.81,,,,,,,,,,,,,,1.0,,,,,,,,,,
86,RDC,MRT,1997-06-30,1997-06-30,1997-06-30,2019-02-27,,,,,,,,,,,,,,,,,,,,,,0.0,0.0,,,,,,,,,,,,,,,,,,1.0,,,,,,,,,,,,,,,,,,,,,,,,,,,,,,,,,,,,,,,,28.19,,,,,,,,,,,,,,1.0,,,,,,,,,,
87,RDC,MRT,1997-03-31,1997-03-31,1997-03-31,2019-02-27,,,,,,,,,,,,,,,,,,,,,,0.0,0.0,,,,,,,,,,,,,,,,,,1.0,,,,,,,,,,,,,,,,,,,,,,,,,,,,,,,,,,,,,,,,22.62,,,,,,,,,,,,,,1.0,,,,,,,,,,
88,RDC,MRT,1996-12-31,1996-12-31,1996-12-31,2019-02-27,0.0,899308000.0,,317319000.0,581989000.0,,,-111118000.0,97225000.0,97225000.0,428016000.0,61338000.0,3.721,0.812,271253000.0,3932000.0,267321000.0,271253000.0,0.0,47882000.0,0.0,0.0,0.0,88077000.0,135959000.0,0.238,135959000.0,88077000.0,60530000.0,0.72,0.7,0.72,496219000.0,,496219000.0,,,,-27371000.0,,1.0,143144000.0,0.251,0.0,27547000.0,988062000.0,,88673000.0,28049000.0,0.0,28049000.0,403089000.0,85274000.0,317815000.0,,6887000.0,6978000.0,0.0,26654000.0,0.0,27280000.0,-104140000.0,0.0,83747000.0,0.0,61338000.0,61338000.0,61338000.0,0.0,0.0,0.107,64473000.0,78671000.0,28106000.0,0.0,,,31.417,546200000.0,0.0,22.62,,,112836000.0,86092000.0,571160000.0,571160000.0,0.0,,,,0.154,4600000.0,16591000.0,1.0,,,,,899308000.0,0.0,-808000.0,1774000.0,,232045000.0
89,RDC,MRT,1995-12-31,1995-12-31,1995-12-31,2019-02-27,,,,,,,,-17868000.0,,,408305000.0,-18436000.0,,,,,,,,50555000.0,,0.0,0.0,10020000.0,60575000.0,0.129,60575000.0,10020000.0,-17682000.0,-0.22,-0.22,-0.22,,,,,,,-24657000.0,,1.0,62992000.0,0.134,,27702000.0,,,,,,,,,,,-20732000.0,3676000.0,0.0,-290000.0,0.0,249000.0,-14192000.0,0.0,-6789000.0,0.0,-18436000.0,-18436000.0,-18436000.0,0.0,0.0,-0.039,65247000.0,-2255000.0,,0.0,,,-43.727,,0.0,9.62,,,,,471297000.0,471297000.0,0.0,,,,0.021,4255000.0,14692000.0,,,,,,,,754000.0,,,
