None,ticker,dimension,calendardate,datekey,reportperiod,lastupdated,accoci,assets,assetsavg,assetsc,assetsnc,assetturnover,bvps,capex,cashneq,cashnequsd,cor,consolinc,currentratio,de,debt,debtc,debtnc,debtusd,deferredrev,depamor,deposits,divyield,dps,ebit,ebitda,ebitdamargin,ebitdausd,ebitusd,ebt,eps,epsdil,epsusd,equity,equityavg,equityusd,ev,evebit,evebitda,fcf,fcfps,fxusd,gp,grossmargin,intangibles,intexp,invcap,invcapavg,inventory,investments,investmentsc,investmentsnc,liabilities,liabilitiesc,liabilitiesnc,marketcap,ncf,ncfbus,ncfcommon,ncfdebt,ncfdiv,ncff,ncfi,ncfinv,ncfo,ncfx,netinc,netinccmn,netinccmnusd,netincdis,netincnci,netmargin,opex,opinc,payables,payoutratio,pb,pe,pe1,ppnenet,prefdivis,price,ps,ps1,receivables,retearn,revenue,revenueusd,rnd,roa,roe,roic,ros,sbcomp,sgna,sharefactor,sharesbas,shareswa,shareswadil,sps,tangibles,taxassets,taxexp,taxliabilities,tbvps,workingcapital
0,NKTR,MRY,2020-12-31,2020-12-31,2020-12-31,2021-08-06,-2295000.0,1538767000.0,1632561000.0,1138005000.0,400762000.0,0.094,6.033,-7258000.0,198955000.0,198955000.0,19477000.0,-444440000.0,9.829,0.428,150288000.0,13915000.0,136373000.0,150288000.0,0.0,14182000.0,0.0,0.0,0.0,-437096000.0,-422914000.0,-2.766,-422914000.0,-437096000.0,-443947000.0,-2.49,-2.49,-2.49,1077295000.0,1200235500.0,1077295000.0,3148304322.0,-7.0,-7.444,-320545000.0,-1.795,1.0,133438000.0,0.873,76501000.0,6851000.0,1297820000.0,1453494250.0,15292000.0,999603000.0,862941000.0,136662000.0,461472000.0,115779000.0,345693000.0,3049777322.0,102592000.0,0.0,23396000.0,-250000000.0,0.0,-80354000.0,496213000.0,503471000.0,-313287000.0,20000.0,-444440000.0,-444440000.0,-444440000.0,0.0,0.0,-2.906,558549000.0,-425111000.0,22139000.0,0.0,2.831,-6.862,-6.827,186138000.0,0.0,17.0,19.944,19.853,38889000.0,-2309158000.0,152915000.0,152915000.0,408678000.0,-0.272,-0.37,-0.301,-2.858,94261000.0,104682000.0,1.0,179398666.0,178581000,178581000.0,0.856,1462266000.0,0.0,493000.0,0.0,8.188,1022226000.0
1,NKTR,MRY,2019-12-31,2019-12-31,2019-12-31,2021-08-06,-1005000.0,1977356000.0,2082946250.0,1421550000.0,555806000.0,0.055,8.031,-26285000.0,96363000.0,96363000.0,21374000.0,-440667000.0,4.017,0.407,408137000.0,265407000.0,142730000.0,408137000.0,8071000.0,13156000.0,0.0,0.0,0.0,-418744000.0,-405588000.0,-3.539,-405588000.0,-418744000.0,-440054000.0,-2.52,-2.52,-2.52,1405391000.0,1521192000.0,1405391000.0,4118730817.0,-10.0,-10.155,-354966000.0,-2.028,1.0,93243000.0,0.814,76501000.0,21310000.0,1858736000.0,2116237250.0,12665000.0,1507618000.0,1228499000.0,279119000.0,571965000.0,353893000.0,218072000.0,3797280817.0,-98542000.0,0.0,23355000.0,0.0,0.0,23355000.0,206886000.0,233171000.0,-328681000.0,-102000.0,-440667000.0,-440667000.0,-440667000.0,0.0,0.0,-3.845,533278000.0,-440035000.0,19234000.0,0.0,2.702,-8.617,-8.565,199842000.0,0.0,21.585,33.13,32.955,36802000.0,-1864718000.0,114617000.0,114617000.0,434566000.0,-0.212,-0.29,-0.198,-3.653,99795000.0,98712000.0,1.0,175922206.0,174993000,174993000.0,0.655,1900855000.0,0.0,613000.0,0.0,10.862,1067657000.0
2,NKTR,MRY,2018-12-31,2018-12-31,2018-12-31,2021-08-06,-6316000.0,2150172000.0,1802286750.0,1437687000.0,712485000.0,0.662,10.127,-11606000.0,194905000.0,194905000.0,24412000.0,681313000.0,17.532,0.252,246950000.0,0.0,246950000.0,246950000.0,24636000.0,10870000.0,0.0,0.0,0.0,704307000.0,715177000.0,0.599,715177000.0,704307000.0,682725000.0,4.02,3.78,4.02,1717575000.0,1356598500.0,1717575000.0,5713564543.0,8.0,7.989,706608000.0,4.166,1.0,1168911000.0,0.98,76501000.0,21582000.0,2043714000.0,1539388250.0,11381000.0,1723334000.0,1140445000.0,582889000.0,432597000.0,82002000.0,350595000.0,5689311543.0,190143000.0,0.0,851966000.0,0.0,0.0,851966000.0,-1379936000.0,-1368330000.0,718214000.0,-101000.0,681313000.0,681313000.0,681313000.0,0.0,0.0,0.571,480979000.0,687932000.0,5854000.0,0.0,3.312,8.351,8.177,48851000.0,0.0,32.87,4.768,4.672,43213000.0,-1424051000.0,1193323000.0,1193323000.0,399536000.0,0.378,0.502,0.458,0.59,88101000.0,81443000.0,1.0,173085231.0,169600000,180119000.0,7.036,2073671000.0,0.0,1412000.0,0.0,12.227,1355685000.0
3,NKTR,MRY,2017-12-31,2017-12-31,2017-12-31,2021-08-06,-2111000.0,508866000.0,523816500.0,326820000.0,182046000.0,0.587,0.563,-9676000.0,4762000.0,4762000.0,30547000.0,-96692000.0,5.819,4.794,245207000.0,0.0,245207000.0,245207000.0,37970000.0,14741000.0,0.0,0.0,0.0,-73991000.0,-59250000.0,-0.193,-59250000.0,-73991000.0,-96076000.0,-0.62,-0.62,-0.62,87828000.0,55031250.0,87828000.0,9613257223.0,-130.0,-162.249,-90090000.0,-0.578,1.0,277164000.0,0.901,76501000.0,22085000.0,616647000.0,599011250.0,10726000.0,348458000.0,291370000.0,57088000.0,421038000.0,56163000.0,364875000.0,9403971223.0,-54878000.0,0.0,59522000.0,-5131000.0,0.0,54391000.0,-28809000.0,-19133000.0,-80414000.0,-46000.0,-96692000.0,-96692000.0,-96692000.0,0.0,0.0,-0.314,336806000.0,-59642000.0,4782000.0,0.0,107.073,-97.257,-96.323,47463000.0,0.0,59.72,30.561,30.267,5014000.0,-2117941000.0,307711000.0,307711000.0,268461000.0,-0.185,-1.757,-0.124,-0.24,36615000.0,52364000.0,1.0,157467703.0,155953000,155953000.0,1.973,432365000.0,0.0,616000.0,0.0,2.772,270657000.0
4,NKTR,MRY,2016-12-31,2016-12-31,2016-12-31,2021-08-06,-2363000.0,568871000.0,487236000.0,425952000.0,142919000.0,0.34,0.631,-6392000.0,59640000.0,59640000.0,30215000.0,-153524000.0,5.898,5.455,243464000.0,0.0,243464000.0,243464000.0,66239000.0,15351000.0,0.0,0.0,0.0,-130180000.0,-114829000.0,-0.694,-114829000.0,-130180000.0,-152648000.0,-1.1,-1.1,-1.1,88125000.0,-4813500.0,88125000.0,2059511057.0,-16.0,-17.935,-123416000.0,-0.884,1.0,135221000.0,0.817,76501000.0,22468000.0,603972000.0,522045750.0,11109000.0,329462000.0,329462000.0,0.0,480746000.0,72222000.0,408524000.0,1875289057.0,4070000.0,0.0,209563000.0,-5945000.0,0.0,203618000.0,-82400000.0,-76008000.0,-117024000.0,-124000.0,-153524000.0,-153524000.0,-153524000.0,0.0,0.0,-0.928,248076000.0,-112855000.0,2816000.0,0.0,21.28,-12.215,-11.155,65601000.0,0.0,12.27,11.335,10.354,15678000.0,-2021010000.0,165436000.0,165436000.0,203801000.0,-0.315,31.894,-0.249,-0.787,25850000.0,44275000.0,1.0,152835294.0,139596000,139596000.0,1.185,492370000.0,0.0,876000.0,0.0,3.527,353730000.0
5,NKTR,MRY,2015-12-31,2015-12-31,2015-12-31,2021-08-06,-2170000.0,498642000.0,475941750.0,350051000.0,148591000.0,0.485,0.049,-11195000.0,55570000.0,55570000.0,34102000.0,-81177000.0,5.715,76.561,247528000.0,4756000.0,242772000.0,247528000.0,83854000.0,12855000.0,0.0,0.0,0.0,-62389000.0,-49534000.0,-0.215,-49534000.0,-62389000.0,-80671000.0,-0.61,-0.61,-0.61,6429000.0,39471500.0,6429000.0,2362054618.0,-38.0,-47.686,-84278000.0,-0.636,1.0,196682000.0,0.852,76501000.0,18282000.0,552853000.0,386314500.0,11346000.0,253374000.0,253374000.0,0.0,492213000.0,61246000.0,430967000.0,2248655618.0,43205000.0,0.0,32208000.0,111075000.0,0.0,130783000.0,-14336000.0,-28141000.0,-73083000.0,-159000.0,-81177000.0,-81177000.0,-81177000.0,0.0,0.0,-0.352,226053000.0,-29371000.0,2363000.0,0.0,349.768,-27.701,-27.623,71336000.0,0.0,16.85,9.744,9.671,19947000.0,-1867486000.0,230784000.0,230784000.0,182787000.0,-0.171,-2.057,-0.161,-0.27,19669000.0,43266000.0,1.0,133451372.0,132458000,132458000.0,1.742,422141000.0,0.0,506000.0,0.0,3.187,288805000.0
6,NKTR,MRY,2014-12-31,2014-12-31,2014-12-31,2021-08-06,-1567000.0,441621000.0,470918250.0,288200000.0,153421000.0,0.426,0.286,-9976000.0,37365000.0,37365000.0,28533000.0,-53916000.0,4.5,11.155,133651000.0,4512000.0,129139000.0,133651000.0,101384000.0,12927000.0,0.0,0.0,0.0,-36559000.0,-23632000.0,-0.118,-23632000.0,-36559000.0,-54428000.0,-0.42,-0.42,-0.42,36332000.0,9595250.0,36332000.0,2064172793.0,-56.0,-87.347,-151982000.0,-1.198,1.0,172174000.0,0.858,76501000.0,17869000.0,397359000.0,397238750.0,12952000.0,225459000.0,225459000.0,0.0,405289000.0,64047000.0,341242000.0,1990841793.0,-26702000.0,0.0,163520000.0,-3536000.0,0.0,152984000.0,-37571000.0,-27595000.0,-142006000.0,-109000.0,-53916000.0,-53916000.0,-53916000.0,0.0,0.0,-0.269,188659000.0,-16485000.0,2703000.0,0.0,54.796,-36.925,-36.905,70368000.0,0.0,15.5,9.919,9.798,3607000.0,-1786309000.0,200707000.0,200707000.0,147734000.0,-0.114,-5.619,-0.092,-0.182,17017000.0,40925000.0,1.0,128441406.0,126873000,126873000.0,1.582,365120000.0,0.0,-512000.0,0.0,2.878,224153000.0
7,NKTR,MRY,2013-12-31,2013-12-31,2013-12-31,2021-08-06,-1181000.0,434527000.0,419568000.0,257882000.0,176645000.0,0.355,-0.777,-4091000.0,64067000.0,64067000.0,38509000.0,-162013000.0,2.626,-5.833,136585000.0,3536000.0,133049000.0,136585000.0,106048000.0,14275000.0,0.0,0.0,0.0,-141315000.0,-127040000.0,-0.853,-127040000.0,-141315000.0,-159768000.0,-1.4,-1.4,-1.4,-89903000.0,-45830500.0,-89903000.0,1361505529.0,-10.0,-10.717,-42618000.0,-0.368,1.0,110412000.0,0.741,76501000.0,18453000.0,332323000.0,321613500.0,13452000.0,197959000.0,197959000.0,0.0,524430000.0,98221000.0,426209000.0,1317909529.0,13630000.0,0.0,8208000.0,-2992000.0,0.0,2216000.0,49909000.0,54000000.0,-38527000.0,32000.0,-162013000.0,-162013000.0,-162013000.0,0.0,0.0,-1.088,230542000.0,-120130000.0,9115000.0,0.0,-14.659,-8.135,-8.107,66974000.0,0.0,11.35,8.85,8.821,2229000.0,-1732393000.0,148921000.0,148921000.0,190010000.0,-0.386,3.535,-0.439,-0.949,17708000.0,40532000.0,1.0,116115377.0,115732000,115732000.0,1.287,358026000.0,0.0,2245000.0,0.0,3.094,159661000.0
8,NKTR,MRY,2012-12-31,2012-12-31,2012-12-31,2021-08-06,-357000.0,497790000.0,600618500.0,314631000.0,183159000.0,0.135,0.409,-10583000.0,50437000.0,50437000.0,30428000.0,-171855000.0,4.006,9.587,136607000.0,0.0,136607000.0,136607000.0,118447000.0,14508000.0,0.0,0.0,0.0,-155960000.0,-141452000.0,-1.742,-141452000.0,-155960000.0,-171449000.0,-1.5,-1.5,-1.5,47018000.0,109280250.0,47018000.0,980477238.0,-6.0,-6.932,-140339000.0,-1.222,1.0,50763000.0,0.625,76501000.0,15489000.0,428922000.0,446607500.0,18269000.0,251757000.0,251757000.0,0.0,450772000.0,78537000.0,372235000.0,853401238.0,10125000.0,0.0,4117000.0,-96904000.0,0.0,26801000.0,113020000.0,148603000.0,-129756000.0,60000.0,-171855000.0,-171855000.0,-171855000.0,0.0,0.0,-2.117,191964000.0,-141201000.0,2863000.0,0.0,18.151,-4.966,-4.94,72215000.0,0.0,7.41,10.511,10.479,5805000.0,-1570380000.0,81191000.0,81191000.0,148675000.0,-0.286,-1.573,-0.349,-1.921,16199000.0,41614000.0,1.0,115168858.0,114820000,114820000.0,0.707,421289000.0,0.0,406000.0,0.0,3.669,236094000.0
9,NKTR,MRY,2011-12-31,2011-12-31,2011-12-31,2021-08-06,-1103000.0,606550000.0,657493750.0,276706000.0,329844000.0,0.109,1.751,-9722000.0,15312000.0,15312000.0,21891000.0,-133978000.0,1.004,2.066,229537000.0,214955000.0,14582000.0,229537000.0,127831000.0,14951000.0,0.0,0.0,0.0,-122737000.0,-107786000.0,-1.508,-107786000.0,-122737000.0,-132960000.0,-1.19,-1.19,-1.19,197811000.0,240280500.0,197811000.0,827413077.0,-7.0,-7.676,-123464000.0,-1.093,1.0,49589000.0,0.694,76501000.0,10223000.0,468742000.0,619693750.0,12656000.0,399624000.0,225856000.0,173768000.0,408739000.0,275532000.0,133207000.0,640216077.0,-2443000.0,0.0,224313000.0,-1978000.0,0.0,222335000.0,-111952000.0,-102230000.0,-113742000.0,916000.0,-133978000.0,-133978000.0,-133978000.0,0.0,0.0,-1.874,173526000.0,-123937000.0,3019000.0,0.0,3.237,-4.779,-4.702,78576000.0,0.0,5.595,8.957,8.84,4938000.0,-1398525000.0,71480000.0,71480000.0,126766000.0,-0.204,-0.558,-0.198,-1.717,18885000.0,46760000.0,1.0,114426466.0,112942000,112942000.0,0.633,530049000.0,0.0,1018000.0,0.0,4.693,1174000.0
10,NKTR,MRY,2010-12-31,2010-12-31,2010-12-31,2021-08-06,968000.0,521225000.0,525712000.0,353979000.0,167246000.0,0.303,0.964,-31457000.0,17755000.0,17755000.0,25667000.0,-37938000.0,5.522,4.749,231969000.0,0.0,231969000.0,231969000.0,145347000.0,16551000.0,0.0,0.0,0.0,-25883000.0,-9332000.0,-0.059,-9332000.0,-25883000.0,-37057000.0,-0.4,-0.4,-0.4,90662000.0,102973000.0,90662000.0,1431616069.0,-55.0,-153.409,-87328000.0,-0.928,1.0,133372000.0,0.839,76501000.0,11174000.0,594830000.0,567697750.0,7266000.0,298177000.0,298177000.0,0.0,430563000.0,64108000.0,366455000.0,1212165069.0,-31842000.0,0.0,8891000.0,-1356000.0,0.0,7535000.0,16713000.0,48170000.0,-55871000.0,-219000.0,-37938000.0,-37938000.0,-37938000.0,0.0,0.0,-0.239,161627000.0,-28255000.0,7194000.0,0.0,13.37,-31.951,-32.125,89773000.0,0.0,12.85,7.622,7.601,25102000.0,-1264547000.0,159039000.0,159039000.0,108065000.0,-0.072,-0.368,-0.046,-0.163,17399000.0,40986000.0,1.0,94331912.0,94079000,94079000.0,1.69,444724000.0,0.0,881000.0,0.0,4.727,289871000.0
11,NKTR,MRY,2009-12-31,2009-12-31,2009-12-31,2021-08-06,1025000.0,575518000.0,501776500.0,413666000.0,161852000.0,0.143,1.103,-20702000.0,49597000.0,49597000.0,30948000.0,-102519000.0,2.703,4.622,233755000.0,0.0,233755000.0,233755000.0,192372000.0,14881000.0,0.0,0.0,0.0,-90596000.0,-75715000.0,-1.053,-75715000.0,-90596000.0,-102772000.0,-1.11,-1.11,-1.11,102367000.0,124584750.0,102367000.0,1070008611.0,-12.0,-14.132,19037000.0,0.205,1.0,40983000.0,0.57,76501000.0,12176000.0,530159000.0,506140750.0,6471000.0,346614000.0,346614000.0,0.0,473151000.0,153016000.0,320135000.0,868602611.0,-105987000.0,-4440000.0,4820000.0,-1285000.0,0.0,3535000.0,-149035000.0,-123893000.0,39739000.0,-226000.0,-102519000.0,-102519000.0,-102519000.0,0.0,0.0,-1.425,136115000.0,-95132000.0,3066000.0,0.0,8.485,-8.473,-8.396,78263000.0,0.0,9.32,12.075,12.02,4801000.0,-1226609000.0,71931000.0,71931000.0,95109000.0,-0.204,-0.823,-0.179,-1.259,10326000.0,41006000.0,1.0,93197705.0,92772000,92772000.0,0.775,499017000.0,0.0,-253000.0,0.0,5.379,260650000.0
12,NKTR,MRY,2008-12-31,2008-12-31,2008-12-31,2021-08-06,1439000.0,560536000.0,595554250.0,406220000.0,154316000.0,0.151,2.058,-18855000.0,155584000.0,155584000.0,35037000.0,-34336000.0,5.941,1.948,235302000.0,0.0,235302000.0,235302000.0,65577000.0,22489000.0,0.0,0.0,0.0,-19950000.0,2539000.0,0.028,2539000.0,-19950000.0,-35142000.0,-0.37,-0.37,-0.37,190154000.0,154561500.0,190154000.0,787376677.0,-39.0,310.113,-164637000.0,-1.782,1.0,55148000.0,0.611,76501000.0,15192000.0,495379000.0,697882000.0,9319000.0,223410000.0,223410000.0,0.0,370382000.0,68374000.0,302008000.0,513999677.0,79291000.0,110595000.0,384000.0,-50125000.0,0.0,-49741000.0,274652000.0,182912000.0,-145782000.0,162000.0,-34336000.0,-34336000.0,-34336000.0,0.0,0.0,-0.381,137800000.0,-82652000.0,13832000.0,0.0,2.703,-14.97,-15.027,73578000.0,0.0,5.56,5.699,5.697,11161000.0,-1124090000.0,90185000.0,90185000.0,154417000.0,-0.058,-0.222,-0.029,-0.221,9871000.0,51497000.0,1.0,92445985.0,92407000,92407000.0,0.976,484035000.0,0.0,-806000.0,0.0,5.238,337846000.0
13,NKTR,MRY,2007-12-31,2007-12-31,2007-12-31,2021-08-06,1643000.0,725103000.0,720148250.0,523283000.0,201820000.0,0.379,2.334,-32796000.0,76293000.0,76293000.0,147517000.0,-32761000.0,5.335,2.381,336632000.0,0.0,336632000.0,336632000.0,80969000.0,29028000.0,0.0,0.0,0.0,-12814000.0,16214000.0,0.059,16214000.0,-12814000.0,-31452000.0,-0.36,-0.36,-0.36,214439000.0,196161250.0,214439000.0,848602570.0,-66.0,52.338,113506000.0,1.235,1.0,125510000.0,0.46,78431000.0,18638000.0,808919000.0,799478500.0,12187000.0,406060000.0,406060000.0,0.0,510664000.0,98092000.0,412572000.0,618567570.0,12533000.0,0.0,3780000.0,-105548000.0,0.0,-101768000.0,-32655000.0,141000.0,146302000.0,654000.0,-32761000.0,-32761000.0,-32761000.0,0.0,0.0,-0.12,240836000.0,-115326000.0,3589000.0,0.0,2.885,-18.881,-18.639,114420000.0,0.0,6.71,2.266,2.258,21637000.0,-1089754000.0,273027000.0,273027000.0,153575000.0,-0.045,-0.167,-0.016,-0.047,14779000.0,58865000.0,1.0,92185927.0,91876000,91876000.0,2.972,646672000.0,0.0,1309000.0,0.0,7.039,425191000.0
14,NKTR,MRY,2006-12-31,2006-12-31,2006-12-31,2021-08-06,62000.0,768177000.0,806720000.0,535039000.0,233138000.0,0.27,2.529,-22524000.0,63760000.0,63760000.0,118089000.0,-154761000.0,3.231,2.383,438123000.0,103364000.0,334759000.0,438123000.0,40106000.0,33509000.0,0.0,0.0,0.0,-133140000.0,-99631000.0,-0.458,-99631000.0,-133140000.0,-153933000.0,-1.72,-1.72,-1.72,227060000.0,262702500.0,227060000.0,1653799654.0,-12.0,-16.599,-115239000.0,-1.283,1.0,99629000.0,0.458,82057000.0,20793000.0,894901000.0,877102250.0,14656000.0,403217000.0,394880000.0,8337000.0,541117000.0,165582000.0,375535000.0,1373396654.0,-197513000.0,0.0,22259000.0,-10488000.0,0.0,11771000.0,-116880000.0,-94356000.0,-92715000.0,311000.0,-154761000.0,-154761000.0,-154761000.0,0.0,0.0,-0.711,258859000.0,-159230000.0,7205000.0,0.0,6.049,-8.874,-8.843,133812000.0,0.0,15.21,6.308,6.273,47148000.0,-1056993000.0,217718000.0,217718000.0,149381000.0,-0.192,-0.589,-0.152,-0.612,30982000.0,82358000.0,1.0,90295638.0,89789000,89789000.0,2.425,686120000.0,0.0,828000.0,0.0,7.641,369457000.0
15,NKTR,MRY,2005-12-31,2005-12-31,2005-12-31,2021-08-06,-1707000.0,858554000.0,803427750.0,519843000.0,338711000.0,0.157,3.804,-17955000.0,261273000.0,261273000.0,23728000.0,-185111000.0,7.47,1.627,438659000.0,536000.0,438123000.0,438659000.0,23861000.0,25311000.0,0.0,0.0,0.0,-171163000.0,-145852000.0,-1.155,-145852000.0,-171163000.0,-185248000.0,-2.15,-2.15,-2.15,326811000.0,406562250.0,326811000.0,1523588476.0,-9.0,-10.446,-95953000.0,-1.117,1.0,102551000.0,0.812,91883000.0,14085000.0,874462000.0,756949250.0,18627000.0,305150000.0,214928000.0,90222000.0,531743000.0,69595000.0,462148000.0,1442289476.0,229209000.0,-30714000.0,42424000.0,232425000.0,0.0,274849000.0,32403000.0,81072000.0,-77998000.0,-45000.0,-185111000.0,-185111000.0,-185111000.0,0.0,0.0,-1.466,285184000.0,-182633000.0,16131000.0,0.0,4.413,-7.791,-7.656,142127000.0,0.0,16.46,11.421,11.199,12494000.0,-902232000.0,126279000.0,126279000.0,151659000.0,-0.23,-0.455,-0.226,-1.355,3507000.0,43852000.0,1.0,87623905.0,85915000,85915000.0,1.47,766671000.0,0.0,-137000.0,0.0,8.924,450248000.0
16,NKTR,MRY,2004-12-31,2004-12-31,2004-12-31,2021-08-06,-356000.0,744921000.0,758519500.0,279533000.0,465388000.0,0.151,5.956,-27194000.0,32064000.0,32064000.0,19798000.0,-101886000.0,5.023,0.594,199049000.0,1532000.0,197517000.0,199049000.0,29890000.0,18011000.0,0.0,0.0,0.0,-76302000.0,-58291000.0,-0.51,-58291000.0,-76302000.0,-102049000.0,-1.3,-1.3,-1.3,467342000.0,488945500.0,467342000.0,1806455354.0,-24.0,-30.99,-105336000.0,-1.343,1.0,94472000.0,0.827,136576000.0,25747000.0,719677000.0,692392000.0,10691000.0,386676000.0,211670000.0,175006000.0,277579000.0,55653000.0,221926000.0,1699476354.0,-12382000.0,22450000.0,211362000.0,-3948000.0,0.0,207414000.0,-141654000.0,-136910000.0,-78142000.0,0.0,-101886000.0,-101886000.0,-101886000.0,0.0,0.0,-0.892,168414000.0,-73942000.0,7141000.0,0.0,3.636,-16.68,-15.569,151247000.0,0.0,20.24,14.872,13.897,12842000.0,-717121000.0,114270000.0,114270000.0,133523000.0,-0.134,-0.208,-0.11,-0.668,3707000.0,30967000.0,1.0,83966223.0,78461000,78461000.0,1.456,608345000.0,0.0,-163000.0,0.0,7.753,223880000.0
17,NKTR,MRY,2003-12-31,2003-12-31,2003-12-31,2021-08-06,958000.0,616788000.0,612038250.0,306498000.0,310290000.0,0.174,2.941,-18654000.0,44446000.0,44446000.0,14678000.0,-65890000.0,6.541,2.757,393303000.0,1629000.0,391674000.0,393303000.0,18719000.0,12279000.0,0.0,0.0,0.0,-46394000.0,-34115000.0,-0.321,-34115000.0,-46394000.0,-65721000.0,-1.18,-1.18,-1.18,164191000.0,171198000.0,164191000.0,1137418430.0,-25.0,-33.341,-94855000.0,-1.699,1.0,91579000.0,0.862,141083000.0,19327000.0,777705000.0,759654000.0,8559000.0,253963000.0,241521000.0,12442000.0,452597000.0,46857000.0,405740000.0,763831430.0,19519000.0,0.0,2554000.0,98746000.0,0.0,101300000.0,-5580000.0,13074000.0,-76201000.0,0.0,-65890000.0,-65890000.0,-65890000.0,0.0,0.0,-0.62,156334000.0,-64755000.0,8074000.0,0.0,4.652,-11.593,-11.534,149388000.0,0.0,13.61,7.189,7.15,6153000.0,-615235000.0,106257000.0,106257000.0,122149000.0,-0.108,-0.385,-0.061,-0.437,1056000.0,29966000.0,1.0,56122809.0,55821000,55821000.0,1.904,475705000.0,0.0,169000.0,0.0,8.522,259641000.0
18,NKTR,MRY,2002-12-31,2002-12-31,2002-12-31,2021-08-06,1668000.0,606638000.0,642741250.0,310989000.0,295649000.0,0.148,3.74,-16288000.0,34879000.0,34879000.0,7020000.0,-107468000.0,4.885,1.934,332485000.0,1474000.0,331011000.0,332485000.0,22040000.0,12645000.0,0.0,0.0,0.0,-89587000.0,-76942000.0,-0.811,-76942000.0,-89587000.0,-107468000.0,-1.94,-1.94,-1.94,206770000.0,247460000.0,206770000.0,735585133.0,-8.0,-9.56,-91263000.0,-1.651,1.0,87825000.0,0.926,145590000.0,17881000.0,694989000.0,729243250.0,0.0,259090000.0,259090000.0,0.0,399868000.0,63665000.0,336203000.0,447815133.0,113000.0,3443000.0,441000.0,-1717000.0,0.0,38724000.0,36364000.0,49209000.0,-74975000.0,0.0,-107468000.0,-107468000.0,-107468000.0,0.0,0.0,-1.133,186638000.0,-98813000.0,8655000.0,0.0,2.166,-4.167,-4.165,143452000.0,0.0,8.08,4.722,4.71,4370000.0,-549345000.0,94845000.0,94845000.0,147627000.0,-0.167,-0.434,-0.123,-0.945,1925000.0,34504000.0,1.0,55422665.0,55282000,55282000.0,1.716,461048000.0,0.0,0.0,0.0,8.34,247324000.0
19,NKTR,MRY,2001-12-31,2001-12-31,2001-12-31,2021-08-06,1069000.0,667241000.0,690690500.0,360841000.0,306400000.0,0.112,5.087,-34321000.0,30814000.0,30814000.0,4169000.0,-250008000.0,6.095,1.468,331865000.0,807000.0,331058000.0,331865000.0,17073000.0,35126000.0,0.0,0.0,0.0,-236577000.0,-201451000.0,-2.6,-201451000.0,-236577000.0,-250008000.0,-4.71,-4.71,-4.71,270313000.0,305565000.0,270313000.0,1318377732.0,-6.0,-6.544,-85095000.0,-1.601,1.0,73299000.0,0.946,153833000.0,13431000.0,755260000.0,732014250.0,0.0,314263000.0,313542000.0,721000.0,396928000.0,59199000.0,337729000.0,1018640732.0,-105198000.0,-82051000.0,6049000.0,16564000.0,0.0,22613000.0,-77037000.0,39335000.0,-50774000.0,0.0,-250008000.0,-250008000.0,-250008000.0,0.0,0.0,-3.227,330262000.0,-256963000.0,7685000.0,0.0,3.768,-4.074,-3.938,142352000.0,0.0,18.55,13.149,12.724,4487000.0,-441877000.0,77468000.0,77468000.0,139651000.0,-0.362,-0.818,-0.323,-3.054,1485000.0,18861000.0,1.0,54913247.0,53136000,53136000.0,1.458,513408000.0,0.0,0.0,0.0,9.662,301642000.0
20,NKTR,MRY,2000-12-31,2000-12-31,2000-12-31,2021-08-06,5981000.0,629540000.0,483129500.0,493043000.0,136497000.0,0.107,6.617,-56142000.0,136012000.0,136012000.0,0.0,-97403000.0,16.324,1.265,315395000.0,977000.0,314418000.0,315395000.0,4913000.0,7552000.0,0.0,0.0,0.0,-85265000.0,-77713000.0,-1.505,-77713000.0,-85265000.0,-97403000.0,-2.32,-2.32,-2.32,277883000.0,190305750.0,277883000.0,2434314105.0,-29.0,-31.324,-91884000.0,-2.188,1.0,51629000.0,1.0,4969000.0,12138000.0,773751000.0,602756000.0,0.0,357969000.0,348829000.0,9140000.0,351657000.0,30203000.0,321454000.0,2284782105.0,102582000.0,0.0,17322000.0,461437000.0,0.0,438072000.0,-299748000.0,-242374000.0,-35742000.0,0.0,-97403000.0,-97403000.0,-97403000.0,0.0,0.0,-1.887,117768000.0,-66139000.0,6501000.0,0.0,8.222,-23.457,-21.767,110457000.0,0.0,50.5,44.254,41.08,583000.0,-191869000.0,51629000.0,51629000.0,100779000.0,-0.202,-0.512,-0.141,-1.651,5961000.0,13932000.0,1.0,45243210.0,41998000,41998000.0,1.229,624571000.0,0.0,0.0,0.0,14.871,462840000.0
21,NKTR,MRY,1999-12-31,1999-12-31,1999-12-31,2021-08-06,1469000.0,226806000.0,151553000.0,147318000.0,79488000.0,0.273,2.547,-20502000.0,33430000.0,33430000.0,0.0,-38448000.0,5.874,1.618,113390000.0,45000.0,113345000.0,113390000.0,4811000.0,6649000.0,0.0,0.0,0.0,-36373000.0,-29724000.0,-0.719,-29724000.0,-36373000.0,-38448000.0,-1.13,-1.13,-1.13,86629000.0,100408500.0,86629000.0,710710719.0,-20.0,-23.91,-35836000.0,-1.054,1.0,41358000.0,1.0,0.0,2075000.0,281687000.0,144386250.0,0.0,111083000.0,104755000.0,6328000.0,140177000.0,25079000.0,115098000.0,725090719.0,8514000.0,0.0,1545000.0,104742000.0,0.0,106287000.0,-82439000.0,-46649000.0,-15334000.0,0.0,-38448000.0,-38448000.0,-38448000.0,0.0,0.0,-0.93,81842000.0,-40484000.0,13374000.0,0.0,8.37,-18.859,-18.832,63852000.0,0.0,21.28,17.532,17.502,1756000.0,-94466000.0,41358000.0,41358000.0,64035000.0,-0.254,-0.383,-0.252,-0.879,1163000.0,7869000.0,1.0,34073812.0,34016000,34016000.0,1.216,226806000.0,0.0,0.0,0.0,6.668,122239000.0
22,NKTR,MRY,1998-12-31,1998-12-31,1998-12-31,2021-08-06,-19000.0,134496000.0,115258750.0,84540000.0,49956000.0,0.189,3.686,-34584000.0,24916000.0,24916000.0,0.0,-18356000.0,6.627,0.161,5004000.0,64000.0,4940000.0,5004000.0,4359000.0,3415000.0,0.0,0.0,0.0,-18086000.0,-14671000.0,-0.673,-14671000.0,-18086000.0,-18356000.0,-0.58,-0.58,-0.58,115881000.0,96767000.0,115881000.0,504431335.0,-28.0,-34.383,-53807000.0,-1.712,1.0,21795000.0,1.0,0.0,270000.0,101828000.0,86776250.0,0.0,57946000.0,57946000.0,0.0,18615000.0,12756000.0,5859000.0,517786335.0,10812000.0,0.0,36716000.0,-181000.0,0.0,36535000.0,-6500000.0,28084000.0,-19223000.0,0.0,-18356000.0,-18356000.0,-18356000.0,0.0,0.0,-0.842,43785000.0,-21990000.0,3678000.0,0.0,4.468,-28.208,-28.448,49863000.0,0.0,16.5,23.757,23.8,1013000.0,-56018000.0,21795000.0,21795000.0,35398000.0,-0.159,-0.19,-0.208,-0.83,183000.0,8387000.0,1.0,31380990.0,31438000,31438000.0,0.693,134496000.0,0.0,0.0,0.0,4.278,71784000.0
23,NKTR,MRY,1997-12-31,1997-12-31,1997-12-31,2021-08-06,20000.0,119762000.0,80627000.0,100925000.0,18837000.0,0.202,3.52,-17261000.0,14104000.0,14104000.0,0.0,-9983000.0,5.897,0.233,5185000.0,83000.0,5102000.0,5185000.0,6686000.0,2337000.0,0.0,0.0,0.0,-9917000.0,-7580000.0,-0.466,-7580000.0,-9917000.0,-9983000.0,-0.36,-0.36,-0.36,97093000.0,66077000.0,97093000.0,,,,-12282000.0,-0.445,1.0,16249000.0,1.0,0.0,66000.0,93729000.0,55381000.0,0.0,86069000.0,86069000.0,0.0,22669000.0,17114000.0,5555000.0,405083770.0,-4464000.0,0.0,71282000.0,4832000.0,0.0,76114000.0,-85557000.0,-68296000.0,4979000.0,0.0,-9983000.0,-9983000.0,-9983000.0,0.0,0.0,-0.614,29973000.0,-13724000.0,5975000.0,0.0,4.172,-40.577,-36.111,18694000.0,0.0,13.0,24.93,22.069,0.0,-37662000.0,16249000.0,16249000.0,23645000.0,-0.124,-0.151,-0.179,-0.61,101000.0,6328000.0,1.0,31160290.0,27584000,27584000.0,0.589,119762000.0,0.0,0.0,0.0,4.342,83811000.0
24,NKTR,MRY,1996-12-31,1996-12-31,1996-12-31,2021-08-06,0.0,41492000.0,,37548000.0,3944000.0,,1.564,-2181000.0,18568000.0,18568000.0,0.0,-9909000.0,6.013,0.183,353000.0,166000.0,187000.0,353000.0,2723000.0,1071000.0,0.0,0.0,0.0,-9852000.0,-8781000.0,-1.274,-8781000.0,-9852000.0,-9909000.0,-0.44,-0.44,-0.44,35061000.0,,35061000.0,,,,-7999000.0,-0.357,1.0,6890000.0,1.0,0.0,57000.0,17033000.0,,0.0,17741000.0,17741000.0,0.0,6431000.0,6244000.0,187000.0,,14734000.0,0.0,24638000.0,-245000.0,0.0,24393000.0,-3841000.0,-1660000.0,-5818000.0,0.0,-9909000.0,-9909000.0,-9909000.0,0.0,0.0,-1.438,18380000.0,-11490000.0,1130000.0,0.0,,,-17.182,3770000.0,0.0,7.56,,24.594,0.0,-27691000.0,6890000.0,6890000.0,14376000.0,,,,-1.43,162000.0,4004000.0,1.0,,22414000,22414000.0,0.307,41492000.0,0.0,0.0,0.0,1.851,31304000.0
25,NKTR,MRY,1995-12-31,1995-12-31,1995-12-31,2021-08-06,,,,,,,,-1340000.0,,,0.0,-7662000.0,,,,,,,,955000.0,,0.0,0.0,-7576000.0,-6621000.0,-1.922,-6621000.0,-7576000.0,-7662000.0,-0.39,-0.39,-0.39,,,,,,,-6665000.0,-0.339,1.0,3445000.0,1.0,,86000.0,,,,,,,,,,,-6676000.0,0.0,12255000.0,-86000.0,0.0,12169000.0,-13520000.0,-12180000.0,-5325000.0,0.0,-7662000.0,-7662000.0,-7662000.0,0.0,0.0,-2.224,12273000.0,-8828000.0,,0.0,,,-12.5,,0.0,4.875,,27.841,,,3445000.0,3445000.0,9041000.0,,,,-2.199,162000.0,3232000.0,1.0,,19674000,19674000.0,0.175,,,0.0,,,
0,NKTR,MRQ,2021-06-30,2021-06-30,2021-06-30,2021-08-06,-3400000.0,1371351000.0,,1056148000.0,315203000.0,,4.953,-3281000.0,152345000.0,152345000.0,7667000.0,-125519000.0,8.061,0.515,148434000.0,16776000.0,131658000.0,148434000.0,0.0,3547000.0,0.0,0.0,0.0,-125162000.0,-121615000.0,-4.293,-121615000.0,-125162000.0,-125162000.0,-0.69,-0.69,-0.69,904975000.0,,904975000.0,3128582423.0,-7.0,-6.8,-86182000.0,-0.472,1.0,20663000.0,0.729,76501000.0,0.0,1159916000.0,,14616000.0,905117000.0,847720000.0,57397000.0,466376000.0,131023000.0,335353000.0,3128422423.0,2181000.0,0.0,11417000.0,0.0,0.0,12167000.0,72952000.0,76233000.0,-82901000.0,-37000.0,-125519000.0,-125519000.0,-125519000.0,0.0,0.0,-4.431,130868000.0,-110205000.0,19701000.0,0.0,3.457,-6.596,-6.525,180961000.0,0.0,17.16,29.661,29.724,28871000.0,-2557644000.0,28330000.0,28330000.0,101313000.0,,,,,23714000.0,29555000.0,1.0,182308999.0,182698000,182698000.0,0.155,1294850000.0,0.0,357000.0,0.0,7.087,925125000.0
1,NKTR,MRQ,2021-03-31,2021-03-31,2021-03-31,2021-08-06,-3121000.0,1456561000.0,,1099051000.0,357510000.0,,5.483,-2876000.0,150164000.0,150164000.0,5756000.0,-122967000.0,8.89,0.465,150324000.0,15768000.0,134556000.0,150324000.0,0.0,3543000.0,0.0,0.0,0.0,-122875000.0,-119332000.0,-5.046,-119332000.0,-122875000.0,-122875000.0,-0.68,-0.68,-0.68,994506000.0,,994506000.0,3594974260.0,-8.0,-8.673,-79961000.0,-0.441,1.0,17891000.0,0.757,76501000.0,0.0,1256587000.0,,16808000.0,983245000.0,887152000.0,96093000.0,462055000.0,123633000.0,338422000.0,3643641260.0,-48791000.0,0.0,17106000.0,0.0,0.0,17856000.0,10458000.0,13334000.0,-77085000.0,-20000.0,-122967000.0,-122967000.0,-122967000.0,0.0,0.0,-5.2,127283000.0,-109392000.0,22434000.0,0.0,3.664,-8.498,-8.368,183481000.0,0.0,20.0,28.92,28.791,29156000.0,-2432125000.0,23647000.0,23647000.0,95604000.0,,,,,23898000.0,31679000.0,1.0,182182063.0,181370000,181370000.0,0.13,1380060000.0,0.0,92000.0,0.0,7.609,975418000.0
2,NKTR,MRQ,2020-12-31,2020-12-31,2020-12-31,2021-08-06,-2295000.0,1538767000.0,,1138005000.0,400762000.0,,5.994,-1754000.0,198955000.0,198955000.0,4323000.0,-117203000.0,9.829,0.428,150288000.0,13915000.0,136373000.0,150288000.0,0.0,3245000.0,0.0,0.0,0.0,-117075000.0,-113830000.0,-4.852,-113830000.0,-117075000.0,-117075000.0,-0.65,-0.65,-0.65,1077295000.0,,1077295000.0,3148304322.0,-7.0,-7.444,-100388000.0,-0.559,1.0,19139000.0,0.816,76501000.0,0.0,1297820000.0,,15292000.0,999603000.0,862941000.0,136662000.0,461472000.0,115779000.0,345693000.0,3049777322.0,143112000.0,0.0,2745000.0,0.0,0.0,148995000.0,92740000.0,94494000.0,-98634000.0,11000.0,-117203000.0,-117203000.0,-117203000.0,0.0,0.0,-4.995,129860000.0,-110721000.0,22139000.0,0.0,2.831,-6.862,-6.827,186138000.0,0.0,17.0,19.944,19.853,38889000.0,-2309158000.0,23462000.0,23462000.0,102724000.0,,,,,21987000.0,27136000.0,1.0,179398666.0,179715000,179715000.0,0.131,1462266000.0,0.0,128000.0,0.0,8.137,1022226000.0
3,NKTR,MRQ,2020-09-30,2020-09-30,2020-09-30,2021-08-06,-1080000.0,1508666000.0,,1043856000.0,464810000.0,,6.539,-1910000.0,55843000.0,55843000.0,5570000.0,-108586000.0,8.252,0.288,154370000.0,15348000.0,139022000.0,154370000.0,3001000.0,3245000.0,0.0,0.0,0.0,-108565000.0,-105320000.0,-3.507,-105320000.0,-108565000.0,-108565000.0,-0.61,-0.61,-0.61,1170981000.0,,1170981000.0,3066513002.0,-7.0,-7.444,-54585000.0,-0.305,1.0,24463000.0,0.815,76501000.0,0.0,1404192000.0,,12892000.0,1097878000.0,900163000.0,197715000.0,337685000.0,126500000.0,211185000.0,2967947002.0,-2363000.0,0.0,1531000.0,0.0,0.0,1531000.0,48668000.0,50578000.0,-52675000.0,113000.0,-108586000.0,-108586000.0,-108586000.0,0.0,0.0,-3.616,127513000.0,-103050000.0,15484000.0,0.0,2.535,-6.755,-6.69,189174000.0,0.0,16.59,18.173,18.192,42925000.0,-2191955000.0,30033000.0,30033000.0,100531000.0,,,,,23667000.0,26982000.0,1.0,178899759.0,179090000,179090000.0,0.168,1432165000.0,0.0,21000.0,0.0,7.997,917356000.0
4,NKTR,MRQ,2020-06-30,2020-06-30,2020-06-30,2021-08-06,715000.0,1594878000.0,,1151968000.0,442910000.0,,7.045,-2694000.0,58206000.0,58206000.0,5773000.0,-80000000.0,9.293,0.27,156772000.0,15139000.0,141633000.0,156772000.0,4281000.0,3190000.0,0.0,0.0,0.0,-79209000.0,-76019000.0,-1.556,-76019000.0,-79209000.0,-79856000.0,-0.45,-0.45,-0.45,1256240000.0,,1256240000.0,4307264088.0,-10.0,-10.87,-86597000.0,-0.486,1.0,43074000.0,0.882,76501000.0,647000.0,1492985000.0,,12584000.0,1152357000.0,980191000.0,172166000.0,338638000.0,123958000.0,214680000.0,4122245088.0,-168829000.0,0.0,8043000.0,-250000000.0,0.0,-241957000.0,157038000.0,159732000.0,-83903000.0,-7000.0,-80000000.0,-80000000.0,-80000000.0,0.0,0.0,-1.638,120783000.0,-77709000.0,19246000.0,0.0,3.281,-9.6,-9.531,192830000.0,0.0,23.16,25.368,25.416,47245000.0,-2083369000.0,48847000.0,48847000.0,96436000.0,,,,,23371000.0,24347000.0,1.0,177989857.0,178327000,178327000.0,0.274,1518377000.0,0.0,144000.0,0.0,8.515,1028010000.0
5,NKTR,MRQ,2020-03-31,2020-03-31,2020-03-31,2021-08-06,-6877000.0,1887933000.0,,1429324000.0,458609000.0,,7.317,-900000.0,227035000.0,227035000.0,3811000.0,-138651000.0,3.787,0.456,412054000.0,269757000.0,142297000.0,412054000.0,5561000.0,4502000.0,0.0,0.0,0.0,-132247000.0,-127745000.0,-2.526,-127745000.0,-132247000.0,-138451000.0,-0.78,-0.78,-0.78,1296426000.0,,1296426000.0,3464455020.0,-8.0,-8.207,-78975000.0,-0.446,1.0,46762000.0,0.925,76501000.0,6204000.0,1618980000.0,,14320000.0,1304747000.0,1118847000.0,185900000.0,591507000.0,377471000.0,214036000.0,3169395020.0,130672000.0,0.0,11077000.0,0.0,0.0,11077000.0,197767000.0,198667000.0,-78075000.0,-97000.0,-138651000.0,-138651000.0,-138651000.0,0.0,0.0,-2.742,180393000.0,-133631000.0,21789000.0,0.0,2.445,-6.895,-6.839,196208000.0,0.0,17.85,23.14,23.091,42031000.0,-2003369000.0,50573000.0,50573000.0,108987000.0,,,,,25236000.0,26217000.0,1.0,177557144.0,177185000,177185000.0,0.285,1811432000.0,0.0,200000.0,0.0,10.223,1051853000.0
6,NKTR,MRQ,2019-12-31,2019-12-31,2019-12-31,2021-08-06,-1005000.0,1977356000.0,,1421550000.0,555806000.0,,7.979,-3671000.0,96363000.0,96363000.0,5989000.0,-112164000.0,4.017,0.407,408137000.0,265407000.0,142730000.0,408137000.0,8071000.0,3574000.0,0.0,0.0,0.0,-106458000.0,-102884000.0,-3.038,-102884000.0,-106458000.0,-111886000.0,-0.64,-0.64,-0.64,1405391000.0,,1405391000.0,4118730817.0,-10.0,-10.155,-128894000.0,-0.732,1.0,27873000.0,0.823,76501000.0,5428000.0,1858736000.0,,12665000.0,1507618000.0,1228499000.0,279119000.0,571965000.0,353893000.0,218072000.0,3797280817.0,15139000.0,0.0,4906000.0,0.0,0.0,4906000.0,135481000.0,139152000.0,-125223000.0,-25000.0,-112164000.0,-112164000.0,-112164000.0,0.0,0.0,-3.312,137511000.0,-109638000.0,19234000.0,0.0,2.702,-8.617,-8.565,199842000.0,0.0,21.585,33.13,32.955,36802000.0,-1864718000.0,33862000.0,33862000.0,110369000.0,,,,,25008000.0,27142000.0,1.0,175922206.0,176145000,176145000.0,0.192,1900855000.0,0.0,278000.0,0.0,10.791,1067657000.0
7,NKTR,MRQ,2019-09-30,2019-09-30,2019-09-30,2021-08-06,-1186000.0,2088294000.0,,1578824000.0,509470000.0,,8.487,-5323000.0,81224000.0,81224000.0,4927000.0,-98585000.0,12.595,0.403,402674000.0,9318000.0,393356000.0,402674000.0,15171000.0,3450000.0,0.0,0.0,0.0,-93061000.0,-89611000.0,-3.067,-89611000.0,-93061000.0,-98486000.0,-0.56,-0.56,-0.56,1488711000.0,,1488711000.0,3453592161.0,-8.0,-8.76,-73964000.0,-0.422,1.0,24291000.0,0.831,76501000.0,5425000.0,2207893000.0,,13720000.0,1645530000.0,1414448000.0,231082000.0,599583000.0,125350000.0,474233000.0,3192624161.0,-4200000.0,0.0,6249000.0,0.0,0.0,6249000.0,58253000.0,63576000.0,-68641000.0,-61000.0,-98585000.0,-98585000.0,-98585000.0,0.0,0.0,-3.374,123031000.0,-98740000.0,21963000.0,0.0,2.145,-7.482,-7.315,199502000.0,0.0,18.215,26.477,26.496,41205000.0,-1751280000.0,29218000.0,29218000.0,99048000.0,,,,,24880000.0,23983000.0,1.0,175274453.0,175402000,175402000.0,0.167,2011793000.0,0.0,99000.0,0.0,11.47,1453474000.0
8,NKTR,MRQ,2019-06-30,2019-06-30,2019-06-30,2021-08-06,-788000.0,2099653000.0,,1596817000.0,502836000.0,,8.921,-11643000.0,85424000.0,85424000.0,5018000.0,-110286000.0,14.085,0.348,346392000.0,3749000.0,342643000.0,346392000.0,17921000.0,3055000.0,0.0,0.0,0.0,-104956000.0,-101901000.0,-4.371,-101901000.0,-104956000.0,-110187000.0,-0.63,-0.63,-0.63,1557155000.0,,1557155000.0,6439149882.0,-16.0,-16.361,-65565000.0,-0.376,1.0,18297000.0,0.785,76501000.0,5231000.0,2170750000.0,,13188000.0,1706260000.0,1429955000.0,276305000.0,542498000.0,113370000.0,429128000.0,6201842882.0,-21328000.0,0.0,7306000.0,0.0,0.0,7306000.0,25290000.0,36933000.0,-53922000.0,-2000.0,-110286000.0,-110286000.0,-110286000.0,0.0,0.0,-4.73,129267000.0,-110970000.0,9346000.0,0.0,3.983,-14.618,-14.289,147630000.0,0.0,35.58,52.062,52.134,37299000.0,-1652472000.0,23315000.0,23315000.0,106686000.0,,,,,24522000.0,22581000.0,1.0,174306995.0,174549000,174549000.0,0.134,2023152000.0,0.0,99000.0,0.0,11.591,1483447000.0
9,NKTR,MRQ,2019-03-31,2019-03-31,2019-03-31,2021-08-06,-2716000.0,2166482000.0,,1490114000.0,676368000.0,,9.396,-5648000.0,106752000.0,106752000.0,5440000.0,-119632000.0,14.943,0.326,344059000.0,1649000.0,342410000.0,344059000.0,20432000.0,3077000.0,0.0,0.0,0.0,-114269000.0,-111192000.0,-3.94,-111192000.0,-114269000.0,-119495000.0,-0.69,-0.69,-0.69,1633511000.0,,1633511000.0,5901954822.0,9.0,8.533,-86543000.0,-0.498,1.0,22782000.0,0.807,76501000.0,5226000.0,2227570000.0,,11778000.0,1737780000.0,1281913000.0,455867000.0,532971000.0,99718000.0,433253000.0,5849909822.0,-88153000.0,0.0,4894000.0,0.0,0.0,4894000.0,-12138000.0,-6490000.0,-80895000.0,-14000.0,-119632000.0,-119632000.0,-119632000.0,0.0,0.0,-4.239,143469000.0,-120687000.0,11012000.0,0.0,3.581,8.898,8.819,141633000.0,0.0,33.6,4.943,4.936,42894000.0,-1542563000.0,28222000.0,28222000.0,118463000.0,,,,,25385000.0,25006000.0,1.0,174104459.0,173859000,173859000.0,0.162,2089981000.0,0.0,137000.0,0.0,12.021,1390396000.0
10,NKTR,MRQ,2018-12-31,2018-12-31,2018-12-31,2021-08-06,-6316000.0,2150172000.0,,1437687000.0,712485000.0,,9.91,-8687000.0,194905000.0,194905000.0,7461000.0,-98212000.0,17.532,0.252,246950000.0,0.0,246950000.0,246950000.0,24636000.0,3071000.0,0.0,0.0,0.0,-94635000.0,-91564000.0,-2.299,-91564000.0,-94635000.0,-100050000.0,-0.61,-0.56,-0.61,1717575000.0,,1717575000.0,5713564543.0,8.0,7.989,-126237000.0,-0.728,1.0,32365000.0,0.813,76501000.0,5415000.0,2043714000.0,,11381000.0,1723334000.0,1140445000.0,582889000.0,432597000.0,82002000.0,350595000.0,5689311543.0,-27356000.0,0.0,2668000.0,0.0,0.0,2668000.0,87540000.0,96227000.0,-117550000.0,-14000.0,-98212000.0,-98212000.0,-98212000.0,0.0,0.0,-2.466,132660000.0,-100295000.0,5854000.0,0.0,3.312,8.351,8.177,48851000.0,0.0,32.87,4.768,4.672,43213000.0,-1424051000.0,39826000.0,39826000.0,108883000.0,,,,,24206000.0,23777000.0,1.0,173085231.0,173311000,181619000.0,0.23,2073671000.0,0.0,-1838000.0,0.0,11.965,1355685000.0
11,NKTR,MRQ,2018-09-30,2018-09-30,2018-09-30,2021-08-06,-5378000.0,2249098000.0,,1505182000.0,743916000.0,,10.366,-1822000.0,222261000.0,222261000.0,4783000.0,-96143000.0,13.926,0.256,246514000.0,0.0,246514000.0,246514000.0,27086000.0,2684000.0,0.0,0.0,0.0,-91601000.0,-88917000.0,-3.203,-88917000.0,-91601000.0,-97043000.0,-0.56,-0.56,-0.56,1790122000.0,,1790122000.0,9848649402.0,13.0,12.604,-73234000.0,-0.424,1.0,22979000.0,0.828,76501000.0,5442000.0,2088767000.0,,13296000.0,1817289000.0,1198149000.0,619140000.0,458976000.0,108083000.0,350893000.0,10513696402.0,-688864000.0,0.0,3859000.0,0.0,0.0,3859000.0,-621271000.0,-619449000.0,-71412000.0,-40000.0,-96143000.0,-96143000.0,-96143000.0,0.0,0.0,-3.463,121613000.0,-98634000.0,7494000.0,0.0,5.873,14.099,14.177,44881000.0,0.0,60.96,8.418,8.429,31937000.0,-1325839000.0,27762000.0,27762000.0,102895000.0,,,,,23287000.0,18718000.0,1.0,172468773.0,172698000,172698000.0,0.161,2172597000.0,0.0,-900000.0,0.0,12.58,1397099000.0
12,NKTR,MRQ,2018-06-30,2018-06-30,2018-06-30,2021-08-06,-4002000.0,2313087000.0,,1905947000.0,407140000.0,,10.856,-112000.0,911125000.0,911125000.0,5522000.0,971460000.0,19.67,0.243,246078000.0,0.0,246078000.0,246078000.0,31768000.0,2574000.0,0.0,0.0,0.0,980730000.0,983304000.0,0.904,983304000.0,980730000.0,975345000.0,5.67,5.33,5.67,1860414000.0,,1860414000.0,8580420903.0,9.0,9.121,959530000.0,5.599,1.0,1082195000.0,0.995,76501000.0,5385000.0,1474642000.0,,11884000.0,1194960000.0,912683000.0,282277000.0,452673000.0,96897000.0,355776000.0,8369582903.0,876320000.0,0.0,811087000.0,0.0,0.0,811087000.0,-894415000.0,-894303000.0,959642000.0,6000.0,971460000.0,971460000.0,971460000.0,0.0,0.0,0.893,108595000.0,973600000.0,10674000.0,0.0,4.499,9.272,9.301,45000000.0,0.0,48.83,6.091,6.09,35315000.0,-1229696000.0,1087717000.0,1087717000.0,88334000.0,,,,,20659000.0,20261000.0,1.0,171402476.0,171378000,182291000.0,6.347,2236586000.0,0.0,3885000.0,0.0,13.051,1809050000.0
13,NKTR,MRQ,2018-03-31,2018-03-31,2018-03-31,2021-08-06,-2796000.0,496790000.0,,336015000.0,160775000.0,,0.362,-985000.0,34805000.0,34805000.0,6646000.0,-95792000.0,4.164,7.524,245643000.0,0.0,245643000.0,245643000.0,32339000.0,2541000.0,0.0,0.0,0.0,-90187000.0,-87646000.0,-2.305,-87646000.0,-90187000.0,-95527000.0,-0.6,-0.6,-0.6,58283000.0,,58283000.0,17340114585.0,-164.0,-187.262,-53451000.0,-0.332,1.0,31372000.0,0.825,76501000.0,5340000.0,550430000.0,,10675000.0,299011000.0,261854000.0,37157000.0,438507000.0,80697000.0,357810000.0,17099669585.0,30043000.0,0.0,34352000.0,0.0,0.0,34352000.0,48210000.0,49195000.0,-52466000.0,-53000.0,-95792000.0,-95792000.0,-95792000.0,0.0,0.0,-2.52,118111000.0,-86739000.0,11375000.0,0.0,293.39,-132.949,-131.185,46328000.0,0.0,106.26,53.27,53.257,15607000.0,-2201156000.0,38018000.0,38018000.0,99424000.0,,,,,19949000.0,18687000.0,1.0,160922921.0,160884000,160884000.0,0.236,420289000.0,0.0,265000.0,0.0,2.612,255318000.0
14,NKTR,MRQ,2017-12-31,2017-12-31,2017-12-31,2021-08-06,-2111000.0,508866000.0,,326820000.0,182046000.0,,0.555,-2393000.0,4762000.0,4762000.0,9753000.0,-33826000.0,5.819,4.794,245207000.0,0.0,245207000.0,245207000.0,37970000.0,2660000.0,0.0,0.0,0.0,-28011000.0,-25351000.0,-0.266,-25351000.0,-28011000.0,-33644000.0,-0.21,-0.21,-0.21,87828000.0,,87828000.0,9613257223.0,-130.0,-162.249,-82794000.0,-0.523,1.0,85713000.0,0.898,76501000.0,5633000.0,616647000.0,,10726000.0,348458000.0,291370000.0,57088000.0,421038000.0,56163000.0,364875000.0,9403971223.0,-33205000.0,0.0,27247000.0,-2972000.0,0.0,24275000.0,22978000.0,25371000.0,-80401000.0,-57000.0,-33826000.0,-33826000.0,-33826000.0,0.0,0.0,-0.354,109747000.0,-24034000.0,4782000.0,0.0,107.073,-97.257,-96.323,47463000.0,0.0,59.72,30.561,30.267,5014000.0,-2117941000.0,95466000.0,95466000.0,81429000.0,,,,,11497000.0,12337000.0,1.0,157467703.0,158353000,158353000.0,0.603,432365000.0,0.0,182000.0,0.0,2.73,270657000.0
15,NKTR,MRQ,2017-09-30,2017-09-30,2017-09-30,2021-08-06,-1907000.0,582055000.0,,382795000.0,199260000.0,,0.538,-939000.0,37967000.0,37967000.0,5674000.0,60871000.0,4.136,5.916,247253000.0,2482000.0,244771000.0,247253000.0,81716000.0,3794000.0,0.0,0.0,0.0,66613000.0,70407000.0,0.46,70407000.0,66613000.0,61073000.0,0.39,0.37,0.39,84162000.0,,84162000.0,3983809720.0,-48.0,-60.128,92137000.0,0.589,1.0,147254000.0,0.963,76501000.0,5540000.0,622296000.0,,13654000.0,374196000.0,314600000.0,59596000.0,497893000.0,92544000.0,405349000.0,3751860720.0,21818000.0,0.0,10259000.0,-790000.0,0.0,9469000.0,-80689000.0,-79750000.0,93076000.0,-38000.0,60871000.0,60871000.0,60871000.0,0.0,0.0,0.398,77769000.0,69485000.0,8563000.0,0.0,44.579,-35.71,-34.286,62396000.0,0.0,24.0,15.026,15.034,3314000.0,-2084115000.0,152928000.0,152928000.0,65714000.0,,,,,8835000.0,12055000.0,1.0,156327530.0,156411000,162641000.0,0.978,505554000.0,0.0,202000.0,0.0,3.232,290251000.0
16,NKTR,MRQ,2017-06-30,2017-06-30,2017-06-30,2021-08-06,-1662000.0,475859000.0,,288165000.0,187694000.0,,0.022,-2255000.0,16149000.0,16149000.0,8989000.0,-59871000.0,3.969,139.537,248098000.0,2706000.0,245392000.0,248098000.0,62352000.0,4254000.0,0.0,0.0,0.0,-54262000.0,-50008000.0,-1.446,-50008000.0,-54262000.0,-59772000.0,-0.39,-0.39,-0.39,3386000.0,,3386000.0,3258114557.0,-17.0,-19.135,-60778000.0,-0.391,1.0,25600000.0,0.74,76501000.0,5510000.0,558694000.0,,11008000.0,294558000.0,249398000.0,45160000.0,472473000.0,72613000.0,399860000.0,3033176557.0,-7331000.0,0.0,10224000.0,-756000.0,0.0,9468000.0,41972000.0,44227000.0,-58523000.0,-248000.0,-59871000.0,-59871000.0,-59871000.0,0.0,0.0,-1.731,76256000.0,-50656000.0,6241000.0,0.0,895.799,-14.502,-13.865,64929000.0,0.0,19.55,22.788,22.818,4114000.0,-2144986000.0,34589000.0,34589000.0,60260000.0,,,,,8099000.0,15996000.0,1.0,155149696.0,155352000,155352000.0,0.223,399358000.0,0.0,99000.0,0.0,2.571,215552000.0
17,NKTR,MRQ,2017-03-31,2017-03-31,2017-03-31,2021-08-06,-1849000.0,528486000.0,,380985000.0,147501000.0,,0.291,-4089000.0,23480000.0,23480000.0,6131000.0,-63866000.0,4.852,10.81,248418000.0,2909000.0,245509000.0,248418000.0,75858000.0,4033000.0,0.0,0.0,0.0,-58331000.0,-54298000.0,-2.196,-54298000.0,-58331000.0,-63733000.0,-0.42,-0.42,-0.42,44749000.0,,44749000.0,3799369673.0,-22.0,-23.867,-38655000.0,-0.252,1.0,18597000.0,0.752,76501000.0,5402000.0,598408000.0,,13016000.0,338536000.0,335043000.0,3493000.0,483737000.0,78515000.0,405222000.0,3610414673.0,-36160000.0,0.0,11792000.0,-613000.0,0.0,11179000.0,-13070000.0,-8981000.0,-34566000.0,297000.0,-63866000.0,-63866000.0,-63866000.0,0.0,0.0,-2.583,73034000.0,-54437000.0,6951000.0,0.0,80.681,-18.244,-17.007,66642000.0,0.0,23.47,27.501,27.471,1565000.0,-2085115000.0,24728000.0,24728000.0,61058000.0,,,,,8184000.0,11976000.0,1.0,153831047.0,153666000,153666000.0,0.161,451985000.0,0.0,133000.0,0.0,2.941,302470000.0
18,NKTR,MRQ,2016-12-31,2016-12-31,2016-12-31,2021-08-06,-2363000.0,568871000.0,,425952000.0,142919000.0,,0.591,-2651000.0,59640000.0,59640000.0,6604000.0,-42199000.0,5.898,5.455,243464000.0,0.0,243464000.0,243464000.0,66239000.0,3849000.0,0.0,0.0,0.0,-36206000.0,-32357000.0,-0.864,-32357000.0,-36206000.0,-41756000.0,-0.28,-0.28,-0.28,88125000.0,,88125000.0,2059511057.0,-16.0,-17.935,-55062000.0,-0.369,1.0,30848000.0,0.824,76501000.0,5550000.0,603972000.0,,11109000.0,329462000.0,329462000.0,0.0,480746000.0,72222000.0,408524000.0,1875289057.0,-3655000.0,0.0,191522000.0,-569000.0,0.0,190953000.0,-142105000.0,-139454000.0,-52411000.0,-92000.0,-42199000.0,-42199000.0,-42199000.0,0.0,0.0,-1.127,62992000.0,-32144000.0,2816000.0,0.0,21.28,-12.215,-11.155,65601000.0,0.0,12.27,11.335,10.354,15678000.0,-2021010000.0,37452000.0,37452000.0,50232000.0,,,,,7057000.0,12760000.0,1.0,152835294.0,149139000,149139000.0,0.251,492370000.0,0.0,443000.0,0.0,3.301,353730000.0
19,NKTR,MRQ,2016-09-30,2016-09-30,2016-09-30,2021-08-06,-1962000.0,425095000.0,,282522000.0,142573000.0,,-0.495,-507000.0,63295000.0,63295000.0,7033000.0,-43224000.0,3.703,-7.265,247517000.0,2370000.0,245147000.0,247517000.0,71189000.0,3868000.0,0.0,0.0,0.0,-37471000.0,-33603000.0,-0.925,-33603000.0,-37471000.0,-43085000.0,-0.32,-0.32,-0.32,-67853000.0,,-67853000.0,2542326491.0,-18.0,-20.013,-27868000.0,-0.203,1.0,29303000.0,0.806,76501000.0,5614000.0,456511000.0,,10754000.0,190216000.0,190216000.0,0.0,492948000.0,76305000.0,416643000.0,2349063491.0,7619000.0,0.0,8398000.0,-1859000.0,0.0,6539000.0,28382000.0,28889000.0,-27361000.0,59000.0,-43224000.0,-43224000.0,-43224000.0,0.0,0.0,-1.19,62204000.0,-32901000.0,7118000.0,0.0,-34.62,-14.197,-14.082,65553000.0,0.0,17.18,14.036,14.073,14249000.0,-1978811000.0,36336000.0,36336000.0,51951000.0,,,,,6166000.0,10253000.0,1.0,136732450.0,137094000,137094000.0,0.265,348594000.0,0.0,139000.0,0.0,2.543,206217000.0
20,NKTR,MRQ,2016-06-30,2016-06-30,2016-06-30,2021-08-06,-2019000.0,463099000.0,,318320000.0,144779000.0,,-0.288,-1555000.0,55676000.0,55676000.0,7708000.0,-48603000.0,4.015,-12.798,248939000.0,3616000.0,245323000.0,248939000.0,76150000.0,3919000.0,0.0,0.0,0.0,-42849000.0,-38930000.0,-1.188,-38930000.0,-42849000.0,-48476000.0,-0.36,-0.36,-0.36,-39251000.0,,-39251000.0,2116706548.0,-19.0,-22.503,-15159000.0,-0.111,1.0,25060000.0,0.765,76501000.0,5627000.0,500579000.0,,10262000.0,219178000.0,219178000.0,0.0,502350000.0,79282000.0,423068000.0,1939018548.0,-16873000.0,0.0,3547000.0,-1794000.0,0.0,1753000.0,-4923000.0,-3368000.0,-13604000.0,-99000.0,-48603000.0,-48603000.0,-48603000.0,0.0,0.0,-1.483,63385000.0,-38325000.0,2328000.0,0.0,-49.4,-14.865,-14.823,67774000.0,0.0,14.23,10.153,10.16,27777000.0,-1935587000.0,32768000.0,32768000.0,52350000.0,,,,,6264000.0,11035000.0,1.0,136262723.0,136350000,136350000.0,0.24,386598000.0,0.0,127000.0,0.0,2.835,239038000.0
21,NKTR,MRQ,2016-03-31,2016-03-31,2016-03-31,2021-08-06,-1835000.0,491879000.0,,344845000.0,147034000.0,,-0.002,-1679000.0,72549000.0,72549000.0,8870000.0,-19498000.0,5.229,-1789.651,250237000.0,4782000.0,245455000.0,250237000.0,76827000.0,3715000.0,0.0,0.0,0.0,-13654000.0,-9939000.0,-0.169,-9939000.0,-13654000.0,-19331000.0,-0.14,-0.14,-0.14,-275000.0,,-275000.0,2061535951.0,-18.0,-20.482,-25327000.0,-0.187,1.0,50012000.0,0.849,76501000.0,5677000.0,527121000.0,,11250000.0,215776000.0,215776000.0,0.0,492154000.0,65945000.0,426209000.0,1869161951.0,16979000.0,0.0,6096000.0,-1723000.0,0.0,4373000.0,36246000.0,37925000.0,-23648000.0,8000.0,-19498000.0,-19498000.0,-19498000.0,0.0,0.0,-0.331,59496000.0,-9484000.0,2349000.0,0.0,-6796.953,-13.898,-13.75,69852000.0,0.0,13.75,10.335,10.323,39677000.0,-1886984000.0,58882000.0,58882000.0,49268000.0,,,,,6363000.0,10228000.0,1.0,135939051.0,135793000,135793000.0,0.434,415378000.0,0.0,167000.0,0.0,3.059,278900000.0
22,NKTR,MRQ,2015-12-31,2015-12-31,2015-12-31,2021-08-06,-2170000.0,498642000.0,,350051000.0,148591000.0,,0.048,-2473000.0,55570000.0,55570000.0,8364000.0,-54137000.0,5.715,76.561,247528000.0,4756000.0,242772000.0,247528000.0,83854000.0,3746000.0,0.0,0.0,0.0,-48309000.0,-44563000.0,-1.132,-44563000.0,-48309000.0,-54100000.0,-0.4,-0.4,-0.4,6429000.0,,6429000.0,2362054618.0,-38.0,-47.686,-77582000.0,-0.578,1.0,31006000.0,0.788,76501000.0,5791000.0,552853000.0,,11346000.0,253374000.0,253374000.0,0.0,492213000.0,61246000.0,430967000.0,2248655618.0,36751000.0,0.0,16692000.0,114873000.0,0.0,119065000.0,-7205000.0,-4732000.0,-75109000.0,0.0,-54137000.0,-54137000.0,-54137000.0,0.0,0.0,-1.375,60370000.0,-29364000.0,2363000.0,0.0,349.768,-27.701,-27.623,71336000.0,0.0,16.85,9.744,9.671,19947000.0,-1867486000.0,39370000.0,39370000.0,47135000.0,,,,,5170000.0,13235000.0,1.0,133451372.0,134186000,134186000.0,0.293,422141000.0,0.0,37000.0,0.0,3.146,288805000.0
23,NKTR,MRQ,2015-09-30,2015-09-30,2015-09-30,2021-08-06,-1821000.0,449246000.0,,286351000.0,162895000.0,,0.294,-4138000.0,18819000.0,18819000.0,6760000.0,-8203000.0,1.376,10.503,132218000.0,130883000.0,1335000.0,132218000.0,89552000.0,3276000.0,0.0,0.0,0.0,-3909000.0,-633000.0,-0.011,-633000.0,-3909000.0,-8111000.0,-0.06,-0.06,-0.06,39053000.0,,39053000.0,1538443160.0,-27.0,-34.847,-18169000.0,-0.137,1.0,53192000.0,0.887,76501000.0,4202000.0,278046000.0,,10352000.0,249000000.0,249000000.0,0.0,410193000.0,208098000.0,202095000.0,1450786160.0,-2056000.0,0.0,7718000.0,-1314000.0,0.0,6404000.0,5705000.0,-15157000.0,-14031000.0,-134000.0,-8203000.0,-8203000.0,-8203000.0,0.0,0.0,-0.137,52773000.0,419000.0,2279000.0,0.0,37.149,-19.949,-19.927,72532000.0,0.0,10.96,6.877,6.89,2966000.0,-1813349000.0,59952000.0,59952000.0,43229000.0,,,,,4762000.0,9544000.0,1.0,132371000.0,132631000,132631000.0,0.452,372745000.0,0.0,92000.0,0.0,2.81,78253000.0
24,NKTR,MRQ,2015-06-30,2015-06-30,2015-06-30,2021-08-06,-1498000.0,456667000.0,,302246000.0,154421000.0,,0.267,-3525000.0,45875000.0,45875000.0,10534000.0,-52657000.0,3.728,12.011,133532000.0,5643000.0,127889000.0,133532000.0,96950000.0,2860000.0,0.0,0.0,0.0,-48375000.0,-45515000.0,-2.009,-45515000.0,-48375000.0,-52493000.0,-0.4,-0.4,-0.4,35099000.0,,35099000.0,1625738775.0,72.0,46.527,-50780000.0,-0.386,1.0,12127000.0,0.535,76501000.0,4118000.0,386746000.0,,10124000.0,233785000.0,233785000.0,0.0,421568000.0,81077000.0,340491000.0,1645392775.0,-108577000.0,0.0,6113000.0,-1386000.0,0.0,4727000.0,-65994000.0,-62469000.0,-47255000.0,-55000.0,-52657000.0,-52657000.0,-52657000.0,0.0,0.0,-2.324,55596000.0,-43469000.0,2833000.0,0.0,46.879,270.401,208.5,72158000.0,0.0,12.51,5.796,5.801,3680000.0,-1805146000.0,22661000.0,22661000.0,45412000.0,,,,,4560000.0,10184000.0,1.0,131526201.0,131643000,131643000.0,0.172,380166000.0,0.0,164000.0,0.0,2.888,221169000.0
25,NKTR,MRQ,2015-03-31,2015-03-31,2015-03-31,2021-08-06,-1276000.0,499212000.0,,347293000.0,151919000.0,,0.589,-1059000.0,154452000.0,154452000.0,8444000.0,33820000.0,4.603,5.458,134798000.0,5412000.0,129386000.0,134798000.0,103377000.0,2973000.0,0.0,0.0,0.0,38204000.0,41177000.0,0.378,41177000.0,38204000.0,34033000.0,0.26,0.25,0.26,77305000.0,,77305000.0,1541483732.0,36.0,27.646,62253000.0,0.474,1.0,100357000.0,0.922,76501000.0,4171000.0,327613000.0,,12511000.0,171353000.0,171353000.0,0.0,421907000.0,75444000.0,346463000.0,1445197732.0,117087000.0,0.0,1685000.0,-1098000.0,0.0,587000.0,53158000.0,54217000.0,63312000.0,30000.0,33820000.0,33820000.0,33820000.0,0.0,0.0,0.311,57314000.0,43043000.0,5024000.0,0.0,18.695,55.361,55.0,69267000.0,0.0,11.0,4.988,4.987,2885000.0,-1752489000.0,108801000.0,108801000.0,47011000.0,,,,,5177000.0,10303000.0,1.0,131381612.0,131359000,135667000.0,0.828,422711000.0,0.0,213000.0,0.0,3.218,271849000.0
26,NKTR,MRQ,2014-12-31,2014-12-31,2014-12-31,2021-08-06,-1567000.0,441621000.0,,288200000.0,153421000.0,,0.281,-3886000.0,37365000.0,37365000.0,6298000.0,-45683000.0,4.5,11.155,133651000.0,4512000.0,129139000.0,133651000.0,101384000.0,3194000.0,0.0,0.0,0.0,-42372000.0,-39178000.0,-2.004,-39178000.0,-42372000.0,-46829000.0,-0.35,-0.35,-0.35,36332000.0,,36332000.0,2064172793.0,-56.0,-87.347,-28513000.0,-0.22,1.0,13254000.0,0.678,76501000.0,4457000.0,397359000.0,,12952000.0,225459000.0,225459000.0,0.0,405289000.0,64047000.0,341242000.0,1990841793.0,-19643000.0,0.0,30816000.0,-958000.0,0.0,29858000.0,-24808000.0,-20922000.0,-24627000.0,-66000.0,-45683000.0,-45683000.0,-45683000.0,0.0,0.0,-2.336,50742000.0,-37488000.0,2703000.0,0.0,54.796,-36.925,-36.905,70368000.0,0.0,15.5,9.919,9.798,3607000.0,-1786309000.0,19552000.0,19552000.0,38494000.0,,,,,4370000.0,12248000.0,1.0,128441406.0,129363000,129363000.0,0.151,365120000.0,0.0,-1146000.0,0.0,2.822,224153000.0
27,NKTR,MRQ,2014-09-30,2014-09-30,2014-09-30,2021-08-06,-1178000.0,476902000.0,,324120000.0,152782000.0,,0.37,-898000.0,57008000.0,57008000.0,9220000.0,70605000.0,4.024,9.1,130339000.0,0.0,130339000.0,130339000.0,107528000.0,3214000.0,0.0,0.0,0.0,75244000.0,78458000.0,0.59,78458000.0,75244000.0,70853000.0,0.55,0.53,0.55,47218000.0,,47218000.0,1611859957.0,-45.0,-71.575,-46902000.0,-0.368,1.0,123651000.0,0.931,76501000.0,4391000.0,393183000.0,,11695000.0,204635000.0,204635000.0,0.0,429684000.0,80549000.0,349135000.0,1536533957.0,1309000.0,0.0,8142000.0,-928000.0,0.0,7214000.0,40148000.0,41046000.0,-46004000.0,-49000.0,70605000.0,70605000.0,70605000.0,0.0,0.0,0.531,43330000.0,80321000.0,5428000.0,0.0,32.541,-27.491,-24.633,69275000.0,0.0,12.07,7.238,7.249,46074000.0,-1740626000.0,132871000.0,132871000.0,34200000.0,,,,,4122000.0,9130000.0,1.0,127301902.0,127504000,132177000.0,1.042,400401000.0,0.0,248000.0,0.0,3.14,243571000.0
28,NKTR,MRQ,2014-06-30,2014-06-30,2014-06-30,2021-08-06,-887000.0,478137000.0,,298223000.0,179914000.0,,-0.278,-668000.0,55699000.0,55699000.0,5108000.0,-32637000.0,3.535,-14.522,131025000.0,0.0,131025000.0,131025000.0,113684000.0,3255000.0,0.0,0.0,0.0,-27954000.0,-24699000.0,-0.866,-24699000.0,-27954000.0,-32442000.0,-0.26,-0.26,-0.26,-35360000.0,,-35360000.0,1702452153.0,-14.0,-15.599,-9753000.0,-0.077,1.0,23405000.0,0.821,76501000.0,4488000.0,392607000.0,,14111000.0,245737000.0,245737000.0,0.0,513497000.0,84355000.0,429142000.0,1627845153.0,-1744000.0,0.0,2869000.0,-825000.0,0.0,2044000.0,5302000.0,5970000.0,-9085000.0,-5000.0,-32637000.0,-32637000.0,-32637000.0,0.0,0.0,-1.145,46321000.0,-22916000.0,7437000.0,0.0,-46.036,-11.38,-10.864,71070000.0,0.0,12.82,11.599,11.605,3047000.0,-1811231000.0,28513000.0,28513000.0,36702000.0,,,,,4164000.0,9619000.0,1.0,126977001.0,127040000,127040000.0,0.224,401636000.0,0.0,195000.0,0.0,3.161,213868000.0
29,NKTR,MRQ,2014-03-31,2014-03-31,2014-03-31,2021-08-06,-940000.0,487013000.0,,304770000.0,182243000.0,,-0.079,-4524000.0,57443000.0,57443000.0,7907000.0,-46201000.0,3.843,-50.65,132050000.0,0.0,132050000.0,132050000.0,100091000.0,3264000.0,0.0,0.0,0.0,-41477000.0,-38213000.0,-1.933,-38213000.0,-41477000.0,-46010000.0,-0.37,-0.37,-0.37,-9809000.0,,-9809000.0,1603922854.0,-12.0,-13.515,-66814000.0,-0.541,1.0,11864000.0,0.6,76501000.0,4533000.0,405806000.0,,12872000.0,251628000.0,251628000.0,0.0,496822000.0,79313000.0,417509000.0,1534940854.0,-6624000.0,0.0,121693000.0,-825000.0,0.0,113868000.0,-58213000.0,-53689000.0,-62290000.0,11000.0,-46201000.0,-46201000.0,-46201000.0,0.0,0.0,-2.337,48266000.0,-36402000.0,3064000.0,0.0,-156.483,-10.022,-9.395,72968000.0,0.0,12.12,10.536,10.278,1855000.0,-1778594000.0,19771000.0,19771000.0,38338000.0,,,,,4361000.0,9928000.0,1.0,126645285.0,123543000,123543000.0,0.16,410512000.0,0.0,191000.0,0.0,3.323,225457000.0
30,NKTR,MRQ,2013-12-31,2013-12-31,2013-12-31,2021-08-06,-1181000.0,434527000.0,,257882000.0,176645000.0,,-0.773,-2709000.0,64067000.0,64067000.0,8960000.0,-47659000.0,2.626,-5.833,136585000.0,3536000.0,133049000.0,136585000.0,106048000.0,3393000.0,0.0,0.0,0.0,-41459000.0,-38066000.0,-1.222,-38066000.0,-41459000.0,-46024000.0,-0.41,-0.41,-0.41,-89903000.0,,-89903000.0,1361505529.0,-10.0,-10.717,50922000.0,0.438,1.0,22186000.0,0.712,76501000.0,4565000.0,332323000.0,,13452000.0,197959000.0,197959000.0,0.0,524430000.0,98221000.0,426209000.0,1317909529.0,-26344000.0,0.0,2955000.0,-791000.0,0.0,2164000.0,-82151000.0,-79442000.0,53631000.0,12000.0,-47659000.0,-47659000.0,-47659000.0,0.0,0.0,-1.53,58080000.0,-35894000.0,9115000.0,0.0,-14.659,-8.135,-8.107,66974000.0,0.0,11.35,8.85,8.821,2229000.0,-1732393000.0,31146000.0,31146000.0,48248000.0,,,,,4543000.0,9832000.0,1.0,116115377.0,116257000,116257000.0,0.268,358026000.0,0.0,1635000.0,0.0,3.08,159661000.0
31,NKTR,MRQ,2013-09-30,2013-09-30,2013-09-30,2021-08-06,-1689000.0,383035000.0,,207942000.0,175093000.0,,-0.434,-588000.0,90411000.0,90411000.0,12877000.0,-16543000.0,2.57,-8.623,134007000.0,0.0,134007000.0,134007000.0,103533000.0,3601000.0,0.0,0.0,0.0,-11763000.0,-8162000.0,-0.134,-8162000.0,-11763000.0,-16350000.0,-0.14,-0.14,-0.14,-50250000.0,,-50250000.0,1277551481.0,-9.0,-9.566,-20298000.0,-0.175,1.0,48032000.0,0.789,76501000.0,4587000.0,269217000.0,,15076000.0,118139000.0,118139000.0,0.0,433285000.0,80913000.0,352372000.0,1209082481.0,23979000.0,0.0,2632000.0,-735000.0,0.0,1897000.0,41777000.0,42365000.0,-19710000.0,15000.0,-16543000.0,-16543000.0,-16543000.0,0.0,0.0,-0.272,54557000.0,-6525000.0,3723000.0,0.0,-24.061,-7.228,-7.203,65082000.0,0.0,10.445,8.703,8.708,4557000.0,-1684734000.0,60909000.0,60909000.0,43914000.0,,,,,4564000.0,10643000.0,1.0,115757059.0,115812000,115812000.0,0.526,306534000.0,0.0,193000.0,0.0,2.647,127029000.0
32,NKTR,MRQ,2013-06-30,2013-06-30,2013-06-30,2021-08-06,-1336000.0,412809000.0,,234423000.0,178386000.0,,-0.351,-478000.0,66432000.0,66432000.0,5011000.0,-42748000.0,2.597,-11.18,134901000.0,0.0,134901000.0,134901000.0,115629000.0,3653000.0,0.0,0.0,0.0,-37887000.0,-34234000.0,-1.011,-34234000.0,-37887000.0,-42543000.0,-0.37,-0.37,-0.37,-40549000.0,,-40549000.0,1416525165.0,-8.0,-8.9,-34815000.0,-0.301,1.0,28851000.0,0.852,76501000.0,4656000.0,314500000.0,,20479000.0,160453000.0,160453000.0,0.0,453358000.0,90277000.0,363081000.0,1334290165.0,12901000.0,0.0,1403000.0,-774000.0,0.0,629000.0,46597000.0,47075000.0,-34337000.0,12000.0,-42748000.0,-42748000.0,-42748000.0,0.0,0.0,-1.262,61456000.0,-32605000.0,5572000.0,0.0,-32.906,-6.868,-6.834,67849000.0,0.0,11.55,13.838,13.84,6041000.0,-1668191000.0,33862000.0,33862000.0,52230000.0,,,,,4356000.0,9226000.0,1.0,115522958.0,115544000,115544000.0,0.293,336308000.0,0.0,205000.0,0.0,2.911,144146000.0
33,NKTR,MRQ,2013-03-31,2013-03-31,2013-03-31,2021-08-06,-395000.0,447901000.0,,267036000.0,180865000.0,,-0.023,-316000.0,53531000.0,53531000.0,11661000.0,-55063000.0,3.209,-171.955,135766000.0,0.0,135766000.0,135766000.0,121157000.0,3628000.0,0.0,0.0,0.0,-50206000.0,-46578000.0,-2.025,-46578000.0,-50206000.0,-54851000.0,-0.48,-0.48,-0.48,-2620000.0,,-2620000.0,1354355028.0,-8.0,-8.845,-38427000.0,-0.333,1.0,11343000.0,0.493,76501000.0,4645000.0,370414000.0,,18381000.0,207664000.0,207664000.0,0.0,450521000.0,83221000.0,367300000.0,1268185028.0,3094000.0,0.0,1218000.0,-692000.0,0.0,-2474000.0,43686000.0,44002000.0,-38111000.0,-7000.0,-55063000.0,-55063000.0,-55063000.0,0.0,0.0,-2.394,56447000.0,-45104000.0,4218000.0,0.0,-484.04,-6.825,-6.79,70112000.0,0.0,11.0,14.704,14.707,3647000.0,-1625443000.0,23004000.0,23004000.0,45618000.0,,,,,4245000.0,10829000.0,1.0,115289548.0,115309000,115309000.0,0.199,371400000.0,0.0,212000.0,0.0,3.221,183815000.0
34,NKTR,MRQ,2012-12-31,2012-12-31,2012-12-31,2021-08-06,-357000.0,497790000.0,,314631000.0,183159000.0,,0.408,-4839000.0,50437000.0,50437000.0,7290000.0,-52926000.0,4.006,9.587,136607000.0,0.0,136607000.0,136607000.0,118447000.0,3698000.0,0.0,0.0,0.0,-48277000.0,-44579000.0,-2.108,-44579000.0,-48277000.0,-52959000.0,-0.46,-0.46,-0.46,47018000.0,,47018000.0,980477238.0,-6.0,-6.932,-52215000.0,-0.453,1.0,13856000.0,0.655,76501000.0,4682000.0,428922000.0,,18269000.0,251757000.0,251757000.0,0.0,450772000.0,78537000.0,372235000.0,853401238.0,15099000.0,0.0,940000.0,-730000.0,0.0,210000.0,62227000.0,67066000.0,-47376000.0,38000.0,-52926000.0,-52926000.0,-52926000.0,0.0,0.0,-2.503,57237000.0,-43381000.0,2863000.0,0.0,18.151,-4.966,-4.94,72215000.0,0.0,7.41,10.511,10.479,5805000.0,-1570380000.0,21146000.0,21146000.0,46373000.0,,,,,4184000.0,10864000.0,1.0,115168858.0,115183000,115183000.0,0.184,421289000.0,0.0,-33000.0,0.0,3.658,236094000.0
35,NKTR,MRQ,2012-09-30,2012-09-30,2012-09-30,2021-08-06,155000.0,541452000.0,,346945000.0,194507000.0,,0.83,-2572000.0,10338000.0,10338000.0,7228000.0,-43547000.0,4.994,4.68,137414000.0,0.0,137414000.0,137414000.0,124401000.0,3858000.0,0.0,0.0,0.0,-37628000.0,-33770000.0,-1.834,-33770000.0,-37628000.0,-43325000.0,-0.38,-0.38,-0.38,95332000.0,,95332000.0,1318634222.0,-9.0,-10.334,-29743000.0,-0.259,1.0,11184000.0,0.607,76501000.0,5697000.0,522557000.0,,16754000.0,343961000.0,308939000.0,35022000.0,446120000.0,69470000.0,376650000.0,1226659222.0,-125816000.0,0.0,1840000.0,-95023000.0,0.0,-93184000.0,-5391000.0,22181000.0,-27171000.0,-70000.0,-43547000.0,-43547000.0,-43547000.0,0.0,0.0,-2.365,44084000.0,-32900000.0,2624000.0,0.0,12.867,-7.842,-7.792,73256000.0,0.0,10.675,16.177,16.178,3911000.0,-1517454000.0,18412000.0,18412000.0,34016000.0,,,,,3980000.0,10068000.0,1.0,114909529.0,114915000,114915000.0,0.16,464951000.0,0.0,222000.0,0.0,4.046,277475000.0
36,NKTR,MRQ,2012-06-30,2012-06-30,2012-06-30,2021-08-06,-620000.0,668443000.0,,468291000.0,200152000.0,,1.154,-1656000.0,136154000.0,136154000.0,7203000.0,-34285000.0,1.691,4.053,228129000.0,214955000.0,13174000.0,228129000.0,128906000.0,3442000.0,0.0,0.0,0.0,-31630000.0,-28188000.0,-1.19,-28188000.0,-31630000.0,-34192000.0,-0.3,-0.3,-0.3,132284000.0,,132284000.0,1005273401.0,-8.0,-9.017,-22247000.0,-0.194,1.0,16481000.0,0.696,76501000.0,2562000.0,407056000.0,,14715000.0,340965000.0,296720000.0,44245000.0,536159000.0,276861000.0,259298000.0,924913401.0,-12331000.0,0.0,858000.0,-585000.0,0.0,273000.0,7759000.0,9415000.0,-20591000.0,228000.0,-34285000.0,-34285000.0,-34285000.0,0.0,0.0,-1.448,43469000.0,-26988000.0,3118000.0,0.0,6.992,-6.754,-6.725,73713000.0,0.0,8.07,10.948,10.952,11361000.0,-1473907000.0,23684000.0,23684000.0,33201000.0,,,,,3801000.0,10268000.0,1.0,114611326.0,114649000,114649000.0,0.207,591942000.0,0.0,93000.0,0.0,5.163,191430000.0
37,NKTR,MRQ,2012-03-31,2012-03-31,2012-03-31,2021-08-06,-43000.0,694789000.0,,420654000.0,274135000.0,,1.419,-1516000.0,148485000.0,148485000.0,8707000.0,-41097000.0,1.554,3.276,228845000.0,214955000.0,13890000.0,228845000.0,131057000.0,3510000.0,0.0,0.0,0.0,-38425000.0,-34915000.0,-1.945,-34915000.0,-38425000.0,-40973000.0,-0.36,-0.36,-0.36,162487000.0,,162487000.0,1121308500.0,-9.0,-9.901,-36134000.0,-0.315,1.0,9242000.0,0.515,76501000.0,2548000.0,427895000.0,,14108000.0,350356000.0,233624000.0,116732000.0,532302000.0,270753000.0,261549000.0,907083500.0,133173000.0,0.0,479000.0,-566000.0,0.0,119502000.0,48425000.0,49941000.0,-34618000.0,-136000.0,-41097000.0,-41097000.0,-41097000.0,0.0,0.0,-2.29,47174000.0,-37932000.0,1761000.0,0.0,5.582,-6.524,-6.492,75557000.0,0.0,7.92,11.61,11.61,10803000.0,-1439622000.0,17949000.0,17949000.0,35085000.0,,,,,4234000.0,10414000.0,1.0,114530745.0,114531000,114531000.0,0.157,618288000.0,0.0,124000.0,0.0,5.398,149901000.0
38,NKTR,MRQ,2011-12-31,2011-12-31,2011-12-31,2021-08-06,-1103000.0,606550000.0,,276706000.0,329844000.0,,1.728,-1428000.0,15312000.0,15312000.0,5450000.0,-37495000.0,1.004,2.066,229537000.0,214955000.0,14582000.0,229537000.0,127831000.0,3527000.0,0.0,0.0,0.0,-34252000.0,-30725000.0,-1.947,-30725000.0,-34252000.0,-36777000.0,-0.33,-0.33,-0.33,197811000.0,,197811000.0,827413077.0,-7.0,-7.676,-43642000.0,-0.381,1.0,10332000.0,0.655,76501000.0,2525000.0,468742000.0,,12656000.0,399624000.0,225856000.0,173768000.0,408739000.0,275532000.0,133207000.0,640216077.0,-27696000.0,0.0,241000.0,-547000.0,0.0,-306000.0,14401000.0,15829000.0,-42214000.0,423000.0,-37495000.0,-37495000.0,-37495000.0,0.0,0.0,-2.376,44800000.0,-34468000.0,3019000.0,0.0,3.237,-4.779,-4.702,78576000.0,0.0,5.595,8.957,8.84,4938000.0,-1398525000.0,15782000.0,15782000.0,33302000.0,,,,,4384000.0,11498000.0,1.0,114426466.0,114463000,114463000.0,0.138,530049000.0,0.0,718000.0,0.0,4.631,1174000.0
39,NKTR,MRQ,2011-09-30,2011-09-30,2011-09-30,2021-08-06,-987000.0,648093000.0,,297620000.0,350473000.0,,2.017,-1449000.0,43008000.0,43008000.0,5038000.0,-24068000.0,1.067,1.808,230205000.0,214955000.0,15250000.0,230205000.0,133027000.0,3775000.0,0.0,0.0,0.0,-21433000.0,-17658000.0,-0.652,-17658000.0,-21433000.0,-23976000.0,-0.21,-0.21,-0.21,230797000.0,,230797000.0,774123728.0,-7.0,-8.339,-23319000.0,-0.204,1.0,22030000.0,0.814,76501000.0,2543000.0,479747000.0,,10654000.0,414957000.0,223479000.0,191478000.0,417296000.0,279042000.0,138254000.0,554931728.0,31382000.0,0.0,523000.0,-497000.0,0.0,26000.0,52733000.0,54182000.0,-21870000.0,493000.0,-24068000.0,-24068000.0,-24068000.0,0.0,0.0,-0.889,43368000.0,-21338000.0,2175000.0,0.0,2.404,-4.661,-4.409,81649000.0,0.0,4.85,5.494,5.493,12914000.0,-1361030000.0,27068000.0,27068000.0,31018000.0,,,,,4819000.0,12350000.0,1.0,114418913.0,114413000,114413000.0,0.237,571592000.0,0.0,92000.0,0.0,4.996,18578000.0
40,NKTR,MRQ,2011-06-30,2011-06-30,2011-06-30,2021-08-06,766000.0,670854000.0,,389095000.0,281759000.0,,2.201,-3080000.0,11626000.0,11626000.0,8140000.0,-36381000.0,6.35,1.67,230818000.0,0.0,230818000.0,230818000.0,137798000.0,3793000.0,0.0,0.0,0.0,-33751000.0,-29958000.0,-1.729,-29958000.0,-33751000.0,-36321000.0,-0.32,-0.32,-0.32,251276000.0,,251276000.0,1038231276.0,-11.0,-13.55,-37868000.0,-0.332,1.0,9191000.0,0.53,76501000.0,2570000.0,752271000.0,,9797000.0,470221000.0,351280000.0,118941000.0,419578000.0,61274000.0,358304000.0,829313276.0,-10859000.0,0.0,1591000.0,-475000.0,0.0,1116000.0,22799000.0,25879000.0,-34788000.0,14000.0,-36381000.0,-36381000.0,-36381000.0,0.0,0.0,-2.099,43455000.0,-34264000.0,3243000.0,0.0,3.3,-7.997,-7.418,85381000.0,0.0,7.27,7.413,7.418,8460000.0,-1336962000.0,17331000.0,17331000.0,32270000.0,,,,,4880000.0,11185000.0,1.0,114073353.0,114153000,114153000.0,0.152,594353000.0,0.0,60000.0,0.0,5.207,327821000.0
41,NKTR,MRQ,2011-03-31,2011-03-31,2011-03-31,2021-08-06,818000.0,704478000.0,,539373000.0,165105000.0,,2.588,-3765000.0,22485000.0,22485000.0,3263000.0,-36034000.0,9.161,1.505,231403000.0,0.0,231403000.0,231403000.0,142792000.0,3856000.0,0.0,0.0,0.0,-33301000.0,-29445000.0,-2.606,-29445000.0,-33301000.0,-35886000.0,-0.33,-0.33,-0.33,281238000.0,,281238000.0,1291460270.0,-23.0,-32.242,-18635000.0,-0.171,1.0,8036000.0,0.711,76501000.0,2585000.0,778015000.0,,11712000.0,496157000.0,496157000.0,0.0,423240000.0,58880000.0,364360000.0,1077246270.0,4730000.0,0.0,221958000.0,-459000.0,0.0,221499000.0,-201885000.0,-198120000.0,-14870000.0,-14000.0,-36034000.0,-36034000.0,-36034000.0,0.0,0.0,-3.189,41903000.0,-33867000.0,3481000.0,0.0,3.83,-15.879,-14.134,87628000.0,0.0,9.47,7.857,7.507,2160000.0,-1300581000.0,11299000.0,11299000.0,30176000.0,,,,,4802000.0,11727000.0,1.0,113753566.0,108677000,108677000.0,0.104,627977000.0,0.0,148000.0,0.0,5.778,480493000.0
42,NKTR,MRQ,2010-12-31,2010-12-31,2010-12-31,2021-08-06,968000.0,521225000.0,,353979000.0,167246000.0,,0.96,-9297000.0,17755000.0,17755000.0,10237000.0,-22580000.0,5.522,4.749,231969000.0,0.0,231969000.0,231969000.0,145347000.0,4052000.0,0.0,0.0,0.0,-19828000.0,-15776000.0,-0.348,-15776000.0,-19828000.0,-22316000.0,-0.24,-0.24,-0.24,90662000.0,,90662000.0,1431616069.0,-55.0,-153.409,11110000.0,0.118,1.0,35077000.0,0.774,76501000.0,2488000.0,594830000.0,,7266000.0,298177000.0,298177000.0,0.0,430563000.0,64108000.0,366455000.0,1212165069.0,4849000.0,0.0,1749000.0,-237000.0,0.0,1512000.0,-17163000.0,-7866000.0,20407000.0,93000.0,-22580000.0,-22580000.0,-22580000.0,0.0,0.0,-0.498,55616000.0,-20539000.0,7194000.0,0.0,13.37,-31.951,-32.125,89773000.0,0.0,12.85,7.622,7.601,25102000.0,-1264547000.0,45314000.0,45314000.0,31455000.0,,,,,4683000.0,11585000.0,1.0,94331912.0,94400000,94400000.0,0.48,444724000.0,0.0,264000.0,0.0,4.711,289871000.0
43,NKTR,MRQ,2010-09-30,2010-09-30,2010-09-30,2021-08-06,1105000.0,502476000.0,,326434000.0,176042000.0,,1.135,-13364000.0,12906000.0,12906000.0,6245000.0,-8711000.0,3.848,3.698,232357000.0,0.0,232357000.0,232357000.0,109265000.0,4165000.0,0.0,0.0,0.0,-5607000.0,-1442000.0,-0.038,-1442000.0,-5607000.0,-8433000.0,-0.09,-0.09,-0.09,106947000.0,,106947000.0,1600774773.0,-152.0,277.816,-35526000.0,-0.377,1.0,31680000.0,0.835,76501000.0,2826000.0,560594000.0,,11460000.0,290396000.0,290396000.0,0.0,395529000.0,84832000.0,310697000.0,1391176773.0,-10338000.0,0.0,994000.0,-388000.0,0.0,606000.0,11494000.0,24858000.0,-22162000.0,-276000.0,-8711000.0,-8711000.0,-8711000.0,0.0,0.0,-0.23,37905000.0,-6225000.0,4403000.0,0.0,13.008,-60.397,-56.808,97686000.0,0.0,14.77,9.108,9.111,5553000.0,-1241967000.0,37925000.0,37925000.0,27724000.0,,,,,4611000.0,10181000.0,1.0,94189355.0,94213000,94213000.0,0.403,425975000.0,0.0,278000.0,0.0,4.521,241602000.0
44,NKTR,MRQ,2010-06-30,2010-06-30,2010-06-30,2021-08-06,581000.0,530638000.0,,363806000.0,166832000.0,,1.164,-4823000.0,23244000.0,23244000.0,4889000.0,-517000.0,3.385,3.845,232842000.0,0.0,232842000.0,232842000.0,137252000.0,4185000.0,0.0,0.0,0.0,2423000.0,6608000.0,0.155,6608000.0,2423000.0,-486000.0,-0.01,-0.01,-0.01,109529000.0,,109529000.0,1350837248.0,-41.0,-78.273,-24776000.0,-0.263,1.0,37674000.0,0.885,76501000.0,2909000.0,556269000.0,,9777000.0,314976000.0,314976000.0,0.0,421109000.0,107466000.0,313643000.0,1138102248.0,2672000.0,0.0,1372000.0,-372000.0,0.0,1000000.0,21361000.0,26184000.0,-19953000.0,264000.0,-517000.0,-517000.0,-517000.0,0.0,0.0,-0.012,35807000.0,1867000.0,4627000.0,0.0,10.391,-25.129,-24.2,88223000.0,0.0,12.1,9.102,9.103,9446000.0,-1233256000.0,42563000.0,42563000.0,25600000.0,,,,,4361000.0,10207000.0,1.0,94058037.0,94065000,94065000.0,0.452,454137000.0,0.0,31000.0,0.0,4.828,256340000.0
45,NKTR,MRQ,2010-03-31,2010-03-31,2010-03-31,2021-08-06,1022000.0,548509000.0,,385471000.0,163038000.0,,1.119,-3973000.0,20572000.0,20572000.0,4296000.0,-6130000.0,3.068,4.236,233307000.0,0.0,233307000.0,233307000.0,165804000.0,4149000.0,0.0,0.0,0.0,-2871000.0,1278000.0,0.038,1278000.0,-2871000.0,-5822000.0,-0.07,-0.07,-0.07,104754000.0,,104754000.0,1608510694.0,-25.0,-32.529,-38136000.0,-0.407,1.0,28941000.0,0.871,76501000.0,2951000.0,559098000.0,,8703000.0,341386000.0,341386000.0,0.0,443755000.0,125645000.0,318110000.0,1424352694.0,-29025000.0,0.0,4776000.0,-359000.0,0.0,4417000.0,1021000.0,4994000.0,-34163000.0,-300000.0,-6130000.0,-6130000.0,-6130000.0,0.0,0.0,-0.184,32299000.0,-3358000.0,5664000.0,0.0,13.597,-18.536,-18.107,82650000.0,0.0,15.21,14.921,14.919,7709000.0,-1232739000.0,33237000.0,33237000.0,23286000.0,,,,,3744000.0,9013000.0,1.0,93645805.0,93631000,93631000.0,0.355,472008000.0,0.0,308000.0,0.0,5.041,259826000.0
46,NKTR,MRQ,2009-12-31,2009-12-31,2009-12-31,2021-08-06,1025000.0,575518000.0,,413666000.0,161852000.0,,1.098,-9939000.0,49597000.0,49597000.0,8809000.0,-7676000.0,2.703,4.622,233755000.0,0.0,233755000.0,233755000.0,192372000.0,3805000.0,0.0,0.0,0.0,-4487000.0,-682000.0,-0.017,-682000.0,-4487000.0,-7450000.0,-0.09,-0.09,-0.09,102367000.0,,102367000.0,1070008611.0,-12.0,-14.132,120253000.0,1.29,1.0,30200000.0,0.774,76501000.0,2963000.0,530159000.0,,6471000.0,346614000.0,346614000.0,0.0,473151000.0,153016000.0,320135000.0,868602611.0,16820000.0,0.0,999000.0,-350000.0,0.0,649000.0,-113903000.0,-103964000.0,130192000.0,-118000.0,-7676000.0,-7676000.0,-7676000.0,0.0,0.0,-0.197,35695000.0,-5495000.0,3066000.0,0.0,8.485,-8.473,-8.396,78263000.0,0.0,9.32,12.075,12.02,4801000.0,-1226609000.0,39009000.0,39009000.0,24713000.0,,,,,3036000.0,10982000.0,1.0,93197705.0,93225000,93225000.0,0.418,499017000.0,0.0,226000.0,0.0,5.353,260650000.0
47,NKTR,MRQ,2009-09-30,2009-09-30,2009-09-30,2021-08-06,1117000.0,452651000.0,,298213000.0,154438000.0,,1.143,-2764000.0,32777000.0,32777000.0,6134000.0,-30967000.0,6.042,3.266,234183000.0,0.0,234183000.0,234183000.0,62855000.0,3717000.0,0.0,0.0,0.0,-28179000.0,-24462000.0,-2.393,-24462000.0,-28179000.0,-31107000.0,-0.33,-0.33,-0.33,106100000.0,,106100000.0,1022065105.0,-140.0,133.726,-22140000.0,-0.239,1.0,4089000.0,0.4,76501000.0,2928000.0,528199000.0,,8930000.0,242901000.0,242901000.0,0.0,346551000.0,49357000.0,297194000.0,902486105.0,-82215000.0,0.0,3731000.0,-319000.0,0.0,3412000.0,-66252000.0,-63488000.0,-19376000.0,1000.0,-30967000.0,-30967000.0,-30967000.0,0.0,0.0,-3.029,32948000.0,-28859000.0,6397000.0,0.0,8.506,-49.969,-51.263,74624000.0,0.0,9.74,14.728,14.749,6330000.0,-1218933000.0,10223000.0,10223000.0,23031000.0,,,,,2599000.0,9917000.0,1.0,92657711.0,92789000,92789000.0,0.11,376150000.0,0.0,-140000.0,0.0,4.054,248856000.0
48,NKTR,MRQ,2009-06-30,2009-06-30,2009-06-30,2021-08-06,978000.0,472998000.0,,318203000.0,154795000.0,,1.411,-2895000.0,114992000.0,114992000.0,10379000.0,-32069000.0,7.022,2.622,234571000.0,0.0,234571000.0,234571000.0,61466000.0,3744000.0,0.0,0.0,0.0,-29327000.0,-25583000.0,-1.97,-25583000.0,-29327000.0,-32275000.0,-0.35,-0.35,-0.35,130598000.0,,130598000.0,712383617.0,-60.0,116.384,-31578000.0,-0.341,1.0,2609000.0,0.201,76501000.0,2948000.0,470760000.0,,10110000.0,179311000.0,179311000.0,0.0,342400000.0,45316000.0,297084000.0,599739617.0,-7308000.0,326000.0,29000.0,-314000.0,0.0,-285000.0,21830000.0,24399000.0,-28683000.0,-170000.0,-32069000.0,-32069000.0,-32069000.0,0.0,0.0,-2.469,33089000.0,-30480000.0,4931000.0,0.0,4.592,-24.852,-24.923,75024000.0,0.0,6.48,8.273,8.274,8473000.0,-1187966000.0,12988000.0,12988000.0,24002000.0,,,,,2366000.0,9087000.0,1.0,92552410.0,92556000,92556000.0,0.14,396497000.0,0.0,-206000.0,0.0,4.284,272887000.0
49,NKTR,MRQ,2009-03-31,2009-03-31,2009-03-31,2021-08-06,-20000.0,505939000.0,,350595000.0,155344000.0,,1.722,-5104000.0,122300000.0,122300000.0,5626000.0,-31807000.0,7.518,2.177,234944000.0,0.0,234944000.0,234944000.0,62548000.0,3615000.0,0.0,0.0,0.0,-28603000.0,-24988000.0,-2.573,-24988000.0,-28603000.0,-31940000.0,-0.34,-0.34,-0.34,159274000.0,,159274000.0,578325631.0,-48.0,70.459,-47498000.0,-0.513,1.0,4085000.0,0.421,76501000.0,3337000.0,495445000.0,,13392000.0,202999000.0,202999000.0,0.0,346665000.0,46637000.0,300028000.0,498607631.0,-33284000.0,-4766000.0,61000.0,-302000.0,0.0,-241000.0,9290000.0,19160000.0,-42394000.0,61000.0,-31807000.0,-31807000.0,-31807000.0,0.0,0.0,-3.275,34383000.0,-30298000.0,2675000.0,0.0,3.131,-19.601,-19.963,75020000.0,0.0,5.39,6.24,6.241,5796000.0,-1155897000.0,9711000.0,9711000.0,23363000.0,,,,,2325000.0,11020000.0,1.0,92506054.0,92516000,92516000.0,0.105,429438000.0,0.0,-133000.0,0.0,4.642,303958000.0
50,NKTR,MRQ,2008-12-31,2008-12-31,2008-12-31,2021-08-06,1439000.0,560536000.0,,406220000.0,154316000.0,,2.058,-3791000.0,155584000.0,155584000.0,10196000.0,76782000.0,5.941,1.948,235302000.0,0.0,235302000.0,235302000.0,65577000.0,3879000.0,0.0,0.0,0.0,78797000.0,82676000.0,2.916,82676000.0,78797000.0,75440000.0,0.83,0.83,0.83,190154000.0,,190154000.0,787376677.0,-39.0,310.113,-34508000.0,-0.374,1.0,18157000.0,0.64,76501000.0,3357000.0,495379000.0,,9319000.0,223410000.0,223410000.0,0.0,370382000.0,68374000.0,302008000.0,513999677.0,91871000.0,114831000.0,-93000.0,-48215000.0,0.0,-48308000.0,170431000.0,59391000.0,-30717000.0,465000.0,76782000.0,76782000.0,76782000.0,0.0,0.0,2.708,-8999000.0,27156000.0,13832000.0,0.0,2.703,-14.97,-15.027,73578000.0,0.0,5.56,5.699,5.697,11161000.0,-1124090000.0,28353000.0,28353000.0,45279000.0,,,,,2916000.0,13836000.0,1.0,92445985.0,92389000,92389000.0,0.307,484035000.0,0.0,-1342000.0,0.0,5.239,337846000.0
51,NKTR,MRQ,2008-09-30,2008-09-30,2008-09-30,2021-08-06,-478000.0,568352000.0,,410287000.0,158065000.0,,1.175,-4715000.0,63713000.0,63713000.0,5349000.0,-37038000.0,8.456,4.232,337090000.0,1401000.0,335689000.0,337090000.0,68997000.0,6790000.0,0.0,0.0,0.0,-32774000.0,-25984000.0,-1.212,-25984000.0,-32774000.0,-36762000.0,-0.4,-0.4,-0.4,108632000.0,,108632000.0,637788708.0,-12.0,-21.266,-23355000.0,-0.253,1.0,16090000.0,0.751,80402000.0,3988000.0,712805000.0,,9861000.0,280803000.0,280803000.0,0.0,459720000.0,48522000.0,411198000.0,331768708.0,31884000.0,-4236000.0,94000.0,-759000.0,0.0,-665000.0,51328000.0,60279000.0,-18640000.0,-139000.0,-37038000.0,-37038000.0,-37038000.0,0.0,0.0,-1.728,50651000.0,-34561000.0,2113000.0,0.0,3.054,-4.603,-4.603,73641000.0,0.0,3.59,2.6,2.6,8515000.0,-1200872000.0,21439000.0,21439000.0,38265000.0,,,,,3092000.0,12386000.0,1.0,92414682.0,92425000,92425000.0,0.232,487950000.0,0.0,276000.0,0.0,5.279,361765000.0
52,NKTR,MRQ,2008-06-30,2008-06-30,2008-06-30,2021-08-06,739000.0,609493000.0,,410128000.0,199365000.0,,1.555,-5068000.0,31829000.0,31829000.0,6931000.0,-33375000.0,6.98,3.241,337849000.0,1833000.0,336016000.0,337849000.0,75648000.0,5903000.0,0.0,0.0,0.0,-29399000.0,-23496000.0,-1.152,-23496000.0,-29399000.0,-33328000.0,-0.36,-0.36,-0.36,143701000.0,,143701000.0,611459378.0,-17.0,-60.302,-36521000.0,-0.395,1.0,13470000.0,0.66,80638000.0,3929000.0,776115000.0,,10166000.0,342078000.0,342078000.0,0.0,465792000.0,58760000.0,407032000.0,309546378.0,-4847000.0,0.0,12000.0,-740000.0,0.0,-728000.0,27508000.0,32576000.0,-31453000.0,-174000.0,-33375000.0,-33375000.0,-33375000.0,0.0,0.0,-1.636,46828000.0,-33358000.0,1862000.0,0.0,2.154,-5.769,-5.776,114229000.0,0.0,3.35,1.905,1.905,12067000.0,-1163834000.0,20401000.0,20401000.0,33500000.0,,,,,2779000.0,13328000.0,1.0,92401904.0,92400000,92400000.0,0.221,528855000.0,0.0,47000.0,0.0,5.724,351368000.0
53,NKTR,MRQ,2008-03-31,2008-03-31,2008-03-31,2021-08-06,2213000.0,643836000.0,,443523000.0,200313000.0,,1.904,-5281000.0,36676000.0,36676000.0,12561000.0,-40705000.0,7.694,2.663,338589000.0,2259000.0,336330000.0,338589000.0,79769000.0,5917000.0,0.0,0.0,0.0,-36574000.0,-30657000.0,-1.533,-30657000.0,-36574000.0,-40492000.0,-0.44,-0.44,-0.44,175759000.0,,175759000.0,903393392.0,-31.0,-593.167,-70253000.0,-0.761,1.0,7431000.0,0.372,80875000.0,3918000.0,807229000.0,,11027000.0,375954000.0,375954000.0,0.0,468077000.0,57645000.0,410432000.0,640719392.0,-39617000.0,0.0,371000.0,-411000.0,0.0,-40000.0,25385000.0,30666000.0,-64972000.0,10000.0,-40705000.0,-40705000.0,-40705000.0,0.0,0.0,-2.036,49320000.0,-41889000.0,1556000.0,0.0,3.645,-13.406,-13.346,114381000.0,0.0,6.94,3.08,3.081,14040000.0,-1130459000.0,19992000.0,19992000.0,37373000.0,,,,,1084000.0,11947000.0,1.0,92322679.0,92330000,92330000.0,0.217,562961000.0,0.0,213000.0,0.0,6.097,385878000.0
54,NKTR,MRQ,2007-12-31,2007-12-31,2007-12-31,2021-08-06,1643000.0,725103000.0,,523283000.0,201820000.0,,2.325,-12070000.0,76293000.0,76293000.0,24048000.0,39043000.0,5.335,2.381,336632000.0,0.0,336632000.0,336632000.0,80969000.0,6064000.0,0.0,0.0,0.0,44082000.0,50146000.0,0.762,50146000.0,44082000.0,39852000.0,0.42,0.42,0.42,214439000.0,,214439000.0,848602570.0,-66.0,52.338,94657000.0,1.027,1.0,41725000.0,0.634,78431000.0,4230000.0,808919000.0,,12187000.0,406060000.0,406060000.0,0.0,510664000.0,98092000.0,412572000.0,618567570.0,-98420000.0,0.0,301000.0,-68735000.0,0.0,-68434000.0,-137367000.0,-125297000.0,106727000.0,654000.0,39043000.0,39043000.0,39043000.0,0.0,0.0,0.594,83522000.0,-41797000.0,3589000.0,0.0,2.885,-18.881,-18.639,114420000.0,0.0,6.71,2.266,2.258,21637000.0,-1089754000.0,65773000.0,65773000.0,39310000.0,,,,,3067000.0,16526000.0,1.0,92185927.0,92212000,92212000.0,0.713,646672000.0,0.0,809000.0,0.0,7.013,425191000.0
55,NKTR,MRQ,2007-09-30,2007-09-30,2007-09-30,2021-08-06,518000.0,738285000.0,,514771000.0,223514000.0,,1.857,-8961000.0,174713000.0,174713000.0,27457000.0,-18620000.0,3.286,3.32,404748000.0,67761000.0,336987000.0,404748000.0,101883000.0,7714000.0,0.0,0.0,0.0,-13847000.0,-6133000.0,-0.109,-6133000.0,-13847000.0,-18620000.0,-0.2,-0.2,-0.2,170903000.0,,170903000.0,1131161965.0,-13.0,-19.274,45301000.0,0.492,1.0,28864000.0,0.512,81348000.0,4773000.0,730293000.0,,17175000.0,277931000.0,277931000.0,0.0,567382000.0,156679000.0,410703000.0,812251965.0,91857000.0,0.0,771000.0,36000.0,0.0,807000.0,36846000.0,45807000.0,54262000.0,-58000.0,-18620000.0,-18620000.0,-18620000.0,0.0,0.0,-0.331,48436000.0,-19572000.0,4421000.0,0.0,4.753,-7.34,-7.298,135317000.0,0.0,8.83,2.931,2.932,36805000.0,-1128797000.0,56321000.0,56321000.0,35773000.0,,,,,22000.0,12426000.0,1.0,91987765.0,92028000,92028000.0,0.612,656937000.0,0.0,0.0,0.0,7.138,358092000.0
56,NKTR,MRQ,2007-06-30,2007-06-30,2007-06-30,2021-08-06,467000.0,703465000.0,,483366000.0,220099000.0,,2.055,-6209000.0,82856000.0,82856000.0,39490000.0,-27510000.0,3.984,2.728,401766000.0,67438000.0,334328000.0,401766000.0,57058000.0,7679000.0,0.0,0.0,0.0,-22558000.0,-14879000.0,-0.226,-14879000.0,-22558000.0,-27260000.0,-0.3,-0.3,-0.3,188680000.0,,188680000.0,1188854210.0,-13.0,-19.895,8101000.0,0.088,1.0,26427000.0,0.401,81584000.0,4702000.0,819464000.0,,17228000.0,323933000.0,323933000.0,0.0,514785000.0,121327000.0,393458000.0,870059210.0,-284000.0,0.0,574000.0,-423000.0,0.0,151000.0,-14863000.0,-8654000.0,14310000.0,118000.0,-27510000.0,-27510000.0,-27510000.0,0.0,0.0,-0.417,54415000.0,-27988000.0,2941000.0,0.0,4.611,-7.793,-7.715,131024000.0,0.0,9.49,3.113,3.117,49829000.0,-1110176000.0,65917000.0,65917000.0,41000000.0,,,,,4829000.0,13178000.0,1.0,91681687.0,91804000,91804000.0,0.718,621881000.0,0.0,250000.0,0.0,6.774,362039000.0
57,NKTR,MRQ,2007-03-31,2007-03-31,2007-03-31,2021-08-06,303000.0,713740000.0,,491577000.0,222163000.0,,2.303,-5556000.0,83140000.0,83140000.0,56522000.0,-25673000.0,4.41,2.389,401935000.0,67387000.0,334548000.0,401935000.0,48907000.0,7571000.0,0.0,0.0,0.0,-20490000.0,-12919000.0,-0.152,-12919000.0,-20490000.0,-25423000.0,-0.28,-0.28,-0.28,210623000.0,,210623000.0,1568010785.0,-13.0,-16.891,-34553000.0,-0.378,1.0,28494000.0,0.335,81821000.0,4933000.0,839238000.0,,16770000.0,315187000.0,315187000.0,0.0,503117000.0,111476000.0,391641000.0,1193647785.0,19380000.0,0.0,2134000.0,-36426000.0,0.0,-34292000.0,82729000.0,88285000.0,-28997000.0,-60000.0,-25673000.0,-25673000.0,-25673000.0,0.0,0.0,-0.302,54463000.0,-25969000.0,3658000.0,0.0,5.667,-8.122,-8.012,132345000.0,0.0,13.06,4.36,4.363,64747000.0,-1082666000.0,85016000.0,85016000.0,37492000.0,,,,,6861000.0,16735000.0,1.0,91397227.0,91454000,91454000.0,0.93,631919000.0,0.0,250000.0,0.0,6.91,380101000.0
58,NKTR,MRQ,2006-12-31,2006-12-31,2006-12-31,2021-08-06,62000.0,768177000.0,,535039000.0,233138000.0,,2.509,-6501000.0,63760000.0,63760000.0,41142000.0,-38855000.0,3.231,2.383,438123000.0,103364000.0,334759000.0,438123000.0,40106000.0,7810000.0,0.0,0.0,0.0,-32569000.0,-24759000.0,-0.354,-24759000.0,-32569000.0,-38027000.0,-0.43,-0.43,-0.43,227060000.0,,227060000.0,1653799654.0,-12.0,-16.599,-32468000.0,-0.359,1.0,28762000.0,0.411,82057000.0,5458000.0,894901000.0,,14656000.0,403217000.0,394880000.0,8337000.0,541117000.0,165582000.0,375535000.0,1373396654.0,-93908000.0,0.0,10201000.0,-2671000.0,0.0,7530000.0,-75013000.0,-68512000.0,-25967000.0,-458000.0,-38855000.0,-38855000.0,-38855000.0,0.0,0.0,-0.556,68924000.0,-40162000.0,7205000.0,0.0,6.049,-8.874,-8.843,133812000.0,0.0,15.21,6.308,6.273,47148000.0,-1056993000.0,69904000.0,69904000.0,42521000.0,,,,,4440000.0,21480000.0,1.0,90295638.0,90506000,90506000.0,0.772,686120000.0,0.0,828000.0,0.0,7.581,369457000.0
59,NKTR,MRQ,2006-09-30,2006-09-30,2006-09-30,2021-08-06,471000.0,790020000.0,,546432000.0,243588000.0,,2.796,-4482000.0,157668000.0,157668000.0,31179000.0,-19604000.0,5.732,2.139,438071000.0,36630000.0,401441000.0,438071000.0,41344000.0,7150000.0,0.0,0.0,0.0,-14349000.0,-7199000.0,-0.123,-7199000.0,-14349000.0,-19604000.0,-0.22,-0.22,-0.22,251683000.0,,251683000.0,1582542368.0,-8.0,-9.526,232000.0,0.003,1.0,27453000.0,0.468,88262000.0,5255000.0,886832000.0,,15795000.0,333282000.0,323940000.0,9342000.0,538337000.0,95329000.0,443008000.0,1296341368.0,5679000.0,0.0,162000.0,-2923000.0,0.0,-2761000.0,3001000.0,7483000.0,4714000.0,725000.0,-19604000.0,-19604000.0,-19604000.0,0.0,0.0,-0.334,50135000.0,-22682000.0,6761000.0,0.0,5.151,-5.783,-5.651,136580000.0,0.0,14.41,7.174,7.179,31849000.0,-1018138000.0,58632000.0,58632000.0,36005000.0,,,,,3984000.0,13422000.0,1.0,89961233.0,90017000,90017000.0,0.651,701758000.0,0.0,0.0,0.0,7.796,451103000.0
60,NKTR,MRQ,2006-06-30,2006-06-30,2006-06-30,2021-08-06,-1409000.0,827145000.0,,572726000.0,254419000.0,,2.957,-6953000.0,151989000.0,151989000.0,36773000.0,-62831000.0,4.987,2.118,438190000.0,36588000.0,401602000.0,438190000.0,43207000.0,9941000.0,0.0,0.0,0.0,-57893000.0,-47952000.0,-0.796,-47952000.0,-57893000.0,-62831000.0,-0.7,-0.7,-0.7,265261000.0,,265261000.0,1817993855.0,-9.0,-10.386,-39697000.0,-0.443,1.0,23450000.0,0.389,88970000.0,4938000.0,909539000.0,,16247000.0,339150000.0,323931000.0,15219000.0,561884000.0,114837000.0,447047000.0,1641718855.0,-110039000.0,0.0,6152000.0,-4597000.0,0.0,1555000.0,-78889000.0,-71936000.0,-32744000.0,39000.0,-62831000.0,-62831000.0,-62831000.0,0.0,0.0,-1.043,86662000.0,-63212000.0,9772000.0,0.0,6.189,-7.19,-7.027,139152000.0,0.0,18.34,10.363,10.384,44640000.0,-998534000.0,60223000.0,60223000.0,40610000.0,,,,,14809000.0,27083000.0,1.0,89515750.0,89697000,89697000.0,0.671,738175000.0,0.0,0.0,0.0,8.23,457889000.0
61,NKTR,MRQ,2006-03-31,2006-03-31,2006-03-31,2021-08-06,-1734000.0,841538000.0,,549366000.0,292172000.0,,3.45,-4588000.0,262028000.0,262028000.0,8995000.0,-33471000.0,4.981,1.743,438303000.0,36547000.0,401756000.0,438303000.0,17130000.0,8608000.0,0.0,0.0,0.0,-28329000.0,-19721000.0,-0.681,-19721000.0,-28329000.0,-33471000.0,-0.38,-0.38,-0.38,306806000.0,,306806000.0,1992161419.0,-11.0,-13.59,-43306000.0,-0.487,1.0,19964000.0,0.689,90375000.0,5142000.0,817137000.0,,33180000.0,266089000.0,217488000.0,48601000.0,534732000.0,110301000.0,424431000.0,1815023419.0,755000.0,0.0,5744000.0,-297000.0,0.0,5447000.0,34021000.0,38609000.0,-38718000.0,5000.0,-33471000.0,-33471000.0,-33471000.0,0.0,0.0,-1.156,53138000.0,-33174000.0,14633000.0,0.0,5.916,-9.433,-9.139,140301000.0,0.0,20.38,14.32,14.299,17432000.0,-935703000.0,28959000.0,28959000.0,31401000.0,,,,,7749000.0,20373000.0,1.0,89059049.0,88926000,88926000.0,0.326,751163000.0,0.0,0.0,0.0,8.447,439065000.0
62,NKTR,MRQ,2005-12-31,2005-12-31,2005-12-31,2021-08-06,-1707000.0,858554000.0,,519843000.0,338711000.0,,3.728,-6694000.0,261273000.0,261273000.0,6915000.0,-108239000.0,7.47,1.627,438659000.0,536000.0,438123000.0,438659000.0,23861000.0,11943000.0,0.0,0.0,0.0,-103199000.0,-91256000.0,-2.775,-91256000.0,-103199000.0,-108376000.0,-1.25,-1.25,-1.25,326811000.0,,326811000.0,1523588476.0,-9.0,-10.446,-22819000.0,-0.26,1.0,25966000.0,0.79,91883000.0,5177000.0,874462000.0,,18627000.0,305150000.0,214928000.0,90222000.0,531743000.0,69595000.0,462148000.0,1442289476.0,-95944000.0,-30714000.0,593000.0,-534000.0,0.0,59000.0,-79844000.0,-42436000.0,-16125000.0,-34000.0,-108239000.0,-108239000.0,-108239000.0,0.0,0.0,-3.292,134690000.0,-108724000.0,16131000.0,0.0,4.413,-7.791,-7.656,142127000.0,0.0,16.46,11.421,11.199,12494000.0,-902232000.0,32881000.0,32881000.0,42338000.0,,,,,1948000.0,13659000.0,1.0,87623905.0,87667000,87667000.0,0.375,766671000.0,0.0,-137000.0,0.0,8.745,450248000.0
63,NKTR,MRQ,2005-09-30,2005-09-30,2005-09-30,2021-08-06,-1207000.0,946910000.0,,658209000.0,288701000.0,,5.034,-3208000.0,357217000.0,357217000.0,6125000.0,-23795000.0,13.763,1.181,438516000.0,444000.0,438072000.0,438516000.0,21767000.0,4690000.0,0.0,0.0,0.0,-20803000.0,-16113000.0,-0.443,-16113000.0,-20803000.0,-23795000.0,-0.28,-0.28,-0.28,434104000.0,,434104000.0,1571309895.0,-19.0,-25.485,-28568000.0,-0.331,1.0,30229000.0,0.832,133061000.0,2992000.0,847323000.0,,13152000.0,263111000.0,263111000.0,0.0,512806000.0,47825000.0,464981000.0,1446791895.0,286842000.0,0.0,35988000.0,234249000.0,0.0,270237000.0,41960000.0,45168000.0,-25360000.0,5000.0,-23795000.0,-23795000.0,-23795000.0,0.0,0.0,-0.655,53596000.0,-23367000.0,8708000.0,0.0,3.333,-15.048,-15.0,144716000.0,0.0,16.95,11.596,11.715,14551000.0,-793993000.0,36354000.0,36354000.0,38591000.0,,,,,524000.0,10948000.0,1.0,85356454.0,86228000,86228000.0,0.422,813849000.0,0.0,0.0,0.0,9.438,610384000.0
64,NKTR,MRQ,2005-06-30,2005-06-30,2005-06-30,2021-08-06,-867000.0,694055000.0,,411282000.0,282773000.0,,4.954,-3522000.0,70375000.0,70375000.0,5433000.0,-26912000.0,7.54,0.647,194893000.0,408000.0,194485000.0,194893000.0,27764000.0,4559000.0,0.0,0.0,0.0,-24056000.0,-19497000.0,-0.683,-19497000.0,-24056000.0,-26912000.0,-0.32,-0.32,-0.32,421324000.0,,421324000.0,1578750167.0,-20.0,-26.334,-25672000.0,-0.302,1.0,23117000.0,0.81,134188000.0,2856000.0,629841000.0,,12781000.0,308132000.0,308132000.0,0.0,272731000.0,54544000.0,218187000.0,1429966167.0,22859000.0,0.0,2856000.0,-452000.0,0.0,2404000.0,42614000.0,46136000.0,-22150000.0,-9000.0,-26912000.0,-26912000.0,-26912000.0,0.0,0.0,-0.943,49567000.0,-26450000.0,8461000.0,0.0,3.394,-15.409,-15.44,146371000.0,0.0,16.83,12.227,12.237,10448000.0,-770198000.0,28550000.0,28550000.0,35785000.0,,,,,542000.0,10135000.0,1.0,84965310.0,85040000,85040000.0,0.336,559867000.0,0.0,0.0,0.0,6.584,356738000.0
65,NKTR,MRQ,2005-03-31,2005-03-31,2005-03-31,2021-08-06,-1288000.0,714192000.0,,428847000.0,285345000.0,,5.242,-4531000.0,47516000.0,47516000.0,5255000.0,-26165000.0,8.329,0.609,196300000.0,1701000.0,194599000.0,196300000.0,28705000.0,4119000.0,0.0,0.0,0.0,-23105000.0,-18986000.0,-0.666,-18986000.0,-23105000.0,-26165000.0,-0.31,-0.31,-0.31,444010000.0,,444010000.0,1275796669.0,-17.0,-22.533,-18894000.0,-0.223,1.0,23239000.0,0.816,135314000.0,3060000.0,676171000.0,,10683000.0,353787000.0,353787000.0,0.0,270182000.0,51491000.0,218691000.0,1181146669.0,15452000.0,0.0,2987000.0,-838000.0,0.0,2149000.0,27673000.0,32204000.0,-14363000.0,-7000.0,-26165000.0,-26165000.0,-26165000.0,0.0,0.0,-0.918,47331000.0,-24092000.0,5117000.0,0.0,2.66,-13.414,-13.404,147726000.0,0.0,13.94,10.101,10.098,6333000.0,-743286000.0,28494000.0,28494000.0,34945000.0,,,,,493000.0,9110000.0,1.0,84730751.0,84708000,84708000.0,0.336,578878000.0,0.0,0.0,0.0,6.834,377356000.0
66,NKTR,MRQ,2004-12-31,2004-12-31,2004-12-31,2021-08-06,-356000.0,744921000.0,,279533000.0,465388000.0,,5.551,-6945000.0,32064000.0,32064000.0,6052000.0,-19270000.0,5.023,0.594,199049000.0,1532000.0,197517000.0,199049000.0,29890000.0,9360000.0,0.0,0.0,0.0,-16421000.0,-7061000.0,-0.225,-7061000.0,-16421000.0,-19565000.0,-0.22,-0.22,-0.22,467342000.0,,467342000.0,1806455354.0,-24.0,-30.99,-14350000.0,-0.17,1.0,25314000.0,0.807,136576000.0,3144000.0,719677000.0,,10691000.0,386676000.0,211670000.0,175006000.0,277579000.0,55653000.0,221926000.0,1699476354.0,5703000.0,0.0,4908000.0,2139000.0,0.0,7047000.0,6061000.0,13006000.0,-7405000.0,0.0,-19270000.0,-19270000.0,-19270000.0,0.0,0.0,-0.614,43713000.0,-18399000.0,7141000.0,0.0,3.636,-16.68,-15.569,151247000.0,0.0,20.24,14.872,13.897,12842000.0,-717121000.0,31366000.0,31366000.0,34047000.0,,,,,2305000.0,8686000.0,1.0,83966223.0,84194000,84194000.0,0.373,608345000.0,0.0,-295000.0,0.0,7.226,223880000.0
67,NKTR,MRQ,2004-09-30,2004-09-30,2004-09-30,2021-08-06,-387000.0,741103000.0,,450740000.0,290363000.0,,5.726,-6263000.0,92369000.0,92369000.0,4477000.0,-20452000.0,11.722,0.544,199348000.0,1651000.0,197697000.0,199348000.0,16070000.0,2786000.0,0.0,0.0,0.0,-17193000.0,-14407000.0,-0.505,-14407000.0,-17193000.0,-20452000.0,-0.24,-0.24,-0.24,480140000.0,,480140000.0,1383442607.0,-20.0,-24.259,-18766000.0,-0.224,1.0,24069000.0,0.843,137702000.0,3259000.0,671927000.0,,10474000.0,334544000.0,334544000.0,0.0,260963000.0,38453000.0,222510000.0,1213820607.0,-8765000.0,22450000.0,1995000.0,-4299000.0,0.0,-2304000.0,6042000.0,-10145000.0,-12503000.0,0.0,-20452000.0,-20452000.0,-20452000.0,0.0,0.0,-0.716,42897000.0,-18828000.0,4708000.0,0.0,2.528,-12.347,-10.126,150009000.0,0.0,14.48,11.184,11.188,5643000.0,-697851000.0,28546000.0,28546000.0,34534000.0,,,,,425000.0,7382000.0,1.0,83827390.0,83853000,83853000.0,0.34,603401000.0,0.0,0.0,0.0,7.196,412287000.0
68,NKTR,MRQ,2004-06-30,2004-06-30,2004-06-30,2021-08-06,-1017000.0,760919000.0,,461291000.0,299628000.0,,5.956,-6499000.0,36268000.0,36268000.0,6733000.0,-22164000.0,10.196,0.53,205890000.0,1469000.0,204421000.0,205890000.0,21679000.0,3013000.0,0.0,0.0,0.0,-19177000.0,-16164000.0,-0.567,-16164000.0,-19177000.0,-22164000.0,-0.27,-0.27,-0.27,497361000.0,,497361000.0,1701206510.0,-26.0,-32.608,-39325000.0,-0.471,1.0,21794000.0,0.764,138829000.0,2987000.0,746470000.0,,10318000.0,389003000.0,389003000.0,0.0,263558000.0,45242000.0,218316000.0,1667353510.0,-41048000.0,0.0,2243000.0,-787000.0,0.0,1456000.0,-9678000.0,-3179000.0,-32826000.0,0.0,-22164000.0,-22164000.0,-22164000.0,0.0,0.0,-0.777,42703000.0,-20909000.0,5069000.0,0.0,3.352,-17.539,-13.307,157615000.0,0.0,19.96,15.534,15.527,18944000.0,-677399000.0,28527000.0,28527000.0,33650000.0,,,,,496000.0,8072000.0,1.0,83534745.0,83501000,83501000.0,0.342,622090000.0,0.0,0.0,0.0,7.45,416049000.0
69,NKTR,MRQ,2004-03-31,2004-03-31,2004-03-31,2021-08-06,1354000.0,787135000.0,,489773000.0,297362000.0,,8.223,-7487000.0,180669000.0,180669000.0,2536000.0,-40000000.0,9.887,0.541,214522000.0,1743000.0,212779000.0,214522000.0,21783000.0,2852000.0,0.0,0.0,0.0,-23511000.0,-20659000.0,-0.8,-20659000.0,-23511000.0,-39868000.0,-0.64,-0.64,-0.64,510939000.0,,510939000.0,1555531959.0,-29.0,-37.044,-32895000.0,-0.529,1.0,23295000.0,0.902,139956000.0,16357000.0,631494000.0,,0.0,286741000.0,286741000.0,0.0,276196000.0,49538000.0,226658000.0,1226278959.0,31728000.0,0.0,202216000.0,-1001000.0,0.0,201215000.0,-144079000.0,-136592000.0,-25408000.0,0.0,-40000000.0,-40000000.0,-40000000.0,0.0,0.0,-1.549,39101000.0,-15806000.0,9362000.0,0.0,2.4,-14.269,-14.74,154023000.0,0.0,21.52,11.508,12.549,3563000.0,-655235000.0,25831000.0,25831000.0,31292000.0,,,,,481000.0,6828000.0,1.0,56983223.0,62139000,62139000.0,0.416,647179000.0,0.0,132000.0,0.0,10.415,440235000.0
70,NKTR,MRQ,2003-12-31,2003-12-31,2003-12-31,2021-08-06,958000.0,616788000.0,,306498000.0,310290000.0,,2.925,-8118000.0,44446000.0,44446000.0,2807000.0,-15696000.0,6.541,2.757,393303000.0,1629000.0,391674000.0,393303000.0,18719000.0,3484000.0,0.0,0.0,0.0,-9283000.0,-5799000.0,-0.226,-5799000.0,-9283000.0,-15527000.0,-0.28,-0.28,-0.28,164191000.0,,164191000.0,1137418430.0,-25.0,-33.341,-20728000.0,-0.369,1.0,22817000.0,0.89,141083000.0,6244000.0,777705000.0,,8559000.0,253963000.0,241521000.0,12442000.0,452597000.0,46857000.0,405740000.0,763831430.0,3001000.0,0.0,1106000.0,4844000.0,0.0,5950000.0,9661000.0,17779000.0,-12610000.0,0.0,-15696000.0,-15696000.0,-15696000.0,0.0,0.0,-0.613,41296000.0,-18479000.0,8074000.0,0.0,4.652,-11.593,-11.534,149388000.0,0.0,13.61,7.189,7.15,6153000.0,-615235000.0,25624000.0,25624000.0,25851000.0,,,,,748000.0,14462000.0,1.0,56122809.0,56127000,56127000.0,0.457,475705000.0,0.0,169000.0,0.0,8.476,259641000.0
71,NKTR,MRQ,2003-09-30,2003-09-30,2003-09-30,2021-08-06,1004000.0,632925000.0,,326841000.0,306084000.0,,2.84,-4626000.0,51397000.0,51397000.0,3541000.0,-17206000.0,6.697,2.991,424984000.0,5792000.0,419192000.0,424984000.0,15269000.0,2875000.0,0.0,0.0,0.0,-12425000.0,-9550000.0,-0.349,-9550000.0,-12425000.0,-17206000.0,-0.31,-0.31,-0.31,158594000.0,,158594000.0,1024844605.0,-16.0,-20.099,-16099000.0,-0.288,1.0,23816000.0,0.871,142209000.0,4781000.0,815501000.0,,0.0,262500000.0,252793000.0,9707000.0,474331000.0,48802000.0,425529000.0,714230605.0,-48799000.0,0.0,967000.0,12383000.0,0.0,13550000.0,-50876000.0,-46250000.0,-11473000.0,0.0,-17206000.0,-17206000.0,-17206000.0,0.0,0.0,-0.629,37949000.0,-14133000.0,6522000.0,0.0,4.504,-8.789,-8.767,145037000.0,0.0,12.8,6.917,6.921,8724000.0,-599539000.0,27357000.0,27357000.0,31777000.0,,,,,79000.0,5190000.0,1.0,55799266.0,55837000,55837000.0,0.49,490716000.0,0.0,0.0,0.0,8.788,278039000.0
72,NKTR,MRQ,2003-06-30,2003-06-30,2003-06-30,2021-08-06,1280000.0,634496000.0,,329653000.0,304843000.0,,3.135,-3579000.0,100196000.0,100196000.0,3708000.0,-13039000.0,7.343,2.632,410810000.0,1118000.0,409692000.0,410810000.0,14320000.0,2906000.0,0.0,0.0,0.0,-8889000.0,-5983000.0,-0.216,-5983000.0,-8889000.0,-13039000.0,-0.23,-0.23,-0.23,174672000.0,,174672000.0,820858773.0,-11.0,-13.636,-15792000.0,-0.283,1.0,24040000.0,0.866,143336000.0,4150000.0,756880000.0,,0.0,216874000.0,208075000.0,8799000.0,459824000.0,44894000.0,414930000.0,510685773.0,78670000.0,0.0,169000.0,81873000.0,0.0,81842000.0,9041000.0,12620000.0,-12213000.0,0.0,-13039000.0,-13039000.0,-13039000.0,0.0,0.0,-0.47,38643000.0,-14603000.0,4903000.0,0.0,2.924,-5.638,-5.626,143439000.0,0.0,9.17,5.152,5.154,8847000.0,-582333000.0,27748000.0,27748000.0,32380000.0,,,,,96000.0,5136000.0,1.0,55690924.0,55718000,55718000.0,0.498,491160000.0,0.0,0.0,0.0,8.815,284759000.0
73,NKTR,MRQ,2003-03-31,2003-03-31,2003-03-31,2021-08-06,1478000.0,563944000.0,,270437000.0,293507000.0,,3.369,-2331000.0,21526000.0,21526000.0,4622000.0,-19949000.0,6.576,2.01,331699000.0,1062000.0,330637000.0,331699000.0,8322000.0,3014000.0,0.0,0.0,0.0,-15797000.0,-12783000.0,-0.501,-12783000.0,-15797000.0,-19949000.0,-0.36,-0.36,-0.36,187335000.0,,187335000.0,648903388.0,-8.0,-9.017,-42236000.0,-0.76,1.0,20906000.0,0.819,144463000.0,4152000.0,688530000.0,,0.0,229986000.0,229986000.0,0.0,376609000.0,41124000.0,335485000.0,351763388.0,-13353000.0,0.0,312000.0,-354000.0,0.0,-42000.0,26594000.0,28925000.0,-39905000.0,0.0,-19949000.0,-19949000.0,-19949000.0,0.0,0.0,-0.781,38446000.0,-17540000.0,6593000.0,0.0,1.878,-3.436,-3.416,142706000.0,0.0,6.32,3.757,3.753,6775000.0,-569294000.0,25528000.0,25528000.0,32141000.0,,,,,133000.0,5178000.0,1.0,55658764.0,55601000,55601000.0,0.459,419481000.0,0.0,0.0,0.0,7.544,229313000.0
74,NKTR,MRQ,2002-12-31,2002-12-31,2002-12-31,2021-08-06,1668000.0,606638000.0,,310989000.0,295649000.0,,3.729,-4251000.0,34879000.0,34879000.0,1517000.0,-31074000.0,4.885,1.934,332485000.0,1474000.0,331011000.0,332485000.0,22040000.0,2944000.0,0.0,0.0,0.0,-25617000.0,-22673000.0,-1.002,-22673000.0,-25617000.0,-31074000.0,-0.56,-0.56,-0.56,206770000.0,,206770000.0,735585133.0,-8.0,-9.56,-16946000.0,-0.306,1.0,21113000.0,0.933,145590000.0,5457000.0,694989000.0,,0.0,259090000.0,259090000.0,0.0,399868000.0,63665000.0,336203000.0,447815133.0,-13749000.0,0.0,65000.0,-1850000.0,0.0,-1785000.0,731000.0,4982000.0,-12695000.0,0.0,-31074000.0,-31074000.0,-31074000.0,0.0,0.0,-1.373,49089000.0,-27976000.0,8655000.0,0.0,2.166,-4.167,-4.165,143452000.0,0.0,8.08,4.722,4.71,4370000.0,-549345000.0,22630000.0,22630000.0,30966000.0,,,,,900000.0,16997000.0,1.0,55422665.0,55450000,55450000.0,0.408,461048000.0,0.0,0.0,0.0,8.315,247324000.0
75,NKTR,MRQ,2002-09-30,2002-09-30,2002-09-30,2021-08-06,1535000.0,626534000.0,,329397000.0,297137000.0,,4.278,-1717000.0,44676000.0,44676000.0,1940000.0,-26521000.0,6.47,1.648,332446000.0,956000.0,331490000.0,332446000.0,16413000.0,3557000.0,0.0,0.0,0.0,-22316000.0,-18759000.0,-0.808,-18759000.0,-22316000.0,-26521000.0,-0.48,-0.48,-0.48,236649000.0,,236649000.0,583906856.0,-6.0,-7.855,-24846000.0,-0.449,1.0,21278000.0,0.916,146716000.0,4205000.0,716678000.0,,0.0,268930000.0,268877000.0,53000.0,389885000.0,50910000.0,338975000.0,277677856.0,19048000.0,1901000.0,-1000.0,322000.0,0.0,321000.0,41856000.0,41672000.0,-23129000.0,0.0,-26521000.0,-26521000.0,-26521000.0,0.0,0.0,-1.142,45861000.0,-24583000.0,5198000.0,0.0,1.173,-2.465,-2.485,142191000.0,0.0,5.02,2.881,2.881,3710000.0,-518271000.0,23218000.0,23218000.0,38183000.0,,,,,403000.0,6551000.0,1.0,55314314.0,55316000,55316000.0,0.42,479818000.0,0.0,0.0,0.0,8.674,278487000.0
76,NKTR,MRQ,2002-06-30,2002-06-30,2002-06-30,2021-08-06,1290000.0,657005000.0,,354290000.0,302715000.0,,4.748,-5600000.0,25628000.0,25628000.0,1673000.0,-24817000.0,6.126,1.506,331857000.0,904000.0,330953000.0,331857000.0,20656000.0,3033000.0,0.0,0.0,0.0,-20786000.0,-17753000.0,-0.798,-17753000.0,-20786000.0,-24817000.0,-0.45,-0.45,-0.45,262172000.0,,262172000.0,804791103.0,-8.0,-11.77,-25722000.0,-0.466,1.0,20578000.0,0.925,149744000.0,4031000.0,755655000.0,,0.0,310601000.0,310272000.0,329000.0,394833000.0,57835000.0,336998000.0,523843103.0,-25101000.0,1542000.0,123000.0,90000.0,0.0,213000.0,-5192000.0,-1134000.0,-20122000.0,0.0,-24817000.0,-24817000.0,-24817000.0,0.0,0.0,-1.115,43253000.0,-22675000.0,6929000.0,0.0,1.998,-4.634,-4.675,144031000.0,0.0,9.49,5.481,5.483,4848000.0,-491750000.0,22251000.0,22251000.0,36551000.0,,,,,417000.0,5575000.0,1.0,55199484.0,55216000,55216000.0,0.403,507261000.0,0.0,0.0,0.0,9.187,296455000.0
77,NKTR,MRQ,2002-03-31,2002-03-31,2002-03-31,2021-08-06,-647000.0,680788000.0,,374168000.0,306620000.0,,5.155,-4720000.0,50729000.0,50729000.0,1890000.0,-25056000.0,6.301,1.395,331677000.0,855000.0,330822000.0,331677000.0,20116000.0,3111000.0,0.0,0.0,0.0,-20867000.0,-17756000.0,-0.664,-17756000.0,-20867000.0,-25056000.0,-0.45,-0.45,-0.45,284249000.0,,284249000.0,879071756.0,-5.0,-6.02,-23749000.0,-0.431,1.0,24856000.0,0.929,152706000.0,4189000.0,749651000.0,,0.0,308315000.0,307724000.0,591000.0,396539000.0,59379000.0,337160000.0,579334756.0,19915000.0,0.0,254000.0,-279000.0,0.0,39975000.0,-1031000.0,3689000.0,-19029000.0,0.0,-25056000.0,-25056000.0,-25056000.0,0.0,0.0,-0.937,48435000.0,-23579000.0,6203000.0,0.0,2.038,-2.986,-2.906,143961000.0,0.0,10.55,6.429,6.456,4478000.0,-466933000.0,26746000.0,26746000.0,41927000.0,,,,,205000.0,5381000.0,1.0,54913247.0,55143000,55143000.0,0.485,528082000.0,0.0,0.0,0.0,9.577,314789000.0
78,NKTR,MRQ,2001-12-31,2001-12-31,2001-12-31,2021-08-06,1069000.0,667241000.0,,360841000.0,306400000.0,,4.914,-7762000.0,30814000.0,30814000.0,2190000.0,-36252000.0,6.095,1.468,331865000.0,807000.0,331058000.0,331865000.0,17073000.0,12132000.0,0.0,0.0,0.0,-32196000.0,-20064000.0,-0.83,-20064000.0,-32196000.0,-36252000.0,-0.64,-0.64,-0.64,270313000.0,,270313000.0,1318377732.0,-6.0,-6.544,-15520000.0,-0.282,1.0,21977000.0,0.909,153833000.0,4056000.0,755260000.0,,0.0,314263000.0,313542000.0,721000.0,396928000.0,59199000.0,337729000.0,1018640732.0,814000.0,0.0,974000.0,2038000.0,0.0,3012000.0,5560000.0,13322000.0,-7758000.0,0.0,-36252000.0,-36252000.0,-36252000.0,0.0,0.0,-1.5,54782000.0,-32805000.0,7685000.0,0.0,3.768,-4.074,-3.938,142352000.0,0.0,18.55,13.149,12.724,4487000.0,-441877000.0,24167000.0,24167000.0,41109000.0,,,,,310000.0,4661000.0,1.0,54913247.0,55005000,55005000.0,0.439,513408000.0,0.0,0.0,0.0,9.334,301642000.0
79,NKTR,MRQ,2001-09-30,2001-09-30,2001-09-30,2021-08-06,-1629000.0,685683000.0,,369452000.0,316231000.0,,5.517,-8273000.0,30000000.0,30000000.0,1979000.0,-26921000.0,8.226,1.266,329737000.0,977000.0,328760000.0,329737000.0,7774000.0,10593000.0,0.0,0.0,0.0,-23394000.0,-12801000.0,-0.571,-12801000.0,-23394000.0,-26921000.0,-0.49,-0.49,-0.49,302583000.0,,302583000.0,832978932.0,-4.0,-4.241,-37694000.0,-0.687,1.0,20426000.0,0.912,162631000.0,3527000.0,777877000.0,,0.0,324346000.0,323382000.0,964000.0,383100000.0,44912000.0,338188000.0,729659932.0,-193142000.0,0.0,461000.0,3480000.0,0.0,3941000.0,-167662000.0,-159389000.0,-29421000.0,0.0,-26921000.0,-26921000.0,-26921000.0,0.0,0.0,-1.202,48917000.0,-28491000.0,36161000.0,0.0,2.411,-2.88,-2.644,138837000.0,0.0,13.3,10.981,10.978,5321000.0,-405625000.0,22405000.0,22405000.0,34212000.0,,,,,163000.0,5762000.0,1.0,54861649.0,54845000,54845000.0,0.409,523052000.0,0.0,0.0,0.0,9.537,324540000.0
80,NKTR,MRQ,2001-06-30,2001-06-30,2001-06-30,2021-08-06,-1677000.0,722695000.0,,401684000.0,321011000.0,,6.372,-8167000.0,223142000.0,223142000.0,0.0,-105794000.0,6.838,1.198,326461000.0,977000.0,325484000.0,326461000.0,19045000.0,7275000.0,0.0,0.0,0.0,-102684000.0,-95409000.0,-5.679,-95409000.0,-102684000.0,-105794000.0,-2.05,-2.05,-2.05,328832000.0,,328832000.0,1423482479.0,-7.0,-7.161,-8909000.0,-0.173,1.0,16799000.0,1.0,171006000.0,3110000.0,596262000.0,,0.0,164909000.0,162525000.0,2384000.0,393863000.0,58746000.0,335117000.0,1184607479.0,143100000.0,-67246000.0,1795000.0,7533000.0,0.0,9328000.0,134514000.0,209927000.0,-742000.0,0.0,-105794000.0,-105794000.0,-105794000.0,0.0,0.0,-6.298,126535000.0,-109736000.0,38724000.0,0.0,3.602,-4.943,-4.742,133341000.0,0.0,23.0,20.388,20.429,10390000.0,-378704000.0,16799000.0,16799000.0,34059000.0,,,,,506000.0,4420000.0,1.0,51504673.0,51607000,51607000.0,0.326,551689000.0,0.0,0.0,0.0,10.69,342938000.0
81,NKTR,MRQ,2001-03-31,2001-03-31,2001-03-31,2021-08-06,770000.0,687143000.0,,464897000.0,222246000.0,,6.275,-10119000.0,80042000.0,80042000.0,0.0,-81041000.0,11.778,1.144,318917000.0,977000.0,317940000.0,318917000.0,10144000.0,5126000.0,0.0,0.0,0.0,-78304000.0,-73178000.0,-5.191,-73178000.0,-78304000.0,-81041000.0,-1.59,-1.59,-1.59,320532000.0,,320532000.0,1283515694.0,-10.0,-10.611,-22972000.0,-0.45,1.0,14097000.0,1.0,87888000.0,2737000.0,798658000.0,,0.0,377283000.0,373839000.0,3444000.0,366611000.0,39472000.0,327139000.0,1099242694.0,-55970000.0,-14805000.0,2819000.0,3513000.0,0.0,6332000.0,-49449000.0,-24525000.0,-12853000.0,0.0,-81041000.0,-81041000.0,-81041000.0,0.0,0.0,-5.749,100028000.0,-85931000.0,28351000.0,0.0,3.429,-7.347,-6.723,119867000.0,0.0,21.38,19.952,19.822,3333000.0,-272910000.0,14097000.0,14097000.0,30271000.0,,,,,506000.0,4018000.0,1.0,51414532.0,51078000,51078000.0,0.276,599255000.0,0.0,0.0,0.0,11.732,425425000.0
82,NKTR,MRQ,2000-12-31,2000-12-31,2000-12-31,2021-08-06,5981000.0,629540000.0,,493043000.0,136497000.0,,6.072,-13107000.0,136012000.0,136012000.0,0.0,-39609000.0,16.324,1.265,315395000.0,977000.0,314418000.0,315395000.0,4913000.0,7552000.0,0.0,0.0,0.0,-22558000.0,-15006000.0,-1.141,-15006000.0,-22558000.0,-39609000.0,-0.9,-0.9,-0.9,277883000.0,,277883000.0,2434314105.0,-29.0,-31.324,-16193000.0,-0.354,1.0,13146000.0,1.0,4969000.0,17051000.0,773751000.0,,0.0,357969000.0,348829000.0,9140000.0,351657000.0,30203000.0,321454000.0,2284782105.0,42917000.0,0.0,3969000.0,239026000.0,0.0,219490000.0,-173487000.0,-159341000.0,-3086000.0,0.0,-39609000.0,-39609000.0,-39609000.0,0.0,0.0,-3.013,30983000.0,-17837000.0,6501000.0,0.0,8.222,-23.457,-21.767,110457000.0,0.0,50.5,44.254,41.08,583000.0,-191869000.0,13146000.0,13146000.0,26547000.0,,,,,5961000.0,4236000.0,1.0,45243210.0,45766000,45766000.0,0.287,624571000.0,0.0,0.0,0.0,13.647,462840000.0
83,NKTR,MRQ,2000-09-30,2000-09-30,2000-09-30,2021-08-06,11772000.0,420325000.0,,288644000.0,131681000.0,,3.648,-12095000.0,93095000.0,93095000.0,0.0,-13215000.0,13.413,1.726,242627000.0,0.0,242627000.0,242627000.0,4361000.0,0.0,0.0,0.0,0.0,-15186000.0,-15186000.0,-1.08,-15186000.0,-15186000.0,-13215000.0,-0.31,-0.31,-0.31,154169000.0,,154169000.0,2532817468.0,-34.0,-37.083,-31439000.0,-0.744,1.0,14061000.0,1.0,0.0,-1971000.0,548338000.0,,0.0,204133000.0,187819000.0,16314000.0,266156000.0,21519000.0,244637000.0,2378956468.0,4320000.0,0.0,3166000.0,-1000.0,0.0,2940000.0,20724000.0,32696000.0,-19344000.0,0.0,-13215000.0,-13215000.0,-13215000.0,0.0,0.0,-0.94,29999000.0,-15938000.0,17158000.0,0.0,15.431,-30.512,-27.637,101472000.0,0.0,56.38,46.143,46.221,1942000.0,-152260000.0,14061000.0,14061000.0,26739000.0,,,,,0.0,3066000.0,1.0,42195042.0,42266000,42266000.0,0.333,420325000.0,0.0,0.0,0.0,9.945,267125000.0
84,NKTR,MRQ,2000-06-30,2000-06-30,2000-06-30,2021-08-06,8095000.0,434361000.0,,317145000.0,117216000.0,,3.8,-17357000.0,88775000.0,88775000.0,0.0,-15747000.0,10.399,1.727,242636000.0,0.0,242636000.0,242636000.0,8609000.0,0.0,0.0,0.0,0.0,-17593000.0,-17593000.0,-1.276,-17593000.0,-17593000.0,-15747000.0,-0.38,-0.38,-0.38,159296000.0,,159296000.0,2238165410.0,-33.0,-36.843,-28779000.0,-0.687,1.0,13789000.0,1.0,0.0,-1846000.0,557724000.0,,0.0,233444000.0,220672000.0,12772000.0,275065000.0,30498000.0,244567000.0,2123298410.0,-41003000.0,0.0,2805000.0,-9000.0,0.0,2408000.0,-31989000.0,-14431000.0,-11422000.0,0.0,-15747000.0,-15747000.0,-15747000.0,0.0,0.0,-1.142,31382000.0,-17593000.0,21889000.0,0.0,13.329,-29.573,-26.152,91065000.0,0.0,50.735,44.122,44.195,2321000.0,-139045000.0,13789000.0,13789000.0,25809000.0,,,,,0.0,3095000.0,1.0,41850762.0,41920000,41920000.0,0.329,434361000.0,0.0,0.0,0.0,10.362,286647000.0
85,NKTR,MRQ,2000-03-31,2000-03-31,2000-03-31,2021-08-06,9703000.0,448292000.0,,344283000.0,104009000.0,,4.462,-13583000.0,129778000.0,129778000.0,0.0,-28832000.0,10.776,1.639,244645000.0,0.0,244645000.0,244645000.0,8211000.0,0.0,0.0,0.0,0.0,-26301000.0,-26301000.0,-2.474,-26301000.0,-26301000.0,-28832000.0,-0.76,-0.76,-0.76,169875000.0,,169875000.0,1613794906.0,-29.0,-32.389,-15473000.0,-0.406,1.0,10633000.0,1.0,0.0,2531000.0,531211000.0,,0.0,220614000.0,205940000.0,14674000.0,278417000.0,31948000.0,246469000.0,1533834906.0,96348000.0,0.0,7382000.0,222421000.0,0.0,213234000.0,-114996000.0,-101298000.0,-1890000.0,0.0,-28832000.0,-28832000.0,-28832000.0,0.0,0.0,-2.712,25404000.0,-14771000.0,23737000.0,0.0,9.029,-24.717,-21.47,76066000.0,0.0,37.25,34.694,32.074,682000.0,-123298000.0,10633000.0,10633000.0,21683000.0,,,,,0.0,3535000.0,1.0,41176776.0,38068000,38068000.0,0.279,448292000.0,0.0,0.0,0.0,11.776,312335000.0
86,NKTR,MRQ,1999-12-31,1999-12-31,1999-12-31,2021-08-06,1469000.0,226806000.0,,147318000.0,79488000.0,,2.525,-10104000.0,33430000.0,33430000.0,0.0,-20174000.0,5.874,1.618,113390000.0,45000.0,113345000.0,113390000.0,4811000.0,6649000.0,0.0,0.0,0.0,-15871000.0,-9222000.0,-0.705,-9222000.0,-15871000.0,-20174000.0,-0.59,-0.59,-0.59,86629000.0,,86629000.0,710710719.0,-20.0,-23.91,-10080000.0,-0.294,1.0,13073000.0,1.0,0.0,4303000.0,281687000.0,,0.0,111083000.0,104755000.0,6328000.0,140177000.0,25079000.0,115098000.0,725090719.0,14146000.0,0.0,211000.0,104788000.0,0.0,104999000.0,-90877000.0,-65485000.0,24000.0,0.0,-20174000.0,-20174000.0,-20174000.0,0.0,0.0,-1.543,33055000.0,-19982000.0,13374000.0,0.0,8.37,-18.859,-18.832,63852000.0,0.0,21.28,17.532,17.502,1756000.0,-94466000.0,13073000.0,13073000.0,20622000.0,,,,,1163000.0,2495000.0,1.0,34073812.0,34304000,34304000.0,0.381,226806000.0,0.0,0.0,0.0,6.612,122239000.0
87,NKTR,MRQ,1999-09-30,1999-09-30,1999-09-30,2021-08-06,-53000.0,121369000.0,,64466000.0,56903000.0,,2.916,-473000.0,19284000.0,19284000.0,0.0,-7045000.0,4.022,0.224,4904000.0,0.0,4904000.0,4904000.0,4216000.0,0.0,0.0,0.0,0.0,-7633000.0,-7633000.0,-0.718,-7633000.0,-7633000.0,-7045000.0,-0.21,-0.21,-0.21,99145000.0,,99145000.0,506199717.0,-20.0,-22.97,-919000.0,-0.027,1.0,10628000.0,1.0,0.0,-588000.0,90961000.0,,0.0,39077000.0,39077000.0,0.0,22224000.0,16028000.0,6196000.0,515953717.0,4613000.0,0.0,965000.0,-21000.0,0.0,944000.0,4115000.0,4588000.0,-446000.0,0.0,-7045000.0,-7045000.0,-7045000.0,0.0,0.0,-0.663,18261000.0,-7633000.0,11812000.0,0.0,5.204,-20.983,-20.667,56810000.0,0.0,15.19,14.889,14.904,1167000.0,-74290000.0,10628000.0,10628000.0,16084000.0,,,,,0.0,2177000.0,1.0,33966670.0,34000000,34000000.0,0.313,121369000.0,0.0,0.0,0.0,3.57,48438000.0
88,NKTR,MRQ,1999-06-30,1999-06-30,1999-06-30,2021-08-06,-100000.0,126688000.0,,72459000.0,54229000.0,,3.1,-4181000.0,14671000.0,14671000.0,0.0,-6006000.0,4.636,0.206,4917000.0,0.0,4917000.0,4917000.0,3163000.0,0.0,0.0,0.0,0.0,-6669000.0,-6669000.0,-0.675,-6669000.0,-6669000.0,-6006000.0,-0.175,-0.175,-0.175,105082000.0,,105082000.0,390270877.0,-17.0,-20.069,-15507000.0,-0.457,1.0,9877000.0,1.0,0.0,-663000.0,101303000.0,,0.0,43618000.0,43618000.0,0.0,21606000.0,15631000.0,5975000.0,403368877.0,-3352000.0,0.0,298000.0,-9000.0,0.0,289000.0,7685000.0,11866000.0,-11326000.0,0.0,-6006000.0,-6006000.0,-6006000.0,0.0,0.0,-0.608,16546000.0,-6669000.0,12468000.0,0.0,3.839,-17.859,-17.38,54136000.0,0.0,11.905,13.954,13.962,13632000.0,-67246000.0,9877000.0,9877000.0,14613000.0,,,,,0.0,1933000.0,1.0,33882308.0,33902000,33902000.0,0.291,126688000.0,0.0,0.0,0.0,3.737,56828000.0
89,NKTR,MRQ,1999-03-31,1999-03-31,1999-03-31,2021-08-06,-32000.0,131349000.0,,76807000.0,54542000.0,,3.272,-5744000.0,18023000.0,18023000.0,0.0,-5223000.0,5.24,0.186,4925000.0,0.0,4925000.0,4925000.0,3755000.0,0.0,0.0,0.0,0.0,-5105000.0,-5105000.0,-0.656,-5105000.0,-5105000.0,-5223000.0,-0.155,-0.155,-0.155,110778000.0,,110778000.0,439104170.0,-23.0,-28.099,-9330000.0,-0.276,1.0,7780000.0,1.0,0.0,118000.0,103594000.0,,0.0,55553000.0,55553000.0,0.0,20571000.0,14657000.0,5914000.0,459016170.0,-6893000.0,0.0,71000.0,-16000.0,0.0,55000.0,-3362000.0,2382000.0,-3586000.0,0.0,-5223000.0,-5223000.0,-5223000.0,0.0,0.0,-0.671,13980000.0,-6200000.0,10902000.0,0.0,4.144,-23.624,-22.6,54449000.0,0.0,13.56,17.854,17.857,0.0,-61241000.0,7780000.0,7780000.0,12716000.0,,,,,0.0,1264000.0,1.0,33850750.0,33858000,33858000.0,0.23,131349000.0,0.0,0.0,0.0,3.879,62150000.0
90,NKTR,MRQ,1998-12-31,1998-12-31,1998-12-31,2021-08-06,-19000.0,134496000.0,,84540000.0,49956000.0,,3.624,-13038000.0,24916000.0,24916000.0,0.0,-6315000.0,6.627,0.161,5004000.0,64000.0,4940000.0,5004000.0,4359000.0,3415000.0,0.0,0.0,0.0,-6045000.0,-2630000.0,-0.413,-2630000.0,-6045000.0,-6315000.0,-0.195,-0.195,-0.195,115881000.0,,115881000.0,504431335.0,-28.0,-34.383,-15418000.0,-0.482,1.0,6368000.0,1.0,0.0,270000.0,101828000.0,,0.0,57946000.0,57946000.0,0.0,18615000.0,12756000.0,5859000.0,517786335.0,7448000.0,0.0,35422000.0,-16000.0,0.0,35406000.0,-25578000.0,-12540000.0,-2380000.0,0.0,-6315000.0,-6315000.0,-6315000.0,0.0,0.0,-0.992,13213000.0,-6845000.0,3678000.0,0.0,4.468,-28.208,-28.448,49863000.0,0.0,16.5,23.757,23.8,1013000.0,-56018000.0,6368000.0,6368000.0,10595000.0,,,,,183000.0,2618000.0,1.0,31380990.0,31972000,31972000.0,0.199,134496000.0,0.0,0.0,0.0,4.207,71784000.0
91,NKTR,MRQ,1998-09-30,1998-09-30,1998-09-30,2021-08-06,0.0,102599000.0,,64537000.0,38062000.0,,2.756,-5388000.0,18312000.0,18312000.0,0.0,-5042000.0,6.225,0.187,4957000.0,0.0,4957000.0,4957000.0,5060000.0,0.0,0.0,0.0,0.0,-5042000.0,-5042000.0,-1.033,-5042000.0,-5042000.0,-5042000.0,-0.16,-0.16,-0.16,86425000.0,,86425000.0,415707328.0,-28.0,-29.195,-11416000.0,-0.364,1.0,4883000.0,1.0,0.0,0.0,78876000.0,,0.0,44552000.0,44552000.0,0.0,16174000.0,10368000.0,5806000.0,439214328.0,-10169000.0,0.0,-11000.0,-14000.0,0.0,-25000.0,-4116000.0,1272000.0,-6028000.0,0.0,-5042000.0,-5042000.0,-5042000.0,0.0,0.0,-1.033,10760000.0,-5877000.0,5308000.0,0.0,5.082,-29.221,-28.866,37918000.0,0.0,14.0,21.725,21.718,0.0,-49732000.0,4883000.0,4883000.0,8941000.0,,,,,0.0,1819000.0,1.0,31372452.0,31362000,31362000.0,0.156,102599000.0,0.0,0.0,0.0,3.271,54169000.0
92,NKTR,MRQ,1998-06-30,1998-06-30,1998-06-30,2021-08-06,0.0,110067000.0,,76557000.0,33510000.0,,2.917,-7384000.0,28481000.0,28481000.0,0.0,-2850000.0,5.853,0.206,4974000.0,0.0,4974000.0,4974000.0,3920000.0,0.0,0.0,0.0,0.0,-2850000.0,-2850000.0,-0.427,-2850000.0,-2850000.0,-2850000.0,-0.09,-0.09,-0.09,91233000.0,,91233000.0,380321492.0,-30.0,-37.152,-10035000.0,-0.321,1.0,6679000.0,1.0,0.0,0.0,73479000.0,,0.0,45824000.0,45824000.0,0.0,18834000.0,13081000.0,5753000.0,386630492.0,17084000.0,0.0,654000.0,-131000.0,0.0,523000.0,19212000.0,26596000.0,-2651000.0,0.0,-2850000.0,-2850000.0,-2850000.0,0.0,0.0,-0.427,10670000.0,-3991000.0,9161000.0,0.0,4.238,-30.588,-29.464,33408000.0,0.0,12.375,19.683,19.704,0.0,-44690000.0,6679000.0,6679000.0,8645000.0,,,,,0.0,2025000.0,1.0,31242868.0,31276000,31276000.0,0.214,110067000.0,0.0,0.0,0.0,3.519,63476000.0
93,NKTR,MRQ,1998-03-31,1998-03-31,1998-03-31,2021-08-06,0.0,113873000.0,,86980000.0,26893000.0,,3.004,-8774000.0,11397000.0,11397000.0,0.0,-4149000.0,5.94,0.218,5088000.0,0.0,5088000.0,5088000.0,6743000.0,0.0,0.0,0.0,0.0,-4149000.0,-4149000.0,-1.073,-4149000.0,-4149000.0,-4149000.0,-0.135,-0.135,-0.135,93529000.0,,93529000.0,412770532.0,-34.0,-42.62,-16938000.0,-0.544,1.0,3865000.0,1.0,0.0,0.0,92922000.0,,0.0,72443000.0,72443000.0,0.0,20344000.0,14642000.0,5702000.0,422533532.0,-3551000.0,0.0,651000.0,-20000.0,0.0,631000.0,3982000.0,12756000.0,-8164000.0,0.0,-4149000.0,-4149000.0,-4149000.0,0.0,0.0,-1.073,9142000.0,-5277000.0,7899000.0,0.0,4.518,-34.955,-32.675,26750000.0,0.0,13.56,24.947,24.928,0.0,-41817000.0,3865000.0,3865000.0,7217000.0,,,,,0.0,1925000.0,1.0,31160290.0,31136000,31136000.0,0.124,113873000.0,0.0,0.0,0.0,3.657,72338000.0
94,NKTR,MRQ,1997-12-31,1997-12-31,1997-12-31,2021-08-06,20000.0,119762000.0,,100925000.0,18837000.0,,3.254,-9065000.0,14104000.0,14104000.0,0.0,-2990000.0,5.897,0.233,5185000.0,83000.0,5102000.0,5185000.0,6686000.0,726000.0,0.0,0.0,0.0,-2924000.0,-2198000.0,-0.459,-2198000.0,-2924000.0,-2990000.0,-0.1,-0.1,-0.1,97093000.0,,97093000.0,,,,-2071000.0,-0.069,1.0,4790000.0,1.0,0.0,66000.0,93729000.0,,0.0,86069000.0,86069000.0,0.0,22669000.0,17114000.0,5555000.0,405083770.0,4477000.0,0.0,39593000.0,4960000.0,0.0,44553000.0,-47070000.0,-38005000.0,6994000.0,0.0,-2990000.0,-2990000.0,-2990000.0,0.0,0.0,-0.624,9089000.0,-4299000.0,5975000.0,0.0,4.172,-40.577,-36.111,18694000.0,0.0,13.0,24.93,22.069,0.0,-37662000.0,4790000.0,4790000.0,7005000.0,,,,,13000.0,2084000.0,1.0,31160290.0,29834000,29834000.0,0.161,119762000.0,0.0,0.0,0.0,4.014,83811000.0
95,NKTR,MRQ,1997-09-30,1997-09-30,1997-09-30,2021-08-06,,,,,,,,-4277000.0,,,0.0,-2651000.0,,,,,,,,1611000.0,,0.0,0.0,-2651000.0,-1040000.0,-0.241,-1040000.0,-2651000.0,-2651000.0,-0.095,-0.095,-0.095,,,,,,,-4559000.0,-0.166,1.0,4309000.0,1.0,,0.0,,,,,,,,,,,-23522000.0,0.0,1087000.0,-25000.0,0.0,1062000.0,-24302000.0,-20025000.0,-282000.0,0.0,-2651000.0,-2651000.0,-2651000.0,0.0,0.0,-0.615,7772000.0,-3463000.0,,0.0,,,,,0.0,15.69,,,,,4309000.0,4309000.0,6427000.0,,,,,88000.0,1345000.0,1.0,,27452000,27452000.0,0.157,,,0.0,,,
96,NKTR,MRQ,1997-06-30,1997-06-30,1997-06-30,2021-08-06,,,,,,,,-3021000.0,,,0.0,-2298000.0,,,,,,,,0.0,,0.0,0.0,-2298000.0,-2298000.0,-0.578,-2298000.0,-2298000.0,-2298000.0,-0.085,-0.085,-0.085,,,,,,,-6622000.0,-0.243,1.0,3973000.0,1.0,,0.0,,,,,,,,,,,-3513000.0,0.0,27000.0,-40000.0,0.0,-13000.0,101000.0,3122000.0,-3601000.0,0.0,-2298000.0,-2298000.0,-2298000.0,0.0,0.0,-0.578,7161000.0,-3188000.0,,0.0,,,,,0.0,12.375,,,,,3973000.0,3973000.0,5644000.0,,,,,0.0,1517000.0,1.0,,27296000,27296000.0,0.146,,,0.0,,,
97,NKTR,MRQ,1997-03-31,1997-03-31,1997-03-31,2021-08-06,,,,,,,,-898000.0,,,0.0,-2044000.0,,,,,,,,0.0,,0.0,0.0,-2044000.0,-2044000.0,-0.643,-2044000.0,-2044000.0,-2044000.0,-0.08,-0.08,-0.08,,,,,,,970000.0,0.038,1.0,3177000.0,1.0,,0.0,,,,,,,,,,,18094000.0,0.0,30575000.0,-63000.0,0.0,30512000.0,-14286000.0,-13388000.0,1868000.0,0.0,-2044000.0,-2044000.0,-2044000.0,0.0,0.0,-0.643,5951000.0,-2774000.0,,0.0,,,,,0.0,9.56,,,,,3177000.0,3177000.0,4569000.0,,,,,0.0,1382000.0,1.0,,25756000,25756000.0,0.123,,,0.0,,,
98,NKTR,MRQ,1996-12-31,1996-12-31,1996-12-31,2021-08-06,0.0,41492000.0,,37548000.0,3944000.0,,1.564,,18568000.0,18568000.0,,,6.013,0.183,353000.0,166000.0,187000.0,353000.0,2723000.0,,0.0,0.0,0.0,,,,,,,,,,35061000.0,,35061000.0,,,,,,1.0,,,0.0,,17033000.0,,0.0,17741000.0,17741000.0,0.0,6431000.0,6244000.0,187000.0,,,,,,,,,,,,,,,,,,,,1130000.0,,,,-17.182,3770000.0,,7.56,,24.594,0.0,-27691000.0,,,,,,,,,,1.0,,22414000,,,41492000.0,0.0,,0.0,1.851,31304000.0
0,NKTR,MRT,2021-06-30,2021-06-30,2021-06-30,2021-08-06,-3400000.0,1371351000.0,1468836250.0,1056148000.0,315203000.0,0.072,4.953,-9821000.0,152345000.0,152345000.0,23316000.0,-474275000.0,8.061,0.515,148434000.0,16776000.0,131658000.0,148434000.0,0.0,13580000.0,0.0,0.0,0.0,-473677000.0,-460097000.0,-4.362,-460097000.0,-473677000.0,-473677000.0,-2.63,-2.63,-2.63,904975000.0,1036939250.0,904975000.0,3128582423.0,-7.0,-6.8,-321116000.0,-1.758,1.0,82156000.0,0.779,76501000.0,0.0,1159916000.0,1279628750.0,14616000.0,905117000.0,847720000.0,57397000.0,466376000.0,131023000.0,335353000.0,3128422423.0,94139000.0,0.0,32799000.0,0.0,0.0,180549000.0,224818000.0,234639000.0,-311295000.0,67000.0,-474275000.0,-474275000.0,-474275000.0,0.0,0.0,-4.497,515524000.0,-433368000.0,19701000.0,0.0,3.457,-6.596,-6.525,180961000.0,0.0,17.16,29.661,29.724,28871000.0,-2557644000.0,105472000.0,105472000.0,400172000.0,-0.323,-0.457,-0.37,-4.491,93266000.0,115352000.0,1.0,182308999.0,182698000,182698000.0,0.577,1294850000.0,0.0,598000.0,0.0,7.087,925125000.0
1,NKTR,MRT,2021-03-31,2021-03-31,2021-03-31,2021-08-06,-3121000.0,1456561000.0,1524718000.0,1099051000.0,357510000.0,0.083,5.483,-9234000.0,150164000.0,150164000.0,21422000.0,-428756000.0,8.89,0.465,150324000.0,15768000.0,134556000.0,150324000.0,0.0,13223000.0,0.0,0.0,0.0,-427724000.0,-414501000.0,-3.29,-414501000.0,-427724000.0,-428371000.0,-2.39,-2.39,-2.39,994506000.0,1124755500.0,994506000.0,3594974260.0,-8.0,-8.673,-321531000.0,-1.773,1.0,104567000.0,0.83,76501000.0,647000.0,1256587000.0,1362896000.0,16808000.0,983245000.0,887152000.0,96093000.0,462055000.0,123633000.0,338422000.0,3643641260.0,-76871000.0,0.0,29425000.0,-250000000.0,0.0,-73575000.0,308904000.0,318138000.0,-312297000.0,97000.0,-428756000.0,-428756000.0,-428756000.0,0.0,0.0,-3.403,505439000.0,-400872000.0,22434000.0,0.0,3.664,-8.498,-8.368,183481000.0,0.0,20.0,28.92,28.791,29156000.0,-2432125000.0,125989000.0,125989000.0,395295000.0,-0.281,-0.381,-0.314,-3.395,92923000.0,110144000.0,1.0,182182063.0,181370000,181370000.0,0.695,1380060000.0,0.0,385000.0,0.0,7.609,975418000.0
2,NKTR,MRT,2020-12-31,2020-12-31,2020-12-31,2021-08-06,-2295000.0,1538767000.0,1632561000.0,1138005000.0,400762000.0,0.094,6.033,-7258000.0,198955000.0,198955000.0,19477000.0,-444440000.0,9.829,0.428,150288000.0,13915000.0,136373000.0,150288000.0,0.0,14182000.0,0.0,0.0,0.0,-437096000.0,-422914000.0,-2.766,-422914000.0,-437096000.0,-443947000.0,-2.49,-2.49,-2.49,1077295000.0,1200235500.0,1077295000.0,3148304322.0,-7.0,-7.444,-320545000.0,-1.795,1.0,133438000.0,0.873,76501000.0,6851000.0,1297820000.0,1453494250.0,15292000.0,999603000.0,862941000.0,136662000.0,461472000.0,115779000.0,345693000.0,3049777322.0,102592000.0,0.0,23396000.0,-250000000.0,0.0,-80354000.0,496213000.0,503471000.0,-313287000.0,20000.0,-444440000.0,-444440000.0,-444440000.0,0.0,0.0,-2.906,558549000.0,-425111000.0,22139000.0,0.0,2.831,-6.862,-6.827,186138000.0,0.0,17.0,19.944,19.853,38889000.0,-2309158000.0,152915000.0,152915000.0,408678000.0,-0.272,-0.37,-0.301,-2.858,94261000.0,104682000.0,1.0,179398666.0,178581000,178581000.0,0.856,1462266000.0,0.0,493000.0,0.0,8.188,1022226000.0
3,NKTR,MRT,2020-09-30,2020-09-30,2020-09-30,2021-08-06,-1080000.0,1508666000.0,1742208250.0,1043856000.0,464810000.0,0.094,6.539,-9175000.0,55843000.0,55843000.0,21143000.0,-439401000.0,8.252,0.288,154370000.0,15348000.0,139022000.0,154370000.0,3001000.0,14511000.0,0.0,0.0,0.0,-426479000.0,-411968000.0,-2.523,-411968000.0,-426479000.0,-438758000.0,-2.48,-2.48,-2.48,1170981000.0,1282259500.0,1170981000.0,3066513002.0,-7.0,-7.444,-349051000.0,-1.949,1.0,142172000.0,0.871,76501000.0,12279000.0,1404192000.0,1593723250.0,12892000.0,1097878000.0,900163000.0,197715000.0,337685000.0,126500000.0,211185000.0,2967947002.0,-25381000.0,0.0,25557000.0,-250000000.0,0.0,-224443000.0,538954000.0,548129000.0,-339876000.0,-16000.0,-439401000.0,-439401000.0,-439401000.0,0.0,0.0,-2.691,566200000.0,-424028000.0,15484000.0,0.0,2.535,-6.755,-6.69,189174000.0,0.0,16.59,18.173,18.192,42925000.0,-2191955000.0,163315000.0,163315000.0,416323000.0,-0.252,-0.343,-0.268,-2.611,97282000.0,104688000.0,1.0,178899759.0,179090000,179090000.0,0.912,1432165000.0,0.0,643000.0,0.0,7.997,917356000.0
4,NKTR,MRT,2020-06-30,2020-06-30,2020-06-30,2021-08-06,715000.0,1594878000.0,1887115250.0,1151968000.0,442910000.0,0.086,7.045,-12588000.0,58206000.0,58206000.0,20500000.0,-429400000.0,9.293,0.27,156772000.0,15139000.0,141633000.0,156772000.0,4281000.0,14716000.0,0.0,0.0,0.0,-410975000.0,-396259000.0,-2.439,-396259000.0,-410975000.0,-428679000.0,-2.43,-2.43,-2.43,1256240000.0,1361692000.0,1256240000.0,4307264088.0,-10.0,-10.87,-368430000.0,-2.066,1.0,142000000.0,0.874,76501000.0,17704000.0,1492985000.0,1794648500.0,12584000.0,1152357000.0,980191000.0,172166000.0,338638000.0,123958000.0,214680000.0,4122245088.0,-27218000.0,0.0,30275000.0,-250000000.0,0.0,-219725000.0,548539000.0,561127000.0,-355842000.0,-190000.0,-429400000.0,-429400000.0,-429400000.0,0.0,0.0,-2.642,561718000.0,-419718000.0,19246000.0,0.0,3.281,-9.6,-9.531,192830000.0,0.0,23.16,25.368,25.416,47245000.0,-2083369000.0,162500000.0,162500000.0,414840000.0,-0.228,-0.315,-0.229,-2.529,98495000.0,101689000.0,1.0,177989857.0,178327000,178327000.0,0.911,1518377000.0,0.0,721000.0,0.0,8.515,1028010000.0
5,NKTR,MRT,2020-03-31,2020-03-31,2020-03-31,2021-08-06,-6877000.0,1887933000.0,2013309000.0,1429324000.0,458609000.0,0.068,7.317,-21537000.0,227035000.0,227035000.0,19745000.0,-459686000.0,3.787,0.456,412054000.0,269757000.0,142297000.0,412054000.0,5561000.0,14581000.0,0.0,0.0,0.0,-436722000.0,-422141000.0,-3.082,-422141000.0,-436722000.0,-459010000.0,-2.61,-2.61,-2.61,1296426000.0,1436920750.0,1296426000.0,3464455020.0,-8.0,-8.207,-347398000.0,-1.961,1.0,117223000.0,0.856,76501000.0,22288000.0,1618980000.0,1964089750.0,14320000.0,1304747000.0,1118847000.0,185900000.0,591507000.0,377471000.0,214036000.0,3169395020.0,120283000.0,0.0,29538000.0,0.0,0.0,29538000.0,416791000.0,438328000.0,-325861000.0,-185000.0,-459686000.0,-459686000.0,-459686000.0,0.0,0.0,-3.356,570202000.0,-452979000.0,21789000.0,0.0,2.445,-6.895,-6.839,196208000.0,0.0,17.85,23.14,23.091,42031000.0,-2003369000.0,136968000.0,136968000.0,425090000.0,-0.228,-0.32,-0.222,-3.188,99646000.0,99923000.0,1.0,177557144.0,177185000,177185000.0,0.773,1811432000.0,0.0,676000.0,0.0,10.223,1051853000.0
6,NKTR,MRT,2019-12-31,2019-12-31,2019-12-31,2021-08-06,-1005000.0,1977356000.0,2082946250.0,1421550000.0,555806000.0,0.055,8.031,-26285000.0,96363000.0,96363000.0,21374000.0,-440667000.0,4.017,0.407,408137000.0,265407000.0,142730000.0,408137000.0,8071000.0,13156000.0,0.0,0.0,0.0,-418744000.0,-405588000.0,-3.539,-405588000.0,-418744000.0,-440054000.0,-2.52,-2.52,-2.52,1405391000.0,1521192000.0,1405391000.0,4118730817.0,-10.0,-10.155,-354966000.0,-2.028,1.0,93243000.0,0.814,76501000.0,21310000.0,1858736000.0,2116237250.0,12665000.0,1507618000.0,1228499000.0,279119000.0,571965000.0,353893000.0,218072000.0,3797280817.0,-98542000.0,0.0,23355000.0,0.0,0.0,23355000.0,206886000.0,233171000.0,-328681000.0,-102000.0,-440667000.0,-440667000.0,-440667000.0,0.0,0.0,-3.845,533278000.0,-440035000.0,19234000.0,0.0,2.702,-8.617,-8.565,199842000.0,0.0,21.585,33.13,32.955,36802000.0,-1864718000.0,114617000.0,114617000.0,434566000.0,-0.212,-0.29,-0.198,-3.653,99795000.0,98712000.0,1.0,175922206.0,174993000,174993000.0,0.655,1900855000.0,0.0,613000.0,0.0,10.862,1067657000.0
7,NKTR,MRT,2019-09-30,2019-09-30,2019-09-30,2021-08-06,-1186000.0,2088294000.0,2126150250.0,1578824000.0,509470000.0,0.057,8.487,-31301000.0,81224000.0,81224000.0,22846000.0,-426715000.0,12.595,0.403,402674000.0,9318000.0,393356000.0,402674000.0,15171000.0,12653000.0,0.0,0.0,0.0,-406921000.0,-394268000.0,-3.27,-394268000.0,-406921000.0,-428218000.0,-2.49,-2.44,-2.49,1488711000.0,1599238000.0,1488711000.0,3453592161.0,-8.0,-8.76,-352309000.0,-2.009,1.0,97735000.0,0.811,76501000.0,21297000.0,2207893000.0,2162481750.0,13720000.0,1645530000.0,1414448000.0,231082000.0,599583000.0,125350000.0,474233000.0,3192624161.0,-141037000.0,0.0,21117000.0,0.0,0.0,21117000.0,158945000.0,190246000.0,-321008000.0,-91000.0,-426715000.0,-426715000.0,-426715000.0,0.0,0.0,-3.539,528427000.0,-430692000.0,21963000.0,0.0,2.145,-7.482,-7.315,199502000.0,0.0,18.215,26.477,26.496,41205000.0,-1751280000.0,120581000.0,120581000.0,433080000.0,-0.201,-0.267,-0.188,-3.375,98993000.0,95347000.0,1.0,175274453.0,175402000,175402000.0,0.687,2011793000.0,0.0,-1503000.0,0.0,11.47,1453474000.0
8,NKTR,MRT,2019-06-30,2019-06-30,2019-06-30,2021-08-06,-788000.0,2099653000.0,2166351250.0,1596817000.0,502836000.0,0.055,8.921,-27800000.0,85424000.0,85424000.0,22702000.0,-424273000.0,14.085,0.348,346392000.0,3749000.0,342643000.0,346392000.0,17921000.0,11887000.0,0.0,0.0,0.0,-405461000.0,-393574000.0,-3.304,-393574000.0,-405461000.0,-426775000.0,-2.49,-2.44,-2.49,1557155000.0,1674590750.0,1557155000.0,6439149882.0,-16.0,-16.361,-351579000.0,-2.014,1.0,96423000.0,0.809,76501000.0,21314000.0,2170750000.0,2132700250.0,13188000.0,1706260000.0,1429955000.0,276305000.0,542498000.0,113370000.0,429128000.0,6201842882.0,-825701000.0,0.0,18727000.0,0.0,0.0,18727000.0,-520579000.0,-492779000.0,-323779000.0,-70000.0,-424273000.0,-424273000.0,-424273000.0,0.0,0.0,-3.562,527009000.0,-430586000.0,9346000.0,0.0,3.983,-14.618,-14.289,147630000.0,0.0,35.58,52.062,52.134,37299000.0,-1652472000.0,119125000.0,119125000.0,436927000.0,-0.196,-0.253,-0.19,-3.404,97400000.0,90082000.0,1.0,174306995.0,174549000,174549000.0,0.682,2023152000.0,0.0,-2502000.0,0.0,11.591,1483447000.0
9,NKTR,MRT,2019-03-31,2019-03-31,2019-03-31,2021-08-06,-2716000.0,2166482000.0,2219709750.0,1490114000.0,676368000.0,0.533,9.396,-16269000.0,106752000.0,106752000.0,23206000.0,657473000.0,14.943,0.326,344059000.0,1649000.0,342410000.0,344059000.0,20432000.0,11406000.0,0.0,0.0,0.0,680225000.0,691631000.0,0.584,691631000.0,680225000.0,658757000.0,3.81,3.52,3.81,1633511000.0,1750405500.0,1633511000.0,5901954822.0,9.0,8.533,673516000.0,3.874,1.0,1160321000.0,0.98,76501000.0,21468000.0,2227570000.0,1958673250.0,11778000.0,1737780000.0,1281913000.0,455867000.0,532971000.0,99718000.0,433253000.0,5849909822.0,71947000.0,0.0,822508000.0,0.0,0.0,822508000.0,-1440284000.0,-1424015000.0,689785000.0,-62000.0,657473000.0,657473000.0,657473000.0,0.0,0.0,0.556,506337000.0,653984000.0,11012000.0,0.0,3.581,8.898,8.819,141633000.0,0.0,33.6,4.943,4.936,42894000.0,-1542563000.0,1183527000.0,1183527000.0,418575000.0,0.296,0.376,0.347,0.575,93537000.0,87762000.0,1.0,174104459.0,173859000,173859000.0,6.807,2089981000.0,0.0,1284000.0,0.0,12.021,1390396000.0
10,NKTR,MRT,2018-12-31,2018-12-31,2018-12-31,2021-08-06,-6316000.0,2150172000.0,1802286750.0,1437687000.0,712485000.0,0.662,10.127,-11606000.0,194905000.0,194905000.0,24412000.0,681313000.0,17.532,0.252,246950000.0,0.0,246950000.0,246950000.0,24636000.0,10870000.0,0.0,0.0,0.0,704307000.0,715177000.0,0.599,715177000.0,704307000.0,682725000.0,4.02,3.78,4.02,1717575000.0,1356598500.0,1717575000.0,5713564543.0,8.0,7.989,706608000.0,4.166,1.0,1168911000.0,0.98,76501000.0,21582000.0,2043714000.0,1539388250.0,11381000.0,1723334000.0,1140445000.0,582889000.0,432597000.0,82002000.0,350595000.0,5689311543.0,190143000.0,0.0,851966000.0,0.0,0.0,851966000.0,-1379936000.0,-1368330000.0,718214000.0,-101000.0,681313000.0,681313000.0,681313000.0,0.0,0.0,0.571,480979000.0,687932000.0,5854000.0,0.0,3.312,8.351,8.177,48851000.0,0.0,32.87,4.768,4.672,43213000.0,-1424051000.0,1193323000.0,1193323000.0,399536000.0,0.378,0.502,0.458,0.59,88101000.0,81443000.0,1.0,173085231.0,169600000,180119000.0,7.036,2073671000.0,0.0,1412000.0,0.0,12.227,1355685000.0
11,NKTR,MRT,2018-09-30,2018-09-30,2018-09-30,2021-08-06,-5378000.0,2249098000.0,1391960250.0,1505182000.0,743916000.0,0.897,10.366,-5312000.0,222261000.0,222261000.0,26704000.0,745699000.0,13.926,0.256,246514000.0,0.0,246514000.0,246514000.0,27086000.0,10459000.0,0.0,0.0,0.0,770931000.0,781390000.0,0.626,781390000.0,770931000.0,749131000.0,4.3,3.96,4.3,1790122000.0,949161750.0,1790122000.0,9848649402.0,13.0,12.604,750051000.0,4.343,1.0,1222259000.0,0.979,76501000.0,21800000.0,2088767000.0,1182621500.0,13296000.0,1817289000.0,1198149000.0,619140000.0,458976000.0,108083000.0,350893000.0,10513696402.0,184294000.0,0.0,876545000.0,-2972000.0,0.0,873573000.0,-1444498000.0,-1439186000.0,755363000.0,-144000.0,745699000.0,745699000.0,745699000.0,0.0,0.0,0.597,458066000.0,764193000.0,7494000.0,0.0,5.873,14.099,14.177,44881000.0,0.0,60.96,8.418,8.429,31937000.0,-1325839000.0,1248963000.0,1248963000.0,372082000.0,0.536,0.786,0.652,0.617,75392000.0,70003000.0,1.0,172468773.0,172698000,172698000.0,7.232,2172597000.0,0.0,3432000.0,0.0,12.58,1397099000.0
12,NKTR,MRT,2018-06-30,2018-06-30,2018-06-30,2021-08-06,-4002000.0,2313087000.0,975199500.0,1905947000.0,407140000.0,1.409,10.856,-4429000.0,911125000.0,911125000.0,27595000.0,902713000.0,19.67,0.243,246078000.0,0.0,246078000.0,246078000.0,31768000.0,11569000.0,0.0,0.0,0.0,929145000.0,940714000.0,0.685,940714000.0,929145000.0,907247000.0,5.25,4.89,5.25,1860414000.0,522671750.0,1860414000.0,8580420903.0,9.0,9.121,915422000.0,5.342,1.0,1346534000.0,0.98,76501000.0,21898000.0,1474642000.0,816003750.0,11884000.0,1194960000.0,912683000.0,282277000.0,452673000.0,96897000.0,355776000.0,8369582903.0,894976000.0,0.0,882945000.0,-3762000.0,0.0,879183000.0,-903916000.0,-899487000.0,919851000.0,-142000.0,902713000.0,902713000.0,902713000.0,0.0,0.0,0.657,414222000.0,932312000.0,10674000.0,0.0,4.499,9.272,9.301,45000000.0,0.0,48.83,6.091,6.09,35315000.0,-1229696000.0,1374129000.0,1374129000.0,334901000.0,0.926,1.727,1.139,0.676,60940000.0,63340000.0,1.0,171402476.0,171378000,182291000.0,8.018,2236586000.0,0.0,4534000.0,0.0,13.051,1809050000.0
13,NKTR,MRT,2018-03-31,2018-03-31,2018-03-31,2021-08-06,-2796000.0,496790000.0,515892500.0,336015000.0,160775000.0,0.622,0.362,-6572000.0,34805000.0,34805000.0,31062000.0,-128618000.0,4.164,7.524,245643000.0,0.0,245643000.0,245643000.0,32339000.0,13249000.0,0.0,0.0,0.0,-105847000.0,-92598000.0,-0.288,-92598000.0,-105847000.0,-127870000.0,-0.81,-0.83,-0.81,58283000.0,58414750.0,58283000.0,17340114585.0,-164.0,-187.262,-104886000.0,-0.652,1.0,289939000.0,0.903,76501000.0,22023000.0,550430000.0,587016750.0,10675000.0,299011000.0,261854000.0,37157000.0,438507000.0,80697000.0,357810000.0,17099669585.0,11325000.0,0.0,82082000.0,-4518000.0,0.0,77564000.0,32471000.0,39043000.0,-98314000.0,-396000.0,-128618000.0,-128618000.0,-128618000.0,0.0,0.0,-0.401,381883000.0,-91944000.0,11375000.0,0.0,293.39,-132.949,-131.185,46328000.0,0.0,106.26,53.27,53.257,15607000.0,-2201156000.0,321001000.0,321001000.0,306827000.0,-0.249,-2.202,-0.18,-0.33,48380000.0,59075000.0,1.0,160922921.0,160884000,160884000.0,1.995,420289000.0,0.0,748000.0,0.0,2.612,255318000.0
14,NKTR,MRT,2017-12-31,2017-12-31,2017-12-31,2021-08-06,-2111000.0,508866000.0,523816500.0,326820000.0,182046000.0,0.587,0.563,-9676000.0,4762000.0,4762000.0,30547000.0,-96692000.0,5.819,4.794,245207000.0,0.0,245207000.0,245207000.0,37970000.0,14741000.0,0.0,0.0,0.0,-73991000.0,-59250000.0,-0.193,-59250000.0,-73991000.0,-96076000.0,-0.62,-0.62,-0.62,87828000.0,55031250.0,87828000.0,9613257223.0,-130.0,-162.249,-90090000.0,-0.578,1.0,277164000.0,0.901,76501000.0,22085000.0,616647000.0,599011250.0,10726000.0,348458000.0,291370000.0,57088000.0,421038000.0,56163000.0,364875000.0,9403971223.0,-54878000.0,0.0,59522000.0,-5131000.0,0.0,54391000.0,-28809000.0,-19133000.0,-80414000.0,-46000.0,-96692000.0,-96692000.0,-96692000.0,0.0,0.0,-0.314,336806000.0,-59642000.0,4782000.0,0.0,107.073,-97.257,-96.323,47463000.0,0.0,59.72,30.561,30.267,5014000.0,-2117941000.0,307711000.0,307711000.0,268461000.0,-0.185,-1.757,-0.124,-0.24,36615000.0,52364000.0,1.0,157467703.0,155953000,155953000.0,1.973,432365000.0,0.0,616000.0,0.0,2.772,270657000.0
15,NKTR,MRT,2017-09-30,2017-09-30,2017-09-30,2021-08-06,-1907000.0,582055000.0,538817750.0,382795000.0,199260000.0,0.463,0.538,-9934000.0,37967000.0,37967000.0,27398000.0,-105065000.0,4.136,5.916,247253000.0,2482000.0,244771000.0,247253000.0,81716000.0,15930000.0,0.0,0.0,0.0,-82186000.0,-66256000.0,-0.265,-66256000.0,-82186000.0,-104188000.0,-0.7,-0.72,-0.7,84162000.0,55105500.0,84162000.0,3983809720.0,-48.0,-60.128,-62358000.0,-0.399,1.0,222299000.0,0.89,76501000.0,22002000.0,622296000.0,595842500.0,13654000.0,374196000.0,314600000.0,59596000.0,497893000.0,92544000.0,405349000.0,3751860720.0,-25328000.0,0.0,223797000.0,-2728000.0,0.0,221069000.0,-193892000.0,-183958000.0,-52424000.0,-81000.0,-105065000.0,-105065000.0,-105065000.0,0.0,0.0,-0.421,290051000.0,-67752000.0,8563000.0,0.0,44.579,-35.71,-34.286,62396000.0,0.0,24.0,15.026,15.034,3314000.0,-2084115000.0,249697000.0,249697000.0,237264000.0,-0.195,-1.907,-0.138,-0.329,32175000.0,52787000.0,1.0,156327530.0,156411000,162641000.0,1.596,505554000.0,0.0,877000.0,0.0,3.232,290251000.0
16,NKTR,MRT,2017-06-30,2017-06-30,2017-06-30,2021-08-06,-1662000.0,475859000.0,499577750.0,288165000.0,187694000.0,0.266,0.022,-9502000.0,16149000.0,16149000.0,28757000.0,-209160000.0,3.969,139.537,248098000.0,2706000.0,245392000.0,248098000.0,62352000.0,16004000.0,0.0,0.0,0.0,-186270000.0,-170266000.0,-1.279,-170266000.0,-186270000.0,-208346000.0,-1.41,-1.41,-1.41,3386000.0,17101750.0,3386000.0,3258114557.0,-17.0,-19.135,-182363000.0,-1.174,1.0,104348000.0,0.784,76501000.0,22076000.0,558694000.0,554396250.0,11008000.0,294558000.0,249398000.0,45160000.0,472473000.0,72613000.0,399860000.0,3033176557.0,-39527000.0,0.0,221936000.0,-3797000.0,0.0,218139000.0,-84821000.0,-75319000.0,-172861000.0,16000.0,-209160000.0,-209160000.0,-209160000.0,0.0,0.0,-1.571,274486000.0,-170138000.0,6241000.0,0.0,895.799,-14.502,-13.865,64929000.0,0.0,19.55,22.788,22.818,4114000.0,-2144986000.0,133105000.0,133105000.0,223501000.0,-0.419,-12.23,-0.336,-1.399,29506000.0,50985000.0,1.0,155149696.0,155352000,155352000.0,0.857,399358000.0,0.0,814000.0,0.0,2.571,215552000.0
17,NKTR,MRT,2017-03-31,2017-03-31,2017-03-31,2021-08-06,-1849000.0,528486000.0,496387750.0,380985000.0,147501000.0,0.264,0.291,-8802000.0,23480000.0,23480000.0,27476000.0,-197892000.0,4.852,10.81,248418000.0,2909000.0,245509000.0,248418000.0,75858000.0,15669000.0,0.0,0.0,0.0,-174857000.0,-159188000.0,-1.213,-159188000.0,-174857000.0,-197050000.0,-1.38,-1.38,-1.38,44749000.0,6442500.0,44749000.0,3799369673.0,-22.0,-23.867,-136744000.0,-0.89,1.0,103808000.0,0.791,76501000.0,22193000.0,598408000.0,539867500.0,13016000.0,338536000.0,335043000.0,3493000.0,483737000.0,78515000.0,405222000.0,3610414673.0,-49069000.0,0.0,215259000.0,-4835000.0,0.0,210424000.0,-131716000.0,-122914000.0,-127942000.0,165000.0,-197892000.0,-197892000.0,-197892000.0,0.0,0.0,-1.507,261615000.0,-157807000.0,6951000.0,0.0,80.681,-18.244,-17.007,66642000.0,0.0,23.47,27.501,27.471,1565000.0,-2085115000.0,131284000.0,131284000.0,215591000.0,-0.399,-30.717,-0.324,-1.332,27671000.0,46024000.0,1.0,153831047.0,153666000,153666000.0,0.854,451985000.0,0.0,842000.0,0.0,2.941,302470000.0
18,NKTR,MRT,2016-12-31,2016-12-31,2016-12-31,2021-08-06,-2363000.0,568871000.0,487236000.0,425952000.0,142919000.0,0.34,0.631,-6392000.0,59640000.0,59640000.0,30215000.0,-153524000.0,5.898,5.455,243464000.0,0.0,243464000.0,243464000.0,66239000.0,15351000.0,0.0,0.0,0.0,-130180000.0,-114829000.0,-0.694,-114829000.0,-130180000.0,-152648000.0,-1.1,-1.1,-1.1,88125000.0,-4813500.0,88125000.0,2059511057.0,-16.0,-17.935,-123416000.0,-0.884,1.0,135221000.0,0.817,76501000.0,22468000.0,603972000.0,522045750.0,11109000.0,329462000.0,329462000.0,0.0,480746000.0,72222000.0,408524000.0,1875289057.0,4070000.0,0.0,209563000.0,-5945000.0,0.0,203618000.0,-82400000.0,-76008000.0,-117024000.0,-124000.0,-153524000.0,-153524000.0,-153524000.0,0.0,0.0,-0.928,248076000.0,-112855000.0,2816000.0,0.0,21.28,-12.215,-11.155,65601000.0,0.0,12.27,11.335,10.354,15678000.0,-2021010000.0,165436000.0,165436000.0,203801000.0,-0.315,31.894,-0.249,-0.787,25850000.0,44275000.0,1.0,152835294.0,139596000,139596000.0,1.185,492370000.0,0.0,876000.0,0.0,3.527,353730000.0
19,NKTR,MRT,2016-09-30,2016-09-30,2016-09-30,2021-08-06,-1962000.0,425095000.0,469678750.0,282522000.0,142573000.0,0.356,-0.495,-6214000.0,63295000.0,63295000.0,31975000.0,-165462000.0,3.703,-7.265,247517000.0,2370000.0,245147000.0,247517000.0,71189000.0,15248000.0,0.0,0.0,0.0,-142283000.0,-127035000.0,-0.759,-127035000.0,-142283000.0,-164992000.0,-1.22,-1.22,-1.22,-67853000.0,-25237500.0,-67853000.0,2542326491.0,-18.0,-20.013,-145936000.0,-1.064,1.0,135381000.0,0.809,76501000.0,22709000.0,456511000.0,509266000.0,10754000.0,190216000.0,190216000.0,0.0,492948000.0,76305000.0,416643000.0,2349063491.0,44476000.0,0.0,34733000.0,109497000.0,0.0,131730000.0,52500000.0,58714000.0,-139722000.0,-32000.0,-165462000.0,-165462000.0,-165462000.0,0.0,0.0,-0.989,245455000.0,-110074000.0,7118000.0,0.0,-34.62,-14.197,-14.082,65553000.0,0.0,17.18,14.036,14.073,14249000.0,-1978811000.0,167356000.0,167356000.0,200704000.0,-0.352,6.556,-0.279,-0.85,23963000.0,44751000.0,1.0,136732450.0,137094000,137094000.0,1.221,348594000.0,0.0,470000.0,0.0,2.543,206217000.0
20,NKTR,MRT,2016-06-30,2016-06-30,2016-06-30,2021-08-06,-2019000.0,463099000.0,475716500.0,318320000.0,144779000.0,0.401,-0.288,-9845000.0,55676000.0,55676000.0,31702000.0,-130441000.0,4.015,-12.798,248939000.0,3616000.0,245323000.0,248939000.0,76150000.0,14656000.0,0.0,0.0,0.0,-108721000.0,-94065000.0,-0.493,-94065000.0,-108721000.0,-130018000.0,-0.96,-0.96,-0.96,-39251000.0,1489000.0,-39251000.0,2116706548.0,-19.0,-22.503,-136237000.0,-0.999,1.0,159270000.0,0.834,76501000.0,21297000.0,500579000.0,464649750.0,10262000.0,219178000.0,219178000.0,0.0,502350000.0,79282000.0,423068000.0,1939018548.0,34801000.0,0.0,34053000.0,110042000.0,0.0,131595000.0,29823000.0,14668000.0,-126392000.0,-225000.0,-130441000.0,-130441000.0,-130441000.0,0.0,0.0,-0.683,236024000.0,-76754000.0,2328000.0,0.0,-49.4,-14.865,-14.823,67774000.0,0.0,14.23,10.153,10.16,27777000.0,-1935587000.0,190972000.0,190972000.0,191982000.0,-0.274,-87.603,-0.234,-0.569,22559000.0,44042000.0,1.0,136262723.0,136350000,136350000.0,1.401,386598000.0,0.0,423000.0,0.0,2.835,239038000.0
21,NKTR,MRT,2016-03-31,2016-03-31,2016-03-31,2021-08-06,-1835000.0,491879000.0,474108500.0,344845000.0,147034000.0,0.381,-0.002,-11815000.0,72549000.0,72549000.0,34528000.0,-134495000.0,5.229,-1789.651,250237000.0,4782000.0,245455000.0,250237000.0,76827000.0,13597000.0,0.0,0.0,0.0,-114247000.0,-100650000.0,-0.556,-100650000.0,-114247000.0,-134035000.0,-1.0,-1.0,-1.0,-275000.0,20076500.0,-275000.0,2061535951.0,-18.0,-20.482,-171858000.0,-1.266,1.0,146337000.0,0.809,76501000.0,19788000.0,527121000.0,436191500.0,11250000.0,215776000.0,215776000.0,0.0,492154000.0,65945000.0,426209000.0,1869161951.0,-56903000.0,0.0,36619000.0,110450000.0,0.0,134569000.0,-31248000.0,-44433000.0,-160043000.0,-181000.0,-134495000.0,-134495000.0,-134495000.0,0.0,0.0,-0.744,228235000.0,-81898000.0,2349000.0,0.0,-6796.953,-13.898,-13.75,69852000.0,0.0,13.75,10.335,10.323,39677000.0,-1886984000.0,180865000.0,180865000.0,185044000.0,-0.284,-6.699,-0.262,-0.632,20855000.0,43191000.0,1.0,135939051.0,135793000,135793000.0,1.332,415378000.0,0.0,460000.0,0.0,3.059,278900000.0
22,NKTR,MRT,2015-12-31,2015-12-31,2015-12-31,2021-08-06,-2170000.0,498642000.0,475941750.0,350051000.0,148591000.0,0.485,0.049,-11195000.0,55570000.0,55570000.0,34102000.0,-81177000.0,5.715,76.561,247528000.0,4756000.0,242772000.0,247528000.0,83854000.0,12855000.0,0.0,0.0,0.0,-62389000.0,-49534000.0,-0.215,-49534000.0,-62389000.0,-80671000.0,-0.61,-0.61,-0.61,6429000.0,39471500.0,6429000.0,2362054618.0,-38.0,-47.686,-84278000.0,-0.636,1.0,196682000.0,0.852,76501000.0,18282000.0,552853000.0,386314500.0,11346000.0,253374000.0,253374000.0,0.0,492213000.0,61246000.0,430967000.0,2248655618.0,43205000.0,0.0,32208000.0,111075000.0,0.0,130783000.0,-14336000.0,-28141000.0,-73083000.0,-159000.0,-81177000.0,-81177000.0,-81177000.0,0.0,0.0,-0.352,226053000.0,-29371000.0,2363000.0,0.0,349.768,-27.701,-27.623,71336000.0,0.0,16.85,9.744,9.671,19947000.0,-1867486000.0,230784000.0,230784000.0,182787000.0,-0.171,-2.057,-0.161,-0.27,19669000.0,43266000.0,1.0,133451372.0,132458000,132458000.0,1.742,422141000.0,0.0,506000.0,0.0,3.187,288805000.0
23,NKTR,MRT,2015-09-30,2015-09-30,2015-09-30,2021-08-06,-1821000.0,449246000.0,461686500.0,286351000.0,162895000.0,0.457,0.294,-12608000.0,18819000.0,18819000.0,32036000.0,-72723000.0,1.376,10.503,132218000.0,130883000.0,1335000.0,132218000.0,89552000.0,12303000.0,0.0,0.0,0.0,-56452000.0,-44149000.0,-0.209,-44149000.0,-56452000.0,-73400000.0,-0.55,-0.56,-0.55,39053000.0,46947250.0,39053000.0,1538443160.0,-27.0,-34.847,-35209000.0,-0.265,1.0,178930000.0,0.848,76501000.0,16948000.0,278046000.0,347441000.0,10352000.0,249000000.0,249000000.0,0.0,410193000.0,208098000.0,202095000.0,1450786160.0,-13189000.0,0.0,46332000.0,-4756000.0,0.0,41576000.0,-31939000.0,-44331000.0,-22601000.0,-225000.0,-72723000.0,-72723000.0,-72723000.0,0.0,0.0,-0.345,216425000.0,-37495000.0,2279000.0,0.0,37.149,-19.949,-19.927,72532000.0,0.0,10.96,6.877,6.89,2966000.0,-1813349000.0,210966000.0,210966000.0,174146000.0,-0.158,-1.549,-0.162,-0.268,18869000.0,42279000.0,1.0,132371000.0,132631000,132631000.0,1.591,372745000.0,0.0,-677000.0,0.0,2.81,78253000.0
24,NKTR,MRT,2015-06-30,2015-06-30,2015-06-30,2021-08-06,-1498000.0,456667000.0,468600500.0,302246000.0,154421000.0,0.606,0.267,-9368000.0,45875000.0,45875000.0,34496000.0,6085000.0,3.728,12.011,133532000.0,5643000.0,127889000.0,133532000.0,96950000.0,12241000.0,0.0,0.0,0.0,22701000.0,34942000.0,0.123,34942000.0,22701000.0,5564000.0,0.06,0.03,0.06,35099000.0,48988500.0,35099000.0,1625738775.0,72.0,46.527,-63942000.0,-0.486,1.0,249389000.0,0.878,76501000.0,17137000.0,386746000.0,376225250.0,10124000.0,233785000.0,233785000.0,0.0,421568000.0,81077000.0,340491000.0,1645392775.0,-9824000.0,0.0,46756000.0,-4370000.0,0.0,42386000.0,2504000.0,11872000.0,-54574000.0,-140000.0,6085000.0,6085000.0,6085000.0,0.0,0.0,0.021,206982000.0,42407000.0,2833000.0,0.0,46.879,270.401,208.5,72158000.0,0.0,12.51,5.796,5.801,3680000.0,-1805146000.0,283885000.0,283885000.0,165117000.0,0.013,0.124,0.06,0.08,18229000.0,41865000.0,1.0,131526201.0,131643000,131643000.0,2.156,380166000.0,0.0,-521000.0,0.0,2.888,221169000.0
25,NKTR,MRT,2015-03-31,2015-03-31,2015-03-31,2021-08-06,-1276000.0,499212000.0,473968000.0,347293000.0,151919000.0,0.611,0.589,-6511000.0,154452000.0,154452000.0,29070000.0,26105000.0,4.603,5.458,134798000.0,5412000.0,129386000.0,134798000.0,103377000.0,12636000.0,0.0,0.0,0.0,43122000.0,55758000.0,0.192,55758000.0,43122000.0,25615000.0,0.2,0.17,0.2,77305000.0,31373750.0,77305000.0,1541483732.0,36.0,27.646,-22915000.0,-0.174,1.0,260667000.0,0.9,76501000.0,17507000.0,327613000.0,377690500.0,12511000.0,171353000.0,171353000.0,0.0,421907000.0,75444000.0,346463000.0,1445197732.0,97009000.0,0.0,43512000.0,-3809000.0,0.0,39703000.0,73800000.0,80311000.0,-16404000.0,-90000.0,26105000.0,26105000.0,26105000.0,0.0,0.0,0.09,197707000.0,62960000.0,5024000.0,0.0,18.695,55.361,55.0,69267000.0,0.0,11.0,4.988,4.987,2885000.0,-1752489000.0,289737000.0,289737000.0,156407000.0,0.055,0.832,0.114,0.149,17833000.0,41300000.0,1.0,131381612.0,131359000,135667000.0,2.206,422711000.0,0.0,-490000.0,0.0,3.218,271849000.0
26,NKTR,MRT,2014-12-31,2014-12-31,2014-12-31,2021-08-06,-1567000.0,441621000.0,470918250.0,288200000.0,153421000.0,0.426,0.286,-9976000.0,37365000.0,37365000.0,28533000.0,-53916000.0,4.5,11.155,133651000.0,4512000.0,129139000.0,133651000.0,101384000.0,12927000.0,0.0,0.0,0.0,-36559000.0,-23632000.0,-0.118,-23632000.0,-36559000.0,-54428000.0,-0.42,-0.42,-0.42,36332000.0,9595250.0,36332000.0,2064172793.0,-56.0,-87.347,-151982000.0,-1.198,1.0,172174000.0,0.858,76501000.0,17869000.0,397359000.0,397238750.0,12952000.0,225459000.0,225459000.0,0.0,405289000.0,64047000.0,341242000.0,1990841793.0,-26702000.0,0.0,163520000.0,-3536000.0,0.0,152984000.0,-37571000.0,-27595000.0,-142006000.0,-109000.0,-53916000.0,-53916000.0,-53916000.0,0.0,0.0,-0.269,188659000.0,-16485000.0,2703000.0,0.0,54.796,-36.925,-36.905,70368000.0,0.0,15.5,9.919,9.798,3607000.0,-1786309000.0,200707000.0,200707000.0,147734000.0,-0.114,-5.619,-0.092,-0.182,17017000.0,40925000.0,1.0,128441406.0,126873000,126873000.0,1.582,365120000.0,0.0,-512000.0,0.0,2.878,224153000.0
27,NKTR,MRT,2014-09-30,2014-09-30,2014-09-30,2021-08-06,-1178000.0,476902000.0,469144750.0,324120000.0,152782000.0,0.453,0.37,-8799000.0,57008000.0,57008000.0,31195000.0,-55892000.0,4.024,9.1,130339000.0,0.0,130339000.0,130339000.0,107528000.0,13126000.0,0.0,0.0,0.0,-35646000.0,-22520000.0,-0.106,-22520000.0,-35646000.0,-53623000.0,-0.49,-0.51,-0.49,47218000.0,-21963500.0,47218000.0,1611859957.0,-45.0,-71.575,-72547000.0,-0.569,1.0,181106000.0,0.853,76501000.0,17977000.0,393183000.0,380979750.0,11695000.0,204635000.0,204635000.0,0.0,429684000.0,80549000.0,349135000.0,1536533957.0,-33403000.0,0.0,135659000.0,-3369000.0,0.0,125290000.0,-94914000.0,-86115000.0,-63748000.0,-31000.0,-55892000.0,-55892000.0,-55892000.0,0.0,0.0,-0.263,195997000.0,-14891000.0,5428000.0,0.0,32.541,-27.491,-24.633,69275000.0,0.0,12.07,7.238,7.249,46074000.0,-1740626000.0,212301000.0,212301000.0,157488000.0,-0.119,2.545,-0.094,-0.168,17190000.0,38509000.0,1.0,127301902.0,127504000,132177000.0,1.665,400401000.0,0.0,2269000.0,0.0,3.14,243571000.0
28,NKTR,MRT,2014-06-30,2014-06-30,2014-06-30,2021-08-06,-887000.0,478137000.0,445678000.0,298223000.0,179914000.0,0.315,-0.278,-8489000.0,55699000.0,55699000.0,34852000.0,-143040000.0,3.535,-14.522,131025000.0,0.0,131025000.0,131025000.0,113684000.0,13513000.0,0.0,0.0,0.0,-122653000.0,-109140000.0,-0.778,-109140000.0,-122653000.0,-140826000.0,-1.18,-1.18,-1.18,-35360000.0,-46330500.0,-35360000.0,1702452153.0,-14.0,-15.599,-45943000.0,-0.362,1.0,105487000.0,0.752,76501000.0,18173000.0,392607000.0,349988250.0,14111000.0,245737000.0,245737000.0,0.0,513497000.0,84355000.0,429142000.0,1627845153.0,-10733000.0,0.0,130149000.0,-3176000.0,0.0,119973000.0,-93285000.0,-84796000.0,-37454000.0,33000.0,-143040000.0,-143040000.0,-143040000.0,0.0,0.0,-1.019,207224000.0,-101737000.0,7437000.0,0.0,-46.036,-11.38,-10.864,71070000.0,0.0,12.82,11.599,11.605,3047000.0,-1811231000.0,140339000.0,140339000.0,167202000.0,-0.321,3.087,-0.35,-0.874,17632000.0,40022000.0,1.0,126977001.0,127040000,127040000.0,1.105,401636000.0,0.0,2214000.0,0.0,3.161,213868000.0
29,NKTR,MRT,2014-03-31,2014-03-31,2014-03-31,2021-08-06,-940000.0,487013000.0,429346000.0,304770000.0,182243000.0,0.339,-0.079,-8299000.0,57443000.0,57443000.0,34755000.0,-153151000.0,3.843,-50.65,132050000.0,0.0,132050000.0,132050000.0,100091000.0,13911000.0,0.0,0.0,0.0,-132586000.0,-118675000.0,-0.815,-118675000.0,-132586000.0,-150927000.0,-1.29,-1.29,-1.29,-9809000.0,-47627750.0,-9809000.0,1603922854.0,-12.0,-13.515,-71005000.0,-0.575,1.0,110933000.0,0.761,76501000.0,18341000.0,405806000.0,330461500.0,12872000.0,251628000.0,251628000.0,0.0,496822000.0,79313000.0,417509000.0,1534940854.0,3912000.0,0.0,128683000.0,-3125000.0,0.0,118558000.0,-51990000.0,-43691000.0,-62706000.0,50000.0,-153151000.0,-153151000.0,-153151000.0,0.0,0.0,-1.051,222359000.0,-111426000.0,3064000.0,0.0,-156.483,-10.022,-9.395,72968000.0,0.0,12.12,10.536,10.278,1855000.0,-1778594000.0,145688000.0,145688000.0,182730000.0,-0.357,3.216,-0.401,-0.91,17824000.0,39629000.0,1.0,126645285.0,123543000,123543000.0,1.179,410512000.0,0.0,2224000.0,0.0,3.323,225457000.0
30,NKTR,MRT,2013-12-31,2013-12-31,2013-12-31,2021-08-06,-1181000.0,434527000.0,419568000.0,257882000.0,176645000.0,0.355,-0.777,-4091000.0,64067000.0,64067000.0,38509000.0,-162013000.0,2.626,-5.833,136585000.0,3536000.0,133049000.0,136585000.0,106048000.0,14275000.0,0.0,0.0,0.0,-141315000.0,-127040000.0,-0.853,-127040000.0,-141315000.0,-159768000.0,-1.4,-1.4,-1.4,-89903000.0,-45830500.0,-89903000.0,1361505529.0,-10.0,-10.717,-42618000.0,-0.368,1.0,110412000.0,0.741,76501000.0,18453000.0,332323000.0,321613500.0,13452000.0,197959000.0,197959000.0,0.0,524430000.0,98221000.0,426209000.0,1317909529.0,13630000.0,0.0,8208000.0,-2992000.0,0.0,2216000.0,49909000.0,54000000.0,-38527000.0,32000.0,-162013000.0,-162013000.0,-162013000.0,0.0,0.0,-1.088,230542000.0,-120130000.0,9115000.0,0.0,-14.659,-8.135,-8.107,66974000.0,0.0,11.35,8.85,8.821,2229000.0,-1732393000.0,148921000.0,148921000.0,190010000.0,-0.386,3.535,-0.439,-0.949,17708000.0,40532000.0,1.0,116115377.0,115732000,115732000.0,1.287,358026000.0,0.0,2245000.0,0.0,3.094,159661000.0
31,NKTR,MRT,2013-09-30,2013-09-30,2013-09-30,2021-08-06,-1689000.0,383035000.0,435383750.0,207942000.0,175093000.0,0.319,-0.434,-6221000.0,90411000.0,90411000.0,36839000.0,-167280000.0,2.57,-8.623,134007000.0,0.0,134007000.0,134007000.0,103533000.0,14580000.0,0.0,0.0,0.0,-148133000.0,-133553000.0,-0.961,-133553000.0,-148133000.0,-166703000.0,-1.45,-1.45,-1.45,-50250000.0,-11600250.0,-50250000.0,1277551481.0,-9.0,-9.566,-145755000.0,-1.259,1.0,102082000.0,0.735,76501000.0,18570000.0,269217000.0,345763250.0,15076000.0,118139000.0,118139000.0,0.0,433285000.0,80913000.0,352372000.0,1209082481.0,55073000.0,0.0,6193000.0,-2931000.0,0.0,262000.0,194287000.0,200508000.0,-139534000.0,58000.0,-167280000.0,-167280000.0,-167280000.0,0.0,0.0,-1.204,229697000.0,-127615000.0,3723000.0,0.0,-24.061,-7.228,-7.203,65082000.0,0.0,10.445,8.703,8.708,4557000.0,-1684734000.0,138921000.0,138921000.0,188135000.0,-0.384,14.42,-0.428,-1.066,17349000.0,41562000.0,1.0,115757059.0,115812000,115812000.0,1.2,306534000.0,0.0,577000.0,0.0,2.647,127029000.0
32,NKTR,MRT,2013-06-30,2013-06-30,2013-06-30,2021-08-06,-1336000.0,412809000.0,474988000.0,234423000.0,178386000.0,0.203,-0.351,-8205000.0,66432000.0,66432000.0,31190000.0,-194284000.0,2.597,-11.18,134901000.0,0.0,134901000.0,134901000.0,115629000.0,14837000.0,0.0,0.0,0.0,-173998000.0,-159161000.0,-1.651,-159161000.0,-173998000.0,-193678000.0,-1.69,-1.69,-1.69,-40549000.0,24795250.0,-40549000.0,1416525165.0,-8.0,-8.9,-155200000.0,-1.343,1.0,65234000.0,0.677,76501000.0,19680000.0,314500000.0,409098250.0,20479000.0,160453000.0,160453000.0,0.0,453358000.0,90277000.0,363081000.0,1334290165.0,-94722000.0,0.0,5401000.0,-97219000.0,0.0,-94819000.0,147119000.0,180324000.0,-146995000.0,-27000.0,-194284000.0,-194284000.0,-194284000.0,0.0,0.0,-2.015,219224000.0,-153990000.0,5572000.0,0.0,-32.906,-6.868,-6.834,67849000.0,0.0,11.55,13.838,13.84,6041000.0,-1668191000.0,96424000.0,96424000.0,178237000.0,-0.409,-7.836,-0.425,-1.805,16765000.0,40987000.0,1.0,115522958.0,115544000,115544000.0,0.835,336308000.0,0.0,606000.0,0.0,2.911,144146000.0
33,NKTR,MRT,2013-03-31,2013-03-31,2013-03-31,2021-08-06,-395000.0,447901000.0,538896500.0,267036000.0,180865000.0,0.16,-0.023,-9383000.0,53531000.0,53531000.0,33382000.0,-185821000.0,3.209,-171.955,135766000.0,0.0,135766000.0,135766000.0,121157000.0,14626000.0,0.0,0.0,0.0,-167741000.0,-153115000.0,-1.775,-153115000.0,-167741000.0,-185327000.0,-1.62,-1.62,-1.62,-2620000.0,68003500.0,-2620000.0,1354355028.0,-8.0,-8.845,-142632000.0,-1.237,1.0,52864000.0,0.613,76501000.0,17586000.0,370414000.0,432237250.0,18381000.0,207664000.0,207664000.0,0.0,450521000.0,83221000.0,367300000.0,1268185028.0,-119954000.0,0.0,4856000.0,-97030000.0,0.0,-95175000.0,108281000.0,142664000.0,-133249000.0,189000.0,-185821000.0,-185821000.0,-185821000.0,0.0,0.0,-2.155,201237000.0,-148373000.0,4218000.0,0.0,-484.04,-6.825,-6.79,70112000.0,0.0,11.0,14.704,14.707,3647000.0,-1625443000.0,86246000.0,86246000.0,159208000.0,-0.345,-2.733,-0.388,-1.945,16210000.0,42029000.0,1.0,115289548.0,115309000,115309000.0,0.748,371400000.0,0.0,494000.0,0.0,3.221,183815000.0
34,NKTR,MRT,2012-12-31,2012-12-31,2012-12-31,2021-08-06,-357000.0,497790000.0,600618500.0,314631000.0,183159000.0,0.135,0.409,-10583000.0,50437000.0,50437000.0,30428000.0,-171855000.0,4.006,9.587,136607000.0,0.0,136607000.0,136607000.0,118447000.0,14508000.0,0.0,0.0,0.0,-155960000.0,-141452000.0,-1.742,-141452000.0,-155960000.0,-171449000.0,-1.5,-1.5,-1.5,47018000.0,109280250.0,47018000.0,980477238.0,-6.0,-6.932,-140339000.0,-1.222,1.0,50763000.0,0.625,76501000.0,15489000.0,428922000.0,446607500.0,18269000.0,251757000.0,251757000.0,0.0,450772000.0,78537000.0,372235000.0,853401238.0,10125000.0,0.0,4117000.0,-96904000.0,0.0,26801000.0,113020000.0,148603000.0,-129756000.0,60000.0,-171855000.0,-171855000.0,-171855000.0,0.0,0.0,-2.117,191964000.0,-141201000.0,2863000.0,0.0,18.151,-4.966,-4.94,72215000.0,0.0,7.41,10.511,10.479,5805000.0,-1570380000.0,81191000.0,81191000.0,148675000.0,-0.286,-1.573,-0.349,-1.921,16199000.0,41614000.0,1.0,115168858.0,114820000,114820000.0,0.707,421289000.0,0.0,406000.0,0.0,3.669,236094000.0
35,NKTR,MRT,2012-09-30,2012-09-30,2012-09-30,2021-08-06,155000.0,541452000.0,627808500.0,346945000.0,194507000.0,0.121,0.83,-7172000.0,10338000.0,10338000.0,28588000.0,-156424000.0,4.994,4.68,137414000.0,0.0,137414000.0,137414000.0,124401000.0,14337000.0,0.0,0.0,0.0,-141935000.0,-127598000.0,-1.683,-127598000.0,-141935000.0,-155267000.0,-1.37,-1.37,-1.37,95332000.0,146978500.0,95332000.0,1318634222.0,-9.0,-10.334,-131766000.0,-1.147,1.0,47239000.0,0.623,76501000.0,13332000.0,522557000.0,456562500.0,16754000.0,343961000.0,308939000.0,35022000.0,446120000.0,69470000.0,376650000.0,1226659222.0,-32670000.0,0.0,3418000.0,-96721000.0,0.0,26285000.0,65194000.0,97366000.0,-124594000.0,445000.0,-156424000.0,-156424000.0,-156424000.0,0.0,0.0,-2.063,179527000.0,-132288000.0,2624000.0,0.0,12.867,-7.842,-7.792,73256000.0,0.0,10.675,16.177,16.178,3911000.0,-1517454000.0,75827000.0,75827000.0,135604000.0,-0.249,-1.064,-0.311,-1.872,16399000.0,42248000.0,1.0,114909529.0,114915000,114915000.0,0.66,464951000.0,0.0,1157000.0,0.0,4.046,277475000.0
36,NKTR,MRT,2012-06-30,2012-06-30,2012-06-30,2021-08-06,-620000.0,668443000.0,654468750.0,468291000.0,200152000.0,0.129,1.154,-6049000.0,136154000.0,136154000.0,26398000.0,-136945000.0,1.691,4.053,228129000.0,214955000.0,13174000.0,228129000.0,128906000.0,14254000.0,0.0,0.0,0.0,-125740000.0,-111486000.0,-1.32,-111486000.0,-125740000.0,-135918000.0,-1.2,-1.2,-1.2,132284000.0,180844750.0,132284000.0,1005273401.0,-8.0,-9.017,-125342000.0,-1.093,1.0,58085000.0,0.688,76501000.0,10178000.0,407056000.0,445860000.0,14715000.0,340965000.0,296720000.0,44245000.0,536159000.0,276861000.0,259298000.0,924913401.0,124528000.0,0.0,2101000.0,-2195000.0,0.0,119495000.0,123318000.0,129367000.0,-119293000.0,1008000.0,-136945000.0,-136945000.0,-136945000.0,0.0,0.0,-1.621,178811000.0,-120726000.0,3118000.0,0.0,6.992,-6.754,-6.725,73713000.0,0.0,8.07,10.948,10.952,11361000.0,-1473907000.0,84483000.0,84483000.0,132606000.0,-0.209,-0.757,-0.282,-1.488,17238000.0,44530000.0,1.0,114611326.0,114649000,114649000.0,0.737,591942000.0,0.0,1027000.0,0.0,5.163,191430000.0
37,NKTR,MRT,2012-03-31,2012-03-31,2012-03-31,2021-08-06,-43000.0,694789000.0,655071500.0,420654000.0,274135000.0,0.119,1.419,-7473000.0,148485000.0,148485000.0,27335000.0,-139041000.0,1.554,3.276,228845000.0,214955000.0,13890000.0,228845000.0,131057000.0,14605000.0,0.0,0.0,0.0,-127861000.0,-113256000.0,-1.45,-113256000.0,-127861000.0,-138047000.0,-1.22,-1.22,-1.22,162487000.0,210592750.0,162487000.0,1121308500.0,-9.0,-9.901,-140963000.0,-1.231,1.0,50795000.0,0.65,76501000.0,10186000.0,427895000.0,532163750.0,14108000.0,350356000.0,233624000.0,116732000.0,532302000.0,270753000.0,261549000.0,907083500.0,126000000.0,0.0,2834000.0,-2085000.0,0.0,120338000.0,138358000.0,145831000.0,-133490000.0,794000.0,-139041000.0,-139041000.0,-139041000.0,0.0,0.0,-1.78,178797000.0,-128002000.0,1761000.0,0.0,5.582,-6.524,-6.492,75557000.0,0.0,7.92,11.61,11.61,10803000.0,-1439622000.0,78130000.0,78130000.0,131675000.0,-0.212,-0.66,-0.24,-1.637,18317000.0,45447000.0,1.0,114530745.0,114531000,114531000.0,0.682,618288000.0,0.0,994000.0,0.0,5.398,149901000.0
38,NKTR,MRT,2011-12-31,2011-12-31,2011-12-31,2021-08-06,-1103000.0,606550000.0,657493750.0,276706000.0,329844000.0,0.109,1.751,-9722000.0,15312000.0,15312000.0,21891000.0,-133978000.0,1.004,2.066,229537000.0,214955000.0,14582000.0,229537000.0,127831000.0,14951000.0,0.0,0.0,0.0,-122737000.0,-107786000.0,-1.508,-107786000.0,-122737000.0,-132960000.0,-1.19,-1.19,-1.19,197811000.0,240280500.0,197811000.0,827413077.0,-7.0,-7.676,-123464000.0,-1.093,1.0,49589000.0,0.694,76501000.0,10223000.0,468742000.0,619693750.0,12656000.0,399624000.0,225856000.0,173768000.0,408739000.0,275532000.0,133207000.0,640216077.0,-2443000.0,0.0,224313000.0,-1978000.0,0.0,222335000.0,-111952000.0,-102230000.0,-113742000.0,916000.0,-133978000.0,-133978000.0,-133978000.0,0.0,0.0,-1.874,173526000.0,-123937000.0,3019000.0,0.0,3.237,-4.779,-4.702,78576000.0,0.0,5.595,8.957,8.84,4938000.0,-1398525000.0,71480000.0,71480000.0,126766000.0,-0.204,-0.558,-0.198,-1.717,18885000.0,46760000.0,1.0,114426466.0,112942000,112942000.0,0.633,530049000.0,0.0,1018000.0,0.0,4.693,1174000.0
39,NKTR,MRT,2011-09-30,2011-09-30,2011-09-30,2021-08-06,-987000.0,648093000.0,636162500.0,297620000.0,350473000.0,0.159,2.017,-17591000.0,43008000.0,43008000.0,26678000.0,-119063000.0,1.067,1.808,230205000.0,214955000.0,15250000.0,230205000.0,133027000.0,15476000.0,0.0,0.0,0.0,-108313000.0,-92837000.0,-0.919,-92837000.0,-108313000.0,-118499000.0,-1.1,-1.1,-1.1,230797000.0,213493250.0,230797000.0,774123728.0,-7.0,-8.339,-68712000.0,-0.601,1.0,74334000.0,0.736,76501000.0,10186000.0,479747000.0,651215750.0,10654000.0,414957000.0,223479000.0,191478000.0,417296000.0,279042000.0,138254000.0,554931728.0,30102000.0,0.0,225821000.0,-1668000.0,0.0,224153000.0,-143516000.0,-125925000.0,-51121000.0,586000.0,-119063000.0,-119063000.0,-119063000.0,0.0,0.0,-1.179,184342000.0,-110008000.0,2175000.0,0.0,2.404,-4.661,-4.409,81649000.0,0.0,4.85,5.494,5.493,12914000.0,-1361030000.0,101012000.0,101012000.0,124919000.0,-0.187,-0.558,-0.166,-1.072,19184000.0,46847000.0,1.0,114418913.0,114413000,114413000.0,0.883,571592000.0,0.0,564000.0,0.0,4.996,18578000.0
40,NKTR,MRT,2011-06-30,2011-06-30,2011-06-30,2021-08-06,766000.0,670854000.0,599758250.0,389095000.0,281759000.0,0.187,2.201,-29506000.0,11626000.0,11626000.0,27885000.0,-103706000.0,6.35,1.67,230818000.0,0.0,230818000.0,230818000.0,137798000.0,15866000.0,0.0,0.0,0.0,-92487000.0,-76621000.0,-0.685,-76621000.0,-92487000.0,-102956000.0,-0.98,-0.98,-0.98,251276000.0,182530750.0,251276000.0,1038231276.0,-11.0,-13.55,-80919000.0,-0.709,1.0,83984000.0,0.751,76501000.0,10469000.0,752271000.0,671427500.0,9797000.0,470221000.0,351280000.0,118941000.0,419578000.0,61274000.0,358304000.0,829313276.0,-11618000.0,0.0,226292000.0,-1559000.0,0.0,224733000.0,-184755000.0,-155249000.0,-51413000.0,-183000.0,-103706000.0,-103706000.0,-103706000.0,0.0,0.0,-0.927,178879000.0,-94895000.0,3243000.0,0.0,3.3,-7.997,-7.418,85381000.0,0.0,7.27,7.413,7.418,8460000.0,-1336962000.0,111869000.0,111869000.0,121625000.0,-0.173,-0.568,-0.138,-0.827,18976000.0,44678000.0,1.0,114073353.0,114153000,114153000.0,0.98,594353000.0,0.0,750000.0,0.0,5.207,327821000.0
41,NKTR,MRT,2011-03-31,2011-03-31,2011-03-31,2021-08-06,818000.0,704478000.0,564704250.0,539373000.0,165105000.0,0.243,2.588,-31249000.0,22485000.0,22485000.0,24634000.0,-67842000.0,9.161,1.505,231403000.0,0.0,231403000.0,231403000.0,142792000.0,16258000.0,0.0,0.0,0.0,-56313000.0,-40055000.0,-0.292,-40055000.0,-56313000.0,-67121000.0,-0.67,-0.67,-0.67,281238000.0,147094000.0,281238000.0,1291460270.0,-23.0,-32.242,-67827000.0,-0.624,1.0,112467000.0,0.82,76501000.0,10808000.0,778015000.0,622427000.0,11712000.0,496157000.0,496157000.0,0.0,423240000.0,58880000.0,364360000.0,1077246270.0,1913000.0,0.0,226073000.0,-1456000.0,0.0,224617000.0,-186193000.0,-154944000.0,-36578000.0,67000.0,-67842000.0,-67842000.0,-67842000.0,0.0,0.0,-0.495,171231000.0,-58764000.0,3481000.0,0.0,3.83,-15.879,-14.134,87628000.0,0.0,9.47,7.857,7.507,2160000.0,-1300581000.0,137101000.0,137101000.0,114955000.0,-0.12,-0.461,-0.09,-0.411,18457000.0,43700000.0,1.0,113753566.0,108677000,108677000.0,1.262,627977000.0,0.0,721000.0,0.0,5.778,480493000.0
42,NKTR,MRT,2010-12-31,2010-12-31,2010-12-31,2021-08-06,968000.0,521225000.0,525712000.0,353979000.0,167246000.0,0.303,0.964,-31457000.0,17755000.0,17755000.0,25667000.0,-37938000.0,5.522,4.749,231969000.0,0.0,231969000.0,231969000.0,145347000.0,16551000.0,0.0,0.0,0.0,-25883000.0,-9332000.0,-0.059,-9332000.0,-25883000.0,-37057000.0,-0.4,-0.4,-0.4,90662000.0,102973000.0,90662000.0,1431616069.0,-55.0,-153.409,-87328000.0,-0.928,1.0,133372000.0,0.839,76501000.0,11174000.0,594830000.0,567697750.0,7266000.0,298177000.0,298177000.0,0.0,430563000.0,64108000.0,366455000.0,1212165069.0,-31842000.0,0.0,8891000.0,-1356000.0,0.0,7535000.0,16713000.0,48170000.0,-55871000.0,-219000.0,-37938000.0,-37938000.0,-37938000.0,0.0,0.0,-0.239,161627000.0,-28255000.0,7194000.0,0.0,13.37,-31.951,-32.125,89773000.0,0.0,12.85,7.622,7.601,25102000.0,-1264547000.0,159039000.0,159039000.0,108065000.0,-0.072,-0.368,-0.046,-0.163,17399000.0,40986000.0,1.0,94331912.0,94079000,94079000.0,1.69,444724000.0,0.0,881000.0,0.0,4.727,289871000.0
43,NKTR,MRT,2010-09-30,2010-09-30,2010-09-30,2021-08-06,1105000.0,502476000.0,539285250.0,326434000.0,176042000.0,0.283,1.135,-32099000.0,12906000.0,12906000.0,24239000.0,-23034000.0,3.848,3.698,232357000.0,0.0,232357000.0,232357000.0,109265000.0,16304000.0,0.0,0.0,0.0,-10542000.0,5762000.0,0.038,5762000.0,-10542000.0,-22191000.0,-0.26,-0.26,-0.26,106947000.0,105899250.0,106947000.0,1600774773.0,-152.0,277.816,21815000.0,0.232,1.0,128495000.0,0.841,76501000.0,11649000.0,560594000.0,551530000.0,11460000.0,290396000.0,290396000.0,0.0,395529000.0,84832000.0,310697000.0,1391176773.0,-19871000.0,0.0,8141000.0,-1469000.0,0.0,6672000.0,-80027000.0,-47928000.0,53914000.0,-430000.0,-23034000.0,-23034000.0,-23034000.0,0.0,0.0,-0.151,141706000.0,-13211000.0,4403000.0,0.0,13.008,-60.397,-56.808,97686000.0,0.0,14.77,9.108,9.111,5553000.0,-1241967000.0,152734000.0,152734000.0,101323000.0,-0.043,-0.218,-0.019,-0.069,15752000.0,40383000.0,1.0,94189355.0,94213000,94213000.0,1.621,425975000.0,0.0,843000.0,0.0,4.521,241602000.0
44,NKTR,MRT,2010-06-30,2010-06-30,2010-06-30,2021-08-06,581000.0,530638000.0,526829000.0,363806000.0,166832000.0,0.237,1.164,-21499000.0,23244000.0,23244000.0,24128000.0,-45290000.0,3.385,3.845,232842000.0,0.0,232842000.0,232842000.0,137252000.0,15856000.0,0.0,0.0,0.0,-33114000.0,-17258000.0,-0.138,-17258000.0,-33114000.0,-44865000.0,-0.5,-0.5,-0.5,109529000.0,105687500.0,109529000.0,1350837248.0,-41.0,-78.273,35201000.0,0.374,1.0,100904000.0,0.807,76501000.0,11751000.0,556269000.0,543431250.0,9777000.0,314976000.0,314976000.0,0.0,421109000.0,107466000.0,313643000.0,1138102248.0,-91748000.0,0.0,10878000.0,-1400000.0,0.0,9478000.0,-157773000.0,-136274000.0,56700000.0,-153000.0,-45290000.0,-45290000.0,-45290000.0,0.0,0.0,-0.362,136749000.0,-35845000.0,4627000.0,0.0,10.391,-25.129,-24.2,88223000.0,0.0,12.1,9.102,9.103,9446000.0,-1233256000.0,125032000.0,125032000.0,96630000.0,-0.086,-0.429,-0.061,-0.265,13740000.0,40119000.0,1.0,94058037.0,94065000,94065000.0,1.329,454137000.0,0.0,425000.0,0.0,4.828,256340000.0
45,NKTR,MRT,2010-03-31,2010-03-31,2010-03-31,2021-08-06,1022000.0,548509000.0,512419000.0,385471000.0,163038000.0,0.186,1.119,-19571000.0,20572000.0,20572000.0,29618000.0,-76842000.0,3.068,4.236,233307000.0,0.0,233307000.0,233307000.0,165804000.0,15415000.0,0.0,0.0,0.0,-64864000.0,-49449000.0,-0.518,-49449000.0,-64864000.0,-76654000.0,-0.84,-0.84,-0.84,104754000.0,110954750.0,104754000.0,1608510694.0,-25.0,-32.529,28399000.0,0.303,1.0,65839000.0,0.69,76501000.0,11790000.0,559098000.0,522054000.0,8703000.0,341386000.0,341386000.0,0.0,443755000.0,125645000.0,318110000.0,1424352694.0,-101728000.0,326000.0,9535000.0,-1342000.0,0.0,8193000.0,-157304000.0,-138059000.0,47970000.0,-587000.0,-76842000.0,-76842000.0,-76842000.0,0.0,0.0,-0.805,134031000.0,-68192000.0,5664000.0,0.0,13.597,-18.536,-18.107,82650000.0,0.0,15.21,14.921,14.919,7709000.0,-1232739000.0,95457000.0,95457000.0,95032000.0,-0.15,-0.693,-0.124,-0.68,11745000.0,38999000.0,1.0,93645805.0,93631000,93631000.0,1.02,472008000.0,0.0,188000.0,0.0,5.041,259826000.0
46,NKTR,MRT,2009-12-31,2009-12-31,2009-12-31,2021-08-06,1025000.0,575518000.0,501776500.0,413666000.0,161852000.0,0.143,1.103,-20702000.0,49597000.0,49597000.0,30948000.0,-102519000.0,2.703,4.622,233755000.0,0.0,233755000.0,233755000.0,192372000.0,14881000.0,0.0,0.0,0.0,-90596000.0,-75715000.0,-1.053,-75715000.0,-90596000.0,-102772000.0,-1.11,-1.11,-1.11,102367000.0,124584750.0,102367000.0,1070008611.0,-12.0,-14.132,19037000.0,0.205,1.0,40983000.0,0.57,76501000.0,12176000.0,530159000.0,506140750.0,6471000.0,346614000.0,346614000.0,0.0,473151000.0,153016000.0,320135000.0,868602611.0,-105987000.0,-4440000.0,4820000.0,-1285000.0,0.0,3535000.0,-149035000.0,-123893000.0,39739000.0,-226000.0,-102519000.0,-102519000.0,-102519000.0,0.0,0.0,-1.425,136115000.0,-95132000.0,3066000.0,0.0,8.485,-8.473,-8.396,78263000.0,0.0,9.32,12.075,12.02,4801000.0,-1226609000.0,71931000.0,71931000.0,95109000.0,-0.204,-0.823,-0.179,-1.259,10326000.0,41006000.0,1.0,93197705.0,92772000,92772000.0,0.775,499017000.0,0.0,-253000.0,0.0,5.379,260650000.0
47,NKTR,MRT,2009-09-30,2009-09-30,2009-09-30,2021-08-06,1117000.0,452651000.0,498031000.0,298213000.0,154438000.0,0.123,1.143,-14554000.0,32777000.0,32777000.0,32335000.0,-18061000.0,6.042,3.266,234183000.0,0.0,234183000.0,234183000.0,62855000.0,14955000.0,0.0,0.0,0.0,-7312000.0,7643000.0,0.125,7643000.0,-7312000.0,-19882000.0,-0.19,-0.19,-0.19,106100000.0,146531500.0,106100000.0,1022065105.0,-140.0,133.726,-135724000.0,-1.463,1.0,28940000.0,0.472,76501000.0,12570000.0,528199000.0,497445750.0,8930000.0,242901000.0,242901000.0,0.0,346551000.0,49357000.0,297194000.0,902486105.0,-30936000.0,110391000.0,3728000.0,-49150000.0,0.0,-45422000.0,135299000.0,39462000.0,-121170000.0,357000.0,-18061000.0,-18061000.0,-18061000.0,0.0,0.0,-0.295,91421000.0,-62481000.0,6397000.0,0.0,8.506,-49.969,-51.263,74624000.0,0.0,9.74,14.728,14.749,6330000.0,-1218933000.0,61275000.0,61275000.0,115675000.0,-0.036,-0.123,-0.015,-0.119,10206000.0,43860000.0,1.0,92657711.0,92789000,92789000.0,0.66,376150000.0,0.0,-1821000.0,0.0,4.054,248856000.0
48,NKTR,MRT,2009-06-30,2009-06-30,2009-06-30,2021-08-06,978000.0,472998000.0,526956250.0,318203000.0,154795000.0,0.138,1.411,-16505000.0,114992000.0,114992000.0,31550000.0,-24132000.0,7.022,2.622,234571000.0,0.0,234571000.0,234571000.0,61466000.0,18028000.0,0.0,0.0,0.0,-11907000.0,6121000.0,0.084,6121000.0,-11907000.0,-25537000.0,-0.26,-0.26,-0.26,130598000.0,147164500.0,130598000.0,712383617.0,-60.0,116.384,-136939000.0,-1.48,1.0,40941000.0,0.565,76501000.0,13630000.0,470760000.0,543597250.0,10110000.0,179311000.0,179311000.0,0.0,342400000.0,45316000.0,297084000.0,599739617.0,83163000.0,106155000.0,91000.0,-49590000.0,0.0,-49499000.0,252879000.0,163229000.0,-120434000.0,217000.0,-24132000.0,-24132000.0,-24132000.0,0.0,0.0,-0.333,109124000.0,-68183000.0,4931000.0,0.0,4.592,-24.852,-24.923,75024000.0,0.0,6.48,8.273,8.274,8473000.0,-1187966000.0,72491000.0,72491000.0,130909000.0,-0.046,-0.164,-0.022,-0.164,10699000.0,46329000.0,1.0,92552410.0,92556000,92556000.0,0.783,396497000.0,0.0,-1405000.0,0.0,4.284,272887000.0
49,NKTR,MRT,2009-03-31,2009-03-31,2009-03-31,2021-08-06,-20000.0,505939000.0,561080000.0,350595000.0,155344000.0,0.142,1.722,-18678000.0,122300000.0,122300000.0,28102000.0,-25438000.0,7.518,2.177,234944000.0,0.0,234944000.0,234944000.0,62548000.0,20187000.0,0.0,0.0,0.0,-11979000.0,8208000.0,0.103,8208000.0,-11979000.0,-26590000.0,-0.27,-0.27,-0.27,159274000.0,150440250.0,159274000.0,578325631.0,-48.0,70.459,-141882000.0,-1.534,1.0,51802000.0,0.648,76501000.0,14611000.0,495445000.0,619936000.0,13392000.0,202999000.0,202999000.0,0.0,346665000.0,46637000.0,300028000.0,498607631.0,85624000.0,105829000.0,74000.0,-50016000.0,0.0,-49942000.0,258557000.0,171406000.0,-123204000.0,213000.0,-25438000.0,-25438000.0,-25438000.0,0.0,0.0,-0.318,122863000.0,-71061000.0,2675000.0,0.0,3.131,-19.601,-19.963,75020000.0,0.0,5.39,6.24,6.241,5796000.0,-1155897000.0,79904000.0,79904000.0,140407000.0,-0.045,-0.169,-0.019,-0.15,11112000.0,50570000.0,1.0,92506054.0,92516000,92516000.0,0.864,429438000.0,0.0,-1152000.0,0.0,4.642,303958000.0
50,NKTR,MRT,2008-12-31,2008-12-31,2008-12-31,2021-08-06,1439000.0,560536000.0,595554250.0,406220000.0,154316000.0,0.151,2.058,-18855000.0,155584000.0,155584000.0,35037000.0,-34336000.0,5.941,1.948,235302000.0,0.0,235302000.0,235302000.0,65577000.0,22489000.0,0.0,0.0,0.0,-19950000.0,2539000.0,0.028,2539000.0,-19950000.0,-35142000.0,-0.37,-0.37,-0.37,190154000.0,154561500.0,190154000.0,787376677.0,-39.0,310.113,-164637000.0,-1.782,1.0,55148000.0,0.611,76501000.0,15192000.0,495379000.0,697882000.0,9319000.0,223410000.0,223410000.0,0.0,370382000.0,68374000.0,302008000.0,513999677.0,79291000.0,110595000.0,384000.0,-50125000.0,0.0,-49741000.0,274652000.0,182912000.0,-145782000.0,162000.0,-34336000.0,-34336000.0,-34336000.0,0.0,0.0,-0.381,137800000.0,-82652000.0,13832000.0,0.0,2.703,-14.97,-15.027,73578000.0,0.0,5.56,5.699,5.697,11161000.0,-1124090000.0,90185000.0,90185000.0,154417000.0,-0.058,-0.222,-0.029,-0.221,9871000.0,51497000.0,1.0,92445985.0,92407000,92407000.0,0.976,484035000.0,0.0,-806000.0,0.0,5.238,337846000.0
51,NKTR,MRT,2008-09-30,2008-09-30,2008-09-30,2021-08-06,-478000.0,568352000.0,636696000.0,410287000.0,158065000.0,0.2,1.175,-27134000.0,63713000.0,63713000.0,48889000.0,-72075000.0,8.456,4.232,337090000.0,1401000.0,335689000.0,337090000.0,68997000.0,24674000.0,0.0,0.0,0.0,-54665000.0,-29991000.0,-0.235,-29991000.0,-54665000.0,-70730000.0,-0.78,-0.78,-0.78,108632000.0,160632750.0,108632000.0,637788708.0,-12.0,-21.266,-35472000.0,-0.384,1.0,78716000.0,0.617,80402000.0,16065000.0,712805000.0,776267000.0,9861000.0,280803000.0,280803000.0,0.0,459720000.0,48522000.0,411198000.0,331768708.0,-111000000.0,-4236000.0,778000.0,-70645000.0,0.0,-69867000.0,-33146000.0,-1776000.0,-8338000.0,351000.0,-72075000.0,-72075000.0,-72075000.0,0.0,0.0,-0.565,230321000.0,-151605000.0,2113000.0,0.0,3.054,-4.603,-4.603,73641000.0,0.0,3.59,2.6,2.6,8515000.0,-1200872000.0,127605000.0,127605000.0,148448000.0,-0.113,-0.449,-0.07,-0.428,10022000.0,54187000.0,1.0,92414682.0,92425000,92425000.0,1.381,487950000.0,0.0,1345000.0,0.0,5.279,361765000.0
52,NKTR,MRT,2008-06-30,2008-06-30,2008-06-30,2021-08-06,739000.0,609493000.0,679179250.0,410128000.0,199365000.0,0.239,1.555,-31380000.0,31829000.0,31829000.0,70997000.0,-53657000.0,6.98,3.241,337849000.0,1833000.0,336016000.0,337849000.0,75648000.0,25598000.0,0.0,0.0,0.0,-35738000.0,-10140000.0,-0.062,-10140000.0,-35738000.0,-52588000.0,-0.58,-0.58,-0.58,143701000.0,176200500.0,143701000.0,611459378.0,-17.0,-60.302,33184000.0,0.359,1.0,91490000.0,0.563,80638000.0,16850000.0,776115000.0,780639000.0,10166000.0,342078000.0,342078000.0,0.0,465792000.0,58760000.0,407032000.0,309546378.0,-51027000.0,0.0,1455000.0,-69850000.0,0.0,-68395000.0,-47628000.0,-16248000.0,64564000.0,432000.0,-53657000.0,-53657000.0,-53657000.0,0.0,0.0,-0.33,228106000.0,-136616000.0,1862000.0,0.0,2.154,-5.769,-5.776,114229000.0,0.0,3.35,1.905,1.905,12067000.0,-1163834000.0,162487000.0,162487000.0,145956000.0,-0.079,-0.305,-0.046,-0.22,6952000.0,54227000.0,1.0,92401904.0,92400000,92400000.0,1.759,528855000.0,0.0,1069000.0,0.0,5.724,351368000.0
53,NKTR,MRT,2008-03-31,2008-03-31,2008-03-31,2021-08-06,2213000.0,643836000.0,702672250.0,443523000.0,200313000.0,0.296,1.904,-32521000.0,36676000.0,36676000.0,103556000.0,-47792000.0,7.694,2.663,338589000.0,2259000.0,336330000.0,338589000.0,79769000.0,27374000.0,0.0,0.0,0.0,-28897000.0,-1523000.0,-0.007,-1523000.0,-28897000.0,-46520000.0,-0.52,-0.52,-0.52,175759000.0,187445250.0,175759000.0,903393392.0,-31.0,-593.167,77806000.0,0.843,1.0,104447000.0,0.502,80875000.0,17623000.0,807229000.0,791476250.0,11027000.0,375954000.0,375954000.0,0.0,468077000.0,57645000.0,410432000.0,640719392.0,-46464000.0,0.0,2017000.0,-69533000.0,0.0,-67516000.0,-89999000.0,-57478000.0,110327000.0,724000.0,-47792000.0,-47792000.0,-47792000.0,0.0,0.0,-0.23,235693000.0,-131246000.0,1556000.0,0.0,3.645,-13.406,-13.346,114381000.0,0.0,6.94,3.08,3.081,14040000.0,-1130459000.0,208003000.0,208003000.0,153456000.0,-0.068,-0.255,-0.037,-0.139,9002000.0,54077000.0,1.0,92322679.0,92330000,92330000.0,2.253,562961000.0,0.0,1272000.0,0.0,6.097,385878000.0
54,NKTR,MRT,2007-12-31,2007-12-31,2007-12-31,2021-08-06,1643000.0,725103000.0,720148250.0,523283000.0,201820000.0,0.379,2.334,-32796000.0,76293000.0,76293000.0,147517000.0,-32761000.0,5.335,2.381,336632000.0,0.0,336632000.0,336632000.0,80969000.0,29028000.0,0.0,0.0,0.0,-12814000.0,16214000.0,0.059,16214000.0,-12814000.0,-31452000.0,-0.36,-0.36,-0.36,214439000.0,196161250.0,214439000.0,848602570.0,-66.0,52.338,113506000.0,1.235,1.0,125510000.0,0.46,78431000.0,18638000.0,808919000.0,799478500.0,12187000.0,406060000.0,406060000.0,0.0,510664000.0,98092000.0,412572000.0,618567570.0,12533000.0,0.0,3780000.0,-105548000.0,0.0,-101768000.0,-32655000.0,141000.0,146302000.0,654000.0,-32761000.0,-32761000.0,-32761000.0,0.0,0.0,-0.12,240836000.0,-115326000.0,3589000.0,0.0,2.885,-18.881,-18.639,114420000.0,0.0,6.71,2.266,2.258,21637000.0,-1089754000.0,273027000.0,273027000.0,153575000.0,-0.045,-0.167,-0.016,-0.047,14779000.0,58865000.0,1.0,92185927.0,91876000,91876000.0,2.972,646672000.0,0.0,1309000.0,0.0,7.039,425191000.0
55,NKTR,MRT,2007-09-30,2007-09-30,2007-09-30,2021-08-06,518000.0,738285000.0,730916750.0,514771000.0,223514000.0,0.379,1.857,-27227000.0,174713000.0,174713000.0,164611000.0,-110658000.0,3.286,3.32,404748000.0,67761000.0,336987000.0,404748000.0,101883000.0,30774000.0,0.0,0.0,0.0,-89464000.0,-58690000.0,-0.212,-58690000.0,-89464000.0,-109330000.0,-1.21,-1.21,-1.21,170903000.0,199316500.0,170903000.0,1131161965.0,-13.0,-19.274,-13619000.0,-0.148,1.0,112547000.0,0.406,81348000.0,19866000.0,730293000.0,820974000.0,17175000.0,277931000.0,277931000.0,0.0,567382000.0,156679000.0,410703000.0,812251965.0,17045000.0,0.0,13680000.0,-39484000.0,0.0,-25804000.0,29699000.0,56926000.0,13608000.0,-458000.0,-110658000.0,-110658000.0,-110658000.0,0.0,0.0,-0.399,226238000.0,-113691000.0,4421000.0,0.0,4.753,-7.34,-7.298,135317000.0,0.0,8.83,2.931,2.932,36805000.0,-1128797000.0,277158000.0,277158000.0,156786000.0,-0.151,-0.555,-0.109,-0.323,16152000.0,63819000.0,1.0,91987765.0,92028000,92028000.0,3.012,656937000.0,0.0,1328000.0,0.0,7.138,358092000.0
56,NKTR,MRT,2007-06-30,2007-06-30,2007-06-30,2021-08-06,467000.0,703465000.0,743850500.0,483366000.0,220099000.0,0.376,2.055,-22748000.0,82856000.0,82856000.0,168333000.0,-111642000.0,3.984,2.728,401766000.0,67438000.0,334328000.0,401766000.0,57058000.0,30210000.0,0.0,0.0,0.0,-89966000.0,-59756000.0,-0.214,-59756000.0,-89966000.0,-110314000.0,-1.23,-1.23,-1.23,188680000.0,219511500.0,188680000.0,1188854210.0,-13.0,-19.895,-58688000.0,-0.639,1.0,111136000.0,0.398,81584000.0,20348000.0,819464000.0,860108750.0,17228000.0,323933000.0,323933000.0,0.0,514785000.0,121327000.0,393458000.0,870059210.0,-69133000.0,0.0,13071000.0,-42443000.0,0.0,-29372000.0,-4146000.0,18602000.0,-35940000.0,325000.0,-111642000.0,-111642000.0,-111642000.0,0.0,0.0,-0.399,227937000.0,-116801000.0,2941000.0,0.0,4.611,-7.793,-7.715,131024000.0,0.0,9.49,3.113,3.117,49829000.0,-1110176000.0,279469000.0,279469000.0,157018000.0,-0.15,-0.509,-0.105,-0.322,20114000.0,64815000.0,1.0,91681687.0,91804000,91804000.0,3.044,621881000.0,0.0,1328000.0,0.0,6.774,362039000.0
57,NKTR,MRT,2007-03-31,2007-03-31,2007-03-31,2021-08-06,303000.0,713740000.0,774770500.0,491577000.0,222163000.0,0.353,2.303,-23492000.0,83140000.0,83140000.0,165616000.0,-146963000.0,4.41,2.389,401935000.0,67387000.0,334548000.0,401935000.0,48907000.0,32472000.0,0.0,0.0,0.0,-125301000.0,-92829000.0,-0.339,-92829000.0,-125301000.0,-145885000.0,-1.63,-1.63,-1.63,210623000.0,238656750.0,210623000.0,1568010785.0,-13.0,-16.891,-106486000.0,-1.164,1.0,108159000.0,0.395,81821000.0,20584000.0,839238000.0,882627500.0,16770000.0,315187000.0,315187000.0,0.0,503117000.0,111476000.0,391641000.0,1193647785.0,-178888000.0,0.0,18649000.0,-46617000.0,0.0,-27968000.0,-68172000.0,-44680000.0,-82994000.0,246000.0,-146963000.0,-146963000.0,-146963000.0,0.0,0.0,-0.537,260184000.0,-152025000.0,3658000.0,0.0,5.667,-8.122,-8.012,132345000.0,0.0,13.06,4.36,4.363,64747000.0,-1082666000.0,273775000.0,273775000.0,156628000.0,-0.19,-0.616,-0.142,-0.458,30094000.0,78720000.0,1.0,91397227.0,91454000,91454000.0,2.994,631919000.0,0.0,1078000.0,0.0,6.91,380101000.0
58,NKTR,MRT,2006-12-31,2006-12-31,2006-12-31,2021-08-06,62000.0,768177000.0,806720000.0,535039000.0,233138000.0,0.27,2.529,-22524000.0,63760000.0,63760000.0,118089000.0,-154761000.0,3.231,2.383,438123000.0,103364000.0,334759000.0,438123000.0,40106000.0,33509000.0,0.0,0.0,0.0,-133140000.0,-99631000.0,-0.458,-99631000.0,-133140000.0,-153933000.0,-1.72,-1.72,-1.72,227060000.0,262702500.0,227060000.0,1653799654.0,-12.0,-16.599,-115239000.0,-1.283,1.0,99629000.0,0.458,82057000.0,20793000.0,894901000.0,877102250.0,14656000.0,403217000.0,394880000.0,8337000.0,541117000.0,165582000.0,375535000.0,1373396654.0,-197513000.0,0.0,22259000.0,-10488000.0,0.0,11771000.0,-116880000.0,-94356000.0,-92715000.0,311000.0,-154761000.0,-154761000.0,-154761000.0,0.0,0.0,-0.711,258859000.0,-159230000.0,7205000.0,0.0,6.049,-8.874,-8.843,133812000.0,0.0,15.21,6.308,6.273,47148000.0,-1056993000.0,217718000.0,217718000.0,149381000.0,-0.192,-0.589,-0.152,-0.612,30982000.0,82358000.0,1.0,90295638.0,89789000,89789000.0,2.425,686120000.0,0.0,828000.0,0.0,7.641,369457000.0
59,NKTR,MRT,2006-09-30,2006-09-30,2006-09-30,2021-08-06,471000.0,790020000.0,829314250.0,546432000.0,243588000.0,0.218,2.796,-22717000.0,157668000.0,157668000.0,83862000.0,-224145000.0,5.732,2.139,438071000.0,36630000.0,401441000.0,438071000.0,41344000.0,37642000.0,0.0,0.0,0.0,-203770000.0,-166128000.0,-0.919,-166128000.0,-203770000.0,-224282000.0,-2.55,-2.55,-2.55,251683000.0,287640250.0,251683000.0,1582542368.0,-8.0,-9.526,-105590000.0,-1.173,1.0,96833000.0,0.536,88262000.0,20512000.0,886832000.0,871992500.0,15795000.0,333282000.0,323940000.0,9342000.0,538337000.0,95329000.0,443008000.0,1296341368.0,-199549000.0,-30714000.0,12651000.0,-8351000.0,0.0,4300000.0,-121711000.0,-68280000.0,-82873000.0,735000.0,-224145000.0,-224145000.0,-224145000.0,0.0,0.0,-1.24,324625000.0,-227792000.0,6761000.0,0.0,5.151,-5.783,-5.651,136580000.0,0.0,14.41,7.174,7.179,31849000.0,-1018138000.0,180695000.0,180695000.0,150354000.0,-0.27,-0.779,-0.234,-1.128,28490000.0,74537000.0,1.0,89961233.0,90017000,90017000.0,2.007,701758000.0,0.0,-137000.0,0.0,7.796,451103000.0
60,NKTR,MRT,2006-06-30,2006-06-30,2006-06-30,2021-08-06,-1409000.0,827145000.0,868536750.0,572726000.0,254419000.0,0.182,2.957,-21443000.0,151989000.0,151989000.0,58808000.0,-228336000.0,4.987,2.118,438190000.0,36588000.0,401602000.0,438190000.0,43207000.0,35182000.0,0.0,0.0,0.0,-210224000.0,-175042000.0,-1.105,-175042000.0,-210224000.0,-228473000.0,-2.61,-2.61,-2.61,265261000.0,333245500.0,265261000.0,1817993855.0,-9.0,-10.386,-134390000.0,-1.498,1.0,99609000.0,0.629,88970000.0,18249000.0,909539000.0,862115250.0,16247000.0,339150000.0,323931000.0,15219000.0,561884000.0,114837000.0,447047000.0,1641718855.0,81614000.0,-30714000.0,48477000.0,228821000.0,0.0,277298000.0,-82752000.0,-30595000.0,-112947000.0,15000.0,-228336000.0,-228336000.0,-228336000.0,0.0,0.0,-1.441,328086000.0,-228477000.0,9772000.0,0.0,6.189,-7.19,-7.027,139152000.0,0.0,18.34,10.363,10.384,44640000.0,-998534000.0,158417000.0,158417000.0,152940000.0,-0.263,-0.685,-0.244,-1.327,25030000.0,72063000.0,1.0,89515750.0,89697000,89697000.0,1.766,738175000.0,0.0,-137000.0,0.0,8.23,457889000.0
61,NKTR,MRT,2006-03-31,2006-03-31,2006-03-31,2021-08-06,-1734000.0,841538000.0,835264250.0,549366000.0,292172000.0,0.152,3.45,-18012000.0,262028000.0,262028000.0,27468000.0,-192417000.0,4.981,1.743,438303000.0,36547000.0,401756000.0,438303000.0,17130000.0,29800000.0,0.0,0.0,0.0,-176387000.0,-146587000.0,-1.157,-146587000.0,-176387000.0,-192554000.0,-2.23,-2.23,-2.23,306806000.0,372261250.0,306806000.0,1992161419.0,-11.0,-13.59,-120365000.0,-1.354,1.0,99276000.0,0.783,90375000.0,16167000.0,817137000.0,792190750.0,33180000.0,266089000.0,217488000.0,48601000.0,534732000.0,110301000.0,424431000.0,1815023419.0,214512000.0,-30714000.0,45181000.0,232966000.0,0.0,278147000.0,38751000.0,87477000.0,-102353000.0,-33000.0,-192417000.0,-192417000.0,-192417000.0,0.0,0.0,-1.518,290991000.0,-191715000.0,14633000.0,0.0,5.916,-9.433,-9.139,140301000.0,0.0,20.38,14.32,14.299,17432000.0,-935703000.0,126744000.0,126744000.0,148115000.0,-0.23,-0.517,-0.223,-1.392,10763000.0,55115000.0,1.0,89059049.0,88926000,88926000.0,1.425,751163000.0,0.0,-137000.0,0.0,8.447,439065000.0
62,NKTR,MRT,2005-12-31,2005-12-31,2005-12-31,2021-08-06,-1707000.0,858554000.0,803427750.0,519843000.0,338711000.0,0.157,3.804,-17955000.0,261273000.0,261273000.0,23728000.0,-185111000.0,7.47,1.627,438659000.0,536000.0,438123000.0,438659000.0,23861000.0,25311000.0,0.0,0.0,0.0,-171163000.0,-145852000.0,-1.155,-145852000.0,-171163000.0,-185248000.0,-2.15,-2.15,-2.15,326811000.0,406562250.0,326811000.0,1523588476.0,-9.0,-10.446,-95953000.0,-1.117,1.0,102551000.0,0.812,91883000.0,14085000.0,874462000.0,756949250.0,18627000.0,305150000.0,214928000.0,90222000.0,531743000.0,69595000.0,462148000.0,1442289476.0,229209000.0,-30714000.0,42424000.0,232425000.0,0.0,274849000.0,32403000.0,81072000.0,-77998000.0,-45000.0,-185111000.0,-185111000.0,-185111000.0,0.0,0.0,-1.466,285184000.0,-182633000.0,16131000.0,0.0,4.413,-7.791,-7.656,142127000.0,0.0,16.46,11.421,11.199,12494000.0,-902232000.0,126279000.0,126279000.0,151659000.0,-0.23,-0.455,-0.226,-1.355,3507000.0,43852000.0,1.0,87623905.0,85915000,85915000.0,1.47,766671000.0,0.0,-137000.0,0.0,8.924,450248000.0
63,NKTR,MRT,2005-09-30,2005-09-30,2005-09-30,2021-08-06,-1207000.0,946910000.0,775019500.0,658209000.0,288701000.0,0.161,5.034,-18206000.0,357217000.0,357217000.0,22865000.0,-96142000.0,13.763,1.181,438516000.0,444000.0,438072000.0,438516000.0,21767000.0,22728000.0,0.0,0.0,0.0,-84385000.0,-61657000.0,-0.494,-61657000.0,-84385000.0,-96437000.0,-1.13,-1.13,-1.13,434104000.0,441695000.0,434104000.0,1571309895.0,-19.0,-25.485,-87484000.0,-1.015,1.0,101899000.0,0.817,133061000.0,12052000.0,847323000.0,718253000.0,13152000.0,263111000.0,263111000.0,0.0,512806000.0,47825000.0,464981000.0,1446791895.0,330856000.0,0.0,46739000.0,235098000.0,0.0,281837000.0,118308000.0,136514000.0,-69278000.0,-11000.0,-96142000.0,-96142000.0,-96142000.0,0.0,0.0,-0.771,194207000.0,-92308000.0,8708000.0,0.0,3.333,-15.048,-15.0,144716000.0,0.0,16.95,11.596,11.715,14551000.0,-793993000.0,124764000.0,124764000.0,143368000.0,-0.124,-0.218,-0.117,-0.676,3864000.0,38879000.0,1.0,85356454.0,86228000,86228000.0,1.447,813849000.0,0.0,-295000.0,0.0,9.438,610384000.0
64,NKTR,MRT,2005-06-30,2005-06-30,2005-06-30,2021-08-06,-867000.0,694055000.0,723567750.0,411282000.0,282773000.0,0.162,4.954,-21261000.0,70375000.0,70375000.0,21217000.0,-92799000.0,7.54,0.647,194893000.0,408000.0,194485000.0,194893000.0,27764000.0,20824000.0,0.0,0.0,0.0,-80775000.0,-59951000.0,-0.513,-59951000.0,-80775000.0,-93094000.0,-1.09,-1.09,-1.09,421324000.0,453204000.0,421324000.0,1578750167.0,-20.0,-26.334,-77682000.0,-0.913,1.0,95739000.0,0.819,134188000.0,12319000.0,629841000.0,674404000.0,12781000.0,308132000.0,308132000.0,0.0,272731000.0,54544000.0,218187000.0,1429966167.0,35249000.0,22450000.0,12746000.0,-3450000.0,0.0,9296000.0,82390000.0,81201000.0,-56421000.0,-16000.0,-92799000.0,-92799000.0,-92799000.0,0.0,0.0,-0.793,183508000.0,-87769000.0,8461000.0,0.0,3.394,-15.409,-15.44,146371000.0,0.0,16.83,12.227,12.237,10448000.0,-770198000.0,116956000.0,116956000.0,139311000.0,-0.128,-0.205,-0.12,-0.691,3765000.0,35313000.0,1.0,84965310.0,85040000,85040000.0,1.375,559867000.0,0.0,-295000.0,0.0,6.584,356738000.0
65,NKTR,MRT,2005-03-31,2005-03-31,2005-03-31,2021-08-06,-1288000.0,714192000.0,740283750.0,428847000.0,285345000.0,0.158,5.242,-24238000.0,47516000.0,47516000.0,22517000.0,-88051000.0,8.329,0.609,196300000.0,1701000.0,194599000.0,196300000.0,28705000.0,19278000.0,0.0,0.0,0.0,-75896000.0,-56618000.0,-0.484,-56618000.0,-75896000.0,-88346000.0,-1.04,-1.04,-1.04,444010000.0,472213250.0,444010000.0,1275796669.0,-17.0,-22.533,-91335000.0,-1.078,1.0,94416000.0,0.807,135314000.0,12450000.0,676171000.0,703561250.0,10683000.0,353787000.0,353787000.0,0.0,270182000.0,51491000.0,218691000.0,1181146669.0,-28658000.0,22450000.0,12133000.0,-3785000.0,0.0,8348000.0,30098000.0,31886000.0,-67097000.0,-7000.0,-88051000.0,-88051000.0,-88051000.0,0.0,0.0,-0.753,176644000.0,-82228000.0,5117000.0,0.0,2.66,-13.414,-13.404,147726000.0,0.0,13.94,10.101,10.098,6333000.0,-743286000.0,116933000.0,116933000.0,137176000.0,-0.119,-0.186,-0.108,-0.649,3719000.0,33250000.0,1.0,84730751.0,84708000,84708000.0,1.38,578878000.0,0.0,-295000.0,0.0,6.834,377356000.0
66,NKTR,MRT,2004-12-31,2004-12-31,2004-12-31,2021-08-06,-356000.0,744921000.0,758519500.0,279533000.0,465388000.0,0.151,5.956,-27194000.0,32064000.0,32064000.0,19798000.0,-101886000.0,5.023,0.594,199049000.0,1532000.0,197517000.0,199049000.0,29890000.0,18011000.0,0.0,0.0,0.0,-76302000.0,-58291000.0,-0.51,-58291000.0,-76302000.0,-102049000.0,-1.3,-1.3,-1.3,467342000.0,488945500.0,467342000.0,1806455354.0,-24.0,-30.99,-105336000.0,-1.343,1.0,94472000.0,0.827,136576000.0,25747000.0,719677000.0,692392000.0,10691000.0,386676000.0,211670000.0,175006000.0,277579000.0,55653000.0,221926000.0,1699476354.0,-12382000.0,22450000.0,211362000.0,-3948000.0,0.0,207414000.0,-141654000.0,-136910000.0,-78142000.0,0.0,-101886000.0,-101886000.0,-101886000.0,0.0,0.0,-0.892,168414000.0,-73942000.0,7141000.0,0.0,3.636,-16.68,-15.569,151247000.0,0.0,20.24,14.872,13.897,12842000.0,-717121000.0,114270000.0,114270000.0,133523000.0,-0.134,-0.208,-0.11,-0.668,3707000.0,30967000.0,1.0,83966223.0,78461000,78461000.0,1.456,608345000.0,0.0,-163000.0,0.0,7.753,223880000.0
67,NKTR,MRT,2004-09-30,2004-09-30,2004-09-30,2021-08-06,-387000.0,741103000.0,726486250.0,450740000.0,290363000.0,0.149,5.726,-28367000.0,92369000.0,92369000.0,16553000.0,-98312000.0,11.722,0.544,199348000.0,1651000.0,197697000.0,199348000.0,16070000.0,12135000.0,0.0,0.0,0.0,-69164000.0,-57029000.0,-0.525,-57029000.0,-69164000.0,-98011000.0,-1.43,-1.43,-1.43,480140000.0,413157750.0,480140000.0,1383442607.0,-20.0,-24.259,-111714000.0,-1.332,1.0,91975000.0,0.847,137702000.0,28847000.0,671927000.0,706899000.0,10474000.0,334544000.0,334544000.0,0.0,260963000.0,38453000.0,222510000.0,1213820607.0,-15084000.0,22450000.0,207560000.0,-1243000.0,0.0,206317000.0,-138054000.0,-132137000.0,-83347000.0,0.0,-98312000.0,-98312000.0,-98312000.0,0.0,0.0,-0.906,165997000.0,-74022000.0,4708000.0,0.0,2.528,-12.347,-10.126,150009000.0,0.0,14.48,11.184,11.188,5643000.0,-697851000.0,108528000.0,108528000.0,125327000.0,-0.135,-0.238,-0.098,-0.637,2150000.0,36744000.0,1.0,83827390.0,83853000,83853000.0,1.294,603401000.0,0.0,301000.0,0.0,7.196,412287000.0
68,NKTR,MRT,2004-06-30,2004-06-30,2004-06-30,2021-08-06,-1017000.0,760919000.0,699441750.0,461291000.0,299628000.0,0.153,5.956,-26730000.0,36268000.0,36268000.0,15617000.0,-95066000.0,10.196,0.53,205890000.0,1469000.0,204421000.0,205890000.0,21679000.0,12224000.0,0.0,0.0,0.0,-64396000.0,-52172000.0,-0.486,-52172000.0,-64396000.0,-94765000.0,-1.5,-1.5,-1.5,497361000.0,332771250.0,497361000.0,1701206510.0,-26.0,-32.608,-109047000.0,-1.306,1.0,91722000.0,0.855,138829000.0,30369000.0,746470000.0,742792500.0,10318000.0,389003000.0,389003000.0,0.0,263558000.0,45242000.0,218316000.0,1667353510.0,-55118000.0,0.0,206532000.0,15439000.0,0.0,222171000.0,-194972000.0,-168242000.0,-82317000.0,0.0,-95066000.0,-95066000.0,-95066000.0,0.0,0.0,-0.886,161049000.0,-69327000.0,5069000.0,0.0,3.352,-17.539,-13.307,157615000.0,0.0,19.96,15.534,15.527,18944000.0,-677399000.0,107339000.0,107339000.0,122570000.0,-0.136,-0.286,-0.087,-0.6,1804000.0,34552000.0,1.0,83534745.0,83501000,83501000.0,1.285,622090000.0,0.0,301000.0,0.0,7.45,416049000.0
69,NKTR,MRT,2004-03-31,2004-03-31,2004-03-31,2021-08-06,1354000.0,787135000.0,667836000.0,489773000.0,297362000.0,0.16,8.223,-23810000.0,180669000.0,180669000.0,12592000.0,-85941000.0,9.887,0.541,214522000.0,1743000.0,212779000.0,214522000.0,21783000.0,12117000.0,0.0,0.0,0.0,-54108000.0,-41991000.0,-0.394,-41991000.0,-54108000.0,-85640000.0,-1.46,-1.46,-1.46,510939000.0,252099000.0,510939000.0,1555531959.0,-29.0,-37.044,-85514000.0,-1.376,1.0,93968000.0,0.882,139956000.0,31532000.0,631494000.0,745395000.0,0.0,286741000.0,286741000.0,0.0,276196000.0,49538000.0,226658000.0,1226278959.0,64600000.0,0.0,204458000.0,98099000.0,0.0,302557000.0,-176253000.0,-152443000.0,-61704000.0,0.0,-85941000.0,-85941000.0,-85941000.0,0.0,0.0,-0.807,156989000.0,-63021000.0,9362000.0,0.0,2.4,-14.269,-14.74,154023000.0,0.0,21.52,11.508,12.549,3563000.0,-655235000.0,106560000.0,106560000.0,121300000.0,-0.129,-0.341,-0.073,-0.508,1404000.0,31616000.0,1.0,56983223.0,62139000,62139000.0,1.715,647179000.0,0.0,301000.0,0.0,10.415,440235000.0
70,NKTR,MRT,2003-12-31,2003-12-31,2003-12-31,2021-08-06,958000.0,616788000.0,612038250.0,306498000.0,310290000.0,0.174,2.941,-18654000.0,44446000.0,44446000.0,14678000.0,-65890000.0,6.541,2.757,393303000.0,1629000.0,391674000.0,393303000.0,18719000.0,12279000.0,0.0,0.0,0.0,-46394000.0,-34115000.0,-0.321,-34115000.0,-46394000.0,-65721000.0,-1.18,-1.18,-1.18,164191000.0,171198000.0,164191000.0,1137418430.0,-25.0,-33.341,-94855000.0,-1.699,1.0,91579000.0,0.862,141083000.0,19327000.0,777705000.0,759654000.0,8559000.0,253963000.0,241521000.0,12442000.0,452597000.0,46857000.0,405740000.0,763831430.0,19519000.0,0.0,2554000.0,98746000.0,0.0,101300000.0,-5580000.0,13074000.0,-76201000.0,0.0,-65890000.0,-65890000.0,-65890000.0,0.0,0.0,-0.62,156334000.0,-64755000.0,8074000.0,0.0,4.652,-11.593,-11.534,149388000.0,0.0,13.61,7.189,7.15,6153000.0,-615235000.0,106257000.0,106257000.0,122149000.0,-0.108,-0.385,-0.061,-0.437,1056000.0,29966000.0,1.0,56122809.0,55821000,55821000.0,1.904,475705000.0,0.0,169000.0,0.0,8.522,259641000.0
71,NKTR,MRT,2003-09-30,2003-09-30,2003-09-30,2021-08-06,1004000.0,632925000.0,609500750.0,326841000.0,306084000.0,0.169,2.84,-14787000.0,51397000.0,51397000.0,13388000.0,-81268000.0,6.697,2.991,424984000.0,5792000.0,419192000.0,424984000.0,15269000.0,11739000.0,0.0,0.0,0.0,-62728000.0,-50989000.0,-0.494,-50989000.0,-62728000.0,-81268000.0,-1.46,-1.46,-1.46,158594000.0,181842750.0,158594000.0,1024844605.0,-16.0,-20.099,-91073000.0,-1.631,1.0,89875000.0,0.87,142209000.0,18540000.0,815501000.0,738975000.0,0.0,262500000.0,252793000.0,9707000.0,474331000.0,48802000.0,425529000.0,714230605.0,2769000.0,0.0,1513000.0,92052000.0,0.0,93565000.0,-14510000.0,277000.0,-76286000.0,0.0,-81268000.0,-81268000.0,-81268000.0,0.0,0.0,-0.787,164127000.0,-74252000.0,6522000.0,0.0,4.504,-8.789,-8.767,145037000.0,0.0,12.8,6.917,6.921,8724000.0,-599539000.0,103263000.0,103263000.0,127264000.0,-0.133,-0.447,-0.085,-0.607,1208000.0,32501000.0,1.0,55799266.0,55837000,55837000.0,1.849,490716000.0,0.0,0.0,0.0,8.788,278039000.0
72,NKTR,MRT,2003-06-30,2003-06-30,2003-06-30,2021-08-06,1280000.0,634496000.0,607903000.0,329653000.0,304843000.0,0.163,3.135,-11878000.0,100196000.0,100196000.0,11787000.0,-90583000.0,7.343,2.632,410810000.0,1118000.0,409692000.0,410810000.0,14320000.0,12421000.0,0.0,0.0,0.0,-72619000.0,-60198000.0,-0.607,-60198000.0,-72619000.0,-90583000.0,-1.63,-1.63,-1.63,174672000.0,201356500.0,174672000.0,820858773.0,-11.0,-13.636,-99820000.0,-1.792,1.0,87337000.0,0.881,143336000.0,17964000.0,756880000.0,714269250.0,0.0,216874000.0,208075000.0,8799000.0,459824000.0,44894000.0,414930000.0,510685773.0,70616000.0,1901000.0,545000.0,79991000.0,0.0,80336000.0,78222000.0,88199000.0,-87942000.0,0.0,-90583000.0,-90583000.0,-90583000.0,0.0,0.0,-0.914,172039000.0,-84702000.0,4903000.0,0.0,2.924,-5.638,-5.626,143439000.0,0.0,9.17,5.152,5.154,8847000.0,-582333000.0,99124000.0,99124000.0,133670000.0,-0.149,-0.45,-0.102,-0.733,1532000.0,33862000.0,1.0,55690924.0,55718000,55718000.0,1.779,491160000.0,0.0,0.0,0.0,8.815,284759000.0
73,NKTR,MRT,2003-03-31,2003-03-31,2003-03-31,2021-08-06,1478000.0,563944000.0,613530250.0,270437000.0,293507000.0,0.153,3.369,-13899000.0,21526000.0,21526000.0,9752000.0,-102361000.0,6.576,2.01,331699000.0,1062000.0,330637000.0,331699000.0,8322000.0,12548000.0,0.0,0.0,0.0,-84516000.0,-71968000.0,-0.769,-71968000.0,-84516000.0,-102361000.0,-1.85,-1.85,-1.85,187335000.0,223231500.0,187335000.0,648903388.0,-8.0,-9.017,-109750000.0,-1.974,1.0,83875000.0,0.896,144463000.0,17845000.0,688530000.0,713963000.0,0.0,229986000.0,229986000.0,0.0,376609000.0,41124000.0,335485000.0,351763388.0,-33155000.0,3443000.0,499000.0,-1792000.0,0.0,-1293000.0,63989000.0,74445000.0,-95851000.0,0.0,-102361000.0,-102361000.0,-102361000.0,0.0,0.0,-1.093,176649000.0,-92774000.0,6593000.0,0.0,1.878,-3.436,-3.416,142706000.0,0.0,6.32,3.757,3.753,6775000.0,-569294000.0,93627000.0,93627000.0,137841000.0,-0.167,-0.459,-0.118,-0.903,1853000.0,34301000.0,1.0,55658764.0,55601000,55601000.0,1.684,419481000.0,0.0,0.0,0.0,7.544,229313000.0
74,NKTR,MRT,2002-12-31,2002-12-31,2002-12-31,2021-08-06,1668000.0,606638000.0,642741250.0,310989000.0,295649000.0,0.148,3.74,-16288000.0,34879000.0,34879000.0,7020000.0,-107468000.0,4.885,1.934,332485000.0,1474000.0,331011000.0,332485000.0,22040000.0,12645000.0,0.0,0.0,0.0,-89587000.0,-76942000.0,-0.811,-76942000.0,-89587000.0,-107468000.0,-1.94,-1.94,-1.94,206770000.0,247460000.0,206770000.0,735585133.0,-8.0,-9.56,-91263000.0,-1.651,1.0,87825000.0,0.926,145590000.0,17881000.0,694989000.0,729243250.0,0.0,259090000.0,259090000.0,0.0,399868000.0,63665000.0,336203000.0,447815133.0,113000.0,3443000.0,441000.0,-1717000.0,0.0,38724000.0,36364000.0,49209000.0,-74975000.0,0.0,-107468000.0,-107468000.0,-107468000.0,0.0,0.0,-1.133,186638000.0,-98813000.0,8655000.0,0.0,2.166,-4.167,-4.165,143452000.0,0.0,8.08,4.722,4.71,4370000.0,-549345000.0,94845000.0,94845000.0,147627000.0,-0.167,-0.434,-0.123,-0.945,1925000.0,34504000.0,1.0,55422665.0,55282000,55282000.0,1.716,461048000.0,0.0,0.0,0.0,8.34,247324000.0
75,NKTR,MRT,2002-09-30,2002-09-30,2002-09-30,2021-08-06,1535000.0,626534000.0,657892000.0,329397000.0,297137000.0,0.147,4.278,-19799000.0,44676000.0,44676000.0,7693000.0,-112646000.0,6.47,1.648,332446000.0,956000.0,331490000.0,332446000.0,16413000.0,21833000.0,0.0,0.0,0.0,-96165000.0,-74332000.0,-0.771,-74332000.0,-96165000.0,-112646000.0,-2.02,-2.02,-2.02,236649000.0,263345750.0,236649000.0,583906856.0,-6.0,-7.855,-89837000.0,-1.624,1.0,88689000.0,0.92,146716000.0,16481000.0,716678000.0,744311000.0,0.0,268930000.0,268877000.0,53000.0,389885000.0,50910000.0,338975000.0,277677856.0,14676000.0,3443000.0,1350000.0,2171000.0,0.0,43521000.0,41193000.0,57549000.0,-70038000.0,0.0,-112646000.0,-112646000.0,-112646000.0,0.0,0.0,-1.169,192331000.0,-103642000.0,5198000.0,0.0,1.173,-2.465,-2.485,142191000.0,0.0,5.02,2.881,2.881,3710000.0,-518271000.0,96382000.0,96382000.0,157770000.0,-0.171,-0.428,-0.129,-0.998,1335000.0,22168000.0,1.0,55314314.0,55316000,55316000.0,1.742,479818000.0,0.0,0.0,0.0,8.674,278487000.0
76,NKTR,MRT,2002-06-30,2002-06-30,2002-06-30,2021-08-06,1290000.0,657005000.0,672679250.0,354290000.0,302715000.0,0.142,4.748,-26355000.0,25628000.0,25628000.0,7732000.0,-113046000.0,6.126,1.506,331857000.0,904000.0,330953000.0,331857000.0,20656000.0,28869000.0,0.0,0.0,0.0,-97243000.0,-68374000.0,-0.715,-68374000.0,-97243000.0,-113046000.0,-2.03,-2.03,-2.03,262172000.0,279829250.0,262172000.0,804791103.0,-8.0,-11.77,-102685000.0,-1.86,1.0,87837000.0,0.919,149744000.0,15803000.0,755655000.0,759610750.0,0.0,310601000.0,310272000.0,329000.0,394833000.0,57835000.0,336998000.0,523843103.0,-197514000.0,1542000.0,1812000.0,5329000.0,0.0,47141000.0,-168325000.0,-143512000.0,-76330000.0,0.0,-113046000.0,-113046000.0,-113046000.0,0.0,0.0,-1.183,195387000.0,-107550000.0,6929000.0,0.0,1.998,-4.634,-4.675,144031000.0,0.0,9.49,5.481,5.483,4848000.0,-491750000.0,95569000.0,95569000.0,153799000.0,-0.168,-0.404,-0.128,-1.018,1095000.0,21379000.0,1.0,55199484.0,55216000,55216000.0,1.731,507261000.0,0.0,0.0,0.0,9.187,296455000.0
77,NKTR,MRT,2002-03-31,2002-03-31,2002-03-31,2021-08-06,-647000.0,680788000.0,689101750.0,374168000.0,306620000.0,0.131,5.155,-28922000.0,50729000.0,50729000.0,6059000.0,-194023000.0,6.301,1.395,331677000.0,855000.0,330822000.0,331677000.0,20116000.0,33111000.0,0.0,0.0,0.0,-179141000.0,-146030000.0,-1.62,-146030000.0,-179141000.0,-194023000.0,-3.63,-3.63,-3.63,284249000.0,296494250.0,284249000.0,879071756.0,-5.0,-6.02,-85872000.0,-1.557,1.0,84058000.0,0.933,152706000.0,14882000.0,749651000.0,719762500.0,0.0,308315000.0,307724000.0,591000.0,396539000.0,59379000.0,337160000.0,579334756.0,-29313000.0,-67246000.0,3484000.0,12772000.0,0.0,56256000.0,-28619000.0,67549000.0,-56950000.0,0.0,-194023000.0,-194023000.0,-194023000.0,0.0,0.0,-2.153,278669000.0,-194611000.0,6203000.0,0.0,2.038,-2.986,-2.906,143961000.0,0.0,10.55,6.429,6.456,4478000.0,-466933000.0,90117000.0,90117000.0,151307000.0,-0.282,-0.654,-0.249,-1.988,1184000.0,20224000.0,1.0,54913247.0,55143000,55143000.0,1.634,528082000.0,0.0,0.0,0.0,9.577,314789000.0
78,NKTR,MRT,2001-12-31,2001-12-31,2001-12-31,2021-08-06,1069000.0,667241000.0,690690500.0,360841000.0,306400000.0,0.112,5.087,-34321000.0,30814000.0,30814000.0,4169000.0,-250008000.0,6.095,1.468,331865000.0,807000.0,331058000.0,331865000.0,17073000.0,35126000.0,0.0,0.0,0.0,-236577000.0,-201451000.0,-2.6,-201451000.0,-236577000.0,-250008000.0,-4.71,-4.71,-4.71,270313000.0,305565000.0,270313000.0,1318377732.0,-6.0,-6.544,-85095000.0,-1.601,1.0,73299000.0,0.946,153833000.0,13431000.0,755260000.0,732014250.0,0.0,314263000.0,313542000.0,721000.0,396928000.0,59199000.0,337729000.0,1018640732.0,-105198000.0,-82051000.0,6049000.0,16564000.0,0.0,22613000.0,-77037000.0,39335000.0,-50774000.0,0.0,-250008000.0,-250008000.0,-250008000.0,0.0,0.0,-3.227,330262000.0,-256963000.0,7685000.0,0.0,3.768,-4.074,-3.938,142352000.0,0.0,18.55,13.149,12.724,4487000.0,-441877000.0,77468000.0,77468000.0,139651000.0,-0.362,-0.818,-0.323,-3.054,1485000.0,18861000.0,1.0,54913247.0,53136000,53136000.0,1.458,513408000.0,0.0,0.0,0.0,9.662,301642000.0
79,NKTR,MRT,2001-09-30,2001-09-30,2001-09-30,2021-08-06,-1629000.0,685683000.0,681265250.0,369452000.0,316231000.0,0.098,5.517,-39666000.0,30000000.0,30000000.0,1979000.0,-253365000.0,8.226,1.266,329737000.0,977000.0,328760000.0,329737000.0,7774000.0,30546000.0,0.0,0.0,0.0,-226940000.0,-196394000.0,-2.956,-196394000.0,-226940000.0,-253365000.0,-5.03,-5.03,-5.03,302583000.0,307457500.0,302583000.0,832978932.0,-4.0,-4.241,-85768000.0,-1.564,1.0,64468000.0,0.97,162631000.0,26425000.0,777877000.0,736637000.0,0.0,324346000.0,323382000.0,964000.0,383100000.0,44912000.0,338188000.0,729659932.0,-63095000.0,-82051000.0,9044000.0,253552000.0,0.0,239091000.0,-256084000.0,-133328000.0,-46102000.0,0.0,-253365000.0,-253365000.0,-253365000.0,0.0,0.0,-3.813,306463000.0,-241995000.0,36161000.0,0.0,2.411,-2.88,-2.644,138837000.0,0.0,13.3,10.981,10.978,5321000.0,-405625000.0,66447000.0,66447000.0,125089000.0,-0.372,-0.824,-0.308,-3.415,7136000.0,18436000.0,1.0,54861649.0,54845000,54845000.0,1.212,523052000.0,0.0,0.0,0.0,9.537,324540000.0
80,NKTR,MRT,2001-06-30,2001-06-30,2001-06-30,2021-08-06,-1677000.0,722695000.0,614925750.0,401684000.0,321011000.0,0.094,6.372,-43488000.0,223142000.0,223142000.0,0.0,-239659000.0,6.838,1.198,326461000.0,977000.0,325484000.0,326461000.0,19045000.0,19953000.0,0.0,0.0,0.0,-218732000.0,-198779000.0,-3.421,-198779000.0,-218732000.0,-239659000.0,-4.85,-4.85,-4.85,328832000.0,270354000.0,328832000.0,1423482479.0,-7.0,-7.161,-79513000.0,-1.541,1.0,58103000.0,1.0,171006000.0,20927000.0,596262000.0,679252250.0,0.0,164909000.0,162525000.0,2384000.0,393863000.0,58746000.0,335117000.0,1184607479.0,134367000.0,-82051000.0,11749000.0,250071000.0,0.0,238090000.0,-67698000.0,58757000.0,-36025000.0,0.0,-239659000.0,-239659000.0,-239659000.0,0.0,0.0,-4.125,287545000.0,-229442000.0,38724000.0,0.0,3.602,-4.943,-4.742,133341000.0,0.0,23.0,20.388,20.429,10390000.0,-378704000.0,58103000.0,58103000.0,117616000.0,-0.39,-0.886,-0.322,-3.765,6973000.0,15740000.0,1.0,51504673.0,51607000,51607000.0,1.126,551689000.0,0.0,0.0,0.0,10.69,342938000.0
81,NKTR,MRT,2001-03-31,2001-03-31,2001-03-31,2021-08-06,770000.0,687143000.0,542842250.0,464897000.0,222246000.0,0.101,6.275,-52678000.0,80042000.0,80042000.0,0.0,-149612000.0,11.778,1.144,318917000.0,977000.0,317940000.0,318917000.0,10144000.0,12678000.0,0.0,0.0,0.0,-133641000.0,-120963000.0,-2.196,-120963000.0,-133641000.0,-149612000.0,-3.18,-3.18,-3.18,320532000.0,227970000.0,320532000.0,1283515694.0,-10.0,-10.611,-99383000.0,-1.946,1.0,55093000.0,1.0,87888000.0,15971000.0,798658000.0,669617750.0,0.0,377283000.0,373839000.0,3444000.0,366611000.0,39472000.0,327139000.0,1099242694.0,-49736000.0,-14805000.0,12759000.0,242529000.0,0.0,231170000.0,-234201000.0,-165601000.0,-46705000.0,0.0,-149612000.0,-149612000.0,-149612000.0,0.0,0.0,-2.716,192392000.0,-137299000.0,28351000.0,0.0,3.429,-7.347,-6.723,119867000.0,0.0,21.38,19.952,19.822,3333000.0,-272910000.0,55093000.0,55093000.0,109366000.0,-0.276,-0.656,-0.2,-2.426,6467000.0,14415000.0,1.0,51414532.0,51078000,51078000.0,1.079,599255000.0,0.0,0.0,0.0,11.732,425425000.0
82,NKTR,MRT,2000-12-31,2000-12-31,2000-12-31,2021-08-06,5981000.0,629540000.0,483129500.0,493043000.0,136497000.0,0.107,6.617,-56142000.0,136012000.0,136012000.0,0.0,-97403000.0,16.324,1.265,315395000.0,977000.0,314418000.0,315395000.0,4913000.0,7552000.0,0.0,0.0,0.0,-85265000.0,-77713000.0,-1.505,-77713000.0,-85265000.0,-97403000.0,-2.32,-2.32,-2.32,277883000.0,190305750.0,277883000.0,2434314105.0,-29.0,-31.324,-91884000.0,-2.188,1.0,51629000.0,1.0,4969000.0,12138000.0,773751000.0,602756000.0,0.0,357969000.0,348829000.0,9140000.0,351657000.0,30203000.0,321454000.0,2284782105.0,102582000.0,0.0,17322000.0,461437000.0,0.0,438072000.0,-299748000.0,-242374000.0,-35742000.0,0.0,-97403000.0,-97403000.0,-97403000.0,0.0,0.0,-1.887,117768000.0,-66139000.0,6501000.0,0.0,8.222,-23.457,-21.767,110457000.0,0.0,50.5,44.254,41.08,583000.0,-191869000.0,51629000.0,51629000.0,100779000.0,-0.202,-0.512,-0.141,-1.651,5961000.0,13932000.0,1.0,45243210.0,41998000,41998000.0,1.229,624571000.0,0.0,0.0,0.0,14.871,462840000.0
83,NKTR,MRT,2000-09-30,2000-09-30,2000-09-30,2021-08-06,11772000.0,420325000.0,382446000.0,288644000.0,131681000.0,0.135,3.648,-53139000.0,93095000.0,93095000.0,0.0,-77968000.0,13.413,1.726,242627000.0,0.0,242627000.0,242627000.0,4361000.0,6649000.0,0.0,0.0,0.0,-74951000.0,-68302000.0,-1.325,-68302000.0,-74951000.0,-77968000.0,-2.04,-2.04,-2.04,154169000.0,142492250.0,154169000.0,2532817468.0,-34.0,-37.083,-85771000.0,-2.029,1.0,51556000.0,1.0,0.0,3017000.0,548338000.0,479740000.0,0.0,204133000.0,187819000.0,16314000.0,266156000.0,21519000.0,244637000.0,2378956468.0,73811000.0,0.0,13564000.0,327199000.0,0.0,323581000.0,-217138000.0,-148518000.0,-32632000.0,0.0,-77968000.0,-77968000.0,-77968000.0,0.0,0.0,-1.512,119840000.0,-68284000.0,17158000.0,0.0,15.431,-30.512,-27.637,101472000.0,0.0,56.38,46.143,46.221,1942000.0,-152260000.0,51556000.0,51556000.0,94853000.0,-0.204,-0.547,-0.156,-1.454,1163000.0,12191000.0,1.0,42195042.0,42266000,42266000.0,1.22,420325000.0,0.0,0.0,0.0,9.945,267125000.0
84,NKTR,MRT,2000-06-30,2000-06-30,2000-06-30,2021-08-06,8095000.0,434361000.0,307707000.0,317145000.0,117216000.0,0.156,3.8,-41517000.0,88775000.0,88775000.0,0.0,-71798000.0,10.399,1.727,242636000.0,0.0,242636000.0,242636000.0,8609000.0,6649000.0,0.0,0.0,0.0,-67398000.0,-60749000.0,-1.262,-60749000.0,-67398000.0,-71798000.0,-1.94,-1.94,-1.94,159296000.0,128736250.0,159296000.0,2238165410.0,-33.0,-36.843,-55251000.0,-1.318,1.0,48123000.0,1.0,0.0,4400000.0,557724000.0,365395750.0,0.0,233444000.0,220672000.0,12772000.0,275065000.0,30498000.0,244567000.0,2123298410.0,74104000.0,0.0,11363000.0,327179000.0,0.0,321585000.0,-233747000.0,-176626000.0,-13734000.0,0.0,-71798000.0,-71798000.0,-71798000.0,0.0,0.0,-1.492,108102000.0,-59979000.0,21889000.0,0.0,13.329,-29.573,-26.152,91065000.0,0.0,50.735,44.122,44.195,2321000.0,-139045000.0,48123000.0,48123000.0,84198000.0,-0.233,-0.558,-0.184,-1.401,1163000.0,11302000.0,1.0,41850762.0,41920000,41920000.0,1.148,434361000.0,0.0,0.0,0.0,10.362,286647000.0
85,NKTR,MRT,2000-03-31,2000-03-31,2000-03-31,2021-08-06,9703000.0,448292000.0,230788750.0,344283000.0,104009000.0,0.192,4.462,-28341000.0,129778000.0,129778000.0,0.0,-62057000.0,10.776,1.639,244645000.0,0.0,244645000.0,244645000.0,8211000.0,6649000.0,0.0,0.0,0.0,-56474000.0,-49825000.0,-1.127,-49825000.0,-56474000.0,-62057000.0,-1.735,-1.735,-1.735,169875000.0,115182750.0,169875000.0,1613794906.0,-29.0,-32.389,-41979000.0,-1.103,1.0,44211000.0,1.0,0.0,5583000.0,531211000.0,251290500.0,0.0,220614000.0,205940000.0,14674000.0,278417000.0,31948000.0,246469000.0,1533834906.0,111755000.0,0.0,8856000.0,327179000.0,0.0,319466000.0,-194073000.0,-150329000.0,-13638000.0,0.0,-62057000.0,-62057000.0,-62057000.0,0.0,0.0,-1.404,93266000.0,-49055000.0,23737000.0,0.0,9.029,-24.717,-21.47,76066000.0,0.0,37.25,34.694,32.074,682000.0,-123298000.0,44211000.0,44211000.0,73002000.0,-0.269,-0.539,-0.225,-1.277,1163000.0,10140000.0,1.0,41176776.0,38068000,38068000.0,1.161,448292000.0,0.0,0.0,0.0,11.776,312335000.0
86,NKTR,MRT,1999-12-31,1999-12-31,1999-12-31,2021-08-06,1469000.0,226806000.0,151553000.0,147318000.0,79488000.0,0.273,2.547,-20502000.0,33430000.0,33430000.0,0.0,-38448000.0,5.874,1.618,113390000.0,45000.0,113345000.0,113390000.0,4811000.0,6649000.0,0.0,0.0,0.0,-36373000.0,-29724000.0,-0.719,-29724000.0,-36373000.0,-38448000.0,-1.13,-1.13,-1.13,86629000.0,100408500.0,86629000.0,710710719.0,-20.0,-23.91,-35836000.0,-1.054,1.0,41358000.0,1.0,0.0,2075000.0,281687000.0,144386250.0,0.0,111083000.0,104755000.0,6328000.0,140177000.0,25079000.0,115098000.0,725090719.0,8514000.0,0.0,1545000.0,104742000.0,0.0,106287000.0,-82439000.0,-46649000.0,-15334000.0,0.0,-38448000.0,-38448000.0,-38448000.0,0.0,0.0,-0.93,81842000.0,-40484000.0,13374000.0,0.0,8.37,-18.859,-18.832,63852000.0,0.0,21.28,17.532,17.502,1756000.0,-94466000.0,41358000.0,41358000.0,64035000.0,-0.254,-0.383,-0.252,-0.879,1163000.0,7869000.0,1.0,34073812.0,34016000,34016000.0,1.216,226806000.0,0.0,0.0,0.0,6.668,122239000.0
87,NKTR,MRT,1999-09-30,1999-09-30,1999-09-30,2021-08-06,-53000.0,121369000.0,128475500.0,64466000.0,56903000.0,0.27,2.916,-23436000.0,19284000.0,19284000.0,0.0,-24589000.0,4.022,0.224,4904000.0,0.0,4904000.0,4904000.0,4216000.0,3415000.0,0.0,0.0,0.0,-25452000.0,-22037000.0,-0.636,-22037000.0,-25452000.0,-24589000.0,-0.735,-0.735,-0.735,99145000.0,107721500.0,99145000.0,506199717.0,-20.0,-22.97,-41174000.0,-1.211,1.0,34653000.0,1.0,0.0,-863000.0,90961000.0,99421500.0,0.0,39077000.0,39077000.0,0.0,22224000.0,16028000.0,6196000.0,515953717.0,1816000.0,0.0,36756000.0,-62000.0,0.0,36694000.0,-17140000.0,6296000.0,-17738000.0,0.0,-24589000.0,-24589000.0,-24589000.0,0.0,0.0,-0.71,62000000.0,-27347000.0,11812000.0,0.0,5.204,-20.983,-20.667,56810000.0,0.0,15.19,14.889,14.904,1167000.0,-74290000.0,34653000.0,34653000.0,54008000.0,-0.191,-0.228,-0.256,-0.734,183000.0,7992000.0,1.0,33966670.0,34000000,34000000.0,1.019,121369000.0,0.0,0.0,0.0,3.57,48438000.0
88,NKTR,MRT,1999-06-30,1999-06-30,1999-06-30,2021-08-06,-100000.0,126688000.0,123783000.0,72459000.0,54229000.0,0.234,3.1,-28351000.0,14671000.0,14671000.0,0.0,-22586000.0,4.636,0.206,4917000.0,0.0,4917000.0,4917000.0,3163000.0,3415000.0,0.0,0.0,0.0,-22861000.0,-19446000.0,-0.673,-19446000.0,-22861000.0,-22586000.0,-0.685,-0.685,-0.685,105082000.0,104541500.0,105082000.0,390270877.0,-17.0,-20.069,-51671000.0,-1.524,1.0,28908000.0,1.0,0.0,-275000.0,101303000.0,96400250.0,0.0,43618000.0,43618000.0,0.0,21606000.0,15631000.0,5975000.0,403368877.0,-12966000.0,0.0,35780000.0,-55000.0,0.0,35725000.0,-25371000.0,2980000.0,-23320000.0,0.0,-22586000.0,-22586000.0,-22586000.0,0.0,0.0,-0.781,54499000.0,-25591000.0,12468000.0,0.0,3.839,-17.859,-17.38,54136000.0,0.0,11.905,13.954,13.962,13632000.0,-67246000.0,28908000.0,28908000.0,46865000.0,-0.182,-0.216,-0.237,-0.791,183000.0,7634000.0,1.0,33882308.0,33902000,33902000.0,0.853,126688000.0,0.0,0.0,0.0,3.737,56828000.0
89,NKTR,MRT,1999-03-31,1999-03-31,1999-03-31,2021-08-06,-32000.0,131349000.0,119627750.0,76807000.0,54542000.0,0.215,3.272,-31554000.0,18023000.0,18023000.0,0.0,-19430000.0,5.24,0.186,4925000.0,0.0,4925000.0,4925000.0,3755000.0,3415000.0,0.0,0.0,0.0,-19042000.0,-15627000.0,-0.608,-15627000.0,-19042000.0,-19430000.0,-0.6,-0.6,-0.6,110778000.0,101079250.0,110778000.0,439104170.0,-23.0,-28.099,-46199000.0,-1.364,1.0,25710000.0,1.0,0.0,388000.0,103594000.0,89444250.0,0.0,55553000.0,55553000.0,0.0,20571000.0,14657000.0,5914000.0,459016170.0,7470000.0,0.0,36136000.0,-177000.0,0.0,35959000.0,-13844000.0,17710000.0,-14645000.0,0.0,-19430000.0,-19430000.0,-19430000.0,0.0,0.0,-0.756,48623000.0,-22913000.0,10902000.0,0.0,4.144,-23.624,-22.6,54449000.0,0.0,13.56,17.854,17.857,0.0,-61241000.0,25710000.0,25710000.0,40897000.0,-0.162,-0.192,-0.213,-0.741,183000.0,7726000.0,1.0,33850750.0,33858000,33858000.0,0.759,131349000.0,0.0,0.0,0.0,3.879,62150000.0
90,NKTR,MRT,1998-12-31,1998-12-31,1998-12-31,2021-08-06,-19000.0,134496000.0,115258750.0,84540000.0,49956000.0,0.189,3.686,-34584000.0,24916000.0,24916000.0,0.0,-18356000.0,6.627,0.161,5004000.0,64000.0,4940000.0,5004000.0,4359000.0,3415000.0,0.0,0.0,0.0,-18086000.0,-14671000.0,-0.673,-14671000.0,-18086000.0,-18356000.0,-0.58,-0.58,-0.58,115881000.0,96767000.0,115881000.0,504431335.0,-28.0,-34.383,-53807000.0,-1.712,1.0,21795000.0,1.0,0.0,270000.0,101828000.0,86776250.0,0.0,57946000.0,57946000.0,0.0,18615000.0,12756000.0,5859000.0,517786335.0,10812000.0,0.0,36716000.0,-181000.0,0.0,36535000.0,-6500000.0,28084000.0,-19223000.0,0.0,-18356000.0,-18356000.0,-18356000.0,0.0,0.0,-0.842,43785000.0,-21990000.0,3678000.0,0.0,4.468,-28.208,-28.448,49863000.0,0.0,16.5,23.757,23.8,1013000.0,-56018000.0,21795000.0,21795000.0,35398000.0,-0.159,-0.19,-0.208,-0.83,183000.0,8387000.0,1.0,31380990.0,31438000,31438000.0,0.693,134496000.0,0.0,0.0,0.0,4.278,71784000.0
91,NKTR,MRT,1998-09-30,1998-09-30,1998-09-30,2021-08-06,0.0,102599000.0,111575250.0,64537000.0,38062000.0,0.181,2.756,-30611000.0,18312000.0,18312000.0,0.0,-15031000.0,6.225,0.187,4957000.0,0.0,4957000.0,4957000.0,5060000.0,726000.0,0.0,0.0,0.0,-14965000.0,-14239000.0,-0.704,-14239000.0,-14965000.0,-15031000.0,-0.485,-0.485,-0.485,86425000.0,92070000.0,86425000.0,415707328.0,-28.0,-29.195,-40460000.0,-1.29,1.0,20217000.0,1.0,0.0,66000.0,78876000.0,84751500.0,0.0,44552000.0,44552000.0,0.0,16174000.0,10368000.0,5806000.0,439214328.0,7841000.0,0.0,40887000.0,4795000.0,0.0,45682000.0,-27992000.0,2619000.0,-9849000.0,0.0,-15031000.0,-15031000.0,-15031000.0,0.0,0.0,-0.743,39661000.0,-19444000.0,5308000.0,0.0,5.082,-29.221,-28.866,37918000.0,0.0,14.0,21.725,21.718,0.0,-49732000.0,20217000.0,20217000.0,31808000.0,-0.135,-0.163,-0.177,-0.74,13000.0,7853000.0,1.0,31372452.0,31362000,31362000.0,0.645,102599000.0,0.0,0.0,0.0,3.271,54169000.0
92,NKTR,MRT,1998-06-30,1998-06-30,1998-06-30,2021-08-06,0.0,110067000.0,,76557000.0,33510000.0,,2.917,-29500000.0,28481000.0,28481000.0,0.0,-12640000.0,5.853,0.206,4974000.0,0.0,4974000.0,4974000.0,3920000.0,2337000.0,0.0,0.0,0.0,-12574000.0,-10237000.0,-0.521,-10237000.0,-12574000.0,-12640000.0,-0.42,-0.42,-0.42,91233000.0,,91233000.0,380321492.0,-30.0,-37.152,-33603000.0,-1.074,1.0,19643000.0,1.0,0.0,66000.0,73479000.0,,0.0,45824000.0,45824000.0,0.0,18834000.0,13081000.0,5753000.0,386630492.0,-5512000.0,0.0,41985000.0,4784000.0,0.0,46769000.0,-48178000.0,-18678000.0,-4103000.0,0.0,-12640000.0,-12640000.0,-12640000.0,0.0,0.0,-0.643,36673000.0,-17030000.0,9161000.0,0.0,4.238,-30.588,-29.464,33408000.0,0.0,12.375,19.683,19.704,0.0,-44690000.0,19643000.0,19643000.0,29294000.0,,,,-0.64,101000.0,7379000.0,1.0,31242868.0,31276000,31276000.0,0.628,110067000.0,0.0,0.0,0.0,3.519,63476000.0
93,NKTR,MRT,1998-03-31,1998-03-31,1998-03-31,2021-08-06,0.0,113873000.0,,86980000.0,26893000.0,,3.004,-25137000.0,11397000.0,11397000.0,0.0,-12088000.0,5.94,0.218,5088000.0,0.0,5088000.0,5088000.0,6743000.0,2337000.0,0.0,0.0,0.0,-12022000.0,-9685000.0,-0.572,-9685000.0,-12022000.0,-12088000.0,-0.415,-0.415,-0.415,93529000.0,,93529000.0,412770532.0,-34.0,-42.62,-30190000.0,-0.97,1.0,16937000.0,1.0,0.0,66000.0,92922000.0,,0.0,72443000.0,72443000.0,0.0,20344000.0,14642000.0,5702000.0,422533532.0,-26109000.0,0.0,41358000.0,4875000.0,0.0,46233000.0,-67289000.0,-42152000.0,-5053000.0,0.0,-12088000.0,-12088000.0,-12088000.0,0.0,0.0,-0.714,33164000.0,-16227000.0,7899000.0,0.0,4.518,-34.955,-32.675,26750000.0,0.0,13.56,24.947,24.928,0.0,-41817000.0,16937000.0,16937000.0,26293000.0,,,,-0.71,101000.0,6871000.0,1.0,31160290.0,31136000,31136000.0,0.544,113873000.0,0.0,0.0,0.0,3.657,72338000.0
94,NKTR,MRT,1997-12-31,1997-12-31,1997-12-31,2021-08-06,20000.0,119762000.0,80627000.0,100925000.0,18837000.0,0.202,3.52,-17261000.0,14104000.0,14104000.0,0.0,-9983000.0,5.897,0.233,5185000.0,83000.0,5102000.0,5185000.0,6686000.0,2337000.0,0.0,0.0,0.0,-9917000.0,-7580000.0,-0.466,-7580000.0,-9917000.0,-9983000.0,-0.36,-0.36,-0.36,97093000.0,66077000.0,97093000.0,,,,-12282000.0,-0.445,1.0,16249000.0,1.0,0.0,66000.0,93729000.0,55381000.0,0.0,86069000.0,86069000.0,0.0,22669000.0,17114000.0,5555000.0,405083770.0,-4464000.0,0.0,71282000.0,4832000.0,0.0,76114000.0,-85557000.0,-68296000.0,4979000.0,0.0,-9983000.0,-9983000.0,-9983000.0,0.0,0.0,-0.614,29973000.0,-13724000.0,5975000.0,0.0,4.172,-40.577,-36.111,18694000.0,0.0,13.0,24.93,22.069,0.0,-37662000.0,16249000.0,16249000.0,23645000.0,-0.124,-0.151,-0.179,-0.61,101000.0,6328000.0,1.0,31160290.0,27584000,27584000.0,0.589,119762000.0,0.0,0.0,0.0,4.342,83811000.0
95,NKTR,MRT,1997-09-30,1997-09-30,1997-09-30,2021-08-06,,,,,,,,,,,,,,,,,,,,,,0.0,0.0,,,,,,,,,,,,,,,,,,1.0,,,,,,,,,,,,,,,,,,,,,,,,,,,,,,,,,,,,,,,,15.69,,,,,,,,,,,,,,1.0,,27452000,,,,,,,,
96,NKTR,MRT,1997-06-30,1997-06-30,1997-06-30,2021-08-06,,,,,,,,,,,,,,,,,,,,,,0.0,0.0,,,,,,,,,,,,,,,,,,1.0,,,,,,,,,,,,,,,,,,,,,,,,,,,,,,,,,,,,,,,,12.375,,,,,,,,,,,,,,1.0,,27296000,,,,,,,,
97,NKTR,MRT,1997-03-31,1997-03-31,1997-03-31,2021-08-06,,,,,,,,,,,,,,,,,,,,,,0.0,0.0,,,,,,,,,,,,,,,,,,1.0,,,,,,,,,,,,,,,,,,,,,,,,,,,,,,,,,,,,,,,,9.56,,,,,,,,,,,,,,1.0,,25756000,,,,,,,,
98,NKTR,MRT,1996-12-31,1996-12-31,1996-12-31,2021-08-06,0.0,41492000.0,,37548000.0,3944000.0,,1.564,-2181000.0,18568000.0,18568000.0,0.0,-9909000.0,6.013,0.183,353000.0,166000.0,187000.0,353000.0,2723000.0,1071000.0,0.0,0.0,0.0,-9852000.0,-8781000.0,-1.274,-8781000.0,-9852000.0,-9909000.0,-0.44,-0.44,-0.44,35061000.0,,35061000.0,,,,-7999000.0,-0.357,1.0,6890000.0,1.0,0.0,57000.0,17033000.0,,0.0,17741000.0,17741000.0,0.0,6431000.0,6244000.0,187000.0,,14734000.0,0.0,24638000.0,-245000.0,0.0,24393000.0,-3841000.0,-1660000.0,-5818000.0,0.0,-9909000.0,-9909000.0,-9909000.0,0.0,0.0,-1.438,18380000.0,-11490000.0,1130000.0,0.0,,,-17.182,3770000.0,0.0,7.56,,24.594,0.0,-27691000.0,6890000.0,6890000.0,14376000.0,,,,-1.43,162000.0,4004000.0,1.0,,22414000,22414000.0,0.307,41492000.0,0.0,0.0,0.0,1.851,31304000.0
99,NKTR,MRT,1995-12-31,1995-12-31,1995-12-31,2021-08-06,,,,,,,,-1340000.0,,,0.0,-7662000.0,,,,,,,,955000.0,,0.0,0.0,-7576000.0,-6621000.0,-1.922,-6621000.0,-7576000.0,-7662000.0,-0.39,-0.39,-0.39,,,,,,,-6665000.0,-0.339,1.0,3445000.0,1.0,,86000.0,,,,,,,,,,,-6676000.0,0.0,12255000.0,-86000.0,0.0,12169000.0,-13520000.0,-12180000.0,-5325000.0,0.0,-7662000.0,-7662000.0,-7662000.0,0.0,0.0,-2.224,12273000.0,-8828000.0,,0.0,,,-12.5,,0.0,4.875,,27.841,,,3445000.0,3445000.0,9041000.0,,,,-2.199,162000.0,3232000.0,1.0,,19674000,19674000.0,0.175,,,0.0,,,
