None,ticker,dimension,calendardate,datekey,reportperiod,lastupdated,accoci,assets,assetsavg,assetsc,assetsnc,assetturnover,bvps,capex,cashneq,cashnequsd,cor,consolinc,currentratio,de,debt,debtc,debtnc,debtusd,deferredrev,depamor,deposits,divyield,dps,ebit,ebitda,ebitdamargin,ebitdausd,ebitusd,ebt,eps,epsdil,epsusd,equity,equityavg,equityusd,ev,evebit,evebitda,fcf,fcfps,fxusd,gp,grossmargin,intangibles,intexp,invcap,invcapavg,inventory,investments,investmentsc,investmentsnc,liabilities,liabilitiesc,liabilitiesnc,marketcap,ncf,ncfbus,ncfcommon,ncfdebt,ncfdiv,ncff,ncfi,ncfinv,ncfo,ncfx,netinc,netinccmn,netinccmnusd,netincdis,netincnci,netmargin,opex,opinc,payables,payoutratio,pb,pe,pe1,ppnenet,prefdivis,price,ps,ps1,receivables,retearn,revenue,revenueusd,rnd,roa,roe,roic,ros,sbcomp,sgna,sharefactor,sharesbas,shareswa,shareswadil,sps,tangibles,taxassets,taxexp,taxliabilities,tbvps,workingcapital
0,DISCA,MRY,2020-12-31,2020-12-31,2020-12-31,2021-08-25,-651000000.0,34087000000.0,33501000000.0,6130000000.0,27957000000.0,0.319,20.721,-402000000.0,2091000000.0,2091000000.0,3860000000.0,1355000000.0,1.989,2.074,15404000000.0,335000000.0,15069000000.0,15404000000.0,557000000.0,1359000000.0,0.0,0.0,0.0,2240000000.0,3599000000.0,0.337,3599000000.0,2240000000.0,1592000000.0,1.82,1.81,1.82,10464000000.0,9972000000.0,10464000000.0,28198295827.0,13.0,7.835,2337000000.0,4.628,1.0,6811000000.0,0.638,24681000000.0,648000000.0,19637000000.0,19583750000.0,0.0,0.0,0.0,0.0,21704000000.0,3082000000.0,18622000000.0,14774295827.0,570000000.0,-151000000.0,-969000000.0,-214000000.0,0.0,-1549000000.0,-703000000.0,-250000000.0,2739000000.0,83000000.0,1219000000.0,1219000000.0,1219000000.0,0.0,136000000.0,0.114,4296000000.0,2515000000.0,2190000000.0,0.0,1.412,12.12,16.533,1206000000.0,0.0,30.09,1.385,1.424,2537000000.0,8543000000.0,10671000000.0,10671000000.0,0.0,0.036,0.122,0.114,0.21,110000000.0,2722000000.0,1.0,491003517.0,505000000.0,672000000.0,21.131,9406000000.0,0.0,373000000.0,1534000000.0,18.626,3048000000.0
1,DISCA,MRY,2019-12-31,2019-12-31,2019-12-31,2021-08-25,-822000000.0,33735000000.0,33212250000.0,5217000000.0,28518000000.0,0.336,18.698,-289000000.0,1552000000.0,1552000000.0,3819000000.0,2213000000.0,1.611,2.201,15419000000.0,609000000.0,14810000000.0,15419000000.0,489000000.0,1347000000.0,0.0,0.0,0.0,2827000000.0,4174000000.0,0.375,4174000000.0,2827000000.0,2150000000.0,2.9,2.88,2.9,9891000000.0,9434500000.0,9891000000.0,31753858347.0,11.0,7.608,3110000000.0,5.879,1.0,7325000000.0,0.657,25425000000.0,677000000.0,18938000000.0,18991500000.0,0.0,568000000.0,0.0,568000000.0,21769000000.0,3239000000.0,18530000000.0,17198858347.0,566000000.0,-202000000.0,-633000000.0,-1404000000.0,0.0,-2357000000.0,-438000000.0,0.0,3399000000.0,-38000000.0,2069000000.0,2069000000.0,2069000000.0,0.0,144000000.0,0.186,4316000000.0,3009000000.0,463000000.0,0.0,1.739,8.313,11.29,951000000.0,0.0,32.74,1.543,1.554,2633000000.0,7333000000.0,11144000000.0,11144000000.0,0.0,0.062,0.219,0.149,0.254,142000000.0,2788000000.0,1.0,525316382.0,529000000.0,711000000.0,21.066,8310000000.0,0.0,81000000.0,1691000000.0,15.709,1978000000.0
2,DISCA,MRY,2018-12-31,2018-12-31,2018-12-31,2021-08-25,-785000000.0,32550000000.0,33403000000.0,4231000000.0,28319000000.0,0.316,16.839,-147000000.0,986000000.0,986000000.0,3935000000.0,681000000.0,1.059,2.627,16793000000.0,1819000000.0,14974000000.0,16793000000.0,249000000.0,1398000000.0,0.0,0.0,0.0,1664000000.0,3062000000.0,0.29,3062000000.0,1664000000.0,935000000.0,0.86,0.86,0.86,8386000000.0,8081750000.0,8386000000.0,29902395616.0,18.0,9.766,2429000000.0,4.878,1.0,6618000000.0,0.627,26062000000.0,729000000.0,18298000000.0,20591750000.0,0.0,935000000.0,0.0,935000000.0,22033000000.0,3997000000.0,18036000000.0,12951395616.0,-6323000000.0,-8519000000.0,0.0,-216000000.0,0.0,-283000000.0,-8593000000.0,0.0,2576000000.0,-23000000.0,594000000.0,594000000.0,594000000.0,0.0,87000000.0,0.056,4768000000.0,1850000000.0,325000000.0,0.0,1.544,21.804,28.767,800000000.0,0.0,24.74,1.227,1.167,2620000000.0,5254000000.0,10553000000.0,10553000000.0,0.0,0.018,0.073,0.081,0.158,80000000.0,2620000000.0,1.0,523500227.0,498000000.0,688000000.0,21.191,6488000000.0,0.0,341000000.0,1811000000.0,13.028,234000000.0
3,DISCA,MRY,2017-12-31,2017-12-31,2017-12-31,2021-08-25,-585000000.0,22555000000.0,19427250000.0,9991000000.0,12564000000.0,0.354,12.005,-135000000.0,7309000000.0,7309000000.0,2656000000.0,-313000000.0,5.34,3.803,14785000000.0,30000000.0,14755000000.0,14785000000.0,255000000.0,330000000.0,0.0,0.0,0.0,314000000.0,644000000.0,0.094,644000000.0,314000000.0,-161000000.0,-0.59,-0.59,-0.59,4610000000.0,5302750000.0,4610000000.0,16197255868.0,52.0,25.151,1494000000.0,3.891,1.0,4217000000.0,0.614,11466000000.0,475000000.0,16694000000.0,13629500000.0,0.0,335000000.0,0.0,335000000.0,17532000000.0,1871000000.0,15661000000.0,8483255868.0,7009000000.0,-475000000.0,-587000000.0,6632000000.0,0.0,5951000000.0,-633000000.0,77000000.0,1629000000.0,62000000.0,-337000000.0,-337000000.0,-337000000.0,0.0,24000000.0,-0.049,3500000000.0,717000000.0,277000000.0,0.0,1.84,-25.173,-37.932,597000000.0,0.0,22.38,1.234,1.25,1838000000.0,4632000000.0,6873000000.0,6873000000.0,0.0,-0.017,-0.064,0.023,0.046,39000000.0,1768000000.0,1.0,379055222.0,384000000.0,576000000.0,17.898,11089000000.0,0.0,176000000.0,319000000.0,28.878,8120000000.0
4,DISCA,MRY,2016-12-31,2016-12-31,2016-12-31,2021-08-25,-762000000.0,15672000000.0,15772500000.0,2502000000.0,13170000000.0,0.412,12.885,-88000000.0,300000000.0,300000000.0,2432000000.0,1218000000.0,1.603,1.986,7923000000.0,82000000.0,7841000000.0,7923000000.0,163000000.0,322000000.0,0.0,0.0,0.0,2000000000.0,2322000000.0,0.357,2322000000.0,2000000000.0,1647000000.0,1.97,1.96,1.97,5167000000.0,5270500000.0,5167000000.0,18547550055.0,9.0,7.988,1292000000.0,3.222,1.0,4065000000.0,0.626,11951000000.0,353000000.0,9783000000.0,9818000000.0,0.0,557000000.0,0.0,557000000.0,10262000000.0,1561000000.0,8701000000.0,10775550055.0,-90000000.0,19000000.0,-1392000000.0,203000000.0,0.0,-1184000000.0,-256000000.0,-185000000.0,1380000000.0,-30000000.0,1194000000.0,1194000000.0,1194000000.0,0.0,24000000.0,0.184,2070000000.0,1995000000.0,241000000.0,0.0,2.085,9.025,13.914,482000000.0,0.0,27.41,1.659,1.692,1495000000.0,5232000000.0,6497000000.0,6497000000.0,0.0,0.076,0.227,0.204,0.308,69000000.0,1690000000.0,1.0,393124774.0,401000000.0,610000000.0,16.202,3721000000.0,0.0,453000000.0,467000000.0,9.279,941000000.0
5,DISCA,MRY,2015-12-31,2015-12-31,2015-12-31,2021-08-25,-633000000.0,15864000000.0,15823500000.0,2596000000.0,13268000000.0,0.404,12.618,-103000000.0,390000000.0,390000000.0,2343000000.0,1048000000.0,1.644,1.866,7735000000.0,119000000.0,7616000000.0,7735000000.0,190000000.0,330000000.0,0.0,0.0,0.0,1875000000.0,2205000000.0,0.345,2205000000.0,1875000000.0,1545000000.0,1.59,1.58,1.59,5451000000.0,5467500000.0,5451000000.0,18280284813.0,10.0,8.29,1191000000.0,2.757,1.0,4051000000.0,0.634,12237000000.0,330000000.0,9393000000.0,8790250000.0,0.0,567000000.0,0.0,567000000.0,10172000000.0,1579000000.0,8593000000.0,11485284813.0,23000000.0,-19000000.0,-957000000.0,670000000.0,0.0,-919000000.0,-301000000.0,-194000000.0,1294000000.0,-51000000.0,1034000000.0,1034000000.0,1034000000.0,0.0,14000000.0,0.162,2049000000.0,2002000000.0,282000000.0,0.0,2.107,11.108,16.78,488000000.0,0.0,26.68,1.796,1.803,1479000000.0,4517000000.0,6394000000.0,6394000000.0,0.0,0.065,0.189,0.213,0.293,35000000.0,1669000000.0,1.0,430482939.0,432000000.0,656000000.0,14.801,3627000000.0,68000000.0,511000000.0,556000000.0,8.396,1017000000.0
6,DISCA,MRY,2014-12-31,2014-12-31,2014-12-31,2021-08-25,-368000000.0,15970000000.0,15939750000.0,2491000000.0,13479000000.0,0.393,12.339,-120000000.0,367000000.0,367000000.0,2124000000.0,1137000000.0,0.957,1.717,7109000000.0,1107000000.0,6002000000.0,7109000000.0,178000000.0,329000000.0,0.0,0.0,0.0,2077000000.0,2406000000.0,0.384,2406000000.0,2077000000.0,1749000000.0,1.67,1.66,1.67,5602000000.0,5924000000.0,5602000000.0,22010462936.0,11.0,9.148,1198000000.0,2.639,1.0,4141000000.0,0.661,12509000000.0,328000000.0,7599000000.0,8161500000.0,0.0,644000000.0,0.0,644000000.0,9619000000.0,2604000000.0,7015000000.0,15238462936.0,-41000000.0,-327000000.0,-1378000000.0,663000000.0,0.0,-734000000.0,-568000000.0,-119000000.0,1318000000.0,-57000000.0,1139000000.0,1139000000.0,1139000000.0,0.0,-2000000.0,0.182,2111000000.0,2030000000.0,225000000.0,0.0,2.72,13.379,20.629,554000000.0,0.0,34.45,2.432,2.496,1433000000.0,3809000000.0,6265000000.0,6265000000.0,0.0,0.071,0.192,0.254,0.332,78000000.0,1692000000.0,1.0,442335644.0,454000000.0,687000000.0,13.8,3461000000.0,87000000.0,610000000.0,588000000.0,7.623,-113000000.0
7,DISCA,MRY,2013-12-31,2013-12-31,2013-12-31,2021-08-25,4000000.0,14979000000.0,14738500000.0,2410000000.0,12569000000.0,0.376,12.802,-115000000.0,408000000.0,408000000.0,1689000000.0,1077000000.0,1.862,1.412,6499000000.0,17000000.0,6482000000.0,6499000000.0,144000000.0,276000000.0,0.0,0.0,0.0,2040000000.0,2316000000.0,0.418,2316000000.0,2040000000.0,1734000000.0,1.5,1.49,1.5,6196000000.0,6231250000.0,6196000000.0,27548240167.0,14.0,11.895,1170000000.0,2.417,1.0,3846000000.0,0.695,11066000000.0,306000000.0,8710000000.0,8723000000.0,0.0,1087000000.0,0.0,1087000000.0,8746000000.0,1294000000.0,7452000000.0,21479240167.0,-793000000.0,-1861000000.0,-1232000000.0,1166000000.0,0.0,-85000000.0,-1987000000.0,-8000000.0,1285000000.0,-6000000.0,1075000000.0,1075000000.0,1075000000.0,0.0,2000000.0,0.194,1890000000.0,1956000000.0,141000000.0,0.0,3.467,19.981,30.14,514000000.0,0.0,45.21,3.881,3.953,1371000000.0,2892000000.0,5535000000.0,5535000000.0,0.0,0.073,0.173,0.234,0.369,190000000.0,1598000000.0,1.0,475099318.0,484000000.0,722000000.0,11.436,3913000000.0,73000000.0,659000000.0,637000000.0,8.085,1116000000.0
8,DISCA,MRY,2012-12-31,2012-12-31,2012-12-31,2021-08-25,4000000.0,12930000000.0,12590500000.0,2730000000.0,10200000000.0,0.356,12.633,-77000000.0,1201000000.0,1201000000.0,1218000000.0,945000000.0,2.886,1.055,5243000000.0,31000000.0,5212000000.0,5243000000.0,123000000.0,117000000.0,0.0,0.0,0.0,1753000000.0,1870000000.0,0.417,1870000000.0,1753000000.0,1505000000.0,1.25,1.24,1.25,6291000000.0,6398000000.0,6291000000.0,18840627696.0,11.0,10.075,1022000000.0,2.052,1.0,3269000000.0,0.729,8687000000.0,248000000.0,7339000000.0,6928000000.0,0.0,1095000000.0,0.0,1095000000.0,6637000000.0,946000000.0,5691000000.0,15162627696.0,153000000.0,-553000000.0,-1261000000.0,959000000.0,0.0,-305000000.0,-643000000.0,17000000.0,1099000000.0,2000000.0,943000000.0,943000000.0,943000000.0,11000000.0,2000000.0,0.21,1410000000.0,1859000000.0,71000000.0,0.0,2.41,16.079,25.392,388000000.0,0.0,31.74,3.379,3.523,1130000000.0,2075000000.0,4487000000.0,4487000000.0,0.0,0.075,0.147,0.253,0.391,154000000.0,1287000000.0,1.0,477713538.0,498000000.0,759000000.0,9.01,4243000000.0,74000000.0,562000000.0,272000000.0,8.52,1784000000.0
9,DISCA,MRY,2011-12-31,2011-12-31,2011-12-31,2021-08-25,-23000000.0,11913000000.0,11664500000.0,2431000000.0,9482000000.0,0.357,8.126,-58000000.0,1048000000.0,1048000000.0,1176000000.0,1133000000.0,3.259,0.828,4245000000.0,26000000.0,4219000000.0,4245000000.0,113000000.0,119000000.0,0.0,0.0,0.0,1767000000.0,1886000000.0,0.452,1886000000.0,1767000000.0,1559000000.0,1.41,1.4,1.41,6517000000.0,6460000000.0,6517000000.0,14044214171.0,8.0,7.447,1042000000.0,1.299,1.0,2992000000.0,0.718,8257000000.0,208000000.0,6107000000.0,5904250000.0,0.0,807000000.0,0.0,807000000.0,5394000000.0,746000000.0,4648000000.0,10827214171.0,582000000.0,-177000000.0,-909000000.0,619000000.0,0.0,-297000000.0,-214000000.0,21000000.0,1100000000.0,-7000000.0,1132000000.0,1132000000.0,1132000000.0,3000000.0,1000000.0,0.272,1318000000.0,1674000000.0,53000000.0,0.0,1.661,9.565,14.528,379000000.0,0.0,20.485,2.598,3.942,1042000000.0,1132000000.0,4168000000.0,4168000000.0,0.0,0.097,0.175,0.299,0.424,99000000.0,1171000000.0,1.0,528543528.0,802000000.0,810000000.0,5.197,3656000000.0,73000000.0,427000000.0,337000000.0,4.559,1685000000.0
10,DISCA,MRY,2010-12-31,2010-12-31,2010-12-31,2021-08-25,-33000000.0,11019000000.0,11110750000.0,1735000000.0,9284000000.0,0.334,7.324,-49000000.0,466000000.0,466000000.0,1013000000.0,669000000.0,2.21,0.769,3618000000.0,20000000.0,3598000000.0,3618000000.0,114000000.0,132000000.0,0.0,0.0,0.0,1149000000.0,1281000000.0,0.346,1281000000.0,1149000000.0,946000000.0,0.765,0.76,0.765,6225000000.0,6438250000.0,6225000000.0,14453017607.0,13.0,11.283,619000000.0,0.728,1.0,2693000000.0,0.727,8367000000.0,203000000.0,5019000000.0,4840500000.0,0.0,455000000.0,0.0,455000000.0,4786000000.0,785000000.0,4001000000.0,11856017607.0,-157000000.0,-165000000.0,-558000000.0,77000000.0,0.0,-641000000.0,-190000000.0,0.0,668000000.0,6000000.0,653000000.0,652000000.0,652000000.0,-10000000.0,16000000.0,0.176,1316000000.0,1377000000.0,87000000.0,0.0,1.905,18.184,27.255,399000000.0,1000000.0,20.85,3.199,4.782,880000000.0,0.0,3706000000.0,3706000000.0,0.0,0.059,0.101,0.237,0.31,182000000.0,1174000000.0,1.0,568633938.0,850000000.0,858000000.0,4.36,2652000000.0,81000000.0,293000000.0,304000000.0,3.12,950000000.0
11,DISCA,MRY,2009-12-31,2009-12-31,2009-12-31,2021-08-25,-21000000.0,10952000000.0,10716000000.0,1671000000.0,9281000000.0,0.323,7.325,-55000000.0,623000000.0,623000000.0,1044000000.0,564000000.0,2.134,0.756,3495000000.0,38000000.0,3457000000.0,3495000000.0,91000000.0,155000000.0,0.0,0.0,0.0,1266000000.0,1421000000.0,0.411,1421000000.0,1266000000.0,1018000000.0,0.64,0.635,0.64,6197000000.0,5945250000.0,6197000000.0,11803844591.0,9.0,8.307,587000000.0,0.694,1.0,2414000000.0,0.698,8358000000.0,248000000.0,4683000000.0,4397500000.0,0.0,0.0,0.0,0.0,4683000000.0,783000000.0,3900000000.0,8693844591.0,529000000.0,269000000.0,28000000.0,-371000000.0,0.0,-356000000.0,238000000.0,24000000.0,642000000.0,5000000.0,549000000.0,541000000.0,541000000.0,6000000.0,15000000.0,0.156,1392000000.0,1022000000.0,63000000.0,0.0,1.403,16.07,23.961,409000000.0,8000000.0,15.335,2.514,3.752,812000000.0,-387000000.0,3458000000.0,3458000000.0,0.0,0.05,0.091,0.288,0.366,228000000.0,1188000000.0,1.0,566928242.0,846000000.0,850000000.0,4.087,2594000000.0,71000000.0,469000000.0,268000000.0,3.066,888000000.0
12,DISCA,MRY,2008-12-31,2008-12-31,2008-12-31,2021-08-25,-78000000.0,10484000000.0,8221054000.0,1109000000.0,9375000000.0,0.411,8.623,-102000000.0,100000000.0,100000000.0,1002000000.0,444000000.0,1.036,0.88,3789000000.0,458000000.0,3331000000.0,3789000000.0,93000000.0,232000000.0,0.0,0.0,0.0,926000000.0,1158000000.0,0.342,1158000000.0,926000000.0,670000000.0,0.495,0.49,0.495,5536000000.0,5039235000.0,5536000000.0,7794638810.0,8.0,6.731,471000000.0,0.734,1.0,2380000000.0,0.704,8843000000.0,256000000.0,4260000000.0,4048938000.0,0.0,0.0,0.0,0.0,4874000000.0,1070000000.0,3804000000.0,3982638810.0,-115000000.0,166000000.0,0.0,-411000000.0,0.0,-774000000.0,88000000.0,24000000.0,573000000.0,-2000000.0,317000000.0,317000000.0,317000000.0,-40000000.0,127000000.0,0.094,1316000000.0,1064000000.0,71000000.0,0.0,0.719,12.564,14.303,395000000.0,0.0,7.08,1.178,1.344,780000000.0,-936000000.0,3382000000.0,3382000000.0,0.0,0.039,0.063,0.229,0.274,-66000000.0,1075000000.0,1.0,562519606.0,642000000.0,644000000.0,5.268,1641000000.0,49000000.0,353000000.0,246000000.0,2.556,39000000.0
13,DISCA,MRY,2006-12-31,2006-12-31,2006-12-31,2021-08-25,15914000.0,5870982000.0,5865060000.0,317362000.0,5553620000.0,0.514,8.118,-90138000.0,154775000.0,154775000.0,1120377000.0,207176000.0,2.604,0.291,0.0,0.0,0.0,0.0,16015000.0,133634000.0,0.0,0.0,0.0,578191000.0,711825000.0,0.236,711825000.0,578191000.0,383964000.0,,,,4549264000.0,4572983000.0,4549264000.0,4356561199.0,8.0,6.12,389773000.0,0.696,1.0,1892611000.0,0.628,2074789000.0,194227000.0,3519531000.0,3481657250.0,0.0,3180994000.0,0.0,3180994000.0,1321718000.0,121887000.0,1199831000.0,4508409199.0,17772000.0,-374905000.0,0.0,9783000.0,0.0,-1324000.0,-463576000.0,1467000.0,479911000.0,2761000.0,207176000.0,207176000.0,207176000.0,0.0,0.0,0.069,1343054000.0,549557000.0,43656000.0,,0.991,21.761,,280775000.0,0.0,8.045,1.496,1.496,147436000.0,-1183831000.0,3012988000.0,3012988000.0,0.0,0.035,0.045,0.166,0.192,39233000.0,1209420000.0,1.0,560398906.0,560398906.0,,5.377,3796193000.0,0.0,176788000.0,1174594000.0,6.774,195475000.0
14,DISCA,MRY,2005-12-31,2005-12-31,2005-12-31,2021-08-25,9859000.0,3174620000.0,3205153000.0,831369000.0,2343251000.0,0.834,-0.861,-99684000.0,34491000.0,34491000.0,979765000.0,159620000.0,1.201,-7.017,2596910000.0,6470000.0,2590440000.0,2596910000.0,89803000.0,123209000.0,0.0,0.0,0.0,506538000.0,629747000.0,0.236,629747000.0,506538000.0,321963000.0,,,,-482358000.0,-555142000.0,-482358000.0,4017519198.0,8.0,6.38,-30791000.0,-0.055,1.0,1691989000.0,0.633,1629040000.0,184575000.0,3415534000.0,3365611000.0,30714000.0,11528000.0,0.0,11528000.0,3384476000.0,692465000.0,2692011000.0,4245022198.0,10209000.0,-93637000.0,0.0,88887000.0,0.0,116833000.0,-179240000.0,14664000.0,68893000.0,3723000.0,159620000.0,159620000.0,159620000.0,0.0,0.0,0.06,1178025000.0,513964000.0,429346000.0,,-8.801,26.595,,397578000.0,0.0,7.575,1.589,1.589,565407000.0,-513311000.0,2671754000.0,2671754000.0,0.0,0.05,-0.288,0.151,0.19,49465000.0,1054816000.0,1.0,560398970.0,560398970.0,,4.768,1545580000.0,158081000.0,162343000.0,51226000.0,2.758,138904000.0
15,DISCA,MRY,2004-12-31,2004-12-31,2004-12-31,2021-08-25,23911000.0,3235686000.0,3214948500.0,835450000.0,2400236000.0,0.736,-1.12,-66093000.0,24282000.0,24282000.0,846316000.0,168022000.0,0.949,-5.644,2508023000.0,9736000.0,2498287000.0,2508023000.0,95585000.0,129011000.0,0.0,,0.0,477241000.0,606252000.0,0.256,606252000.0,477241000.0,309821000.0,,,,-627926000.0,-714845500.0,-627926000.0,,,,58611000.0,0.105,1.0,1519030000.0,0.642,1523178000.0,167420000.0,3315688000.0,2946825500.0,32567000.0,74450000.0,0.0,74450000.0,3544045000.0,880561000.0,2663484000.0,,-9793000.0,-183531000.0,0.0,148785000.0,0.0,112592000.0,-249624000.0,0.0,124704000.0,2535000.0,168022000.0,168022000.0,168022000.0,0.0,0.0,0.071,1034859000.0,484171000.0,504223000.0,,,,,380290000.0,0.0,,,,527659000.0,-672931000.0,2365346000.0,2365346000.0,0.0,0.052,-0.235,0.162,0.202,71515000.0,927855000.0,1.0,560480790.0,560480790.0,,4.22,1712508000.0,259279000.0,141799000.0,21123000.0,3.055,-45111000.0
16,DISCA,MRY,2003-12-31,2003-12-31,2003-12-31,2021-08-25,18094000.0,3194211000.0,,858383000.0,2335828000.0,,,-109956000.0,34075000.0,34075000.0,751578000.0,63237000.0,0.558,-4.472,2351692000.0,517750000.0,1833942000.0,2351692000.0,0.0,120172000.0,0.0,,0.0,297431000.0,417603000.0,0.209,417603000.0,297431000.0,138022000.0,,,,-801765000.0,,-801765000.0,,,,44340000.0,,1.0,1243469000.0,0.623,1395067000.0,159409000.0,2577963000.0,,37004000.0,60765000.0,0.0,60765000.0,3585724000.0,1538798000.0,2046926000.0,,251000.0,-59615000.0,-55334000.0,-12638000.0,0.0,14311000.0,-169571000.0,0.0,154296000.0,1215000.0,63237000.0,63237000.0,63237000.0,0.0,0.0,0.032,929308000.0,314161000.0,541591000.0,,,,,360411000.0,0.0,,,,466747000.0,-840953000.0,1995047000.0,1995047000.0,0.0,,,,0.149,74119000.0,735017000.0,1.0,,,,,1799144000.0,379461000.0,74785000.0,10564000.0,,-680415000.0
17,DISCA,MRY,2002-12-31,2002-12-31,2002-12-31,2021-08-25,,,,,,,,-138777000.0,,,699737000.0,-48056000.0,,,,,,,,112841000.0,,,0.0,105202000.0,218043000.0,0.127,218043000.0,105202000.0,-58113000.0,,,,,,,,,,233000.0,,1.0,1017038000.0,0.592,,163315000.0,,,,,,,,,,,-4064000.0,65485000.0,-109000000.0,61759000.0,0.0,-82260000.0,-60814000.0,12478000.0,139010000.0,0.0,-48056000.0,-48056000.0,-48056000.0,0.0,0.0,-0.028,848111000.0,168927000.0,,,,,,,0.0,,,,,,1716775000.0,1716775000.0,0.0,,,,0.061,96865000.0,638405000.0,1.0,,,,,,,-10057000.0,,,
0,DISCA,MRQ,2021-06-30,2021-06-30,2021-06-30,2021-08-25,-585000000.0,34572000000.0,,6728000000.0,27844000000.0,,22.802,-77000000.0,2834000000.0,2834000000.0,1055000000.0,718000000.0,1.887,1.843,15047000000.0,585000000.0,14462000000.0,15047000000.0,806000000.0,341000000.0,0.0,0.0,0.0,831000000.0,1172000000.0,0.383,1172000000.0,831000000.0,674000000.0,1.02,1.01,1.02,11538000000.0,,11538000000.0,28520992286.0,13.0,7.872,757000000.0,1.496,1.0,2007000000.0,0.655,24347000000.0,157000000.0,18873000000.0,,0.0,0.0,0.0,0.0,21264000000.0,3565000000.0,17699000000.0,15502992286.0,826000000.0,-50000000.0,0.0,0.0,0.0,-69000000.0,40000000.0,74000000.0,834000000.0,21000000.0,672000000.0,672000000.0,672000000.0,0.0,46000000.0,0.219,1300000000.0,707000000.0,2174000000.0,0.0,1.344,11.21,14.679,1239000000.0,0.0,30.68,1.372,1.374,2657000000.0,9360000000.0,3062000000.0,3062000000.0,0.0,,,,,31000000.0,952000000.0,1.0,505312656.0,506000000.0,664000000.0,6.051,10225000000.0,0.0,2000000.0,1447000000.0,20.208,3163000000.0
1,DISCA,MRQ,2021-03-31,2021-03-31,2021-03-31,2021-08-25,-581000000.0,33625000000.0,,5865000000.0,27760000000.0,,21.848,-90000000.0,2008000000.0,2008000000.0,969000000.0,191000000.0,1.867,1.946,15026000000.0,351000000.0,14675000000.0,15026000000.0,663000000.0,361000000.0,0.0,0.0,0.0,409000000.0,770000000.0,0.276,770000000.0,409000000.0,246000000.0,0.21,0.21,0.21,10815000000.0,,10815000000.0,34492544115.0,17.0,10.226,179000000.0,0.362,1.0,1823000000.0,0.653,24487000000.0,163000000.0,19014000000.0,,0.0,0.0,0.0,0.0,21050000000.0,3142000000.0,17908000000.0,21179544115.0,-114000000.0,-55000000.0,0.0,-339000000.0,0.0,-469000000.0,156000000.0,274000000.0,269000000.0,-70000000.0,140000000.0,140000000.0,140000000.0,0.0,51000000.0,0.05,1427000000.0,396000000.0,2128000000.0,0.0,1.958,21.568,29.565,1189000000.0,0.0,43.46,1.965,1.996,2476000000.0,8682000000.0,2792000000.0,2792000000.0,0.0,,,,,64000000.0,1051000000.0,1.0,487334195.0,495000000.0,667000000.0,5.64,9138000000.0,0.0,106000000.0,1469000000.0,18.461,2723000000.0
2,DISCA,MRQ,2020-12-31,2020-12-31,2020-12-31,2021-08-25,-651000000.0,34087000000.0,,6130000000.0,27957000000.0,,21.355,-112000000.0,2091000000.0,2091000000.0,1129000000.0,318000000.0,1.989,2.074,15404000000.0,335000000.0,15069000000.0,15404000000.0,557000000.0,358000000.0,0.0,0.0,0.0,532000000.0,890000000.0,0.308,890000000.0,532000000.0,369000000.0,0.42,0.41,0.42,10464000000.0,,10464000000.0,28198295827.0,13.0,7.835,441000000.0,0.9,1.0,1757000000.0,0.609,24681000000.0,163000000.0,19637000000.0,,0.0,0.0,0.0,0.0,21704000000.0,3082000000.0,18622000000.0,14774295827.0,166000000.0,-51000000.0,-228000000.0,0.0,0.0,-277000000.0,-153000000.0,0.0,553000000.0,43000000.0,271000000.0,271000000.0,271000000.0,0.0,47000000.0,0.094,1269000000.0,488000000.0,2190000000.0,0.0,1.412,12.12,16.533,1206000000.0,0.0,30.09,1.385,1.424,2537000000.0,8543000000.0,2886000000.0,2886000000.0,0.0,,,,,48000000.0,809000000.0,1.0,491003517.0,490000000.0,657000000.0,5.89,9406000000.0,0.0,98000000.0,1534000000.0,19.196,3048000000.0
3,DISCA,MRQ,2020-09-30,2020-09-30,2020-09-30,2021-08-25,-898000000.0,33438000000.0,,5478000000.0,27960000000.0,,19.974,-73000000.0,1893000000.0,1893000000.0,1003000000.0,330000000.0,1.988,2.121,15317000000.0,336000000.0,14981000000.0,15317000000.0,435000000.0,341000000.0,0.0,0.0,0.0,450000000.0,791000000.0,0.309,791000000.0,450000000.0,289000000.0,0.44,0.44,0.44,10087000000.0,,10087000000.0,24634970112.0,10.0,6.601,787000000.0,1.558,1.0,1558000000.0,0.608,24583000000.0,161000000.0,19523000000.0,,0.0,536000000.0,0.0,536000000.0,21398000000.0,2756000000.0,18642000000.0,11034970112.0,218000000.0,-84000000.0,-214000000.0,-29000000.0,0.0,-274000000.0,-396000000.0,-250000000.0,860000000.0,28000000.0,300000000.0,300000000.0,300000000.0,0.0,30000000.0,0.117,1027000000.0,531000000.0,403000000.0,0.0,1.094,7.749,10.517,1125000000.0,0.0,21.77,1.035,1.031,2444000000.0,8278000000.0,2561000000.0,2561000000.0,0.0,,,,,32000000.0,633000000.0,1.0,506888843.0,505000000.0,672000000.0,5.071,8855000000.0,0.0,-11000000.0,1503000000.0,17.535,2722000000.0
4,DISCA,MRQ,2020-06-30,2020-06-30,2020-06-30,2021-08-25,-1021000000.0,33089000000.0,,4717000000.0,28372000000.0,,19.423,-112000000.0,1683000000.0,1683000000.0,810000000.0,300000000.0,1.831,2.158,15283000000.0,339000000.0,14944000000.0,15283000000.0,263000000.0,334000000.0,0.0,0.0,0.0,588000000.0,922000000.0,0.363,922000000.0,588000000.0,427000000.0,0.4,0.4,0.4,9867000000.0,,9867000000.0,25112234981.0,10.0,6.548,879000000.0,1.73,1.0,1731000000.0,0.681,24731000000.0,161000000.0,19382000000.0,,0.0,530000000.0,0.0,530000000.0,21289000000.0,2576000000.0,18713000000.0,10691234981.0,204000000.0,-39000000.0,0.0,-685000000.0,0.0,-739000000.0,-84000000.0,65000000.0,991000000.0,36000000.0,271000000.0,271000000.0,271000000.0,0.0,29000000.0,0.107,1014000000.0,717000000.0,367000000.0,0.0,1.084,7.714,10.657,1088000000.0,0.0,21.1,0.992,0.995,2473000000.0,7980000000.0,2541000000.0,2541000000.0,0.0,,,,,34000000.0,635000000.0,1.0,506693601.0,508000000.0,674000000.0,5.002,8358000000.0,0.0,156000000.0,1463000000.0,16.453,2141000000.0
5,DISCA,MRQ,2020-03-31,2020-03-31,2020-03-31,2021-08-25,-1122000000.0,33390000000.0,,4626000000.0,28764000000.0,,18.317,-105000000.0,1453000000.0,1453000000.0,918000000.0,407000000.0,1.609,2.322,15874000000.0,607000000.0,15267000000.0,15874000000.0,376000000.0,326000000.0,0.0,0.0,0.0,670000000.0,996000000.0,0.371,996000000.0,670000000.0,507000000.0,0.55,0.55,0.55,9470000000.0,,9470000000.0,23993729920.0,9.0,5.895,230000000.0,0.445,1.0,1765000000.0,0.658,25143000000.0,163000000.0,19793000000.0,,0.0,542000000.0,0.0,542000000.0,21986000000.0,2875000000.0,19111000000.0,10126729920.0,-18000000.0,-42000000.0,-527000000.0,500000000.0,0.0,-259000000.0,-70000000.0,0.0,335000000.0,-24000000.0,377000000.0,377000000.0,377000000.0,0.0,30000000.0,0.141,986000000.0,779000000.0,421000000.0,0.0,1.069,4.911,6.68,1040000000.0,0.0,19.44,0.911,0.904,2564000000.0,7712000000.0,2683000000.0,2683000000.0,0.0,,,,,-4000000.0,645000000.0,1.0,520922321.0,517000000.0,685000000.0,5.19,8247000000.0,0.0,130000000.0,1550000000.0,15.952,1751000000.0
6,DISCA,MRQ,2019-12-31,2019-12-31,2019-12-31,2021-08-25,-822000000.0,33735000000.0,,5217000000.0,28518000000.0,,18.698,-100000000.0,1552000000.0,1552000000.0,1037000000.0,511000000.0,1.611,2.201,15419000000.0,609000000.0,14810000000.0,15419000000.0,489000000.0,333000000.0,0.0,0.0,0.0,690000000.0,1023000000.0,0.356,1023000000.0,690000000.0,528000000.0,0.68,0.67,0.68,9891000000.0,,9891000000.0,31753858347.0,11.0,7.608,1132000000.0,2.14,1.0,1837000000.0,0.639,25425000000.0,162000000.0,18938000000.0,,0.0,568000000.0,0.0,568000000.0,21769000000.0,3239000000.0,18530000000.0,17198858347.0,739000000.0,-44000000.0,-333000000.0,-6000000.0,0.0,-365000000.0,-147000000.0,0.0,1232000000.0,19000000.0,476000000.0,476000000.0,476000000.0,0.0,35000000.0,0.166,1132000000.0,705000000.0,463000000.0,0.0,1.739,8.313,11.29,951000000.0,0.0,32.74,1.543,1.554,2633000000.0,7333000000.0,2874000000.0,2874000000.0,0.0,,,,,60000000.0,793000000.0,1.0,525316382.0,529000000.0,702000000.0,5.433,8310000000.0,0.0,52000000.0,1691000000.0,15.709,1978000000.0
7,DISCA,MRQ,2019-09-30,2019-09-30,2019-09-30,2021-08-25,-1029000000.0,32825000000.0,,4313000000.0,28512000000.0,,17.791,-67000000.0,813000000.0,813000000.0,914000000.0,297000000.0,1.52,2.232,15368000000.0,611000000.0,14757000000.0,15368000000.0,384000000.0,322000000.0,0.0,0.0,0.0,572000000.0,894000000.0,0.334,894000000.0,572000000.0,409000000.0,0.35,0.35,0.35,9518000000.0,,9518000000.0,29504844114.0,11.0,7.069,884000000.0,1.652,1.0,1764000000.0,0.659,25394000000.0,163000000.0,19149000000.0,,0.0,529000000.0,0.0,529000000.0,21246000000.0,2837000000.0,18409000000.0,14316844114.0,-508000000.0,-56000000.0,-300000000.0,-1088000000.0,0.0,-1349000000.0,-71000000.0,0.0,951000000.0,-39000000.0,262000000.0,262000000.0,262000000.0,0.0,35000000.0,0.098,1145000000.0,619000000.0,380000000.0,0.0,1.504,7.689,10.242,856000000.0,0.0,26.63,1.292,1.286,2695000000.0,6859000000.0,2678000000.0,2678000000.0,0.0,,,,,13000000.0,660000000.0,1.0,537620883.0,535000000.0,713000000.0,5.006,7431000000.0,0.0,147000000.0,1624000000.0,13.89,1476000000.0
8,DISCA,MRQ,2019-06-30,2019-06-30,2019-06-30,2021-08-25,-913000000.0,33845000000.0,,4932000000.0,28913000000.0,,18.222,-78000000.0,1321000000.0,1321000000.0,938000000.0,987000000.0,1.273,2.305,16509000000.0,1686000000.0,14823000000.0,16509000000.0,293000000.0,320000000.0,0.0,0.0,0.0,837000000.0,1157000000.0,0.401,1157000000.0,837000000.0,676000000.0,1.33,1.33,1.33,9621000000.0,,9621000000.0,31712884698.0,13.0,7.883,596000000.0,1.129,1.0,1947000000.0,0.675,25982000000.0,161000000.0,19177000000.0,,0.0,542000000.0,0.0,542000000.0,22180000000.0,3874000000.0,18306000000.0,16114884698.0,576000000.0,-46000000.0,0.0,143000000.0,0.0,9000000.0,-126000000.0,0.0,674000000.0,19000000.0,947000000.0,947000000.0,947000000.0,0.0,40000000.0,0.328,1036000000.0,911000000.0,325000000.0,0.0,1.675,9.385,12.739,828000000.0,0.0,30.7,1.466,1.475,2854000000.0,6616000000.0,2885000000.0,2885000000.0,0.0,,,,,39000000.0,709000000.0,1.0,524914811.0,528000000.0,716000000.0,5.464,7863000000.0,0.0,-271000000.0,1656000000.0,14.892,1058000000.0
9,DISCA,MRQ,2019-03-31,2019-03-31,2019-03-31,2021-08-25,-895000000.0,32444000000.0,,4025000000.0,28419000000.0,,16.618,-44000000.0,745000000.0,745000000.0,930000000.0,418000000.0,1.158,2.492,16343000000.0,1387000000.0,14956000000.0,16343000000.0,236000000.0,372000000.0,0.0,0.0,0.0,719000000.0,1091000000.0,0.403,1091000000.0,719000000.0,537000000.0,0.53,0.53,0.53,8708000000.0,,8708000000.0,30216887181.0,14.0,7.929,498000000.0,0.95,1.0,1777000000.0,0.656,25865000000.0,182000000.0,18702000000.0,,0.0,955000000.0,0.0,955000000.0,21704000000.0,3475000000.0,18229000000.0,14157887181.0,-241000000.0,-56000000.0,0.0,-453000000.0,0.0,-652000000.0,-94000000.0,0.0,542000000.0,-37000000.0,384000000.0,384000000.0,384000000.0,0.0,34000000.0,0.142,1003000000.0,774000000.0,314000000.0,0.0,1.626,14.359,19.58,802000000.0,0.0,27.02,1.293,1.293,2625000000.0,5663000000.0,2707000000.0,2707000000.0,0.0,,,,,30000000.0,626000000.0,1.0,523978060.0,524000000.0,714000000.0,5.166,6579000000.0,0.0,153000000.0,1700000000.0,12.555,550000000.0
10,DISCA,MRQ,2018-12-31,2018-12-31,2018-12-31,2021-08-25,-785000000.0,32550000000.0,,4231000000.0,28319000000.0,,16.065,-41000000.0,986000000.0,986000000.0,946000000.0,299000000.0,1.059,2.627,16793000000.0,1819000000.0,14974000000.0,16793000000.0,249000000.0,397000000.0,0.0,0.0,0.0,635000000.0,1032000000.0,0.367,1032000000.0,635000000.0,464000000.0,0.39,0.39,0.39,8386000000.0,,8386000000.0,29902395616.0,18.0,9.766,888000000.0,1.701,1.0,1863000000.0,0.663,26062000000.0,171000000.0,18298000000.0,,0.0,935000000.0,0.0,935000000.0,22033000000.0,3997000000.0,18036000000.0,12951395616.0,455000000.0,-5000000.0,-44000000.0,-395000000.0,0.0,-431000000.0,-44000000.0,0.0,929000000.0,1000000.0,269000000.0,269000000.0,269000000.0,0.0,30000000.0,0.096,1152000000.0,711000000.0,325000000.0,0.0,1.544,21.804,28.767,800000000.0,0.0,24.74,1.227,1.167,2620000000.0,5254000000.0,2809000000.0,2809000000.0,0.0,,,,,-12000000.0,657000000.0,1.0,523500227.0,522000000.0,715000000.0,5.381,6488000000.0,0.0,195000000.0,1811000000.0,12.429,234000000.0
11,DISCA,MRQ,2018-09-30,2018-09-30,2018-09-30,2021-08-25,-764000000.0,32912000000.0,,3914000000.0,28998000000.0,,15.518,-24000000.0,531000000.0,531000000.0,934000000.0,135000000.0,1.014,2.794,17482000000.0,1653000000.0,15829000000.0,17482000000.0,304000000.0,398000000.0,0.0,0.0,0.0,345000000.0,743000000.0,0.287,743000000.0,345000000.0,160000000.0,0.16,0.16,0.16,8116000000.0,,8116000000.0,34654570016.0,269.0,28.405,907000000.0,1.734,1.0,1658000000.0,0.64,26643000000.0,185000000.0,19360000000.0,,0.0,1015000000.0,0.0,1015000000.0,22679000000.0,3860000000.0,18819000000.0,16717570016.0,139000000.0,-8000000.0,18000000.0,-848000000.0,0.0,-829000000.0,34000000.0,0.0,931000000.0,3000000.0,117000000.0,117000000.0,117000000.0,0.0,18000000.0,0.045,1289000000.0,369000000.0,280000000.0,0.0,2.06,-20.412,-20.779,810000000.0,0.0,32.0,1.74,1.742,2578000000.0,4984000000.0,2592000000.0,2592000000.0,0.0,,,,,43000000.0,667000000.0,1.0,522424063.0,523000000.0,713000000.0,4.956,6269000000.0,0.0,43000000.0,1901000000.0,11.987,54000000.0
12,DISCA,MRQ,2018-06-30,2018-06-30,2018-06-30,2021-08-25,-790000000.0,33492000000.0,,3906000000.0,29586000000.0,,15.174,-34000000.0,392000000.0,392000000.0,995000000.0,244000000.0,1.449,2.956,18329000000.0,646000000.0,17683000000.0,18329000000.0,277000000.0,410000000.0,0.0,0.0,0.0,535000000.0,945000000.0,0.332,945000000.0,535000000.0,339000000.0,0.3,0.3,0.3,7936000000.0,,7936000000.0,32913924278.0,417.0,38.631,522000000.0,0.998,1.0,1850000000.0,0.65,27103000000.0,196000000.0,21630000000.0,,0.0,1023000000.0,0.0,1023000000.0,23456000000.0,2696000000.0,20760000000.0,14358924278.0,-420000000.0,59000000.0,3000000.0,-982000000.0,0.0,-1042000000.0,92000000.0,22000000.0,556000000.0,-26000000.0,216000000.0,216000000.0,216000000.0,0.0,28000000.0,0.076,1284000000.0,566000000.0,300000000.0,0.0,1.809,-19.999,-20.833,784000000.0,0.0,27.5,1.657,1.659,2747000000.0,4867000000.0,2845000000.0,2845000000.0,0.0,,,,,34000000.0,687000000.0,1.0,522142701.0,523000000.0,712000000.0,5.44,6389000000.0,0.0,123000000.0,1968000000.0,12.216,1210000000.0
13,DISCA,MRQ,2018-03-31,2018-03-31,2018-03-31,2021-08-25,-613000000.0,34658000000.0,,4521000000.0,30137000000.0,,18.694,-48000000.0,812000000.0,812000000.0,1060000000.0,3000000.0,1.834,3.124,19367000000.0,153000000.0,19214000000.0,19367000000.0,299000000.0,193000000.0,0.0,0.0,0.0,149000000.0,342000000.0,0.148,342000000.0,149000000.0,-28000000.0,-0.01,-0.01,-0.01,7889000000.0,,7889000000.0,15660286811.0,154.0,28.734,112000000.0,0.265,1.0,1247000000.0,0.541,27669000000.0,177000000.0,23079000000.0,,0.0,1231000000.0,0.0,1231000000.0,24645000000.0,2465000000.0,22180000000.0,8184286811.0,-6497000000.0,-8565000000.0,23000000.0,2009000000.0,0.0,2019000000.0,-8675000000.0,-22000000.0,160000000.0,-1000000.0,-8000000.0,-8000000.0,-8000000.0,0.0,11000000.0,-0.003,1043000000.0,204000000.0,283000000.0,0.0,1.037,-14.615,-22.093,928000000.0,0.0,21.43,1.082,1.195,2654000000.0,4657000000.0,2307000000.0,2307000000.0,0.0,,,,,15000000.0,609000000.0,1.0,381907924.0,422000000.0,609000000.0,5.467,6989000000.0,0.0,-20000000.0,1994000000.0,16.562,2056000000.0
14,DISCA,MRQ,2017-12-31,2017-12-31,2017-12-31,2021-08-25,-585000000.0,22555000000.0,,9991000000.0,12564000000.0,,12.1,-32000000.0,7309000000.0,7309000000.0,745000000.0,-1137000000.0,5.34,3.803,14785000000.0,30000000.0,14755000000.0,14785000000.0,255000000.0,90000000.0,0.0,0.0,0.0,-900000000.0,-810000000.0,-0.435,-810000000.0,-900000000.0,-1057000000.0,-1.99,-1.98,-1.99,4610000000.0,,4610000000.0,16197255868.0,52.0,25.151,430000000.0,1.129,1.0,1119000000.0,0.6,11466000000.0,157000000.0,16694000000.0,,0.0,335000000.0,0.0,335000000.0,17532000000.0,1871000000.0,15661000000.0,8483255868.0,315000000.0,-500000000.0,-57000000.0,33000000.0,0.0,-32000000.0,-110000000.0,525000000.0,462000000.0,-5000000.0,-1144000000.0,-1144000000.0,-1144000000.0,0.0,7000000.0,-0.614,1956000000.0,-837000000.0,277000000.0,0.0,1.84,-25.173,-37.932,597000000.0,0.0,22.38,1.234,1.25,1838000000.0,4632000000.0,1864000000.0,1864000000.0,0.0,,,,,17000000.0,507000000.0,1.0,379055222.0,381000000.0,561000000.0,4.892,11089000000.0,0.0,87000000.0,319000000.0,29.105,8120000000.0
15,DISCA,MRQ,2017-09-30,2017-09-30,2017-09-30,2021-08-25,-586000000.0,23143000000.0,,9477000000.0,13666000000.0,,15.066,-25000000.0,6994000000.0,6994000000.0,670000000.0,223000000.0,5.868,2.969,14708000000.0,32000000.0,14676000000.0,14708000000.0,238000000.0,80000000.0,0.0,0.0,0.0,295000000.0,375000000.0,0.227,375000000.0,295000000.0,159000000.0,0.38,0.38,0.38,5740000000.0,,5740000000.0,16125216563.0,9.0,7.76,699000000.0,1.835,1.0,981000000.0,0.594,12258000000.0,136000000.0,16984000000.0,,0.0,754000000.0,0.0,754000000.0,17043000000.0,1615000000.0,15428000000.0,8068216563.0,6788000000.0,-4000000.0,-98000000.0,6434000000.0,0.0,6278000000.0,-230000000.0,-196000000.0,724000000.0,16000000.0,218000000.0,218000000.0,218000000.0,0.0,5000000.0,0.132,548000000.0,433000000.0,253000000.0,0.0,1.406,7.262,11.089,523000000.0,0.0,21.29,1.208,1.214,1652000000.0,5785000000.0,1651000000.0,1651000000.0,0.0,,,,,0.0,457000000.0,1.0,378967429.0,381000000.0,571000000.0,4.333,10885000000.0,0.0,-59000000.0,306000000.0,28.57,7862000000.0
16,DISCA,MRQ,2017-06-30,2017-06-30,2017-06-30,2021-08-25,-617000000.0,16149000000.0,,2770000000.0,13379000000.0,,14.391,-31000000.0,206000000.0,206000000.0,634000000.0,380000000.0,1.889,1.879,8263000000.0,105000000.0,8158000000.0,8263000000.0,193000000.0,80000000.0,0.0,0.0,0.0,558000000.0,638000000.0,0.366,638000000.0,558000000.0,467000000.0,0.65,0.64,0.65,5526000000.0,,5526000000.0,17768513668.0,10.0,8.117,157000000.0,0.409,1.0,1111000000.0,0.637,12064000000.0,91000000.0,10676000000.0,,0.0,700000000.0,0.0,700000000.0,10386000000.0,1466000000.0,8920000000.0,9933513668.0,-61000000.0,29000000.0,-282000000.0,90000000.0,0.0,-211000000.0,-69000000.0,-74000000.0,188000000.0,31000000.0,374000000.0,374000000.0,374000000.0,0.0,6000000.0,0.214,477000000.0,634000000.0,222000000.0,0.0,1.798,8.933,13.524,514000000.0,0.0,25.83,1.508,1.506,1758000000.0,5696000000.0,1745000000.0,1745000000.0,0.0,,,,,1000000.0,389000000.0,1.0,384572732.0,384000000.0,578000000.0,4.544,4085000000.0,0.0,93000000.0,370000000.0,10.638,1304000000.0
17,DISCA,MRQ,2017-03-31,2017-03-31,2017-03-31,2021-08-25,-704000000.0,15862000000.0,,2591000000.0,13271000000.0,,13.715,-47000000.0,267000000.0,267000000.0,607000000.0,221000000.0,1.689,1.927,8102000000.0,132000000.0,7970000000.0,8102000000.0,194000000.0,80000000.0,0.0,0.0,0.0,361000000.0,441000000.0,0.273,441000000.0,361000000.0,270000000.0,0.37,0.37,0.37,5335000000.0,,5335000000.0,18929010720.0,10.0,8.507,208000000.0,0.535,1.0,1006000000.0,0.624,11999000000.0,91000000.0,10164000000.0,,0.0,690000000.0,0.0,690000000.0,10278000000.0,1534000000.0,8744000000.0,11306010720.0,-33000000.0,0.0,-150000000.0,75000000.0,0.0,-84000000.0,-224000000.0,-178000000.0,255000000.0,20000000.0,215000000.0,215000000.0,215000000.0,0.0,6000000.0,0.133,519000000.0,487000000.0,200000000.0,0.0,2.119,9.866,15.151,504000000.0,0.0,29.09,1.726,1.728,1560000000.0,5382000000.0,1613000000.0,1613000000.0,0.0,,,,,21000000.0,415000000.0,1.0,388656264.0,389000000.0,588000000.0,4.147,3863000000.0,0.0,55000000.0,429000000.0,9.931,1057000000.0
18,DISCA,MRQ,2016-12-31,2016-12-31,2016-12-31,2021-08-25,-762000000.0,15672000000.0,,2502000000.0,13170000000.0,,13.181,-19000000.0,300000000.0,300000000.0,645000000.0,309000000.0,1.603,1.986,7923000000.0,82000000.0,7841000000.0,7923000000.0,163000000.0,83000000.0,0.0,0.0,0.0,541000000.0,624000000.0,0.373,624000000.0,541000000.0,455000000.0,0.52,0.52,0.52,5167000000.0,,5167000000.0,18547550055.0,9.0,7.988,527000000.0,1.344,1.0,1027000000.0,0.614,11951000000.0,86000000.0,9783000000.0,,0.0,557000000.0,0.0,557000000.0,10262000000.0,1561000000.0,8701000000.0,10775550055.0,76000000.0,0.0,-197000000.0,-22000000.0,0.0,-209000000.0,-202000000.0,-183000000.0,546000000.0,-59000000.0,304000000.0,304000000.0,304000000.0,0.0,5000000.0,0.182,552000000.0,475000000.0,241000000.0,0.0,2.085,9.025,13.914,482000000.0,0.0,27.41,1.659,1.692,1495000000.0,5232000000.0,1672000000.0,1672000000.0,0.0,,,,,20000000.0,463000000.0,1.0,393124774.0,392000000.0,595000000.0,4.265,3721000000.0,0.0,151000000.0,467000000.0,9.492,941000000.0
19,DISCA,MRQ,2016-09-30,2016-09-30,2016-09-30,2021-08-25,-643000000.0,15850000000.0,,2683000000.0,13167000000.0,,13.175,-26000000.0,224000000.0,224000000.0,592000000.0,225000000.0,1.763,1.998,7996000000.0,95000000.0,7901000000.0,7996000000.0,180000000.0,80000000.0,0.0,0.0,0.0,406000000.0,486000000.0,0.312,486000000.0,406000000.0,315000000.0,0.37,0.36,0.37,5204000000.0,,5204000000.0,18412747818.0,10.0,8.358,418000000.0,1.058,1.0,964000000.0,0.62,12267000000.0,91000000.0,9833000000.0,,0.0,515000000.0,0.0,515000000.0,10399000000.0,1522000000.0,8877000000.0,10658747818.0,39000000.0,0.0,-445000000.0,23000000.0,0.0,-399000000.0,-5000000.0,18000000.0,444000000.0,-1000000.0,219000000.0,219000000.0,219000000.0,0.0,6000000.0,0.141,506000000.0,458000000.0,202000000.0,0.0,2.048,9.611,15.039,464000000.0,0.0,26.92,1.647,1.643,1545000000.0,5038000000.0,1556000000.0,1556000000.0,0.0,,,,,22000000.0,419000000.0,1.0,395941598.0,395000000.0,602000000.0,3.939,3583000000.0,110000000.0,96000000.0,536000000.0,9.071,1161000000.0
20,DISCA,MRQ,2016-06-30,2016-06-30,2016-06-30,2021-08-25,-680000000.0,15690000000.0,,2548000000.0,13142000000.0,,13.23,-28000000.0,185000000.0,185000000.0,603000000.0,415000000.0,1.767,1.89,7939000000.0,130000000.0,7809000000.0,7939000000.0,167000000.0,80000000.0,0.0,0.0,0.0,594000000.0,674000000.0,0.395,674000000.0,594000000.0,503000000.0,0.66,0.66,0.66,5345000000.0,,5345000000.0,17893314364.0,9.0,7.821,300000000.0,0.743,1.0,1105000000.0,0.647,12200000000.0,91000000.0,9802000000.0,,0.0,535000000.0,0.0,535000000.0,10104000000.0,1442000000.0,8662000000.0,10236314364.0,-148000000.0,19000000.0,-377000000.0,-34000000.0,0.0,-421000000.0,-48000000.0,-35000000.0,328000000.0,-7000000.0,408000000.0,408000000.0,408000000.0,0.0,7000000.0,0.239,519000000.0,586000000.0,185000000.0,0.0,1.915,8.756,13.638,455000000.0,0.0,25.23,1.582,1.575,1574000000.0,4940000000.0,1708000000.0,1708000000.0,0.0,,,,,3000000.0,400000000.0,1.0,405719951.0,404000000.0,616000000.0,4.228,3490000000.0,96000000.0,95000000.0,468000000.0,8.639,1106000000.0
21,DISCA,MRQ,2016-03-31,2016-03-31,2016-03-31,2021-08-25,-614000000.0,15878000000.0,,2667000000.0,13211000000.0,,12.993,-15000000.0,333000000.0,333000000.0,592000000.0,269000000.0,1.94,1.913,7990000000.0,25000000.0,7965000000.0,7990000000.0,205000000.0,79000000.0,0.0,0.0,0.0,459000000.0,538000000.0,0.345,538000000.0,459000000.0,374000000.0,0.42,0.42,0.42,5366000000.0,,5366000000.0,19077557681.0,10.0,8.68,47000000.0,0.114,1.0,969000000.0,0.621,12306000000.0,85000000.0,9854000000.0,,0.0,529000000.0,0.0,529000000.0,10264000000.0,1375000000.0,8889000000.0,11732557681.0,-57000000.0,0.0,-373000000.0,236000000.0,0.0,-155000000.0,-1000000.0,15000000.0,62000000.0,37000000.0,263000000.0,263000000.0,263000000.0,0.0,6000000.0,0.168,493000000.0,476000000.0,171000000.0,0.0,2.186,11.206,17.564,466000000.0,0.0,28.63,1.828,1.842,1520000000.0,4621000000.0,1561000000.0,1561000000.0,0.0,,,,,24000000.0,408000000.0,1.0,409799430.0,413000000.0,630000000.0,3.78,3572000000.0,91000000.0,111000000.0,510000000.0,8.649,1292000000.0
22,DISCA,MRQ,2015-12-31,2015-12-31,2015-12-31,2021-08-25,-633000000.0,15864000000.0,,2596000000.0,13268000000.0,,12.796,-27000000.0,390000000.0,390000000.0,640000000.0,226000000.0,1.644,1.866,7735000000.0,119000000.0,7616000000.0,7735000000.0,190000000.0,87000000.0,0.0,0.0,0.0,418000000.0,505000000.0,0.307,505000000.0,418000000.0,336000000.0,0.34,0.34,0.34,5451000000.0,,5451000000.0,18280284813.0,10.0,8.29,615000000.0,1.444,1.0,1006000000.0,0.611,12237000000.0,82000000.0,9393000000.0,,0.0,567000000.0,0.0,567000000.0,10172000000.0,1579000000.0,8593000000.0,11485284813.0,128000000.0,-30000000.0,-372000000.0,702000000.0,0.0,-220000000.0,-275000000.0,-234000000.0,642000000.0,-19000000.0,219000000.0,219000000.0,219000000.0,0.0,7000000.0,0.133,545000000.0,461000000.0,282000000.0,0.0,2.107,11.108,16.78,488000000.0,0.0,26.68,1.796,1.803,1479000000.0,4517000000.0,1646000000.0,1646000000.0,0.0,,,,,19000000.0,445000000.0,1.0,430482939.0,426000000.0,650000000.0,3.864,3627000000.0,68000000.0,117000000.0,556000000.0,8.514,1017000000.0
23,DISCA,MRQ,2015-09-30,2015-09-30,2015-09-30,2021-08-25,-508000000.0,15919000000.0,,2719000000.0,13200000000.0,,13.067,-24000000.0,262000000.0,262000000.0,574000000.0,283000000.0,1.29,1.777,7057000000.0,116000000.0,6941000000.0,7057000000.0,237000000.0,80000000.0,0.0,0.0,0.0,491000000.0,571000000.0,0.367,571000000.0,491000000.0,409000000.0,0.43,0.43,0.43,5645000000.0,,5645000000.0,18160558481.0,9.0,8.086,234000000.0,0.542,1.0,983000000.0,0.631,12360000000.0,82000000.0,8246000000.0,,0.0,562000000.0,0.0,562000000.0,10033000000.0,2108000000.0,7925000000.0,11187558481.0,30000000.0,-1000000.0,-50000000.0,-158000000.0,0.0,-212000000.0,0.0,18000000.0,258000000.0,-16000000.0,279000000.0,279000000.0,279000000.0,0.0,4000000.0,0.179,478000000.0,505000000.0,249000000.0,0.0,1.982,10.505,15.957,500000000.0,0.0,26.01,1.742,1.749,1556000000.0,4297000000.0,1557000000.0,1557000000.0,0.0,,,,,-9000000.0,394000000.0,1.0,430125278.0,432000000.0,653000000.0,3.604,3559000000.0,233000000.0,130000000.0,589000000.0,8.238,611000000.0
24,DISCA,MRQ,2015-06-30,2015-06-30,2015-06-30,2021-08-25,-460000000.0,15729000000.0,,2468000000.0,13261000000.0,,12.697,-18000000.0,232000000.0,232000000.0,564000000.0,289000000.0,1.442,1.73,7205000000.0,349000000.0,6856000000.0,7205000000.0,181000000.0,82000000.0,0.0,0.0,0.0,502000000.0,584000000.0,0.353,584000000.0,502000000.0,425000000.0,0.44,0.44,0.44,5485000000.0,,5485000000.0,21466452514.0,11.0,9.423,313000000.0,0.725,1.0,1090000000.0,0.659,12345000000.0,77000000.0,8645000000.0,,0.0,600000000.0,0.0,600000000.0,9489000000.0,1712000000.0,7777000000.0,14298452514.0,-89000000.0,54000000.0,-218000000.0,-258000000.0,0.0,-499000000.0,52000000.0,18000000.0,331000000.0,27000000.0,286000000.0,286000000.0,286000000.0,0.0,3000000.0,0.173,536000000.0,554000000.0,277000000.0,0.0,2.607,13.413,20.658,509000000.0,0.0,33.26,2.222,2.233,1505000000.0,4098000000.0,1654000000.0,1654000000.0,0.0,,,,,23000000.0,430000000.0,1.0,429899354.0,432000000.0,655000000.0,3.829,3384000000.0,84000000.0,139000000.0,494000000.0,7.833,756000000.0
25,DISCA,MRQ,2015-03-31,2015-03-31,2015-03-31,2021-08-25,-569000000.0,15782000000.0,,2469000000.0,13313000000.0,,12.048,-34000000.0,321000000.0,321000000.0,565000000.0,250000000.0,1.399,1.841,7489000000.0,453000000.0,7036000000.0,7489000000.0,175000000.0,81000000.0,0.0,0.0,0.0,464000000.0,545000000.0,0.355,545000000.0,464000000.0,375000000.0,0.38,0.37,0.38,5289000000.0,,5289000000.0,20297399025.0,10.0,8.322,29000000.0,0.066,1.0,972000000.0,0.632,12308000000.0,89000000.0,8877000000.0,,0.0,618000000.0,0.0,618000000.0,9739000000.0,1765000000.0,7974000000.0,13511399025.0,-46000000.0,-42000000.0,-317000000.0,384000000.0,0.0,12000000.0,-78000000.0,4000000.0,63000000.0,-43000000.0,250000000.0,250000000.0,250000000.0,0.0,0.0,0.163,490000000.0,482000000.0,205000000.0,0.0,2.555,11.658,17.884,534000000.0,0.0,30.76,2.114,2.113,1431000000.0,3903000000.0,1537000000.0,1537000000.0,0.0,,,,,2000000.0,400000000.0,1.0,439252244.0,439000000.0,667000000.0,3.501,3474000000.0,86000000.0,125000000.0,532000000.0,7.913,704000000.0
26,DISCA,MRQ,2014-12-31,2014-12-31,2014-12-31,2021-08-25,-368000000.0,15970000000.0,,2491000000.0,13479000000.0,,12.674,-35000000.0,367000000.0,367000000.0,598000000.0,235000000.0,0.957,1.717,7109000000.0,1107000000.0,6002000000.0,7109000000.0,178000000.0,86000000.0,0.0,0.0,0.0,460000000.0,546000000.0,0.326,546000000.0,460000000.0,379000000.0,0.38,0.38,0.38,5602000000.0,,5602000000.0,22010462936.0,11.0,9.148,390000000.0,0.882,1.0,1078000000.0,0.643,12509000000.0,81000000.0,7599000000.0,,0.0,644000000.0,0.0,644000000.0,9619000000.0,2604000000.0,7015000000.0,15238462936.0,-9000000.0,171000000.0,-350000000.0,-10000000.0,0.0,-365000000.0,-39000000.0,-174000000.0,425000000.0,-30000000.0,250000000.0,250000000.0,250000000.0,0.0,-15000000.0,0.149,602000000.0,476000000.0,225000000.0,0.0,2.72,13.379,20.629,554000000.0,0.0,34.45,2.432,2.496,1433000000.0,3809000000.0,1676000000.0,1676000000.0,0.0,,,,,12000000.0,445000000.0,1.0,442335644.0,442000000.0,669000000.0,3.792,3461000000.0,87000000.0,129000000.0,588000000.0,7.83,-113000000.0
27,DISCA,MRQ,2014-09-30,2014-09-30,2014-09-30,2021-08-25,-195000000.0,16373000000.0,,2584000000.0,13789000000.0,,13.102,-27000000.0,376000000.0,376000000.0,529000000.0,287000000.0,1.014,1.649,7148000000.0,995000000.0,6153000000.0,7148000000.0,304000000.0,85000000.0,0.0,0.0,0.0,518000000.0,603000000.0,0.385,603000000.0,518000000.0,435000000.0,0.41,0.41,0.41,5883000000.0,,5883000000.0,23648847313.0,11.0,9.528,393000000.0,0.875,1.0,1039000000.0,0.663,12818000000.0,83000000.0,7779000000.0,,0.0,667000000.0,0.0,667000000.0,9703000000.0,2548000000.0,7155000000.0,16946847313.0,4000000.0,-213000000.0,-272000000.0,105000000.0,0.0,-168000000.0,-226000000.0,14000000.0,420000000.0,-22000000.0,280000000.0,280000000.0,280000000.0,0.0,7000000.0,0.179,528000000.0,511000000.0,209000000.0,0.0,2.881,14.386,22.235,525000000.0,0.0,37.8,2.766,2.771,1464000000.0,3654000000.0,1568000000.0,1568000000.0,0.0,,,,,33000000.0,432000000.0,1.0,448329294.0,449000000.0,682000000.0,3.492,3555000000.0,87000000.0,155000000.0,692000000.0,7.918,36000000.0
28,DISCA,MRQ,2014-06-30,2014-06-30,2014-06-30,2021-08-25,-38000000.0,16105000000.0,,2571000000.0,13534000000.0,,13.197,-30000000.0,372000000.0,372000000.0,515000000.0,384000000.0,1.089,1.571,7074000000.0,1029000000.0,6045000000.0,7074000000.0,160000000.0,75000000.0,0.0,0.0,0.0,670000000.0,745000000.0,0.463,745000000.0,670000000.0,587000000.0,0.55,0.54,0.55,6031000000.0,,6031000000.0,23210046731.0,11.0,9.446,202000000.0,0.442,1.0,1095000000.0,0.68,12303000000.0,83000000.0,8144000000.0,,0.0,828000000.0,0.0,828000000.0,9473000000.0,2360000000.0,7113000000.0,17049046731.0,-385000000.0,-269000000.0,-490000000.0,157000000.0,0.0,-341000000.0,-275000000.0,25000000.0,232000000.0,-1000000.0,379000000.0,379000000.0,379000000.0,0.0,5000000.0,0.235,486000000.0,609000000.0,226000000.0,0.0,2.827,14.787,22.509,538000000.0,0.0,37.14,2.874,2.861,1525000000.0,3499000000.0,1610000000.0,1610000000.0,0.0,,,,,14000000.0,406000000.0,1.0,459048108.0,457000000.0,692000000.0,3.523,3802000000.0,81000000.0,208000000.0,769000000.0,8.319,211000000.0
29,DISCA,MRQ,2014-03-31,2014-03-31,2014-03-31,2021-08-25,4000000.0,15311000000.0,,2740000000.0,12571000000.0,,13.205,-28000000.0,757000000.0,757000000.0,482000000.0,231000000.0,2.187,1.471,6918000000.0,18000000.0,6900000000.0,6918000000.0,137000000.0,83000000.0,0.0,0.0,0.0,429000000.0,512000000.0,0.363,512000000.0,429000000.0,348000000.0,0.33,0.33,0.33,6180000000.0,,6180000000.0,25452159655.0,13.0,10.826,213000000.0,0.455,1.0,929000000.0,0.658,11095000000.0,81000000.0,9124000000.0,,0.0,1080000000.0,0.0,1080000000.0,9093000000.0,1253000000.0,7840000000.0,19361159655.0,349000000.0,-16000000.0,-266000000.0,411000000.0,0.0,140000000.0,-28000000.0,16000000.0,241000000.0,-4000000.0,230000000.0,230000000.0,230000000.0,0.0,1000000.0,0.163,495000000.0,434000000.0,151000000.0,0.0,3.133,18.027,27.294,522000000.0,0.0,41.35,3.344,3.342,1341000000.0,3123000000.0,1411000000.0,1411000000.0,0.0,,,,,19000000.0,409000000.0,1.0,468226352.0,468000000.0,704000000.0,3.015,4216000000.0,76000000.0,118000000.0,614000000.0,9.009,1487000000.0
30,DISCA,MRQ,2013-12-31,2013-12-31,2013-12-31,2021-08-25,4000000.0,14979000000.0,,2410000000.0,12569000000.0,,13.127,-39000000.0,408000000.0,408000000.0,475000000.0,290000000.0,1.862,1.412,6499000000.0,17000000.0,6482000000.0,6499000000.0,144000000.0,86000000.0,0.0,0.0,0.0,536000000.0,622000000.0,0.405,622000000.0,536000000.0,458000000.0,0.41,0.41,0.41,6196000000.0,,6196000000.0,27548240167.0,14.0,11.895,316000000.0,0.669,1.0,1062000000.0,0.691,11066000000.0,78000000.0,8710000000.0,,0.0,1087000000.0,0.0,1087000000.0,8746000000.0,1294000000.0,7452000000.0,21479240167.0,-31000000.0,-29000000.0,-324000000.0,1000000.0,0.0,-339000000.0,-46000000.0,24000000.0,355000000.0,-1000000.0,289000000.0,289000000.0,289000000.0,0.0,1000000.0,0.188,540000000.0,522000000.0,141000000.0,0.0,3.467,19.981,30.14,514000000.0,0.0,45.21,3.881,3.953,1371000000.0,2892000000.0,1537000000.0,1537000000.0,0.0,,,,,61000000.0,449000000.0,1.0,475099318.0,472000000.0,707000000.0,3.256,3913000000.0,73000000.0,169000000.0,637000000.0,8.29,1116000000.0
31,DISCA,MRQ,2013-09-30,2013-09-30,2013-09-30,2021-08-25,8000000.0,14867000000.0,,2364000000.0,12503000000.0,,12.878,-22000000.0,439000000.0,439000000.0,435000000.0,256000000.0,2.083,1.384,6508000000.0,23000000.0,6485000000.0,6508000000.0,164000000.0,80000000.0,0.0,0.0,0.0,498000000.0,578000000.0,0.42,578000000.0,498000000.0,418000000.0,0.36,0.35,0.36,6220000000.0,,6220000000.0,26619018037.0,13.0,12.138,438000000.0,0.907,1.0,940000000.0,0.684,11014000000.0,80000000.0,8787000000.0,,0.0,1087000000.0,0.0,1087000000.0,8610000000.0,1135000000.0,7475000000.0,20516018037.0,64000000.0,26000000.0,-678000000.0,-4000000.0,0.0,-426000000.0,23000000.0,19000000.0,460000000.0,7000000.0,255000000.0,255000000.0,255000000.0,0.0,1000000.0,0.185,471000000.0,469000000.0,116000000.0,0.0,3.298,20.313,30.15,492000000.0,0.0,42.21,3.947,3.922,1344000000.0,2604000000.0,1375000000.0,1375000000.0,0.0,,,,,45000000.0,390000000.0,1.0,486046388.0,483000000.0,719000000.0,2.847,3853000000.0,74000000.0,163000000.0,681000000.0,7.977,1229000000.0
32,DISCA,MRQ,2013-06-30,2013-06-30,2013-06-30,2021-08-25,-96000000.0,14687000000.0,,2265000000.0,12422000000.0,,8.731,-28000000.0,375000000.0,375000000.0,437000000.0,300000000.0,2.26,1.337,6478000000.0,23000000.0,6455000000.0,6478000000.0,122000000.0,78000000.0,0.0,0.0,0.0,561000000.0,639000000.0,0.436,639000000.0,561000000.0,481000000.0,0.415,0.41,0.415,6269000000.0,,6269000000.0,22970793088.0,12.0,11.216,311000000.0,0.433,1.0,1030000000.0,0.702,10891000000.0,80000000.0,8897000000.0,,0.0,1097000000.0,0.0,1097000000.0,8383000000.0,1002000000.0,7381000000.0,18901793088.0,-1985000000.0,-1798000000.0,-237000000.0,-6000000.0,0.0,-502000000.0,-1814000000.0,-12000000.0,339000000.0,-8000000.0,300000000.0,300000000.0,300000000.0,0.0,0.0,0.204,481000000.0,549000000.0,116000000.0,0.0,3.015,19.689,29.369,460000000.0,0.0,38.62,3.858,5.66,1332000000.0,2349000000.0,1467000000.0,1467000000.0,0.0,,,,,24000000.0,394000000.0,1.0,489430168.0,718000000.0,726000000.0,2.043,3796000000.0,75000000.0,181000000.0,656000000.0,5.287,1263000000.0
33,DISCA,MRQ,2013-03-31,2013-03-31,2013-03-31,2021-08-25,-51000000.0,14421000000.0,,4013000000.0,10408000000.0,,8.595,-26000000.0,2360000000.0,2360000000.0,342000000.0,231000000.0,3.645,1.305,6429000000.0,22000000.0,6407000000.0,6429000000.0,100000000.0,32000000.0,0.0,0.0,0.0,445000000.0,477000000.0,0.413,477000000.0,445000000.0,377000000.0,0.32,0.315,0.32,6240000000.0,,6240000000.0,23353385157.0,13.0,12.157,105000000.0,0.145,1.0,814000000.0,0.704,8891000000.0,68000000.0,8498000000.0,,0.0,1105000000.0,0.0,1105000000.0,8146000000.0,1101000000.0,7045000000.0,19311385157.0,1159000000.0,-60000000.0,7000000.0,1175000000.0,0.0,1182000000.0,-150000000.0,-39000000.0,131000000.0,-4000000.0,231000000.0,231000000.0,231000000.0,0.0,0.0,0.2,398000000.0,416000000.0,67000000.0,0.0,3.095,20.264,30.638,377000000.0,0.0,39.37,4.237,6.271,1148000000.0,2052000000.0,1156000000.0,1156000000.0,0.0,,,,,60000000.0,365000000.0,1.0,490510164.0,726000000.0,734000000.0,1.592,5530000000.0,74000000.0,146000000.0,428000000.0,7.617,2912000000.0
34,DISCA,MRQ,2012-12-31,2012-12-31,2012-12-31,2021-08-25,4000000.0,12930000000.0,,2730000000.0,10200000000.0,,12.633,-24000000.0,1201000000.0,1201000000.0,328000000.0,224000000.0,2.886,1.055,5243000000.0,31000000.0,5212000000.0,5243000000.0,123000000.0,30000000.0,0.0,0.0,0.0,469000000.0,499000000.0,0.416,499000000.0,469000000.0,405000000.0,0.305,0.3,0.305,6291000000.0,,6291000000.0,18840627696.0,11.0,10.075,304000000.0,0.61,1.0,872000000.0,0.727,8687000000.0,64000000.0,7339000000.0,,0.0,1095000000.0,0.0,1095000000.0,6637000000.0,946000000.0,5691000000.0,15162627696.0,-352000000.0,-418000000.0,-194000000.0,-5000000.0,0.0,-233000000.0,-448000000.0,0.0,328000000.0,1000000.0,224000000.0,224000000.0,224000000.0,0.0,0.0,0.187,387000000.0,485000000.0,71000000.0,0.0,2.41,16.079,25.392,388000000.0,0.0,31.74,3.379,3.523,1130000000.0,2075000000.0,1200000000.0,1200000000.0,0.0,,,,,42000000.0,355000000.0,1.0,477713538.0,498000000.0,738000000.0,2.41,4243000000.0,74000000.0,181000000.0,272000000.0,8.52,1784000000.0
35,DISCA,MRQ,2012-09-30,2012-09-30,2012-09-30,2021-08-25,-8000000.0,12687000000.0,,2995000000.0,9692000000.0,,8.421,-29000000.0,1553000000.0,1553000000.0,296000000.0,206000000.0,3.626,1.025,5231000000.0,21000000.0,5210000000.0,5231000000.0,133000000.0,26000000.0,0.0,0.0,0.0,407000000.0,433000000.0,0.402,433000000.0,407000000.0,339000000.0,0.275,0.275,0.275,6265000000.0,,6265000000.0,18258158118.0,11.0,10.149,353000000.0,0.474,1.0,780000000.0,0.725,8455000000.0,68000000.0,7084000000.0,,0.0,821000000.0,0.0,821000000.0,6420000000.0,826000000.0,5594000000.0,14730158118.0,-145000000.0,-28000000.0,-445000000.0,-6000000.0,0.0,-448000000.0,-81000000.0,17000000.0,382000000.0,2000000.0,205000000.0,205000000.0,205000000.0,9000000.0,1000000.0,0.191,342000000.0,438000000.0,54000000.0,0.0,2.351,13.962,21.752,368000000.0,0.0,29.8,3.353,5.047,1079000000.0,1851000000.0,1076000000.0,1076000000.0,0.0,,,,,40000000.0,314000000.0,1.0,494300608.0,744000000.0,750000000.0,1.446,4232000000.0,62000000.0,134000000.0,260000000.0,5.688,2169000000.0
36,DISCA,MRQ,2012-06-30,2012-06-30,2012-06-30,2021-08-25,-23000000.0,12810000000.0,,3214000000.0,9596000000.0,,8.492,-3000000.0,1698000000.0,1698000000.0,298000000.0,293000000.0,4.246,0.979,5226000000.0,20000000.0,5206000000.0,5226000000.0,98000000.0,31000000.0,0.0,0.0,0.0,481000000.0,512000000.0,0.455,512000000.0,481000000.0,420000000.0,0.385,0.38,0.385,6471000000.0,,6471000000.0,16960337368.0,10.0,9.339,138000000.0,0.181,1.0,828000000.0,0.735,8386000000.0,61000000.0,7195000000.0,,0.0,817000000.0,0.0,817000000.0,6337000000.0,757000000.0,5580000000.0,13767337368.0,654000000.0,-69000000.0,-392000000.0,980000000.0,0.0,589000000.0,-72000000.0,0.0,141000000.0,-4000000.0,293000000.0,293000000.0,293000000.0,1000000.0,0.0,0.26,340000000.0,488000000.0,56000000.0,0.0,2.128,12.665,19.355,368000000.0,0.0,27.0,3.131,4.679,1155000000.0,1646000000.0,1126000000.0,1126000000.0,0.0,,,,,31000000.0,307000000.0,1.0,509901384.0,762000000.0,768000000.0,1.478,4424000000.0,77000000.0,127000000.0,263000000.0,5.806,2457000000.0
37,DISCA,MRQ,2012-03-31,2012-03-31,2012-03-31,2021-08-25,-12000000.0,11935000000.0,,2451000000.0,9484000000.0,,8.504,-21000000.0,1044000000.0,1044000000.0,296000000.0,222000000.0,3.312,0.818,4237000000.0,19000000.0,4218000000.0,4237000000.0,91000000.0,30000000.0,0.0,0.0,0.0,396000000.0,426000000.0,0.393,426000000.0,396000000.0,341000000.0,0.285,0.285,0.285,6565000000.0,,6565000000.0,16277736042.0,10.0,9.14,227000000.0,0.294,1.0,789000000.0,0.727,8294000000.0,55000000.0,6094000000.0,,0.0,778000000.0,0.0,778000000.0,5367000000.0,740000000.0,4627000000.0,13080736042.0,-4000000.0,-38000000.0,-230000000.0,-10000000.0,0.0,-213000000.0,-42000000.0,0.0,248000000.0,3000000.0,221000000.0,221000000.0,221000000.0,1000000.0,1000000.0,0.204,341000000.0,448000000.0,63000000.0,0.0,1.992,12.482,19.094,374000000.0,0.0,25.3,3.015,4.502,1062000000.0,1353000000.0,1085000000.0,1085000000.0,0.0,,,,,41000000.0,311000000.0,1.0,517025140.0,772000000.0,780000000.0,1.405,3641000000.0,72000000.0,120000000.0,321000000.0,4.716,1711000000.0
38,DISCA,MRQ,2011-12-31,2011-12-31,2011-12-31,2021-08-25,-23000000.0,11913000000.0,,2431000000.0,9482000000.0,,8.312,-16000000.0,1048000000.0,1048000000.0,316000000.0,337000000.0,3.259,0.828,4245000000.0,26000000.0,4219000000.0,4245000000.0,113000000.0,29000000.0,0.0,0.0,0.0,399000000.0,428000000.0,0.387,428000000.0,399000000.0,345000000.0,0.425,0.425,0.425,6517000000.0,,6517000000.0,14044214171.0,8.0,7.447,324000000.0,0.413,1.0,790000000.0,0.714,8257000000.0,54000000.0,6107000000.0,,0.0,807000000.0,0.0,807000000.0,5394000000.0,746000000.0,4648000000.0,10827214171.0,16000000.0,-84000000.0,-220000000.0,-4000000.0,0.0,-242000000.0,-79000000.0,21000000.0,340000000.0,-3000000.0,336000000.0,336000000.0,336000000.0,0.0,1000000.0,0.304,368000000.0,422000000.0,53000000.0,0.0,1.661,9.565,14.528,379000000.0,0.0,20.485,2.598,3.942,1042000000.0,1132000000.0,1106000000.0,1106000000.0,0.0,,,,,29000000.0,316000000.0,1.0,528543528.0,784000000.0,792000000.0,1.411,3656000000.0,73000000.0,9000000.0,337000000.0,4.663,1685000000.0
39,DISCA,MRQ,2011-09-30,2011-09-30,2011-09-30,2021-08-25,-22000000.0,11801000000.0,,2299000000.0,9502000000.0,,8.043,-15000000.0,1032000000.0,1032000000.0,328000000.0,237000000.0,3.252,0.843,4249000000.0,20000000.0,4229000000.0,4249000000.0,123000000.0,30000000.0,0.0,0.0,0.0,420000000.0,450000000.0,0.417,450000000.0,420000000.0,364000000.0,0.3,0.295,0.3,6402000000.0,,6402000000.0,13459000484.0,8.0,7.275,314000000.0,0.394,1.0,752000000.0,0.696,8252000000.0,56000000.0,6059000000.0,,0.0,816000000.0,0.0,816000000.0,5398000000.0,707000000.0,4691000000.0,10297000484.0,-63000000.0,-11000000.0,-350000000.0,-5000000.0,0.0,-354000000.0,-26000000.0,0.0,329000000.0,-12000000.0,237000000.0,237000000.0,237000000.0,3000000.0,0.0,0.219,324000000.0,428000000.0,48000000.0,0.0,1.608,10.433,15.481,371000000.0,0.0,18.81,2.545,3.701,976000000.0,796000000.0,1080000000.0,1080000000.0,0.0,,,,,21000000.0,293000000.0,1.0,547421610.0,796000000.0,802000000.0,1.357,3549000000.0,53000000.0,127000000.0,354000000.0,4.459,1592000000.0
40,DISCA,MRQ,2011-06-30,2011-06-30,2011-06-30,2021-08-25,-10000000.0,11836000000.0,,2321000000.0,9515000000.0,,8.021,-16000000.0,1095000000.0,1095000000.0,288000000.0,254000000.0,3.78,0.817,4257000000.0,22000000.0,4235000000.0,4257000000.0,98000000.0,30000000.0,0.0,0.0,0.0,447000000.0,477000000.0,0.447,477000000.0,447000000.0,398000000.0,0.315,0.31,0.315,6513000000.0,,6513000000.0,14569009088.0,9.0,8.32,198000000.0,0.244,1.0,779000000.0,0.73,8289000000.0,49000000.0,6095000000.0,,0.0,806000000.0,0.0,806000000.0,5322000000.0,614000000.0,4708000000.0,11410009088.0,642000000.0,-25000000.0,-182000000.0,638000000.0,0.0,467000000.0,-39000000.0,0.0,214000000.0,0.0,254000000.0,254000000.0,254000000.0,0.0,0.0,0.238,334000000.0,445000000.0,48000000.0,0.0,1.752,12.19,18.044,382000000.0,0.0,20.48,2.932,4.273,908000000.0,559000000.0,1067000000.0,1067000000.0,0.0,,,,,32000000.0,300000000.0,1.0,557129350.0,812000000.0,820000000.0,1.314,3547000000.0,65000000.0,144000000.0,373000000.0,4.368,1707000000.0
41,DISCA,MRQ,2011-03-31,2011-03-31,2011-03-31,2021-08-25,-16000000.0,11108000000.0,,1629000000.0,9479000000.0,,7.834,-11000000.0,453000000.0,453000000.0,273000000.0,305000000.0,2.491,0.733,3612000000.0,21000000.0,3591000000.0,3612000000.0,113000000.0,30000000.0,0.0,0.0,0.0,500000000.0,530000000.0,0.557,530000000.0,500000000.0,451000000.0,0.375,0.37,0.375,6408000000.0,,6408000000.0,14386421754.0,10.0,9.572,206000000.0,0.252,1.0,678000000.0,0.713,8257000000.0,49000000.0,5356000000.0,,0.0,781000000.0,0.0,781000000.0,4697000000.0,654000000.0,4043000000.0,11234421754.0,-13000000.0,-57000000.0,-157000000.0,-10000000.0,0.0,-168000000.0,-70000000.0,0.0,217000000.0,8000000.0,305000000.0,305000000.0,305000000.0,0.0,0.0,0.321,300000000.0,378000000.0,62000000.0,0.0,1.753,14.257,21.111,389000000.0,0.0,19.95,2.966,4.308,866000000.0,305000000.0,951000000.0,951000000.0,0.0,,,,,17000000.0,269000000.0,1.0,563128910.0,818000000.0,828000000.0,1.163,2851000000.0,76000000.0,146000000.0,352000000.0,3.485,975000000.0
42,DISCA,MRQ,2010-12-31,2010-12-31,2010-12-31,2021-08-25,-33000000.0,11019000000.0,,1735000000.0,9284000000.0,,7.324,-20000000.0,466000000.0,466000000.0,231000000.0,197000000.0,2.21,0.769,3618000000.0,20000000.0,3598000000.0,3618000000.0,114000000.0,32000000.0,0.0,0.0,0.0,361000000.0,393000000.0,0.415,393000000.0,361000000.0,313000000.0,0.225,0.225,0.225,6225000000.0,,6225000000.0,14453017607.0,13.0,11.283,203000000.0,0.239,1.0,717000000.0,0.756,8367000000.0,48000000.0,5019000000.0,,0.0,455000000.0,0.0,455000000.0,4786000000.0,785000000.0,4001000000.0,11856017607.0,-550000000.0,-80000000.0,-547000000.0,-2000000.0,0.0,-697000000.0,-76000000.0,0.0,223000000.0,0.0,191000000.0,191000000.0,191000000.0,15000000.0,6000000.0,0.201,306000000.0,411000000.0,87000000.0,0.0,1.905,18.184,27.255,399000000.0,0.0,20.85,3.199,4.782,880000000.0,0.0,948000000.0,948000000.0,0.0,,,,,29000000.0,280000000.0,1.0,568633938.0,850000000.0,846000000.0,1.115,2652000000.0,81000000.0,122000000.0,304000000.0,3.12,950000000.0
43,DISCA,MRQ,2010-09-30,2010-09-30,2010-09-30,2021-08-25,-23000000.0,11398000000.0,,2137000000.0,9261000000.0,,7.844,-9000000.0,1016000000.0,1016000000.0,261000000.0,189000000.0,2.698,0.704,3613000000.0,18000000.0,3595000000.0,3613000000.0,0.0,33000000.0,0.0,0.0,0.0,318000000.0,351000000.0,0.379,351000000.0,318000000.0,269000000.0,0.22,0.215,0.22,6683000000.0,,6683000000.0,15293489998.0,14.0,12.495,346000000.0,0.406,1.0,665000000.0,0.718,8360000000.0,49000000.0,4843000000.0,,0.0,0.0,0.0,0.0,4703000000.0,792000000.0,3911000000.0,12395489998.0,303000000.0,-6000000.0,-26000000.0,-3000000.0,0.0,-43000000.0,-15000000.0,0.0,355000000.0,6000000.0,186000000.0,186000000.0,186000000.0,-25000000.0,3000000.0,0.201,353000000.0,312000000.0,464000000.0,0.0,1.855,20.254,30.034,389000000.0,0.0,21.775,3.343,5.003,843000000.0,75000000.0,926000000.0,926000000.0,0.0,,,,,59000000.0,306000000.0,1.0,569253272.0,852000000.0,862000000.0,1.087,3038000000.0,0.0,83000000.0,0.0,3.566,1345000000.0
44,DISCA,MRQ,2010-06-30,2010-06-30,2010-06-30,2021-08-25,-44000000.0,11074000000.0,,1815000000.0,9259000000.0,,7.613,-8000000.0,713000000.0,713000000.0,254000000.0,110000000.0,2.985,0.703,3611000000.0,17000000.0,3594000000.0,3611000000.0,0.0,33000000.0,0.0,0.0,0.0,196000000.0,229000000.0,0.238,229000000.0,196000000.0,148000000.0,0.125,0.125,0.125,6486000000.0,,6486000000.0,12952490912.0,13.0,11.462,-44000000.0,-0.052,1.0,709000000.0,0.736,8354000000.0,48000000.0,5010000000.0,,0.0,0.0,0.0,0.0,4560000000.0,608000000.0,3952000000.0,10152490912.0,22000000.0,-26000000.0,6000000.0,90000000.0,0.0,98000000.0,-34000000.0,0.0,-36000000.0,-6000000.0,107000000.0,106000000.0,106000000.0,0.0,3000000.0,0.11,337000000.0,372000000.0,356000000.0,0.0,1.565,19.524,29.033,401000000.0,1000000.0,17.855,2.805,4.203,836000000.0,-111000000.0,963000000.0,963000000.0,0.0,,,,,50000000.0,304000000.0,1.0,568607724.0,852000000.0,862000000.0,1.13,2720000000.0,0.0,41000000.0,0.0,3.192,1207000000.0
45,DISCA,MRQ,2010-03-31,2010-03-31,2010-03-31,2021-08-25,-40000000.0,10952000000.0,,1721000000.0,9231000000.0,,7.481,-12000000.0,691000000.0,691000000.0,267000000.0,173000000.0,1.843,0.718,3491000000.0,256000000.0,3235000000.0,3491000000.0,0.0,34000000.0,0.0,0.0,0.0,274000000.0,308000000.0,0.354,308000000.0,274000000.0,216000000.0,0.2,0.195,0.2,6359000000.0,,6359000000.0,12452370944.0,10.0,8.624,114000000.0,0.134,1.0,602000000.0,0.693,8328000000.0,58000000.0,4490000000.0,,0.0,0.0,0.0,0.0,4568000000.0,934000000.0,3634000000.0,9580370944.0,68000000.0,-53000000.0,9000000.0,-8000000.0,0.0,1000000.0,-65000000.0,0.0,126000000.0,6000000.0,169000000.0,169000000.0,169000000.0,0.0,4000000.0,0.194,320000000.0,282000000.0,395000000.0,0.0,1.507,16.21,24.136,405000000.0,0.0,16.895,2.721,4.079,773000000.0,-224000000.0,869000000.0,869000000.0,0.0,,,,,44000000.0,284000000.0,1.0,567053622.0,850000000.0,858000000.0,1.022,2624000000.0,0.0,47000000.0,0.0,3.087,787000000.0
46,DISCA,MRQ,2009-12-31,2009-12-31,2009-12-31,2021-08-25,-21000000.0,10952000000.0,,1671000000.0,9281000000.0,,7.325,-14000000.0,623000000.0,623000000.0,293000000.0,156000000.0,2.134,0.756,3495000000.0,38000000.0,3457000000.0,3495000000.0,91000000.0,37000000.0,0.0,0.0,0.0,299000000.0,336000000.0,0.354,336000000.0,299000000.0,233000000.0,0.18,0.175,0.18,6197000000.0,,6197000000.0,11803844591.0,9.0,8.307,244000000.0,0.288,1.0,657000000.0,0.692,8358000000.0,66000000.0,4683000000.0,,0.0,0.0,0.0,0.0,4683000000.0,783000000.0,3900000000.0,8693844591.0,222000000.0,-9000000.0,2000000.0,-12000000.0,0.0,-13000000.0,-21000000.0,2000000.0,258000000.0,-2000000.0,151000000.0,151000000.0,151000000.0,4000000.0,5000000.0,0.159,352000000.0,305000000.0,63000000.0,0.0,1.403,16.07,23.961,409000000.0,0.0,15.335,2.514,3.752,812000000.0,-387000000.0,950000000.0,950000000.0,0.0,,,,,32000000.0,303000000.0,1.0,566928242.0,846000000.0,856000000.0,1.123,2594000000.0,71000000.0,82000000.0,268000000.0,3.066,888000000.0
47,DISCA,MRQ,2009-09-30,2009-09-30,2009-09-30,2021-08-25,-35000000.0,10741000000.0,,1417000000.0,9324000000.0,,7.108,-9000000.0,401000000.0,401000000.0,251000000.0,104000000.0,1.86,0.771,3511000000.0,39000000.0,3472000000.0,3511000000.0,0.0,40000000.0,0.0,0.0,0.0,217000000.0,257000000.0,0.307,257000000.0,217000000.0,152000000.0,0.11,0.11,0.11,6028000000.0,,6028000000.0,11280116653.0,9.0,8.325,38000000.0,0.045,1.0,586000000.0,0.7,8393000000.0,65000000.0,4696000000.0,,0.0,0.0,0.0,0.0,4650000000.0,762000000.0,3888000000.0,8145116653.0,62000000.0,-9000000.0,26000000.0,1000000.0,0.0,28000000.0,-18000000.0,0.0,47000000.0,5000000.0,100000000.0,94000000.0,94000000.0,-1000000.0,4000000.0,0.112,365000000.0,221000000.0,394000000.0,0.0,1.351,16.422,24.692,417000000.0,6000000.0,14.445,2.424,3.646,775000000.0,-531000000.0,837000000.0,837000000.0,0.0,,,,,98000000.0,324000000.0,1.0,563871004.0,848000000.0,854000000.0,0.987,2348000000.0,0.0,52000000.0,0.0,2.769,655000000.0
48,DISCA,MRQ,2009-06-30,2009-06-30,2009-06-30,2021-08-25,-25000000.0,10696000000.0,,1331000000.0,9365000000.0,,6.994,-13000000.0,339000000.0,339000000.0,251000000.0,181000000.0,1.085,0.801,3474000000.0,421000000.0,3053000000.0,3474000000.0,0.0,40000000.0,0.0,0.0,0.0,503000000.0,543000000.0,0.628,543000000.0,503000000.0,443000000.0,0.21,0.21,0.21,5903000000.0,,5903000000.0,9912184547.0,8.0,6.817,173000000.0,0.205,1.0,614000000.0,0.71,8412000000.0,60000000.0,4192000000.0,,0.0,0.0,0.0,0.0,4729000000.0,1227000000.0,3502000000.0,6331184547.0,197000000.0,287000000.0,0.0,-294000000.0,0.0,-297000000.0,302000000.0,22000000.0,186000000.0,6000000.0,179000000.0,177000000.0,177000000.0,0.0,2000000.0,0.205,369000000.0,245000000.0,564000000.0,0.0,1.073,11.812,16.194,410000000.0,2000000.0,11.255,1.88,2.82,759000000.0,-632000000.0,865000000.0,865000000.0,0.0,,,,,61000000.0,295000000.0,1.0,562521950.0,844000000.0,848000000.0,1.025,2284000000.0,0.0,264000000.0,0.0,2.706,104000000.0
49,DISCA,MRQ,2009-03-31,2009-03-31,2009-03-31,2021-08-25,-85000000.0,10475000000.0,,1112000000.0,9363000000.0,,6.698,-19000000.0,142000000.0,142000000.0,252000000.0,123000000.0,0.947,0.84,3723000000.0,586000000.0,3137000000.0,3723000000.0,0.0,38000000.0,0.0,0.0,0.0,246000000.0,284000000.0,0.348,284000000.0,246000000.0,189000000.0,0.14,0.14,0.14,5653000000.0,,5653000000.0,8194800852.0,9.0,7.028,132000000.0,0.156,1.0,563000000.0,0.691,8863000000.0,57000000.0,4019000000.0,,0.0,0.0,0.0,0.0,4749000000.0,1174000000.0,3575000000.0,4505800852.0,48000000.0,0.0,0.0,-66000000.0,0.0,-74000000.0,-25000000.0,0.0,151000000.0,-4000000.0,119000000.0,119000000.0,119000000.0,0.0,4000000.0,0.146,315000000.0,248000000.0,371000000.0,0.0,0.797,11.208,14.177,384000000.0,0.0,8.01,1.33,1.995,740000000.0,-817000000.0,815000000.0,815000000.0,0.0,,,,,37000000.0,274000000.0,1.0,562521954.0,844000000.0,844000000.0,0.966,1612000000.0,0.0,70000000.0,0.0,1.91,-62000000.0
50,DISCA,MRQ,2008-12-31,2008-12-31,2008-12-31,2021-08-25,-78000000.0,10484000000.0,,1109000000.0,9375000000.0,,8.623,-18000000.0,100000000.0,100000000.0,244000000.0,114000000.0,1.036,0.88,3789000000.0,458000000.0,3331000000.0,3789000000.0,93000000.0,37000000.0,0.0,0.0,0.0,234000000.0,271000000.0,0.321,271000000.0,234000000.0,174000000.0,0.125,0.12,0.125,5536000000.0,,5536000000.0,7794638810.0,8.0,6.731,132000000.0,0.206,1.0,599000000.0,0.711,8843000000.0,60000000.0,4260000000.0,,0.0,0.0,0.0,0.0,4874000000.0,1070000000.0,3804000000.0,3982638810.0,2000000.0,3000000.0,0.0,-119000000.0,0.0,-116000000.0,-28000000.0,0.0,150000000.0,-4000000.0,106000000.0,106000000.0,106000000.0,2000000.0,8000000.0,0.126,308000000.0,291000000.0,71000000.0,0.0,0.719,12.564,14.303,395000000.0,0.0,7.08,1.178,1.344,780000000.0,-936000000.0,843000000.0,843000000.0,0.0,,,,,-19000000.0,230000000.0,1.0,562519606.0,642000000.0,644000000.0,1.313,1641000000.0,49000000.0,68000000.0,246000000.0,2.556,39000000.0
51,DISCA,MRQ,2008-09-30,2008-09-30,2008-09-30,2021-08-25,-3000000.0,10445000000.0,,1106000000.0,9339000000.0,,9.137,-42000000.0,92000000.0,92000000.0,262000000.0,174000000.0,1.084,0.884,3904000000.0,349000000.0,3555000000.0,3904000000.0,0.0,68000000.0,0.0,0.0,0.0,288000000.0,356000000.0,0.421,356000000.0,288000000.0,227000000.0,0.22,0.22,0.22,5519000000.0,,5519000000.0,3781968990.0,4.0,3.108,199000000.0,0.329,1.0,583000000.0,0.69,8716000000.0,61000000.0,4521000000.0,,0.0,80000000.0,0.0,80000000.0,4877000000.0,1020000000.0,3857000000.0,4007975990.0,-216000000.0,125000000.0,0.0,-189000000.0,0.0,-546000000.0,94000000.0,0.0,241000000.0,-5000000.0,134000000.0,134000000.0,134000000.0,-40000000.0,40000000.0,0.159,287000000.0,296000000.0,418000000.0,0.0,0.726,12.765,,412000000.0,0.0,7.125,0.952,1.022,764000000.0,-1042000000.0,845000000.0,845000000.0,0.0,,,,,-66000000.0,224000000.0,1.0,562522946.0,604000000.0,604000000.0,1.399,1729000000.0,0.0,93000000.0,0.0,2.863,86000000.0
52,DISCA,MRQ,2008-06-30,2008-06-30,2008-06-30,2021-08-25,18962000.0,6019378000.0,,422078000.0,5597300000.0,,8.116,-20000000.0,226007000.0,226007000.0,254000000.0,82000000.0,3.13,0.315,0.0,0.0,0.0,0.0,22602000.0,64000000.0,0.0,0.0,0.0,191000000.0,255000000.0,0.288,255000000.0,191000000.0,125000000.0,0.08,0.08,0.08,4577367000.0,,4577367000.0,5953218823.0,9.0,6.691,95000000.0,0.168,1.0,631000000.0,0.713,1909823000.0,66000000.0,3748716000.0,,0.0,3414968000.0,0.0,3414968000.0,1442011000.0,134832000.0,1307179000.0,6175795823.0,16000000.0,-4000000.0,0.0,-76000000.0,0.0,-75000000.0,-22000000.0,0.0,115000000.0,-2000000.0,43000000.0,43000000.0,43000000.0,0.0,39000000.0,0.049,423000000.0,208000000.0,42390000.0,0.0,1.349,32.938,,255963000.0,0.0,10.98,1.742,1.747,178205000.0,-1173613000.0,885000000.0,885000000.0,0.0,,,,,55000000.0,370000000.0,1.0,562458636.0,564000000.0,564000000.0,1.569,4109555000.0,0.0,82000000.0,1285504000.0,7.286,287246000.0
53,DISCA,MRQ,2008-03-31,2008-03-31,2008-03-31,2021-08-25,12553000.0,5935838000.0,,414277000.0,5521561000.0,,8.022,-22000000.0,222577000.0,222577000.0,242000000.0,74000000.0,3.015,0.312,0.0,0.0,0.0,0.0,23472000.0,63000000.0,0.0,0.0,0.0,213000000.0,276000000.0,0.341,276000000.0,213000000.0,144000000.0,0.06,0.06,0.06,4524573000.0,,4524573000.0,10059993647.0,17.0,12.941,45000000.0,0.08,1.0,567000000.0,0.701,1909823000.0,69000000.0,3666036000.0,,0.0,3330030000.0,0.0,3330030000.0,1411265000.0,137402000.0,1273863000.0,5963853647.0,83000000.0,42000000.0,0.0,-27000000.0,0.0,-37000000.0,44000000.0,24000000.0,67000000.0,9000000.0,34000000.0,34000000.0,34000000.0,0.0,40000000.0,0.042,298000000.0,269000000.0,48555000.0,0.0,1.318,27.268,,262744000.0,0.0,10.61,2.102,2.109,172624000.0,-1219492000.0,809000000.0,809000000.0,0.0,,,,,-36000000.0,251000000.0,1.0,562097422.0,564000000.0,564000000.0,1.434,4026015000.0,0.0,110000000.0,1252033000.0,7.138,276875000.0
54,DISCA,MRQ,2007-12-31,2007-12-31,2007-12-31,2021-08-25,17000000.0,5866000000.0,,372000000.0,5494000000.0,,7.997,-33062000.0,8000000.0,8000000.0,555568000.0,102988000.0,3.1,0.305,0.0,0.0,0.0,0.0,0.0,76617000.0,0.0,0.0,0.0,253393000.0,330010000.0,0.197,330010000.0,253393000.0,73236000.0,,,,4495000000.0,,4495000000.0,6907608915.0,16.0,12.637,311158000.0,0.554,1.0,1117205000.0,0.668,1783000000.0,180157000.0,3955000000.0,,0.0,3272000000.0,0.0,3272000000.0,1371000000.0,120000000.0,1251000000.0,7065069915.0,-24427000.0,-306094000.0,-1289170000.0,1274620000.0,0.0,-36380000.0,-334925000.0,-624000.0,344220000.0,2658000.0,102988000.0,102988000.0,102988000.0,52490000.0,0.0,0.062,791258000.0,325947000.0,1000000.0,,1.572,34.434,,5000000.0,0.0,12.57,3.209,3.209,10000000.0,-1253000000.0,1672773000.0,1672773000.0,0.0,,,,,77841000.0,742941000.0,1.0,562058068.0,562058068.0,,2.976,4083000000.0,0.0,-29752000.0,1227000000.0,7.264,252000000.0
55,DISCA,MRQ,2007-09-30,2007-09-30,2007-09-30,2021-08-25,23085000.0,6053136000.0,,336375000.0,5716761000.0,,8.326,-11217000.0,157461000.0,157461000.0,122539000.0,7507000.0,2.971,0.296,0.0,0.0,0.0,0.0,21792000.0,17176000.0,0.0,0.0,0.0,11593000.0,28769000.0,0.162,28769000.0,11593000.0,11593000.0,0.015,0.015,0.015,4670009000.0,,4670009000.0,7916650496.0,10.0,8.833,-14089000.0,-0.025,1.0,55374000.0,0.311,2075671000.0,0.0,3706775000.0,,0.0,3346877000.0,0.0,3346877000.0,1383127000.0,113229000.0,1269898000.0,8091313496.0,-17202000.0,0.0,543000.0,0.0,0.0,388000.0,-14718000.0,1630000.0,-2872000.0,0.0,7507000.0,7507000.0,7507000.0,0.0,0.0,0.042,56927000.0,-1553000.0,32984000.0,0.0,1.733,22.435,,278503000.0,0.0,14.425,2.65,2.65,152413000.0,-1082903000.0,177913000.0,177913000.0,0.0,,,,,344000.0,39644000.0,1.0,560922946.0,560922946.0,,0.317,3977465000.0,0.0,4086000.0,1240090000.0,7.091,223146000.0
56,DISCA,MRQ,2007-06-30,2007-06-30,2007-06-30,2021-08-25,22773000.0,6041544000.0,,332158000.0,5709386000.0,,8.303,-11686000.0,174663000.0,174663000.0,125185000.0,74217000.0,2.77,0.298,0.0,0.0,0.0,0.0,27777000.0,17415000.0,0.0,0.0,0.0,125186000.0,142601000.0,0.805,142601000.0,125186000.0,125186000.0,0.13,0.13,0.13,4654028000.0,,4654028000.0,6292952049.0,9.0,7.667,21128000.0,0.038,1.0,52035000.0,0.294,2075288000.0,0.0,3671682000.0,,0.0,3335570000.0,0.0,3335570000.0,1387516000.0,119911000.0,1267605000.0,6443429049.0,24186000.0,0.0,4083000.0,0.0,0.0,3788000.0,-12416000.0,-1006000.0,32814000.0,0.0,74217000.0,74217000.0,74217000.0,0.0,0.0,0.419,54964000.0,-2929000.0,30970000.0,0.0,1.384,23.303,,282294000.0,0.0,11.495,2.116,2.116,140505000.0,-1090410000.0,177220000.0,177220000.0,0.0,,,,,342000.0,37757000.0,1.0,560541892.0,560541892.0,,0.316,3966256000.0,0.0,50969000.0,1237066000.0,7.076,212247000.0
57,DISCA,MRQ,2007-03-31,2007-03-31,2007-03-31,2021-08-25,17724000.0,5895234000.0,,315459000.0,5579775000.0,,8.155,-13407000.0,150477000.0,150477000.0,121542000.0,20464000.0,2.87,0.29,0.0,0.0,0.0,0.0,18077000.0,15571000.0,0.0,0.0,0.0,29653000.0,45224000.0,0.26,45224000.0,29653000.0,29653000.0,0.035,0.035,0.035,4570447000.0,,4570447000.0,7949179849.0,14.0,11.023,-10842000.0,-0.019,1.0,52340000.0,0.301,2074882000.0,0.0,3559954000.0,,0.0,3202962000.0,0.0,3202962000.0,1324787000.0,109921000.0,1214866000.0,5360659849.0,-4298000.0,0.0,0.0,0.0,0.0,-19000.0,-6844000.0,-665000.0,2565000.0,0.0,20464000.0,20464000.0,20464000.0,0.0,0.0,0.118,53541000.0,-1201000.0,35232000.0,0.0,1.173,24.815,,285172000.0,0.0,9.565,1.767,1.767,148634000.0,-1164627000.0,173882000.0,173882000.0,0.0,,,,,966000.0,38004000.0,1.0,560445358.0,560445358.0,,0.31,3820352000.0,0.0,9189000.0,1184639000.0,6.817,205538000.0
58,DISCA,MRQ,2006-12-31,2006-12-31,2006-12-31,2021-08-25,15914000.0,5870982000.0,,317362000.0,5553620000.0,,8.118,-38918000.0,154775000.0,154775000.0,801652000.0,258460000.0,2.604,0.291,0.0,0.0,0.0,0.0,16015000.0,85639000.0,0.0,0.0,0.0,594027000.0,679666000.0,0.269,679666000.0,594027000.0,399800000.0,,,,4549264000.0,,4549264000.0,4356561199.0,8.0,6.12,391857000.0,0.699,1.0,1722103000.0,0.682,2074789000.0,194227000.0,3519531000.0,,0.0,3180994000.0,0.0,3180994000.0,1321718000.0,121887000.0,1199831000.0,4508409199.0,116276000.0,-328112000.0,0.0,9783000.0,0.0,-1318000.0,-315942000.0,52519000.0,430775000.0,2761000.0,258460000.0,258460000.0,258460000.0,0.0,0.0,0.102,1066087000.0,656016000.0,43656000.0,,0.991,21.761,,280775000.0,0.0,8.045,1.496,1.496,147436000.0,-1183831000.0,2523755000.0,2523755000.0,0.0,,,,,38033000.0,1077813000.0,1.0,560398906.0,560398906.0,,4.503,3796193000.0,0.0,141340000.0,1174594000.0,6.774,195475000.0
59,DISCA,MRQ,2006-09-30,2006-09-30,2006-09-30,2021-08-25,12945000.0,5854942000.0,,330852000.0,5524090000.0,,8.102,-18820000.0,151848000.0,151848000.0,111503000.0,-76633000.0,2.636,0.29,0.0,0.0,0.0,0.0,28031000.0,16036000.0,0.0,0.0,0.0,-62718000.0,-46682000.0,-0.275,-46682000.0,-62718000.0,-62718000.0,-0.135,-0.135,-0.135,4540134000.0,,4540134000.0,3898905261.0,9.0,7.255,-1727000.0,-0.003,1.0,58373000.0,0.344,2074132000.0,0.0,3503450000.0,,0.0,3160788000.0,0.0,3160788000.0,1314808000.0,125512000.0,1189296000.0,4051698261.0,-945000.0,0.0,0.0,0.0,0.0,-2000.0,-18036000.0,-391000.0,17093000.0,0.0,-76633000.0,-76633000.0,-76633000.0,0.0,0.0,-0.451,155723000.0,-97350000.0,39733000.0,0.0,0.892,46.952,,270838000.0,0.0,7.23,1.534,1.534,159654000.0,-1189105000.0,169876000.0,169876000.0,0.0,,,,,213000.0,42772000.0,1.0,560400866.0,560400866.0,,0.303,3780810000.0,0.0,13915000.0,1168116000.0,6.747,205340000.0
60,DISCA,MRQ,2006-06-30,2006-06-30,2006-06-30,2021-08-25,7912000.0,5884935000.0,,306478000.0,5578457000.0,,8.229,-18598000.0,152793000.0,152793000.0,109623000.0,13734000.0,3.116,0.276,0.0,0.0,0.0,0.0,17850000.0,16304000.0,0.0,0.0,0.0,26616000.0,42920000.0,0.259,42920000.0,26616000.0,26616000.0,0.025,0.025,0.025,4611524000.0,,4611524000.0,3948519074.0,8.0,6.214,3177000.0,0.006,1.0,56166000.0,0.339,2166709000.0,0.0,3467084000.0,,0.0,3127381000.0,0.0,3127381000.0,1273411000.0,98349000.0,1175062000.0,4099340074.0,1972000.0,0.0,0.0,0.0,0.0,-2000.0,-19801000.0,-1486000.0,21775000.0,0.0,13734000.0,13734000.0,13734000.0,0.0,0.0,0.083,62418000.0,-6252000.0,30660000.0,0.0,0.889,24.978,,264706000.0,0.0,7.315,1.553,1.553,137750000.0,-1112472000.0,165789000.0,165789000.0,0.0,,,,,441000.0,46281000.0,1.0,560401924.0,560401924.0,,0.296,3718226000.0,0.0,12882000.0,1154601000.0,6.635,208129000.0
61,DISCA,MRQ,2006-03-31,2006-03-31,2006-03-31,2021-08-25,1564000.0,5849381000.0,,312593000.0,5536788000.0,,8.192,-13802000.0,150821000.0,150821000.0,97599000.0,11615000.0,3.255,0.274,0.0,0.0,0.0,0.0,16326000.0,15655000.0,0.0,0.0,0.0,20266000.0,35921000.0,0.234,35921000.0,20266000.0,20266000.0,0.02,0.02,0.02,4591010000.0,,4591010000.0,6765472025.0,14.0,10.861,-3534000.0,-0.006,1.0,55969000.0,0.364,2165961000.0,0.0,3436564000.0,,0.0,3091497000.0,0.0,3091497000.0,1258371000.0,96035000.0,1162336000.0,4203053025.0,-99531000.0,-46793000.0,0.0,0.0,0.0,-2000.0,-109797000.0,-49175000.0,10268000.0,0.0,11615000.0,11615000.0,11615000.0,0.0,0.0,0.076,58826000.0,-2857000.0,31897000.0,0.0,0.915,27.22,,259104000.0,0.0,7.5,1.585,1.585,142583000.0,-1126206000.0,153568000.0,153568000.0,0.0,,,,,546000.0,43171000.0,1.0,560407070.0,560407070.0,,0.274,3683420000.0,0.0,8651000.0,1140780000.0,6.573,216558000.0
62,DISCA,MRQ,2005-12-31,2005-12-31,2005-12-31,2021-08-25,9859000.0,3174620000.0,,831369000.0,2343251000.0,,-0.861,-25175000.0,34491000.0,34491000.0,643998000.0,137579000.0,1.201,-7.017,2596910000.0,6470000.0,2590440000.0,2596910000.0,89803000.0,68321000.0,0.0,0.0,0.0,436906000.0,505227000.0,0.235,505227000.0,436906000.0,252331000.0,,,,-482358000.0,,-482358000.0,4017519198.0,8.0,6.38,-18118000.0,-0.032,1.0,1507513000.0,0.701,1629040000.0,184575000.0,3415534000.0,,30714000.0,11528000.0,0.0,11528000.0,3384476000.0,692465000.0,2692011000.0,4245022198.0,-195653000.0,-93637000.0,0.0,88887000.0,0.0,-89204000.0,-117229000.0,14664000.0,7057000.0,3723000.0,137579000.0,137579000.0,137579000.0,0.0,0.0,0.064,990041000.0,517472000.0,429346000.0,,-8.801,26.595,,397578000.0,0.0,7.575,1.589,1.589,565407000.0,-513311000.0,2151511000.0,2151511000.0,0.0,,,,,47861000.0,922137000.0,1.0,560398970.0,560398970.0,,3.839,1545580000.0,158081000.0,114752000.0,51226000.0,2.758,138904000.0
63,DISCA,MRQ,2005-09-30,2005-09-30,2005-09-30,2021-08-25,1786000.0,5824684000.0,,394634000.0,5430050000.0,,8.148,-23356000.0,227503000.0,227503000.0,109323000.0,1189000.0,3.778,0.275,0.0,0.0,0.0,0.0,15501000.0,17884000.0,0.0,0.0,0.0,33510000.0,51394000.0,0.306,51394000.0,33510000.0,33510000.0,0.0,0.0,0.0,4567062000.0,,4567062000.0,4033037900.0,9.0,6.679,7481000.0,0.013,1.0,58611000.0,0.349,2138071000.0,0.0,3354652000.0,,0.0,3011716000.0,0.0,3011716000.0,1257622000.0,104458000.0,1153164000.0,4043868900.0,216672000.0,0.0,0.0,0.0,0.0,200677000.0,-14842000.0,0.0,30837000.0,0.0,1189000.0,1189000.0,1189000.0,0.0,0.0,0.007,60014000.0,-1403000.0,37223000.0,,0.885,28.947,,273718000.0,0.0,7.215,1.666,1.666,148510000.0,-1149056000.0,167934000.0,167934000.0,0.0,,,,,119000.0,41834000.0,1.0,560480790.0,560480790.0,,0.3,3686613000.0,0.0,32321000.0,1128136000.0,6.578,290176000.0
64,DISCA,MRQ,2005-06-30,2005-06-30,2005-06-30,2021-08-25,4899000.0,5583849000.0,,178630000.0,5405219000.0,,7.794,-30232000.0,10831000.0,10831000.0,115590000.0,4027000.0,1.884,0.278,0.0,0.0,0.0,0.0,16376000.0,20243000.0,0.0,,0.0,10109000.0,30352000.0,0.17,30352000.0,10109000.0,10109000.0,0.005,0.005,0.005,4368187000.0,,4368187000.0,,,,-10238000.0,-0.018,1.0,62429000.0,0.351,2139539000.0,0.0,3338676000.0,,0.0,2979955000.0,0.0,2979955000.0,1215662000.0,94803000.0,1120859000.0,,-4350000.0,0.0,0.0,0.0,0.0,4121000.0,-28465000.0,0.0,19994000.0,0.0,4027000.0,4027000.0,4027000.0,0.0,0.0,0.023,67411000.0,-4982000.0,34646000.0,0.0,,,,270072000.0,0.0,,,,146336000.0,-1150245000.0,178019000.0,178019000.0,0.0,,,,,1272000.0,47168000.0,1.0,560480790.0,560480790.0,,0.318,3444310000.0,0.0,6082000.0,1096834000.0,6.145,83827000.0
65,DISCA,MRQ,2005-03-31,2005-03-31,2005-03-31,2021-08-25,,,,,,,,-20921000.0,,,110854000.0,16825000.0,,,,,,,,16761000.0,,,0.0,26013000.0,42774000.0,0.245,42774000.0,26013000.0,26013000.0,0.03,0.03,0.03,,,,,,,-9916000.0,-0.018,1.0,63436000.0,0.364,,0.0,,,,,,,,,,,-6460000.0,0.0,0.0,0.0,0.0,1239000.0,-18704000.0,0.0,11005000.0,0.0,16825000.0,16825000.0,16825000.0,0.0,0.0,0.097,60559000.0,2877000.0,,0.0,,,,,0.0,,,,,,174290000.0,174290000.0,0.0,,,,,213000.0,43798000.0,1.0,560480790.0,560480790.0,,0.311,,,9188000.0,,,
66,DISCA,MRQ,2004-12-31,2004-12-31,2004-12-31,2021-08-25,23911000.0,3235686000.0,,835450000.0,2400236000.0,,-1.12,-32655000.0,24282000.0,24282000.0,571235000.0,117659000.0,0.949,-5.644,2508023000.0,9736000.0,2498287000.0,2508023000.0,95585000.0,75481000.0,0.0,,0.0,403867000.0,479348000.0,0.251,479348000.0,403867000.0,236447000.0,,,,-627926000.0,,-627926000.0,,,,28467000.0,0.051,1.0,1335767000.0,0.7,1523178000.0,167420000.0,3315688000.0,,32567000.0,74450000.0,0.0,74450000.0,3544045000.0,880561000.0,2663484000.0,,-40141000.0,-149474000.0,0.0,148785000.0,0.0,81593000.0,-185391000.0,0.0,61122000.0,2535000.0,117659000.0,117659000.0,117659000.0,0.0,0.0,0.062,866637000.0,469130000.0,504223000.0,,,,,380290000.0,0.0,,,,527659000.0,-672931000.0,1907002000.0,1907002000.0,0.0,,,,,69902000.0,814776000.0,1.0,560480790.0,560480790.0,,3.402,1712508000.0,259279000.0,118788000.0,21123000.0,3.055,-45111000.0
67,DISCA,MRQ,2004-09-30,2004-09-30,2004-09-30,2021-08-25,,,,,,,,-19133000.0,,,91268000.0,16186000.0,,,,,,,,18304000.0,,,0.0,23539000.0,41843000.0,0.275,41843000.0,23539000.0,23539000.0,,,,,,,,,,6420000.0,,1.0,60656000.0,0.399,,0.0,,,,,,,,,,,8345000.0,0.0,0.0,0.0,0.0,0.0,-17208000.0,0.0,25553000.0,0.0,16186000.0,16186000.0,16186000.0,0.0,0.0,0.107,57192000.0,3464000.0,,,,,,,0.0,,,,,,151924000.0,151924000.0,0.0,,,,,545000.0,38343000.0,1.0,,,,,,,7353000.0,,,
68,DISCA,MRQ,2004-06-30,2004-06-30,2004-06-30,2021-08-25,,,,,,,,,,,96063000.0,22257000.0,,,,,,,,,,,0.0,33583000.0,,,,33583000.0,33583000.0,,,,,,,,,,,,1.0,64414000.0,0.401,,0.0,,,,,,,,,,,,,,,,,,,,,22257000.0,22257000.0,22257000.0,0.0,0.0,0.139,58751000.0,5663000.0,,,,,,,0.0,,,,,,160477000.0,160477000.0,0.0,,,,,,39031000.0,1.0,,,,,,,11326000.0,,,
69,DISCA,MRQ,2003-12-31,2003-12-31,2003-12-31,2021-08-25,18094000.0,3194211000.0,,858383000.0,2335828000.0,,,,34075000.0,34075000.0,,,0.558,-4.472,2351692000.0,517750000.0,1833942000.0,2351692000.0,0.0,,0.0,,0.0,,,,,,,,,,-801765000.0,,-801765000.0,,,,,,1.0,,,1395067000.0,,2577963000.0,,37004000.0,60765000.0,0.0,60765000.0,3585724000.0,1538798000.0,2046926000.0,,,,,,,,,,,,,,,,,,,,541591000.0,,,,,360411000.0,,,,,466747000.0,-840953000.0,,,,,,,,,,1.0,,,,,1799144000.0,379461000.0,,10564000.0,,-680415000.0
0,DISCA,MRT,2021-06-30,2021-06-30,2021-06-30,2021-08-25,-585000000.0,34572000000.0,33930500000.0,6728000000.0,27844000000.0,0.333,22.802,-352000000.0,2834000000.0,2834000000.0,4156000000.0,1557000000.0,1.887,1.843,15047000000.0,585000000.0,14462000000.0,15047000000.0,806000000.0,1401000000.0,0.0,0.0,0.0,2222000000.0,3623000000.0,0.321,3623000000.0,2222000000.0,1578000000.0,2.09,2.07,2.09,11538000000.0,10726000000.0,11538000000.0,28520992286.0,13.0,7.872,2164000000.0,4.277,1.0,7145000000.0,0.632,24347000000.0,644000000.0,18873000000.0,19261750000.0,0.0,0.0,0.0,0.0,21264000000.0,3565000000.0,17699000000.0,15502992286.0,1096000000.0,-240000000.0,-442000000.0,-368000000.0,0.0,-1089000000.0,-353000000.0,98000000.0,2516000000.0,22000000.0,1383000000.0,1383000000.0,1383000000.0,0.0,174000000.0,0.122,5023000000.0,2122000000.0,2174000000.0,0.0,1.344,11.21,14.679,1239000000.0,0.0,30.68,1.372,1.374,2657000000.0,9360000000.0,11301000000.0,11301000000.0,0.0,0.041,0.129,0.115,0.197,175000000.0,3445000000.0,1.0,505312656.0,506000000.0,664000000.0,22.334,10225000000.0,0.0,195000000.0,1447000000.0,20.208,3163000000.0
1,DISCA,MRT,2021-03-31,2021-03-31,2021-03-31,2021-08-25,-581000000.0,33625000000.0,33559750000.0,5865000000.0,27760000000.0,0.321,21.848,-387000000.0,2008000000.0,2008000000.0,3911000000.0,1139000000.0,1.867,1.946,15026000000.0,351000000.0,14675000000.0,15026000000.0,663000000.0,1394000000.0,0.0,0.0,0.0,1979000000.0,3373000000.0,0.313,3373000000.0,1979000000.0,1331000000.0,1.47,1.46,1.47,10815000000.0,10308250000.0,10815000000.0,34492544115.0,17.0,10.226,2286000000.0,4.618,1.0,6869000000.0,0.637,24487000000.0,648000000.0,19014000000.0,19389000000.0,0.0,0.0,0.0,0.0,21050000000.0,3142000000.0,17908000000.0,21179544115.0,474000000.0,-229000000.0,-442000000.0,-1053000000.0,0.0,-1759000000.0,-477000000.0,89000000.0,2673000000.0,37000000.0,982000000.0,982000000.0,982000000.0,0.0,157000000.0,0.091,4737000000.0,2132000000.0,2128000000.0,0.0,1.958,21.568,29.565,1189000000.0,0.0,43.46,1.965,1.996,2476000000.0,8682000000.0,10780000000.0,10780000000.0,0.0,0.029,0.095,0.102,0.184,178000000.0,3128000000.0,1.0,487334195.0,495000000.0,667000000.0,21.778,9138000000.0,0.0,349000000.0,1469000000.0,18.461,2723000000.0
2,DISCA,MRT,2020-12-31,2020-12-31,2020-12-31,2021-08-25,-651000000.0,34087000000.0,33501000000.0,6130000000.0,27957000000.0,0.319,20.721,-402000000.0,2091000000.0,2091000000.0,3860000000.0,1355000000.0,1.989,2.074,15404000000.0,335000000.0,15069000000.0,15404000000.0,557000000.0,1359000000.0,0.0,0.0,0.0,2240000000.0,3599000000.0,0.337,3599000000.0,2240000000.0,1592000000.0,1.82,1.81,1.82,10464000000.0,9972000000.0,10464000000.0,28198295827.0,13.0,7.835,2337000000.0,4.628,1.0,6811000000.0,0.638,24681000000.0,648000000.0,19637000000.0,19583750000.0,0.0,0.0,0.0,0.0,21704000000.0,3082000000.0,18622000000.0,14774295827.0,570000000.0,-151000000.0,-969000000.0,-214000000.0,0.0,-1549000000.0,-703000000.0,-250000000.0,2739000000.0,83000000.0,1219000000.0,1219000000.0,1219000000.0,0.0,136000000.0,0.114,4296000000.0,2515000000.0,2190000000.0,0.0,1.412,12.12,16.533,1206000000.0,0.0,30.09,1.385,1.424,2537000000.0,8543000000.0,10671000000.0,10671000000.0,0.0,0.036,0.122,0.114,0.21,110000000.0,2722000000.0,1.0,491003517.0,505000000.0,672000000.0,21.131,9406000000.0,0.0,373000000.0,1534000000.0,18.626,3048000000.0
3,DISCA,MRT,2020-09-30,2020-09-30,2020-09-30,2021-08-25,-898000000.0,33438000000.0,33413000000.0,5478000000.0,27960000000.0,0.319,19.974,-390000000.0,1893000000.0,1893000000.0,3768000000.0,1548000000.0,1.988,2.121,15317000000.0,336000000.0,14981000000.0,15317000000.0,435000000.0,1334000000.0,0.0,0.0,0.0,2398000000.0,3732000000.0,0.35,3732000000.0,2398000000.0,1751000000.0,2.07,2.06,2.07,10087000000.0,9828750000.0,10087000000.0,24634970112.0,10.0,6.601,3028000000.0,5.996,1.0,6891000000.0,0.646,24583000000.0,647000000.0,19523000000.0,19409000000.0,0.0,536000000.0,0.0,536000000.0,21398000000.0,2756000000.0,18642000000.0,11034970112.0,1143000000.0,-209000000.0,-1074000000.0,-220000000.0,0.0,-1637000000.0,-697000000.0,-185000000.0,3418000000.0,59000000.0,1424000000.0,1424000000.0,1424000000.0,0.0,124000000.0,0.134,4159000000.0,2732000000.0,403000000.0,0.0,1.094,7.749,10.517,1125000000.0,0.0,21.77,1.035,1.031,2444000000.0,8278000000.0,10659000000.0,10659000000.0,0.0,0.043,0.145,0.124,0.225,122000000.0,2706000000.0,1.0,506888843.0,505000000.0,672000000.0,21.107,8855000000.0,0.0,327000000.0,1503000000.0,17.535,2722000000.0
4,DISCA,MRT,2020-06-30,2020-06-30,2020-06-30,2021-08-25,-1021000000.0,33089000000.0,33259750000.0,4717000000.0,28372000000.0,0.324,19.423,-384000000.0,1683000000.0,1683000000.0,3679000000.0,1515000000.0,1.831,2.158,15283000000.0,339000000.0,14944000000.0,15283000000.0,263000000.0,1315000000.0,0.0,0.0,0.0,2520000000.0,3835000000.0,0.356,3835000000.0,2520000000.0,1871000000.0,1.98,1.97,1.98,9867000000.0,9686500000.0,9867000000.0,25112234981.0,10.0,6.548,3125000000.0,6.152,1.0,7097000000.0,0.659,24731000000.0,649000000.0,19382000000.0,19315500000.0,0.0,530000000.0,0.0,530000000.0,21289000000.0,2576000000.0,18713000000.0,10691234981.0,417000000.0,-181000000.0,-1160000000.0,-1279000000.0,0.0,-2712000000.0,-372000000.0,65000000.0,3509000000.0,-8000000.0,1386000000.0,1386000000.0,1386000000.0,0.0,129000000.0,0.129,4277000000.0,2820000000.0,367000000.0,0.0,1.084,7.714,10.657,1088000000.0,0.0,21.1,0.992,0.995,2473000000.0,7980000000.0,10776000000.0,10776000000.0,0.0,0.042,0.143,0.13,0.234,103000000.0,2733000000.0,1.0,506693601.0,508000000.0,674000000.0,21.213,8358000000.0,0.0,485000000.0,1463000000.0,16.453,2141000000.0
5,DISCA,MRT,2020-03-31,2020-03-31,2020-03-31,2021-08-25,-1122000000.0,33390000000.0,33448750000.0,4626000000.0,28764000000.0,0.332,18.317,-350000000.0,1453000000.0,1453000000.0,3807000000.0,2202000000.0,1.609,2.322,15874000000.0,607000000.0,15267000000.0,15874000000.0,376000000.0,1301000000.0,0.0,0.0,0.0,2769000000.0,4070000000.0,0.366,4070000000.0,2769000000.0,2120000000.0,2.91,2.9,2.91,9470000000.0,9625000000.0,9470000000.0,23993729920.0,9.0,5.895,2842000000.0,5.497,1.0,7313000000.0,0.658,25143000000.0,649000000.0,19793000000.0,19264250000.0,0.0,542000000.0,0.0,542000000.0,21986000000.0,2875000000.0,19111000000.0,10126729920.0,789000000.0,-188000000.0,-1160000000.0,-451000000.0,0.0,-1964000000.0,-414000000.0,0.0,3192000000.0,-25000000.0,2062000000.0,2062000000.0,2062000000.0,0.0,140000000.0,0.185,4299000000.0,3014000000.0,421000000.0,0.0,1.069,4.911,6.68,1040000000.0,0.0,19.44,0.911,0.904,2564000000.0,7712000000.0,11120000000.0,11120000000.0,0.0,0.062,0.214,0.144,0.249,108000000.0,2807000000.0,1.0,520922321.0,517000000.0,685000000.0,21.509,8247000000.0,0.0,58000000.0,1550000000.0,15.952,1751000000.0
6,DISCA,MRT,2019-12-31,2019-12-31,2019-12-31,2021-08-25,-822000000.0,33735000000.0,33212250000.0,5217000000.0,28518000000.0,0.336,18.698,-289000000.0,1552000000.0,1552000000.0,3819000000.0,2213000000.0,1.611,2.201,15419000000.0,609000000.0,14810000000.0,15419000000.0,489000000.0,1347000000.0,0.0,0.0,0.0,2827000000.0,4174000000.0,0.375,4174000000.0,2827000000.0,2150000000.0,2.9,2.88,2.9,9891000000.0,9434500000.0,9891000000.0,31753858347.0,11.0,7.608,3110000000.0,5.879,1.0,7325000000.0,0.657,25425000000.0,677000000.0,18938000000.0,18991500000.0,0.0,568000000.0,0.0,568000000.0,21769000000.0,3239000000.0,18530000000.0,17198858347.0,566000000.0,-202000000.0,-633000000.0,-1404000000.0,0.0,-2357000000.0,-438000000.0,0.0,3399000000.0,-38000000.0,2069000000.0,2069000000.0,2069000000.0,0.0,144000000.0,0.186,4316000000.0,3009000000.0,463000000.0,0.0,1.739,8.313,11.29,951000000.0,0.0,32.74,1.543,1.554,2633000000.0,7333000000.0,11144000000.0,11144000000.0,0.0,0.062,0.219,0.149,0.254,142000000.0,2788000000.0,1.0,525316382.0,529000000.0,711000000.0,21.066,8310000000.0,0.0,81000000.0,1691000000.0,15.709,1978000000.0
7,DISCA,MRT,2019-09-30,2019-09-30,2019-09-30,2021-08-25,-1029000000.0,32825000000.0,32916000000.0,4313000000.0,28512000000.0,0.337,17.791,-230000000.0,813000000.0,813000000.0,3728000000.0,2001000000.0,1.52,2.232,15368000000.0,611000000.0,14757000000.0,15368000000.0,384000000.0,1411000000.0,0.0,0.0,0.0,2763000000.0,4174000000.0,0.377,4174000000.0,2763000000.0,2086000000.0,2.6,2.6,2.6,9518000000.0,9058250000.0,9518000000.0,29504844114.0,11.0,7.069,2866000000.0,5.357,1.0,7351000000.0,0.664,25394000000.0,677000000.0,19149000000.0,18831500000.0,0.0,529000000.0,0.0,529000000.0,21246000000.0,2837000000.0,18409000000.0,14316844114.0,282000000.0,-163000000.0,-344000000.0,-1793000000.0,0.0,-2423000000.0,-335000000.0,0.0,3096000000.0,-56000000.0,1862000000.0,1862000000.0,1862000000.0,0.0,139000000.0,0.168,4336000000.0,3015000000.0,380000000.0,0.0,1.504,7.689,10.242,856000000.0,0.0,26.63,1.292,1.286,2695000000.0,6859000000.0,11079000000.0,11079000000.0,0.0,0.057,0.206,0.147,0.249,70000000.0,2652000000.0,1.0,537620883.0,535000000.0,713000000.0,20.708,7431000000.0,0.0,224000000.0,1624000000.0,13.89,1476000000.0
8,DISCA,MRT,2019-06-30,2019-06-30,2019-06-30,2021-08-25,-913000000.0,33845000000.0,32937750000.0,4932000000.0,28913000000.0,0.334,18.222,-187000000.0,1321000000.0,1321000000.0,3748000000.0,1839000000.0,1.273,2.305,16509000000.0,1686000000.0,14823000000.0,16509000000.0,293000000.0,1487000000.0,0.0,0.0,0.0,2536000000.0,4023000000.0,0.366,4023000000.0,2536000000.0,1837000000.0,2.41,2.41,2.41,9621000000.0,8707750000.0,9621000000.0,31712884698.0,13.0,7.883,2889000000.0,5.472,1.0,7245000000.0,0.659,25982000000.0,699000000.0,19177000000.0,18884250000.0,0.0,542000000.0,0.0,542000000.0,22180000000.0,3874000000.0,18306000000.0,16114884698.0,929000000.0,-115000000.0,-26000000.0,-1553000000.0,0.0,-1903000000.0,-230000000.0,0.0,3076000000.0,-14000000.0,1717000000.0,1717000000.0,1717000000.0,0.0,122000000.0,0.156,4480000000.0,2765000000.0,325000000.0,0.0,1.675,9.385,12.739,828000000.0,0.0,30.7,1.466,1.475,2854000000.0,6616000000.0,10993000000.0,10993000000.0,0.0,0.052,0.197,0.134,0.231,100000000.0,2659000000.0,1.0,524914811.0,528000000.0,716000000.0,20.82,7863000000.0,0.0,120000000.0,1656000000.0,14.892,1058000000.0
9,DISCA,MRT,2019-03-31,2019-03-31,2019-03-31,2021-08-25,-895000000.0,32444000000.0,32849500000.0,4025000000.0,28419000000.0,0.333,16.618,-143000000.0,745000000.0,745000000.0,3805000000.0,1096000000.0,1.158,2.492,16343000000.0,1387000000.0,14956000000.0,16343000000.0,236000000.0,1577000000.0,0.0,0.0,0.0,2234000000.0,3811000000.0,0.348,3811000000.0,2234000000.0,1500000000.0,1.38,1.38,1.38,8708000000.0,8286500000.0,8708000000.0,30216887181.0,14.0,7.929,2815000000.0,5.372,1.0,7148000000.0,0.653,25865000000.0,734000000.0,18702000000.0,19497500000.0,0.0,955000000.0,0.0,955000000.0,21704000000.0,3475000000.0,18229000000.0,14157887181.0,-67000000.0,-10000000.0,-23000000.0,-2678000000.0,0.0,-2954000000.0,-12000000.0,22000000.0,2958000000.0,-59000000.0,986000000.0,986000000.0,986000000.0,0.0,110000000.0,0.09,4728000000.0,2420000000.0,314000000.0,0.0,1.626,14.359,19.58,802000000.0,0.0,27.02,1.293,1.293,2625000000.0,5663000000.0,10953000000.0,10953000000.0,0.0,0.03,0.119,0.115,0.204,95000000.0,2637000000.0,1.0,523978060.0,524000000.0,714000000.0,20.903,6579000000.0,0.0,514000000.0,1700000000.0,12.555,550000000.0
10,DISCA,MRT,2018-12-31,2018-12-31,2018-12-31,2021-08-25,-785000000.0,32550000000.0,33403000000.0,4231000000.0,28319000000.0,0.316,16.839,-147000000.0,986000000.0,986000000.0,3935000000.0,681000000.0,1.059,2.627,16793000000.0,1819000000.0,14974000000.0,16793000000.0,249000000.0,1398000000.0,0.0,0.0,0.0,1664000000.0,3062000000.0,0.29,3062000000.0,1664000000.0,935000000.0,0.86,0.86,0.86,8386000000.0,8081750000.0,8386000000.0,29902395616.0,18.0,9.766,2429000000.0,4.878,1.0,6618000000.0,0.627,26062000000.0,729000000.0,18298000000.0,20591750000.0,0.0,935000000.0,0.0,935000000.0,22033000000.0,3997000000.0,18036000000.0,12951395616.0,-6323000000.0,-8519000000.0,0.0,-216000000.0,0.0,-283000000.0,-8593000000.0,0.0,2576000000.0,-23000000.0,594000000.0,594000000.0,594000000.0,0.0,87000000.0,0.056,4768000000.0,1850000000.0,325000000.0,0.0,1.544,21.804,28.767,800000000.0,0.0,24.74,1.227,1.167,2620000000.0,5254000000.0,10553000000.0,10553000000.0,0.0,0.018,0.073,0.081,0.158,80000000.0,2620000000.0,1.0,523500227.0,498000000.0,688000000.0,21.191,6488000000.0,0.0,341000000.0,1811000000.0,13.028,234000000.0
11,DISCA,MRT,2018-09-30,2018-09-30,2018-09-30,2021-08-25,-764000000.0,32912000000.0,30904250000.0,3914000000.0,28998000000.0,0.311,15.518,-138000000.0,531000000.0,531000000.0,3734000000.0,-755000000.0,1.014,2.794,17482000000.0,1653000000.0,15829000000.0,17482000000.0,304000000.0,1091000000.0,0.0,0.0,0.0,129000000.0,1220000000.0,0.127,1220000000.0,129000000.0,-586000000.0,-1.54,-1.53,-1.54,8116000000.0,7137750000.0,8116000000.0,34654570016.0,269.0,28.405,1971000000.0,3.769,1.0,5874000000.0,0.611,26643000000.0,715000000.0,19360000000.0,20190750000.0,0.0,1015000000.0,0.0,1015000000.0,22679000000.0,3860000000.0,18819000000.0,16717570016.0,-6463000000.0,-9014000000.0,-13000000.0,212000000.0,0.0,116000000.0,-8659000000.0,525000000.0,2109000000.0,-29000000.0,-819000000.0,-819000000.0,-819000000.0,0.0,64000000.0,-0.085,5572000000.0,302000000.0,280000000.0,0.0,2.06,-20.412,-20.779,810000000.0,0.0,32.0,1.74,1.742,2578000000.0,4984000000.0,9608000000.0,9608000000.0,0.0,-0.027,-0.115,0.006,0.013,109000000.0,2470000000.0,1.0,522424063.0,523000000.0,713000000.0,18.371,6269000000.0,0.0,233000000.0,1901000000.0,11.987,54000000.0
12,DISCA,MRT,2018-06-30,2018-06-30,2018-06-30,2021-08-25,-790000000.0,33492000000.0,28462000000.0,3906000000.0,29586000000.0,0.305,15.174,-139000000.0,392000000.0,392000000.0,3470000000.0,-667000000.0,1.449,2.956,18329000000.0,646000000.0,17683000000.0,18329000000.0,277000000.0,773000000.0,0.0,0.0,0.0,79000000.0,852000000.0,0.098,852000000.0,79000000.0,-587000000.0,-1.32,-1.31,-1.32,7936000000.0,6543750000.0,7936000000.0,32913924278.0,417.0,38.631,1763000000.0,3.371,1.0,5197000000.0,0.6,27103000000.0,666000000.0,21630000000.0,19596750000.0,0.0,1023000000.0,0.0,1023000000.0,23456000000.0,2696000000.0,20760000000.0,14358924278.0,186000000.0,-9010000000.0,-129000000.0,7494000000.0,0.0,7223000000.0,-8923000000.0,329000000.0,1902000000.0,-16000000.0,-718000000.0,-718000000.0,-718000000.0,0.0,51000000.0,-0.083,4831000000.0,366000000.0,300000000.0,0.0,1.809,-19.999,-20.833,784000000.0,0.0,27.5,1.657,1.659,2747000000.0,4867000000.0,8667000000.0,8667000000.0,0.0,-0.025,-0.11,0.004,0.009,66000000.0,2260000000.0,1.0,522142701.0,523000000.0,712000000.0,16.572,6389000000.0,0.0,131000000.0,1968000000.0,12.216,1210000000.0
13,DISCA,MRT,2018-03-31,2018-03-31,2018-03-31,2021-08-25,-613000000.0,34658000000.0,24126250000.0,4521000000.0,30137000000.0,0.314,18.694,-136000000.0,812000000.0,812000000.0,3109000000.0,-531000000.0,1.834,3.124,19367000000.0,153000000.0,19214000000.0,19367000000.0,299000000.0,443000000.0,0.0,0.0,0.0,102000000.0,545000000.0,0.072,545000000.0,102000000.0,-459000000.0,-0.97,-0.97,-0.97,7889000000.0,5941250000.0,7889000000.0,15660286811.0,154.0,28.734,1398000000.0,3.313,1.0,4458000000.0,0.589,27669000000.0,561000000.0,23079000000.0,16858250000.0,0.0,1231000000.0,0.0,1231000000.0,24645000000.0,2465000000.0,22180000000.0,8184286811.0,545000000.0,-9040000000.0,-414000000.0,8566000000.0,0.0,8054000000.0,-9084000000.0,233000000.0,1534000000.0,41000000.0,-560000000.0,-560000000.0,-560000000.0,0.0,29000000.0,-0.074,4024000000.0,434000000.0,283000000.0,0.0,1.037,-14.615,-22.093,928000000.0,0.0,21.43,1.082,1.195,2654000000.0,4657000000.0,7567000000.0,7567000000.0,0.0,-0.023,-0.094,0.006,0.013,33000000.0,1962000000.0,1.0,381907924.0,422000000.0,609000000.0,17.931,6989000000.0,0.0,101000000.0,1994000000.0,16.562,2056000000.0
14,DISCA,MRT,2017-12-31,2017-12-31,2017-12-31,2021-08-25,-585000000.0,22555000000.0,19427250000.0,9991000000.0,12564000000.0,0.354,12.005,-135000000.0,7309000000.0,7309000000.0,2656000000.0,-313000000.0,5.34,3.803,14785000000.0,30000000.0,14755000000.0,14785000000.0,255000000.0,330000000.0,0.0,0.0,0.0,314000000.0,644000000.0,0.094,644000000.0,314000000.0,-161000000.0,-0.59,-0.59,-0.59,4610000000.0,5302750000.0,4610000000.0,16197255868.0,52.0,25.151,1494000000.0,3.891,1.0,4217000000.0,0.614,11466000000.0,475000000.0,16694000000.0,13629500000.0,0.0,335000000.0,0.0,335000000.0,17532000000.0,1871000000.0,15661000000.0,8483255868.0,7009000000.0,-475000000.0,-587000000.0,6632000000.0,0.0,5951000000.0,-633000000.0,77000000.0,1629000000.0,62000000.0,-337000000.0,-337000000.0,-337000000.0,0.0,24000000.0,-0.049,3500000000.0,717000000.0,277000000.0,0.0,1.84,-25.173,-37.932,597000000.0,0.0,22.38,1.234,1.25,1838000000.0,4632000000.0,6873000000.0,6873000000.0,0.0,-0.017,-0.064,0.023,0.046,39000000.0,1768000000.0,1.0,379055222.0,384000000.0,576000000.0,17.898,11089000000.0,0.0,176000000.0,319000000.0,28.878,8120000000.0
15,DISCA,MRT,2017-09-30,2017-09-30,2017-09-30,2021-08-25,-586000000.0,23143000000.0,17706500000.0,9477000000.0,13666000000.0,0.377,15.066,-122000000.0,6994000000.0,6994000000.0,2556000000.0,1133000000.0,5.868,2.969,14708000000.0,32000000.0,14676000000.0,14708000000.0,238000000.0,323000000.0,0.0,0.0,0.0,1755000000.0,2078000000.0,0.311,2078000000.0,1755000000.0,1351000000.0,1.92,1.91,1.92,5740000000.0,5442000000.0,5740000000.0,16125216563.0,9.0,7.76,1591000000.0,4.176,1.0,4125000000.0,0.617,12258000000.0,404000000.0,16984000000.0,11901750000.0,0.0,754000000.0,0.0,754000000.0,17043000000.0,1615000000.0,15428000000.0,8068216563.0,6770000000.0,25000000.0,-727000000.0,6577000000.0,0.0,5774000000.0,-725000000.0,-631000000.0,1713000000.0,8000000.0,1111000000.0,1111000000.0,1111000000.0,0.0,22000000.0,0.166,2096000000.0,2029000000.0,253000000.0,0.0,1.406,7.262,11.089,523000000.0,0.0,21.29,1.208,1.214,1652000000.0,5785000000.0,6681000000.0,6681000000.0,0.0,0.063,0.204,0.147,0.263,42000000.0,1724000000.0,1.0,378967429.0,381000000.0,571000000.0,17.535,10885000000.0,0.0,240000000.0,306000000.0,28.57,7862000000.0
16,DISCA,MRT,2017-06-30,2017-06-30,2017-06-30,2021-08-25,-617000000.0,16149000000.0,15883250000.0,2770000000.0,13379000000.0,0.415,14.391,-123000000.0,206000000.0,206000000.0,2478000000.0,1135000000.0,1.889,1.879,8263000000.0,105000000.0,8158000000.0,8263000000.0,193000000.0,323000000.0,0.0,0.0,0.0,1866000000.0,2189000000.0,0.332,2189000000.0,1866000000.0,1507000000.0,1.91,1.89,1.91,5526000000.0,5308000000.0,5526000000.0,17768513668.0,10.0,8.117,1310000000.0,3.411,1.0,4108000000.0,0.624,12064000000.0,359000000.0,10676000000.0,10114000000.0,0.0,700000000.0,0.0,700000000.0,10386000000.0,1466000000.0,8920000000.0,9933513668.0,21000000.0,29000000.0,-1074000000.0,166000000.0,0.0,-903000000.0,-500000000.0,-417000000.0,1433000000.0,-9000000.0,1112000000.0,1112000000.0,1112000000.0,0.0,23000000.0,0.169,2054000000.0,2054000000.0,222000000.0,0.0,1.798,8.933,13.524,514000000.0,0.0,25.83,1.508,1.506,1758000000.0,5696000000.0,6586000000.0,6586000000.0,0.0,0.07,0.209,0.184,0.283,64000000.0,1686000000.0,1.0,384572732.0,384000000.0,578000000.0,17.151,4085000000.0,0.0,395000000.0,370000000.0,10.638,1304000000.0
17,DISCA,MRT,2017-03-31,2017-03-31,2017-03-31,2021-08-25,-704000000.0,15862000000.0,15768500000.0,2591000000.0,13271000000.0,0.415,13.715,-120000000.0,267000000.0,267000000.0,2447000000.0,1170000000.0,1.689,1.927,8102000000.0,132000000.0,7970000000.0,8102000000.0,194000000.0,323000000.0,0.0,0.0,0.0,1902000000.0,2225000000.0,0.34,2225000000.0,1902000000.0,1543000000.0,1.92,1.91,1.92,5335000000.0,5262750000.0,5335000000.0,18929010720.0,10.0,8.507,1453000000.0,3.735,1.0,4102000000.0,0.626,11999000000.0,359000000.0,10164000000.0,9895500000.0,0.0,690000000.0,0.0,690000000.0,10278000000.0,1534000000.0,8744000000.0,11306010720.0,-66000000.0,19000000.0,-1169000000.0,42000000.0,0.0,-1113000000.0,-479000000.0,-378000000.0,1573000000.0,-47000000.0,1146000000.0,1146000000.0,1146000000.0,0.0,24000000.0,0.175,2096000000.0,2006000000.0,200000000.0,0.0,2.119,9.866,15.151,504000000.0,0.0,29.09,1.726,1.728,1560000000.0,5382000000.0,6549000000.0,6549000000.0,0.0,0.073,0.218,0.192,0.29,66000000.0,1697000000.0,1.0,388656264.0,389000000.0,588000000.0,16.835,3863000000.0,0.0,397000000.0,429000000.0,9.931,1057000000.0
18,DISCA,MRT,2016-12-31,2016-12-31,2016-12-31,2021-08-25,-762000000.0,15672000000.0,15772500000.0,2502000000.0,13170000000.0,0.412,12.885,-88000000.0,300000000.0,300000000.0,2432000000.0,1218000000.0,1.603,1.986,7923000000.0,82000000.0,7841000000.0,7923000000.0,163000000.0,322000000.0,0.0,0.0,0.0,2000000000.0,2322000000.0,0.357,2322000000.0,2000000000.0,1647000000.0,1.97,1.96,1.97,5167000000.0,5270500000.0,5167000000.0,18547550055.0,9.0,7.988,1292000000.0,3.222,1.0,4065000000.0,0.626,11951000000.0,353000000.0,9783000000.0,9818000000.0,0.0,557000000.0,0.0,557000000.0,10262000000.0,1561000000.0,8701000000.0,10775550055.0,-90000000.0,19000000.0,-1392000000.0,203000000.0,0.0,-1184000000.0,-256000000.0,-185000000.0,1380000000.0,-30000000.0,1194000000.0,1194000000.0,1194000000.0,0.0,24000000.0,0.184,2070000000.0,1995000000.0,241000000.0,0.0,2.085,9.025,13.914,482000000.0,0.0,27.41,1.659,1.692,1495000000.0,5232000000.0,6497000000.0,6497000000.0,0.0,0.076,0.227,0.204,0.308,69000000.0,1690000000.0,1.0,393124774.0,401000000.0,610000000.0,16.202,3721000000.0,0.0,453000000.0,467000000.0,9.279,941000000.0
19,DISCA,MRT,2016-09-30,2016-09-30,2016-09-30,2021-08-25,-643000000.0,15850000000.0,15820500000.0,2683000000.0,13167000000.0,0.409,13.175,-96000000.0,224000000.0,224000000.0,2427000000.0,1135000000.0,1.763,1.998,7996000000.0,95000000.0,7901000000.0,7996000000.0,180000000.0,326000000.0,0.0,0.0,0.0,1877000000.0,2203000000.0,0.34,2203000000.0,1877000000.0,1528000000.0,1.79,1.78,1.79,5204000000.0,5341500000.0,5204000000.0,18412747818.0,10.0,8.358,1380000000.0,3.494,1.0,4044000000.0,0.625,12267000000.0,349000000.0,9833000000.0,9720500000.0,0.0,515000000.0,0.0,515000000.0,10399000000.0,1522000000.0,8877000000.0,10658747818.0,-38000000.0,-11000000.0,-1567000000.0,927000000.0,0.0,-1195000000.0,-329000000.0,-236000000.0,1476000000.0,10000000.0,1109000000.0,1109000000.0,1109000000.0,0.0,26000000.0,0.171,2063000000.0,1981000000.0,202000000.0,0.0,2.048,9.611,15.039,464000000.0,0.0,26.92,1.647,1.643,1545000000.0,5038000000.0,6471000000.0,6471000000.0,0.0,0.07,0.208,0.193,0.29,68000000.0,1672000000.0,1.0,395941598.0,395000000.0,602000000.0,16.382,3583000000.0,110000000.0,419000000.0,536000000.0,9.071,1161000000.0
20,DISCA,MRT,2016-06-30,2016-06-30,2016-06-30,2021-08-25,-680000000.0,15690000000.0,15837750000.0,2548000000.0,13142000000.0,0.409,13.23,-94000000.0,185000000.0,185000000.0,2409000000.0,1193000000.0,1.767,1.89,7939000000.0,130000000.0,7809000000.0,7939000000.0,167000000.0,326000000.0,0.0,0.0,0.0,1962000000.0,2288000000.0,0.354,2288000000.0,1962000000.0,1622000000.0,1.85,1.85,1.85,5345000000.0,5451750000.0,5345000000.0,17893314364.0,9.0,7.821,1196000000.0,2.96,1.0,4063000000.0,0.628,12200000000.0,340000000.0,9802000000.0,9323750000.0,0.0,535000000.0,0.0,535000000.0,10104000000.0,1442000000.0,8662000000.0,10236314364.0,-47000000.0,-12000000.0,-1172000000.0,746000000.0,0.0,-1008000000.0,-324000000.0,-236000000.0,1290000000.0,-5000000.0,1169000000.0,1169000000.0,1169000000.0,0.0,24000000.0,0.181,2035000000.0,2028000000.0,185000000.0,0.0,1.915,8.756,13.638,455000000.0,0.0,25.23,1.582,1.575,1574000000.0,4940000000.0,6472000000.0,6472000000.0,0.0,0.074,0.214,0.21,0.303,37000000.0,1647000000.0,1.0,405719951.0,404000000.0,616000000.0,16.02,3490000000.0,96000000.0,453000000.0,468000000.0,8.639,1106000000.0
21,DISCA,MRT,2016-03-31,2016-03-31,2016-03-31,2021-08-25,-614000000.0,15878000000.0,15847500000.0,2667000000.0,13211000000.0,0.405,12.993,-84000000.0,333000000.0,333000000.0,2370000000.0,1067000000.0,1.94,1.913,7990000000.0,25000000.0,7965000000.0,7990000000.0,205000000.0,328000000.0,0.0,0.0,0.0,1870000000.0,2198000000.0,0.342,2198000000.0,1870000000.0,1544000000.0,1.63,1.63,1.63,5366000000.0,5486750000.0,5366000000.0,19077557681.0,10.0,8.68,1209000000.0,2.927,1.0,4048000000.0,0.631,12306000000.0,326000000.0,9854000000.0,9034500000.0,0.0,529000000.0,0.0,529000000.0,10264000000.0,1375000000.0,8889000000.0,11732557681.0,12000000.0,23000000.0,-1013000000.0,522000000.0,0.0,-1086000000.0,-224000000.0,-183000000.0,1293000000.0,29000000.0,1047000000.0,1047000000.0,1047000000.0,0.0,20000000.0,0.163,2052000000.0,1996000000.0,171000000.0,0.0,2.186,11.206,17.564,466000000.0,0.0,28.63,1.828,1.842,1520000000.0,4621000000.0,6418000000.0,6418000000.0,0.0,0.066,0.191,0.207,0.291,57000000.0,1677000000.0,1.0,409799430.0,413000000.0,630000000.0,15.54,3572000000.0,91000000.0,497000000.0,510000000.0,8.649,1292000000.0
22,DISCA,MRT,2015-12-31,2015-12-31,2015-12-31,2021-08-25,-633000000.0,15864000000.0,15823500000.0,2596000000.0,13268000000.0,0.404,12.618,-103000000.0,390000000.0,390000000.0,2343000000.0,1048000000.0,1.644,1.866,7735000000.0,119000000.0,7616000000.0,7735000000.0,190000000.0,330000000.0,0.0,0.0,0.0,1875000000.0,2205000000.0,0.345,2205000000.0,1875000000.0,1545000000.0,1.59,1.58,1.59,5451000000.0,5467500000.0,5451000000.0,18280284813.0,10.0,8.29,1191000000.0,2.757,1.0,4051000000.0,0.634,12237000000.0,330000000.0,9393000000.0,8790250000.0,0.0,567000000.0,0.0,567000000.0,10172000000.0,1579000000.0,8593000000.0,11485284813.0,23000000.0,-19000000.0,-957000000.0,670000000.0,0.0,-919000000.0,-301000000.0,-194000000.0,1294000000.0,-51000000.0,1034000000.0,1034000000.0,1034000000.0,0.0,14000000.0,0.162,2049000000.0,2002000000.0,282000000.0,0.0,2.107,11.108,16.78,488000000.0,0.0,26.68,1.796,1.803,1479000000.0,4517000000.0,6394000000.0,6394000000.0,0.0,0.065,0.189,0.213,0.293,35000000.0,1669000000.0,1.0,430482939.0,432000000.0,656000000.0,14.801,3627000000.0,68000000.0,511000000.0,556000000.0,8.396,1017000000.0
23,DISCA,MRT,2015-09-30,2015-09-30,2015-09-30,2021-08-25,-508000000.0,15919000000.0,15850000000.0,2719000000.0,13200000000.0,0.405,13.067,-111000000.0,262000000.0,262000000.0,2301000000.0,1057000000.0,1.29,1.777,7057000000.0,116000000.0,6941000000.0,7057000000.0,237000000.0,329000000.0,0.0,0.0,0.0,1917000000.0,2246000000.0,0.35,2246000000.0,1917000000.0,1588000000.0,1.63,1.62,1.63,5645000000.0,5505250000.0,5645000000.0,18160558481.0,9.0,8.086,966000000.0,2.236,1.0,4123000000.0,0.642,12360000000.0,329000000.0,8246000000.0,8341750000.0,0.0,562000000.0,0.0,562000000.0,10033000000.0,2108000000.0,7925000000.0,11187558481.0,-114000000.0,182000000.0,-935000000.0,-42000000.0,0.0,-1064000000.0,-65000000.0,-134000000.0,1077000000.0,-62000000.0,1065000000.0,1065000000.0,1065000000.0,0.0,-8000000.0,0.166,2106000000.0,2017000000.0,249000000.0,0.0,1.982,10.505,15.957,500000000.0,0.0,26.01,1.742,1.749,1556000000.0,4297000000.0,6424000000.0,6424000000.0,0.0,0.067,0.193,0.23,0.298,28000000.0,1669000000.0,1.0,430125278.0,432000000.0,653000000.0,14.87,3559000000.0,233000000.0,523000000.0,589000000.0,8.238,611000000.0
24,DISCA,MRT,2015-06-30,2015-06-30,2015-06-30,2021-08-25,-460000000.0,15729000000.0,15963500000.0,2468000000.0,13261000000.0,0.403,12.697,-114000000.0,232000000.0,232000000.0,2256000000.0,1061000000.0,1.442,1.73,7205000000.0,349000000.0,6856000000.0,7205000000.0,181000000.0,334000000.0,0.0,0.0,0.0,1944000000.0,2278000000.0,0.354,2278000000.0,1944000000.0,1614000000.0,1.61,1.6,1.61,5485000000.0,5564750000.0,5485000000.0,21466452514.0,11.0,9.423,1125000000.0,2.604,1.0,4179000000.0,0.649,12345000000.0,330000000.0,8645000000.0,8225000000.0,0.0,600000000.0,0.0,600000000.0,9489000000.0,1712000000.0,7777000000.0,14298452514.0,-140000000.0,-30000000.0,-1157000000.0,221000000.0,0.0,-1020000000.0,-291000000.0,-138000000.0,1239000000.0,-68000000.0,1066000000.0,1066000000.0,1066000000.0,0.0,-5000000.0,0.166,2156000000.0,2023000000.0,277000000.0,0.0,2.607,13.413,20.658,509000000.0,0.0,33.26,2.222,2.233,1505000000.0,4098000000.0,6435000000.0,6435000000.0,0.0,0.067,0.192,0.236,0.302,70000000.0,1707000000.0,1.0,429899354.0,432000000.0,655000000.0,14.896,3384000000.0,84000000.0,548000000.0,494000000.0,7.833,756000000.0
25,DISCA,MRT,2015-03-31,2015-03-31,2015-03-31,2021-08-25,-569000000.0,15782000000.0,16057500000.0,2469000000.0,13313000000.0,0.398,12.048,-126000000.0,321000000.0,321000000.0,2207000000.0,1156000000.0,1.399,1.841,7489000000.0,453000000.0,7036000000.0,7489000000.0,175000000.0,327000000.0,0.0,0.0,0.0,2112000000.0,2439000000.0,0.382,2439000000.0,2112000000.0,1776000000.0,1.72,1.7,1.72,5289000000.0,5701250000.0,5289000000.0,20297399025.0,10.0,8.322,1014000000.0,2.31,1.0,4184000000.0,0.655,12308000000.0,336000000.0,8877000000.0,8099750000.0,0.0,618000000.0,0.0,618000000.0,9739000000.0,1765000000.0,7974000000.0,13511399025.0,-436000000.0,-353000000.0,-1429000000.0,636000000.0,0.0,-862000000.0,-618000000.0,-131000000.0,1140000000.0,-96000000.0,1159000000.0,1159000000.0,1159000000.0,0.0,-3000000.0,0.181,2106000000.0,2078000000.0,205000000.0,0.0,2.555,11.658,17.884,534000000.0,0.0,30.76,2.114,2.113,1431000000.0,3903000000.0,6391000000.0,6391000000.0,0.0,0.072,0.203,0.261,0.33,61000000.0,1683000000.0,1.0,439252244.0,439000000.0,667000000.0,14.558,3474000000.0,86000000.0,617000000.0,532000000.0,7.913,704000000.0
26,DISCA,MRT,2014-12-31,2014-12-31,2014-12-31,2021-08-25,-368000000.0,15970000000.0,15939750000.0,2491000000.0,13479000000.0,0.393,12.339,-120000000.0,367000000.0,367000000.0,2124000000.0,1137000000.0,0.957,1.717,7109000000.0,1107000000.0,6002000000.0,7109000000.0,178000000.0,329000000.0,0.0,0.0,0.0,2077000000.0,2406000000.0,0.384,2406000000.0,2077000000.0,1749000000.0,1.67,1.66,1.67,5602000000.0,5924000000.0,5602000000.0,22010462936.0,11.0,9.148,1198000000.0,2.639,1.0,4141000000.0,0.661,12509000000.0,328000000.0,7599000000.0,8161500000.0,0.0,644000000.0,0.0,644000000.0,9619000000.0,2604000000.0,7015000000.0,15238462936.0,-41000000.0,-327000000.0,-1378000000.0,663000000.0,0.0,-734000000.0,-568000000.0,-119000000.0,1318000000.0,-57000000.0,1139000000.0,1139000000.0,1139000000.0,0.0,-2000000.0,0.182,2111000000.0,2030000000.0,225000000.0,0.0,2.72,13.379,20.629,554000000.0,0.0,34.45,2.432,2.496,1433000000.0,3809000000.0,6265000000.0,6265000000.0,0.0,0.071,0.192,0.254,0.332,78000000.0,1692000000.0,1.0,442335644.0,454000000.0,687000000.0,13.8,3461000000.0,87000000.0,610000000.0,588000000.0,7.623,-113000000.0
27,DISCA,MRT,2014-09-30,2014-09-30,2014-09-30,2021-08-25,-195000000.0,16373000000.0,15692000000.0,2584000000.0,13789000000.0,0.39,13.102,-124000000.0,376000000.0,376000000.0,2001000000.0,1192000000.0,1.014,1.649,7148000000.0,995000000.0,6153000000.0,7148000000.0,304000000.0,329000000.0,0.0,0.0,0.0,2153000000.0,2482000000.0,0.405,2482000000.0,2153000000.0,1828000000.0,1.7,1.69,1.7,5883000000.0,6072500000.0,5883000000.0,23648847313.0,11.0,9.528,1124000000.0,2.503,1.0,4125000000.0,0.673,12818000000.0,325000000.0,7779000000.0,8439250000.0,0.0,667000000.0,0.0,667000000.0,9703000000.0,2548000000.0,7155000000.0,16946847313.0,-63000000.0,-527000000.0,-1352000000.0,674000000.0,0.0,-708000000.0,-575000000.0,79000000.0,1248000000.0,-28000000.0,1178000000.0,1178000000.0,1178000000.0,0.0,14000000.0,0.192,2049000000.0,2076000000.0,209000000.0,0.0,2.881,14.386,22.235,525000000.0,0.0,37.8,2.766,2.771,1464000000.0,3654000000.0,6126000000.0,6126000000.0,0.0,0.075,0.194,0.255,0.351,127000000.0,1696000000.0,1.0,448329294.0,449000000.0,682000000.0,13.644,3555000000.0,87000000.0,650000000.0,692000000.0,7.918,36000000.0
28,DISCA,MRT,2014-06-30,2014-06-30,2014-06-30,2021-08-25,-38000000.0,16105000000.0,15315500000.0,2571000000.0,13534000000.0,0.387,13.197,-119000000.0,372000000.0,372000000.0,1907000000.0,1161000000.0,1.089,1.571,7074000000.0,1029000000.0,6045000000.0,7074000000.0,160000000.0,324000000.0,0.0,0.0,0.0,2133000000.0,2457000000.0,0.414,2457000000.0,2133000000.0,1811000000.0,1.65,1.63,1.65,6031000000.0,6156750000.0,6031000000.0,23210046731.0,11.0,9.446,1169000000.0,2.558,1.0,4026000000.0,0.679,12303000000.0,322000000.0,8144000000.0,8691250000.0,0.0,828000000.0,0.0,828000000.0,9473000000.0,2360000000.0,7113000000.0,17049046731.0,-3000000.0,-288000000.0,-1758000000.0,565000000.0,0.0,-966000000.0,-326000000.0,84000000.0,1288000000.0,1000000.0,1153000000.0,1153000000.0,1153000000.0,0.0,8000000.0,0.194,1992000000.0,2034000000.0,226000000.0,0.0,2.827,14.787,22.509,538000000.0,0.0,37.14,2.874,2.861,1525000000.0,3499000000.0,5933000000.0,5933000000.0,0.0,0.075,0.187,0.245,0.36,139000000.0,1654000000.0,1.0,459048108.0,457000000.0,692000000.0,12.982,3802000000.0,81000000.0,658000000.0,769000000.0,8.319,211000000.0
29,DISCA,MRT,2014-03-31,2014-03-31,2014-03-31,2021-08-25,4000000.0,15311000000.0,14961000000.0,2740000000.0,12571000000.0,0.387,13.205,-117000000.0,757000000.0,757000000.0,1829000000.0,1077000000.0,2.187,1.471,6918000000.0,18000000.0,6900000000.0,6918000000.0,137000000.0,327000000.0,0.0,0.0,0.0,2024000000.0,2351000000.0,0.406,2351000000.0,2024000000.0,1705000000.0,1.515,1.5,1.515,6180000000.0,6216250000.0,6180000000.0,25452159655.0,13.0,10.826,1278000000.0,2.731,1.0,3961000000.0,0.684,11095000000.0,319000000.0,9124000000.0,8879500000.0,0.0,1080000000.0,0.0,1080000000.0,9093000000.0,1253000000.0,7840000000.0,19361159655.0,-1603000000.0,-1817000000.0,-1505000000.0,402000000.0,0.0,-1127000000.0,-1865000000.0,47000000.0,1395000000.0,-6000000.0,1074000000.0,1074000000.0,1074000000.0,0.0,3000000.0,0.185,1987000000.0,1974000000.0,151000000.0,0.0,3.133,18.027,27.294,522000000.0,0.0,41.35,3.344,3.342,1341000000.0,3123000000.0,5790000000.0,5790000000.0,0.0,0.072,0.173,0.228,0.35,149000000.0,1642000000.0,1.0,468226352.0,468000000.0,704000000.0,12.372,4216000000.0,76000000.0,631000000.0,614000000.0,9.009,1487000000.0
30,DISCA,MRT,2013-12-31,2013-12-31,2013-12-31,2021-08-25,4000000.0,14979000000.0,14738500000.0,2410000000.0,12569000000.0,0.376,12.802,-115000000.0,408000000.0,408000000.0,1689000000.0,1077000000.0,1.862,1.412,6499000000.0,17000000.0,6482000000.0,6499000000.0,144000000.0,276000000.0,0.0,0.0,0.0,2040000000.0,2316000000.0,0.418,2316000000.0,2040000000.0,1734000000.0,1.5,1.49,1.5,6196000000.0,6231250000.0,6196000000.0,27548240167.0,14.0,11.895,1170000000.0,2.417,1.0,3846000000.0,0.695,11066000000.0,306000000.0,8710000000.0,8723000000.0,0.0,1087000000.0,0.0,1087000000.0,8746000000.0,1294000000.0,7452000000.0,21479240167.0,-793000000.0,-1861000000.0,-1232000000.0,1166000000.0,0.0,-85000000.0,-1987000000.0,-8000000.0,1285000000.0,-6000000.0,1075000000.0,1075000000.0,1075000000.0,0.0,2000000.0,0.194,1890000000.0,1956000000.0,141000000.0,0.0,3.467,19.981,30.14,514000000.0,0.0,45.21,3.881,3.953,1371000000.0,2892000000.0,5535000000.0,5535000000.0,0.0,0.073,0.173,0.234,0.369,190000000.0,1598000000.0,1.0,475099318.0,484000000.0,722000000.0,11.436,3913000000.0,73000000.0,659000000.0,637000000.0,8.085,1116000000.0
31,DISCA,MRT,2013-09-30,2013-09-30,2013-09-30,2021-08-25,8000000.0,14867000000.0,14226250000.0,2364000000.0,12503000000.0,0.365,12.878,-100000000.0,439000000.0,439000000.0,1542000000.0,1011000000.0,2.083,1.384,6508000000.0,23000000.0,6485000000.0,6508000000.0,164000000.0,220000000.0,0.0,0.0,0.0,1973000000.0,2193000000.0,0.422,2193000000.0,1973000000.0,1681000000.0,1.4,1.375,1.4,6220000000.0,6255000000.0,6220000000.0,26619018037.0,13.0,12.138,1158000000.0,2.398,1.0,3656000000.0,0.703,11014000000.0,292000000.0,8787000000.0,8380250000.0,0.0,1087000000.0,0.0,1087000000.0,8610000000.0,1135000000.0,7475000000.0,20516018037.0,-1114000000.0,-2250000000.0,-1102000000.0,1160000000.0,0.0,21000000.0,-2389000000.0,-32000000.0,1258000000.0,-4000000.0,1010000000.0,1010000000.0,1010000000.0,0.0,1000000.0,0.194,1737000000.0,1919000000.0,116000000.0,0.0,3.298,20.313,30.15,492000000.0,0.0,42.21,3.947,3.922,1344000000.0,2604000000.0,5198000000.0,5198000000.0,0.0,0.071,0.161,0.235,0.38,171000000.0,1504000000.0,1.0,486046388.0,483000000.0,719000000.0,10.762,3853000000.0,74000000.0,671000000.0,681000000.0,7.977,1229000000.0
32,DISCA,MRT,2013-06-30,2013-06-30,2013-06-30,2021-08-25,-96000000.0,14687000000.0,13681250000.0,2265000000.0,12422000000.0,0.358,8.731,-107000000.0,375000000.0,375000000.0,1403000000.0,961000000.0,2.26,1.337,6478000000.0,23000000.0,6455000000.0,6478000000.0,122000000.0,166000000.0,0.0,0.0,0.0,1882000000.0,2048000000.0,0.418,2048000000.0,1882000000.0,1602000000.0,1.315,1.3,1.315,6269000000.0,6266250000.0,6269000000.0,22970793088.0,12.0,11.216,1073000000.0,1.494,1.0,3496000000.0,0.714,10891000000.0,280000000.0,8897000000.0,7954500000.0,0.0,1097000000.0,0.0,1097000000.0,8383000000.0,1002000000.0,7381000000.0,18901793088.0,-1323000000.0,-2304000000.0,-869000000.0,1158000000.0,0.0,-1000000.0,-2493000000.0,-34000000.0,1180000000.0,-9000000.0,960000000.0,960000000.0,960000000.0,9000000.0,1000000.0,0.196,1608000000.0,1888000000.0,116000000.0,0.0,3.015,19.689,29.369,460000000.0,0.0,38.62,3.858,5.66,1332000000.0,2349000000.0,4899000000.0,4899000000.0,0.0,0.07,0.153,0.237,0.384,166000000.0,1428000000.0,1.0,489430168.0,718000000.0,726000000.0,6.823,3796000000.0,75000000.0,642000000.0,656000000.0,5.287,1263000000.0
33,DISCA,MRT,2013-03-31,2013-03-31,2013-03-31,2021-08-25,-51000000.0,14421000000.0,13212000000.0,4013000000.0,10408000000.0,0.345,8.595,-82000000.0,2360000000.0,2360000000.0,1264000000.0,954000000.0,3.645,1.305,6429000000.0,22000000.0,6407000000.0,6429000000.0,100000000.0,119000000.0,0.0,0.0,0.0,1802000000.0,1921000000.0,0.421,1921000000.0,1802000000.0,1541000000.0,1.285,1.27,1.285,6240000000.0,6316750000.0,6240000000.0,23353385157.0,13.0,12.157,900000000.0,1.24,1.0,3294000000.0,0.723,8891000000.0,261000000.0,8498000000.0,7529000000.0,0.0,1105000000.0,0.0,1105000000.0,8146000000.0,1101000000.0,7045000000.0,19311385157.0,1316000000.0,-575000000.0,-1024000000.0,2144000000.0,0.0,1090000000.0,-751000000.0,-22000000.0,982000000.0,-5000000.0,953000000.0,953000000.0,953000000.0,10000000.0,1000000.0,0.209,1467000000.0,1827000000.0,67000000.0,0.0,3.095,20.264,30.638,377000000.0,0.0,39.37,4.237,6.271,1148000000.0,2052000000.0,4558000000.0,4558000000.0,0.0,0.072,0.151,0.239,0.395,173000000.0,1341000000.0,1.0,490510164.0,726000000.0,734000000.0,6.278,5530000000.0,74000000.0,588000000.0,428000000.0,7.617,2912000000.0
34,DISCA,MRT,2012-12-31,2012-12-31,2012-12-31,2021-08-25,4000000.0,12930000000.0,12590500000.0,2730000000.0,10200000000.0,0.356,12.633,-77000000.0,1201000000.0,1201000000.0,1218000000.0,945000000.0,2.886,1.055,5243000000.0,31000000.0,5212000000.0,5243000000.0,123000000.0,117000000.0,0.0,0.0,0.0,1753000000.0,1870000000.0,0.417,1870000000.0,1753000000.0,1505000000.0,1.25,1.24,1.25,6291000000.0,6398000000.0,6291000000.0,18840627696.0,11.0,10.075,1022000000.0,2.052,1.0,3269000000.0,0.729,8687000000.0,248000000.0,7339000000.0,6928000000.0,0.0,1095000000.0,0.0,1095000000.0,6637000000.0,946000000.0,5691000000.0,15162627696.0,153000000.0,-553000000.0,-1261000000.0,959000000.0,0.0,-305000000.0,-643000000.0,17000000.0,1099000000.0,2000000.0,943000000.0,943000000.0,943000000.0,11000000.0,2000000.0,0.21,1410000000.0,1859000000.0,71000000.0,0.0,2.41,16.079,25.392,388000000.0,0.0,31.74,3.379,3.523,1130000000.0,2075000000.0,4487000000.0,4487000000.0,0.0,0.075,0.147,0.253,0.391,154000000.0,1287000000.0,1.0,477713538.0,498000000.0,759000000.0,9.01,4243000000.0,74000000.0,562000000.0,272000000.0,8.52,1784000000.0
35,DISCA,MRT,2012-09-30,2012-09-30,2012-09-30,2021-08-25,-8000000.0,12687000000.0,12336250000.0,2995000000.0,9692000000.0,0.356,8.421,-69000000.0,1553000000.0,1553000000.0,1206000000.0,1058000000.0,3.626,1.025,5231000000.0,21000000.0,5210000000.0,5231000000.0,133000000.0,116000000.0,0.0,0.0,0.0,1683000000.0,1799000000.0,0.41,1799000000.0,1683000000.0,1445000000.0,1.37,1.365,1.37,6265000000.0,6454500000.0,6265000000.0,18258158118.0,11.0,10.149,1042000000.0,1.401,1.0,3187000000.0,0.725,8455000000.0,238000000.0,7084000000.0,6620000000.0,0.0,821000000.0,0.0,821000000.0,6420000000.0,826000000.0,5594000000.0,14730158118.0,521000000.0,-219000000.0,-1287000000.0,960000000.0,0.0,-314000000.0,-274000000.0,38000000.0,1111000000.0,-2000000.0,1055000000.0,1055000000.0,1055000000.0,11000000.0,3000000.0,0.24,1391000000.0,1796000000.0,54000000.0,0.0,2.351,13.962,21.752,368000000.0,0.0,29.8,3.353,5.047,1079000000.0,1851000000.0,4393000000.0,4393000000.0,0.0,0.086,0.163,0.254,0.383,141000000.0,1248000000.0,1.0,494300608.0,744000000.0,750000000.0,5.905,4232000000.0,62000000.0,390000000.0,260000000.0,5.688,2169000000.0
36,DISCA,MRT,2012-06-30,2012-06-30,2012-06-30,2021-08-25,-23000000.0,12810000000.0,12114750000.0,3214000000.0,9596000000.0,0.363,8.492,-55000000.0,1698000000.0,1698000000.0,1238000000.0,1089000000.0,4.246,0.979,5226000000.0,20000000.0,5206000000.0,5226000000.0,98000000.0,120000000.0,0.0,0.0,0.0,1696000000.0,1816000000.0,0.413,1816000000.0,1696000000.0,1470000000.0,1.395,1.385,1.395,6471000000.0,6488750000.0,6471000000.0,16960337368.0,10.0,9.339,1003000000.0,1.316,1.0,3159000000.0,0.718,8386000000.0,226000000.0,7195000000.0,6363750000.0,0.0,817000000.0,0.0,817000000.0,6337000000.0,757000000.0,5580000000.0,13767337368.0,603000000.0,-202000000.0,-1192000000.0,961000000.0,0.0,-220000000.0,-219000000.0,21000000.0,1058000000.0,-16000000.0,1087000000.0,1087000000.0,1087000000.0,5000000.0,2000000.0,0.247,1373000000.0,1786000000.0,56000000.0,0.0,2.128,12.665,19.355,368000000.0,0.0,27.0,3.131,4.679,1155000000.0,1646000000.0,4397000000.0,4397000000.0,0.0,0.09,0.168,0.267,0.386,122000000.0,1227000000.0,1.0,509901384.0,762000000.0,768000000.0,5.77,4424000000.0,77000000.0,383000000.0,263000000.0,5.806,2457000000.0
37,DISCA,MRT,2012-03-31,2012-03-31,2012-03-31,2021-08-25,-12000000.0,11935000000.0,11871250000.0,2451000000.0,9484000000.0,0.365,8.504,-68000000.0,1044000000.0,1044000000.0,1228000000.0,1050000000.0,3.312,0.818,4237000000.0,19000000.0,4218000000.0,4237000000.0,91000000.0,119000000.0,0.0,0.0,0.0,1662000000.0,1781000000.0,0.411,1781000000.0,1662000000.0,1448000000.0,1.325,1.315,1.325,6565000000.0,6499250000.0,6565000000.0,16277736042.0,10.0,9.14,1063000000.0,1.377,1.0,3110000000.0,0.717,8294000000.0,214000000.0,6094000000.0,6088750000.0,0.0,778000000.0,0.0,778000000.0,5367000000.0,740000000.0,4627000000.0,13080736042.0,591000000.0,-158000000.0,-982000000.0,619000000.0,0.0,-342000000.0,-186000000.0,21000000.0,1131000000.0,-12000000.0,1048000000.0,1048000000.0,1048000000.0,4000000.0,2000000.0,0.242,1367000000.0,1743000000.0,63000000.0,0.0,1.992,12.482,19.094,374000000.0,0.0,25.3,3.015,4.502,1062000000.0,1353000000.0,4338000000.0,4338000000.0,0.0,0.088,0.161,0.273,0.383,123000000.0,1220000000.0,1.0,517025140.0,772000000.0,780000000.0,5.619,3641000000.0,72000000.0,400000000.0,321000000.0,4.716,1711000000.0
38,DISCA,MRT,2011-12-31,2011-12-31,2011-12-31,2021-08-25,-23000000.0,11913000000.0,11664500000.0,2431000000.0,9482000000.0,0.357,8.126,-58000000.0,1048000000.0,1048000000.0,1176000000.0,1133000000.0,3.259,0.828,4245000000.0,26000000.0,4219000000.0,4245000000.0,113000000.0,119000000.0,0.0,0.0,0.0,1767000000.0,1886000000.0,0.452,1886000000.0,1767000000.0,1559000000.0,1.41,1.4,1.41,6517000000.0,6460000000.0,6517000000.0,14044214171.0,8.0,7.447,1042000000.0,1.299,1.0,2992000000.0,0.718,8257000000.0,208000000.0,6107000000.0,5904250000.0,0.0,807000000.0,0.0,807000000.0,5394000000.0,746000000.0,4648000000.0,10827214171.0,582000000.0,-177000000.0,-909000000.0,619000000.0,0.0,-297000000.0,-214000000.0,21000000.0,1100000000.0,-7000000.0,1132000000.0,1132000000.0,1132000000.0,3000000.0,1000000.0,0.272,1318000000.0,1674000000.0,53000000.0,0.0,1.661,9.565,14.528,379000000.0,0.0,20.485,2.598,3.942,1042000000.0,1132000000.0,4168000000.0,4168000000.0,0.0,0.097,0.175,0.299,0.424,99000000.0,1171000000.0,1.0,528543528.0,802000000.0,810000000.0,5.197,3656000000.0,73000000.0,427000000.0,337000000.0,4.559,1685000000.0
39,DISCA,MRT,2011-09-30,2011-09-30,2011-09-30,2021-08-25,-22000000.0,11801000000.0,11441000000.0,2299000000.0,9502000000.0,0.354,8.043,-62000000.0,1032000000.0,1032000000.0,1120000000.0,993000000.0,3.252,0.843,4249000000.0,20000000.0,4229000000.0,4249000000.0,123000000.0,122000000.0,0.0,0.0,0.0,1728000000.0,1850000000.0,0.457,1850000000.0,1728000000.0,1526000000.0,1.215,1.2,1.215,6402000000.0,6387000000.0,6402000000.0,13459000484.0,8.0,7.275,921000000.0,1.157,1.0,2926000000.0,0.723,8252000000.0,202000000.0,6059000000.0,5632250000.0,0.0,816000000.0,0.0,816000000.0,5398000000.0,707000000.0,4691000000.0,10297000484.0,16000000.0,-173000000.0,-1236000000.0,621000000.0,0.0,-752000000.0,-211000000.0,0.0,983000000.0,-4000000.0,987000000.0,987000000.0,987000000.0,18000000.0,6000000.0,0.244,1264000000.0,1662000000.0,48000000.0,0.0,1.608,10.433,15.481,371000000.0,0.0,18.81,2.545,3.701,976000000.0,796000000.0,4046000000.0,4046000000.0,0.0,0.086,0.155,0.307,0.427,99000000.0,1142000000.0,1.0,547421610.0,796000000.0,802000000.0,5.083,3549000000.0,53000000.0,539000000.0,354000000.0,4.459,1592000000.0
40,DISCA,MRT,2011-06-30,2011-06-30,2011-06-30,2021-08-25,-10000000.0,11836000000.0,11340250000.0,2321000000.0,9515000000.0,0.343,8.021,-56000000.0,1095000000.0,1095000000.0,1053000000.0,945000000.0,3.78,0.817,4257000000.0,22000000.0,4235000000.0,4257000000.0,98000000.0,125000000.0,0.0,0.0,0.0,1626000000.0,1751000000.0,0.45,1751000000.0,1626000000.0,1431000000.0,1.135,1.12,1.135,6513000000.0,6457250000.0,6513000000.0,14569009088.0,9.0,8.32,953000000.0,1.174,1.0,2839000000.0,0.729,8289000000.0,195000000.0,6095000000.0,5328250000.0,0.0,806000000.0,0.0,806000000.0,5322000000.0,614000000.0,4708000000.0,11410009088.0,382000000.0,-168000000.0,-912000000.0,623000000.0,0.0,-441000000.0,-200000000.0,0.0,1009000000.0,14000000.0,936000000.0,936000000.0,936000000.0,-10000000.0,9000000.0,0.24,1293000000.0,1546000000.0,48000000.0,0.0,1.752,12.19,18.044,382000000.0,0.0,20.48,2.932,4.273,908000000.0,559000000.0,3892000000.0,3892000000.0,0.0,0.083,0.145,0.305,0.418,137000000.0,1155000000.0,1.0,557129350.0,812000000.0,820000000.0,4.793,3547000000.0,65000000.0,495000000.0,373000000.0,4.368,1707000000.0
41,DISCA,MRT,2011-03-31,2011-03-31,2011-03-31,2021-08-25,-16000000.0,11108000000.0,11149750000.0,1629000000.0,9479000000.0,0.34,7.834,-48000000.0,453000000.0,453000000.0,1019000000.0,801000000.0,2.491,0.733,3612000000.0,21000000.0,3591000000.0,3612000000.0,113000000.0,128000000.0,0.0,0.0,0.0,1375000000.0,1503000000.0,0.397,1503000000.0,1375000000.0,1181000000.0,0.945,0.935,0.945,6408000000.0,6450500000.0,6408000000.0,14386421754.0,10.0,9.572,711000000.0,0.869,1.0,2769000000.0,0.731,8257000000.0,194000000.0,5356000000.0,5057000000.0,0.0,781000000.0,0.0,781000000.0,4697000000.0,654000000.0,4043000000.0,11234421754.0,-238000000.0,-169000000.0,-724000000.0,75000000.0,0.0,-810000000.0,-195000000.0,0.0,759000000.0,8000000.0,789000000.0,788000000.0,788000000.0,-10000000.0,12000000.0,0.208,1296000000.0,1473000000.0,62000000.0,0.0,1.753,14.257,21.111,389000000.0,1000000.0,19.95,2.966,4.308,866000000.0,305000000.0,3788000000.0,3788000000.0,0.0,0.071,0.122,0.272,0.363,155000000.0,1159000000.0,1.0,563128910.0,818000000.0,828000000.0,4.631,2851000000.0,76000000.0,392000000.0,352000000.0,3.485,975000000.0
42,DISCA,MRT,2010-12-31,2010-12-31,2010-12-31,2021-08-25,-33000000.0,11019000000.0,11110750000.0,1735000000.0,9284000000.0,0.334,7.324,-49000000.0,466000000.0,466000000.0,1013000000.0,669000000.0,2.21,0.769,3618000000.0,20000000.0,3598000000.0,3618000000.0,114000000.0,132000000.0,0.0,0.0,0.0,1149000000.0,1281000000.0,0.346,1281000000.0,1149000000.0,946000000.0,0.765,0.76,0.765,6225000000.0,6438250000.0,6225000000.0,14453017607.0,13.0,11.283,619000000.0,0.728,1.0,2693000000.0,0.727,8367000000.0,203000000.0,5019000000.0,4840500000.0,0.0,455000000.0,0.0,455000000.0,4786000000.0,785000000.0,4001000000.0,11856017607.0,-157000000.0,-165000000.0,-558000000.0,77000000.0,0.0,-641000000.0,-190000000.0,0.0,668000000.0,6000000.0,653000000.0,652000000.0,652000000.0,-10000000.0,16000000.0,0.176,1316000000.0,1377000000.0,87000000.0,0.0,1.905,18.184,27.255,399000000.0,1000000.0,20.85,3.199,4.782,880000000.0,0.0,3706000000.0,3706000000.0,0.0,0.059,0.101,0.237,0.31,182000000.0,1174000000.0,1.0,568633938.0,850000000.0,858000000.0,4.36,2652000000.0,81000000.0,293000000.0,304000000.0,3.12,950000000.0
43,DISCA,MRT,2010-09-30,2010-09-30,2010-09-30,2021-08-25,-23000000.0,11398000000.0,11094000000.0,2137000000.0,9261000000.0,0.334,7.844,-43000000.0,1016000000.0,1016000000.0,1075000000.0,628000000.0,2.698,0.704,3613000000.0,18000000.0,3595000000.0,3613000000.0,0.0,137000000.0,0.0,0.0,0.0,1087000000.0,1224000000.0,0.33,1224000000.0,1087000000.0,866000000.0,0.725,0.71,0.725,6683000000.0,6431250000.0,6683000000.0,15293489998.0,14.0,12.495,660000000.0,0.775,1.0,2633000000.0,0.71,8360000000.0,221000000.0,4843000000.0,4756500000.0,0.0,0.0,0.0,0.0,4703000000.0,792000000.0,3911000000.0,12395489998.0,615000000.0,-94000000.0,-9000000.0,67000000.0,0.0,43000000.0,-135000000.0,2000000.0,703000000.0,4000000.0,613000000.0,612000000.0,612000000.0,-21000000.0,15000000.0,0.165,1362000000.0,1271000000.0,464000000.0,0.0,1.855,20.254,30.034,389000000.0,1000000.0,21.775,3.343,5.003,843000000.0,75000000.0,3708000000.0,3708000000.0,0.0,0.055,0.095,0.229,0.293,185000000.0,1197000000.0,1.0,569253272.0,852000000.0,862000000.0,4.352,3038000000.0,0.0,253000000.0,0.0,3.566,1345000000.0
44,DISCA,MRT,2010-06-30,2010-06-30,2010-06-30,2021-08-25,-44000000.0,11074000000.0,10929750000.0,1815000000.0,9259000000.0,0.331,7.613,-43000000.0,713000000.0,713000000.0,1065000000.0,543000000.0,2.985,0.703,3611000000.0,17000000.0,3594000000.0,3611000000.0,0.0,144000000.0,0.0,0.0,0.0,986000000.0,1130000000.0,0.312,1130000000.0,986000000.0,749000000.0,0.615,0.605,0.615,6486000000.0,6267500000.0,6486000000.0,12952490912.0,13.0,11.462,352000000.0,0.413,1.0,2554000000.0,0.706,8354000000.0,237000000.0,5010000000.0,4719750000.0,0.0,0.0,0.0,0.0,4560000000.0,608000000.0,3952000000.0,10152490912.0,374000000.0,-97000000.0,43000000.0,71000000.0,0.0,114000000.0,-138000000.0,2000000.0,395000000.0,3000000.0,527000000.0,520000000.0,520000000.0,3000000.0,16000000.0,0.144,1374000000.0,1180000000.0,356000000.0,0.0,1.565,19.524,29.033,401000000.0,7000000.0,17.855,2.805,4.203,836000000.0,-111000000.0,3619000000.0,3619000000.0,0.0,0.048,0.083,0.209,0.272,224000000.0,1215000000.0,1.0,568607724.0,852000000.0,862000000.0,4.248,2720000000.0,0.0,222000000.0,0.0,3.192,1207000000.0
45,DISCA,MRT,2010-03-31,2010-03-31,2010-03-31,2021-08-25,-40000000.0,10952000000.0,10835250000.0,1721000000.0,9231000000.0,0.325,7.481,-48000000.0,691000000.0,691000000.0,1062000000.0,614000000.0,1.843,0.718,3491000000.0,256000000.0,3235000000.0,3491000000.0,0.0,151000000.0,0.0,0.0,0.0,1293000000.0,1444000000.0,0.41,1444000000.0,1293000000.0,1044000000.0,0.7,0.69,0.7,6359000000.0,6121750000.0,6359000000.0,12452370944.0,10.0,8.624,569000000.0,0.669,1.0,2459000000.0,0.698,8328000000.0,249000000.0,4490000000.0,4515250000.0,0.0,0.0,0.0,0.0,4568000000.0,934000000.0,3634000000.0,9580370944.0,549000000.0,216000000.0,37000000.0,-313000000.0,0.0,-281000000.0,198000000.0,24000000.0,617000000.0,15000000.0,599000000.0,591000000.0,591000000.0,3000000.0,15000000.0,0.168,1406000000.0,1053000000.0,395000000.0,0.0,1.507,16.21,24.136,405000000.0,8000000.0,16.895,2.721,4.079,773000000.0,-224000000.0,3521000000.0,3521000000.0,0.0,0.055,0.097,0.286,0.367,235000000.0,1206000000.0,1.0,567053622.0,850000000.0,858000000.0,4.142,2624000000.0,0.0,445000000.0,0.0,3.087,787000000.0
46,DISCA,MRT,2009-12-31,2009-12-31,2009-12-31,2021-08-25,-21000000.0,10952000000.0,10716000000.0,1671000000.0,9281000000.0,0.323,7.325,-55000000.0,623000000.0,623000000.0,1044000000.0,564000000.0,2.134,0.756,3495000000.0,38000000.0,3457000000.0,3495000000.0,91000000.0,155000000.0,0.0,0.0,0.0,1266000000.0,1421000000.0,0.411,1421000000.0,1266000000.0,1018000000.0,0.64,0.635,0.64,6197000000.0,5945250000.0,6197000000.0,11803844591.0,9.0,8.307,587000000.0,0.694,1.0,2414000000.0,0.698,8358000000.0,248000000.0,4683000000.0,4397500000.0,0.0,0.0,0.0,0.0,4683000000.0,783000000.0,3900000000.0,8693844591.0,529000000.0,269000000.0,28000000.0,-371000000.0,0.0,-356000000.0,238000000.0,24000000.0,642000000.0,5000000.0,549000000.0,541000000.0,541000000.0,6000000.0,15000000.0,0.156,1392000000.0,1022000000.0,63000000.0,0.0,1.403,16.07,23.961,409000000.0,8000000.0,15.335,2.514,3.752,812000000.0,-387000000.0,3458000000.0,3458000000.0,0.0,0.05,0.091,0.288,0.366,228000000.0,1188000000.0,1.0,566928242.0,846000000.0,850000000.0,4.087,2594000000.0,71000000.0,469000000.0,268000000.0,3.066,888000000.0
47,DISCA,MRT,2009-09-30,2009-09-30,2009-09-30,2021-08-25,-35000000.0,10741000000.0,10599000000.0,1417000000.0,9324000000.0,0.317,7.108,-59000000.0,401000000.0,401000000.0,998000000.0,522000000.0,1.86,0.771,3511000000.0,39000000.0,3472000000.0,3511000000.0,0.0,155000000.0,0.0,0.0,0.0,1200000000.0,1355000000.0,0.403,1355000000.0,1200000000.0,958000000.0,0.585,0.58,0.585,6028000000.0,5780000000.0,6028000000.0,11280116653.0,9.0,8.325,475000000.0,0.56,1.0,2362000000.0,0.703,8393000000.0,242000000.0,4696000000.0,4291750000.0,0.0,0.0,0.0,0.0,4650000000.0,762000000.0,3888000000.0,8145116653.0,309000000.0,281000000.0,26000000.0,-478000000.0,0.0,-459000000.0,231000000.0,22000000.0,534000000.0,3000000.0,504000000.0,496000000.0,496000000.0,1000000.0,18000000.0,0.148,1357000000.0,1005000000.0,394000000.0,0.0,1.351,16.422,24.692,417000000.0,8000000.0,14.445,2.424,3.646,775000000.0,-531000000.0,3360000000.0,3360000000.0,0.0,0.047,0.086,0.28,0.357,177000000.0,1123000000.0,1.0,563871004.0,848000000.0,854000000.0,3.962,2348000000.0,0.0,454000000.0,0.0,2.769,655000000.0
48,DISCA,MRT,2009-06-30,2009-06-30,2009-06-30,2021-08-25,-25000000.0,10696000000.0,10525000000.0,1331000000.0,9365000000.0,0.32,6.994,-92000000.0,339000000.0,339000000.0,1009000000.0,592000000.0,1.085,0.801,3474000000.0,421000000.0,3053000000.0,3474000000.0,0.0,183000000.0,0.0,0.0,0.0,1271000000.0,1454000000.0,0.432,1454000000.0,1271000000.0,1033000000.0,0.695,0.69,0.695,5903000000.0,5652750000.0,5903000000.0,9912184547.0,8.0,6.817,636000000.0,0.754,1.0,2359000000.0,0.7,8412000000.0,238000000.0,4192000000.0,4248000000.0,0.0,0.0,0.0,0.0,4729000000.0,1227000000.0,3502000000.0,6331184547.0,31000000.0,415000000.0,0.0,-668000000.0,0.0,-1033000000.0,343000000.0,22000000.0,728000000.0,-7000000.0,538000000.0,536000000.0,536000000.0,-38000000.0,54000000.0,0.159,1279000000.0,1080000000.0,564000000.0,0.0,1.073,11.812,16.194,410000000.0,2000000.0,11.255,1.88,2.82,759000000.0,-632000000.0,3368000000.0,3368000000.0,0.0,0.051,0.095,0.299,0.377,13000000.0,1023000000.0,1.0,562521950.0,844000000.0,848000000.0,3.991,2284000000.0,0.0,495000000.0,0.0,2.706,104000000.0
49,DISCA,MRT,2009-03-31,2009-03-31,2009-03-31,2021-08-25,-85000000.0,10475000000.0,9355844500.0,1112000000.0,9363000000.0,0.362,6.698,-99000000.0,142000000.0,142000000.0,1012000000.0,493000000.0,0.947,0.84,3723000000.0,586000000.0,3137000000.0,3723000000.0,0.0,207000000.0,0.0,0.0,0.0,959000000.0,1166000000.0,0.344,1166000000.0,959000000.0,715000000.0,0.565,0.56,0.565,5653000000.0,5321341750.0,5653000000.0,8194800852.0,9.0,7.028,558000000.0,0.661,1.0,2376000000.0,0.701,8863000000.0,244000000.0,4019000000.0,4137179000.0,0.0,0.0,0.0,0.0,4749000000.0,1174000000.0,3575000000.0,4505800852.0,-150000000.0,124000000.0,0.0,-450000000.0,0.0,-811000000.0,19000000.0,0.0,657000000.0,-15000000.0,402000000.0,402000000.0,402000000.0,-38000000.0,91000000.0,0.119,1333000000.0,1043000000.0,371000000.0,0.0,0.797,11.208,14.177,384000000.0,0.0,8.01,1.33,1.995,740000000.0,-817000000.0,3388000000.0,3388000000.0,0.0,0.043,0.076,0.232,0.283,7000000.0,1098000000.0,1.0,562521954.0,844000000.0,844000000.0,4.014,1612000000.0,0.0,313000000.0,0.0,1.91,-62000000.0
50,DISCA,MRT,2008-12-31,2008-12-31,2008-12-31,2021-08-25,-78000000.0,10484000000.0,8221054000.0,1109000000.0,9375000000.0,0.411,8.623,-102000000.0,100000000.0,100000000.0,1002000000.0,444000000.0,1.036,0.88,3789000000.0,458000000.0,3331000000.0,3789000000.0,93000000.0,232000000.0,0.0,0.0,0.0,926000000.0,1158000000.0,0.342,1158000000.0,926000000.0,670000000.0,0.495,0.49,0.495,5536000000.0,5039235000.0,5536000000.0,7794638810.0,8.0,6.731,471000000.0,0.734,1.0,2380000000.0,0.704,8843000000.0,256000000.0,4260000000.0,4048938000.0,0.0,0.0,0.0,0.0,4874000000.0,1070000000.0,3804000000.0,3982638810.0,-115000000.0,166000000.0,0.0,-411000000.0,0.0,-774000000.0,88000000.0,24000000.0,573000000.0,-2000000.0,317000000.0,317000000.0,317000000.0,-40000000.0,127000000.0,0.094,1316000000.0,1064000000.0,71000000.0,0.0,0.719,12.564,14.303,395000000.0,0.0,7.08,1.178,1.344,780000000.0,-936000000.0,3382000000.0,3382000000.0,0.0,0.039,0.063,0.229,0.274,-66000000.0,1075000000.0,1.0,562519606.0,642000000.0,644000000.0,5.268,1641000000.0,49000000.0,353000000.0,246000000.0,2.556,39000000.0
51,DISCA,MRT,2008-09-30,2008-09-30,2008-09-30,2021-08-25,-3000000.0,10445000000.0,7066554000.0,1106000000.0,9339000000.0,0.596,9.137,-117062000.0,92000000.0,92000000.0,1313568000.0,432988000.0,1.084,0.884,3904000000.0,349000000.0,3555000000.0,3904000000.0,0.0,271617000.0,0.0,0.0,0.0,945393000.0,1217010000.0,0.289,1217010000.0,945393000.0,569236000.0,,,,5519000000.0,4778985000.0,5519000000.0,3781968990.0,4.0,3.108,650158000.0,1.076,1.0,2898205000.0,0.688,8716000000.0,376157000.0,4521000000.0,3972688000.0,0.0,80000000.0,0.0,80000000.0,4877000000.0,1020000000.0,3857000000.0,4007975990.0,-141427000.0,-143094000.0,-1289170000.0,982620000.0,0.0,-694380000.0,-218925000.0,23376000.0,767220000.0,4658000.0,313988000.0,313988000.0,313988000.0,12490000.0,119000000.0,0.075,1799258000.0,1098947000.0,418000000.0,,0.726,12.765,,412000000.0,0.0,7.125,0.952,1.022,764000000.0,-1042000000.0,4211773000.0,4211773000.0,0.0,0.044,0.066,0.238,0.224,30841000.0,1587941000.0,1.0,562522946.0,604000000.0,,6.973,1729000000.0,0.0,255248000.0,0.0,2.863,86000000.0
52,DISCA,MRT,2008-06-30,2008-06-30,2008-06-30,2021-08-25,18962000.0,6019378000.0,5968588000.0,422078000.0,5597300000.0,0.594,8.116,-86279000.0,226007000.0,226007000.0,1174107000.0,266495000.0,3.13,0.315,0.0,0.0,0.0,0.0,22602000.0,220793000.0,0.0,0.0,0.0,668986000.0,889779000.0,0.251,889779000.0,668986000.0,353829000.0,,,,4577367000.0,4566737250.0,4577367000.0,5953218823.0,9.0,6.691,437069000.0,0.775,1.0,2370579000.0,0.669,1909823000.0,315157000.0,3748716000.0,3769131750.0,0.0,3414968000.0,0.0,3414968000.0,1442011000.0,134832000.0,1307179000.0,6175795823.0,57371000.0,-268094000.0,-1288627000.0,1171620000.0,0.0,-147992000.0,-327643000.0,25006000.0,523348000.0,9658000.0,187495000.0,187495000.0,187495000.0,52490000.0,79000000.0,0.053,1569185000.0,801394000.0,42390000.0,,1.349,32.938,,255963000.0,0.0,10.98,1.742,1.747,178205000.0,-1173613000.0,3544686000.0,3544686000.0,0.0,0.031,0.041,0.177,0.189,97185000.0,1403585000.0,1.0,562458636.0,564000000.0,,6.285,4109555000.0,0.0,166334000.0,1285504000.0,7.286,287246000.0
53,DISCA,MRT,2008-03-31,2008-03-31,2008-03-31,2021-08-25,12553000.0,5935838000.0,5974129500.0,414277000.0,5521561000.0,0.475,8.022,-77965000.0,222577000.0,222577000.0,1045292000.0,258712000.0,3.015,0.312,0.0,0.0,0.0,0.0,23472000.0,174208000.0,0.0,0.0,0.0,603172000.0,777380000.0,0.274,777380000.0,603172000.0,354015000.0,,,,4524573000.0,4585902500.0,4524573000.0,10059993647.0,17.0,12.941,363197000.0,0.644,1.0,1791614000.0,0.632,1909823000.0,249157000.0,3666036000.0,3749873250.0,0.0,3330030000.0,0.0,3330030000.0,1411265000.0,137402000.0,1273863000.0,5963853647.0,65557000.0,-264094000.0,-1284544000.0,1247620000.0,0.0,-69204000.0,-318059000.0,24000000.0,441162000.0,11658000.0,218712000.0,218712000.0,218712000.0,52490000.0,40000000.0,0.077,1201149000.0,590465000.0,48555000.0,,1.318,27.268,,262744000.0,0.0,10.61,2.102,2.109,172624000.0,-1219492000.0,2836906000.0,2836906000.0,0.0,0.037,0.048,0.161,0.213,42527000.0,1071342000.0,1.0,562097422.0,564000000.0,,5.03,4026015000.0,0.0,135303000.0,1252033000.0,7.138,276875000.0
54,DISCA,MRT,2007-12-31,2007-12-31,2007-12-31,2021-08-25,17000000.0,5866000000.0,5963978500.0,372000000.0,5494000000.0,0.369,7.997,-69372000.0,8000000.0,8000000.0,924834000.0,205176000.0,3.1,0.305,0.0,0.0,0.0,0.0,0.0,126779000.0,0.0,0.0,0.0,419825000.0,546604000.0,0.248,546604000.0,419825000.0,239668000.0,,,,4495000000.0,4597371000.0,4495000000.0,6907608915.0,16.0,12.637,307355000.0,0.547,1.0,1276954000.0,0.58,1783000000.0,180157000.0,3955000000.0,3723352750.0,0.0,3272000000.0,0.0,3272000000.0,1371000000.0,120000000.0,1251000000.0,7065069915.0,-21741000.0,-306094000.0,-1284544000.0,1274620000.0,0.0,-32223000.0,-368903000.0,-665000.0,376727000.0,2658000.0,205176000.0,205176000.0,205176000.0,52490000.0,0.0,0.093,956690000.0,320264000.0,1000000.0,,1.572,34.434,,5000000.0,0.0,12.57,3.209,3.209,10000000.0,-1253000000.0,2201788000.0,2201788000.0,0.0,0.034,0.045,0.113,0.191,79493000.0,858346000.0,1.0,562058068.0,562058068.0,,3.917,4083000000.0,0.0,34492000.0,1227000000.0,7.264,252000000.0
55,DISCA,MRT,2007-09-30,2007-09-30,2007-09-30,2021-08-25,23085000.0,6053136000.0,5965224000.0,336375000.0,5716761000.0,0.512,8.326,-75228000.0,157461000.0,157461000.0,1170918000.0,360648000.0,2.971,0.296,0.0,0.0,0.0,0.0,21792000.0,135801000.0,0.0,0.0,0.0,760459000.0,896260000.0,0.294,896260000.0,760459000.0,566232000.0,,,,4670009000.0,4610937000.0,4670009000.0,7916650496.0,10.0,8.833,388054000.0,0.692,1.0,1881852000.0,0.616,2075671000.0,194227000.0,3706775000.0,3614485500.0,0.0,3346877000.0,0.0,3346877000.0,1383127000.0,113229000.0,1269898000.0,8091313496.0,118962000.0,-328112000.0,4626000.0,9783000.0,0.0,2839000.0,-349920000.0,52478000.0,463282000.0,2761000.0,360648000.0,360648000.0,360648000.0,0.0,0.0,0.118,1231519000.0,650333000.0,32984000.0,,1.733,22.435,,278503000.0,0.0,14.425,2.65,2.65,152413000.0,-1082903000.0,3052770000.0,3052770000.0,0.0,0.06,0.078,0.21,0.249,39685000.0,1193218000.0,1.0,560922946.0,560922946.0,,5.442,3977465000.0,0.0,205584000.0,1240090000.0,7.091,223146000.0
56,DISCA,MRT,2007-06-30,2007-06-30,2007-06-30,2021-08-25,22773000.0,6041544000.0,5915675500.0,332158000.0,5709386000.0,0.515,8.303,-82831000.0,174663000.0,174663000.0,1159882000.0,276508000.0,2.77,0.298,0.0,0.0,0.0,0.0,27777000.0,134661000.0,0.0,0.0,0.0,686148000.0,820809000.0,0.27,820809000.0,686148000.0,491921000.0,,,,4654028000.0,4578468250.0,4654028000.0,6292952049.0,9.0,7.667,400416000.0,0.714,1.0,1884851000.0,0.619,2075288000.0,194227000.0,3671682000.0,3563654250.0,0.0,3335570000.0,0.0,3335570000.0,1387516000.0,119911000.0,1267605000.0,6443429049.0,135219000.0,-328112000.0,4083000.0,9783000.0,0.0,2449000.0,-353238000.0,50457000.0,483247000.0,2761000.0,276508000.0,276508000.0,276508000.0,0.0,0.0,0.091,1330315000.0,554536000.0,30970000.0,,1.384,23.303,,282294000.0,0.0,11.495,2.116,2.116,140505000.0,-1090410000.0,3044733000.0,3044733000.0,0.0,0.047,0.06,0.193,0.225,39554000.0,1196346000.0,1.0,560541892.0,560541892.0,,5.432,3966256000.0,0.0,215413000.0,1237066000.0,7.076,212247000.0
57,DISCA,MRT,2007-03-31,2007-03-31,2007-03-31,2021-08-25,17724000.0,5895234000.0,5876523250.0,315459000.0,5579775000.0,0.516,8.155,-89743000.0,150477000.0,150477000.0,1144320000.0,216025000.0,2.87,0.29,0.0,0.0,0.0,0.0,18077000.0,133550000.0,0.0,0.0,0.0,587578000.0,721128000.0,0.238,721128000.0,587578000.0,393351000.0,,,,4570447000.0,4567842250.0,4570447000.0,7949179849.0,14.0,11.023,382465000.0,0.682,1.0,1888982000.0,0.623,2074882000.0,194227000.0,3559954000.0,3512504750.0,0.0,3202962000.0,0.0,3202962000.0,1324787000.0,109921000.0,1214866000.0,5360659849.0,113005000.0,-328112000.0,0.0,9783000.0,0.0,-1341000.0,-360623000.0,49977000.0,472208000.0,2761000.0,216025000.0,216025000.0,216025000.0,0.0,0.0,0.071,1337769000.0,551213000.0,35232000.0,,1.173,24.815,,285172000.0,0.0,9.565,1.767,1.767,148634000.0,-1164627000.0,3033302000.0,3033302000.0,0.0,0.037,0.047,0.167,0.194,39653000.0,1204870000.0,1.0,560445358.0,560445358.0,,5.412,3820352000.0,0.0,177326000.0,1184639000.0,6.817,205538000.0
58,DISCA,MRT,2006-12-31,2006-12-31,2006-12-31,2021-08-25,15914000.0,5870982000.0,5865060000.0,317362000.0,5553620000.0,0.514,8.118,-90138000.0,154775000.0,154775000.0,1120377000.0,207176000.0,2.604,0.291,0.0,0.0,0.0,0.0,16015000.0,133634000.0,0.0,0.0,0.0,578191000.0,711825000.0,0.236,711825000.0,578191000.0,383964000.0,,,,4549264000.0,4572983000.0,4549264000.0,4356561199.0,8.0,6.12,389773000.0,0.696,1.0,1892611000.0,0.628,2074789000.0,194227000.0,3519531000.0,3481657250.0,0.0,3180994000.0,0.0,3180994000.0,1321718000.0,121887000.0,1199831000.0,4508409199.0,17772000.0,-374905000.0,0.0,9783000.0,0.0,-1324000.0,-463576000.0,1467000.0,479911000.0,2761000.0,207176000.0,207176000.0,207176000.0,0.0,0.0,0.069,1343054000.0,549557000.0,43656000.0,,0.991,21.761,,280775000.0,0.0,8.045,1.496,1.496,147436000.0,-1183831000.0,3012988000.0,3012988000.0,0.0,0.035,0.045,0.166,0.192,39233000.0,1209420000.0,1.0,560398906.0,560398906.0,,5.377,3796193000.0,0.0,176788000.0,1174594000.0,6.774,195475000.0
59,DISCA,MRT,2006-09-30,2006-09-30,2006-09-30,2021-08-25,12945000.0,5854942000.0,5190969500.0,330852000.0,5524090000.0,0.509,8.102,-76395000.0,151848000.0,151848000.0,962723000.0,86295000.0,2.636,0.29,0.0,0.0,0.0,0.0,28031000.0,116316000.0,0.0,0.0,0.0,421070000.0,537386000.0,0.203,537386000.0,421070000.0,236495000.0,,,,4540134000.0,3315077500.0,4540134000.0,3898905261.0,9.0,7.255,-20202000.0,-0.036,1.0,1678021000.0,0.635,2074132000.0,184575000.0,3503450000.0,3455658000.0,0.0,3160788000.0,0.0,3160788000.0,1314808000.0,125512000.0,1189296000.0,4051698261.0,-294157000.0,-140430000.0,0.0,88887000.0,0.0,-89210000.0,-264863000.0,-36388000.0,56193000.0,3723000.0,86295000.0,86295000.0,86295000.0,0.0,0.0,0.033,1267008000.0,411013000.0,39733000.0,,0.892,46.952,,270838000.0,0.0,7.23,1.534,1.534,159654000.0,-1189105000.0,2640744000.0,2640744000.0,0.0,0.017,0.026,0.122,0.159,49061000.0,1054361000.0,1.0,560400866.0,560400866.0,,4.712,3780810000.0,0.0,150200000.0,1168116000.0,6.747,205340000.0
60,DISCA,MRT,2006-06-30,2006-06-30,2006-06-30,2021-08-25,7912000.0,5884935000.0,5183405000.0,306478000.0,5578457000.0,0.509,8.229,-80931000.0,152793000.0,152793000.0,960543000.0,164117000.0,3.116,0.276,0.0,0.0,0.0,0.0,17850000.0,118164000.0,0.0,0.0,0.0,517298000.0,635462000.0,0.241,635462000.0,517298000.0,332723000.0,,,,4611524000.0,3321809500.0,4611524000.0,3948519074.0,8.0,6.214,-10994000.0,-0.02,1.0,1678259000.0,0.636,2166709000.0,184575000.0,3467084000.0,3418458500.0,0.0,3127381000.0,0.0,3127381000.0,1273411000.0,98349000.0,1175062000.0,4099340074.0,-76540000.0,-140430000.0,0.0,88887000.0,0.0,111469000.0,-261669000.0,-35997000.0,69937000.0,3723000.0,164117000.0,164117000.0,164117000.0,0.0,0.0,0.062,1171299000.0,506960000.0,30660000.0,,0.889,24.978,,264706000.0,0.0,7.315,1.553,1.553,137750000.0,-1112472000.0,2638802000.0,2638802000.0,0.0,0.032,0.049,0.151,0.196,48967000.0,1053423000.0,1.0,560401924.0,560401924.0,,4.709,3718226000.0,0.0,168606000.0,1154601000.0,6.635,208129000.0
61,DISCA,MRT,2006-03-31,2006-03-31,2006-03-31,2021-08-25,1564000.0,5849381000.0,5108133500.0,312593000.0,5536788000.0,0.519,8.192,-92565000.0,150821000.0,150821000.0,966510000.0,154410000.0,3.255,0.274,0.0,0.0,0.0,0.0,16326000.0,122103000.0,0.0,0.0,0.0,500791000.0,622894000.0,0.235,622894000.0,500791000.0,316216000.0,,,,4591010000.0,3260975250.0,4591010000.0,6765472025.0,14.0,10.861,-24409000.0,-0.044,1.0,1684522000.0,0.635,2165961000.0,184575000.0,3436564000.0,3386356500.0,0.0,3091497000.0,0.0,3091497000.0,1258371000.0,96035000.0,1162336000.0,4203053025.0,-82862000.0,-140430000.0,0.0,88887000.0,0.0,115592000.0,-270333000.0,-34511000.0,68156000.0,3723000.0,154410000.0,154410000.0,154410000.0,0.0,0.0,0.058,1176292000.0,508230000.0,31897000.0,,0.915,27.22,,259104000.0,0.0,7.5,1.585,1.585,142583000.0,-1126206000.0,2651032000.0,2651032000.0,0.0,0.03,0.047,0.148,0.189,49798000.0,1054310000.0,1.0,560407070.0,560407070.0,,4.731,3683420000.0,0.0,161806000.0,1140780000.0,6.573,216558000.0
62,DISCA,MRT,2005-12-31,2005-12-31,2005-12-31,2021-08-25,9859000.0,3174620000.0,3205153000.0,831369000.0,2343251000.0,0.834,-0.861,-99684000.0,34491000.0,34491000.0,979765000.0,159620000.0,1.201,-7.017,2596910000.0,6470000.0,2590440000.0,2596910000.0,89803000.0,123209000.0,0.0,0.0,0.0,506538000.0,629747000.0,0.236,629747000.0,506538000.0,321963000.0,,,,-482358000.0,-555142000.0,-482358000.0,4017519198.0,8.0,6.38,-30791000.0,-0.055,1.0,1691989000.0,0.633,1629040000.0,184575000.0,3415534000.0,3365611000.0,30714000.0,11528000.0,0.0,11528000.0,3384476000.0,692465000.0,2692011000.0,4245022198.0,10209000.0,-93637000.0,0.0,88887000.0,0.0,116833000.0,-179240000.0,14664000.0,68893000.0,3723000.0,159620000.0,159620000.0,159620000.0,0.0,0.0,0.06,1178025000.0,513964000.0,429346000.0,,-8.801,26.595,,397578000.0,0.0,7.575,1.589,1.589,565407000.0,-513311000.0,2671754000.0,2671754000.0,0.0,0.05,-0.288,0.151,0.19,49465000.0,1054816000.0,1.0,560398970.0,560398970.0,,4.768,1545580000.0,158081000.0,162343000.0,51226000.0,2.758,138904000.0
63,DISCA,MRT,2005-09-30,2005-09-30,2005-09-30,2021-08-25,1786000.0,5824684000.0,,394634000.0,5430050000.0,,8.148,-107164000.0,227503000.0,227503000.0,907002000.0,139700000.0,3.778,0.275,0.0,0.0,0.0,0.0,15501000.0,130369000.0,0.0,0.0,0.0,473499000.0,603868000.0,0.249,603868000.0,473499000.0,306079000.0,,,,4567062000.0,,4567062000.0,4033037900.0,9.0,6.679,15794000.0,0.028,1.0,1520243000.0,0.626,2138071000.0,167420000.0,3354652000.0,,0.0,3011716000.0,0.0,3011716000.0,1257622000.0,104458000.0,1153164000.0,4043868900.0,165721000.0,-149474000.0,0.0,148785000.0,0.0,287630000.0,-247402000.0,0.0,122958000.0,2535000.0,139700000.0,139700000.0,139700000.0,0.0,0.0,0.058,1054621000.0,465622000.0,37223000.0,,0.885,28.947,,273718000.0,0.0,7.215,1.666,1.666,148510000.0,-1149056000.0,2427245000.0,2427245000.0,0.0,,,,0.195,71506000.0,947576000.0,1.0,560480790.0,560480790.0,,4.331,3686613000.0,0.0,166379000.0,1128136000.0,6.578,290176000.0
64,DISCA,MRT,2005-06-30,2005-06-30,2005-06-30,2021-08-25,4899000.0,5583849000.0,,178630000.0,5405219000.0,,7.794,-102941000.0,10831000.0,10831000.0,888947000.0,154697000.0,1.884,0.278,0.0,0.0,0.0,0.0,16376000.0,130789000.0,0.0,,0.0,463528000.0,594317000.0,0.246,594317000.0,463528000.0,296108000.0,,,,4368187000.0,,4368187000.0,,,,14733000.0,0.026,1.0,1522288000.0,0.631,2139539000.0,167420000.0,3338676000.0,,0.0,2979955000.0,0.0,2979955000.0,1215662000.0,94803000.0,1120859000.0,,-42606000.0,-149474000.0,0.0,148785000.0,0.0,86953000.0,-249768000.0,0.0,117674000.0,2535000.0,154697000.0,154697000.0,154697000.0,0.0,0.0,0.064,1051799000.0,470489000.0,34646000.0,,,,,270072000.0,0.0,,,,146336000.0,-1150245000.0,2411235000.0,2411235000.0,0.0,,,,0.192,71932000.0,944085000.0,1.0,560480790.0,560480790.0,,4.302,3444310000.0,0.0,141411000.0,1096834000.0,6.145,83827000.0
65,DISCA,MRT,2005-03-31,2005-03-31,2005-03-31,2021-08-25,,,,,,,,,,,869420000.0,172927000.0,,,,,,,,,,,0.0,487002000.0,,,,487002000.0,319582000.0,,,,,,,,,,,,1.0,1524273000.0,0.637,,167420000.0,,,,,,,,,,,,,,,,,,,,,172927000.0,172927000.0,172927000.0,0.0,0.0,0.072,1043139000.0,481134000.0,,,,,,,0.0,,,,,,2393693000.0,2393693000.0,0.0,,,,0.203,,935948000.0,1.0,560480790.0,560480790.0,,4.271,,,146655000.0,,,
66,DISCA,MRT,2004-12-31,2004-12-31,2004-12-31,2021-08-25,23911000.0,3235686000.0,3214948500.0,835450000.0,2400236000.0,0.736,-1.12,-66093000.0,24282000.0,24282000.0,846316000.0,168022000.0,0.949,-5.644,2508023000.0,9736000.0,2498287000.0,2508023000.0,95585000.0,129011000.0,0.0,,0.0,477241000.0,606252000.0,0.256,606252000.0,477241000.0,309821000.0,,,,-627926000.0,-714845500.0,-627926000.0,,,,58611000.0,0.105,1.0,1519030000.0,0.642,1523178000.0,167420000.0,3315688000.0,2946825500.0,32567000.0,74450000.0,0.0,74450000.0,3544045000.0,880561000.0,2663484000.0,,-9793000.0,-183531000.0,0.0,148785000.0,0.0,112592000.0,-249624000.0,0.0,124704000.0,2535000.0,168022000.0,168022000.0,168022000.0,0.0,0.0,0.071,1034859000.0,484171000.0,504223000.0,,,,,380290000.0,0.0,,,,527659000.0,-672931000.0,2365346000.0,2365346000.0,0.0,0.052,-0.235,0.162,0.202,71515000.0,927855000.0,1.0,560480790.0,560480790.0,,4.22,1712508000.0,259279000.0,141799000.0,21123000.0,3.055,-45111000.0
67,DISCA,MRT,2004-09-30,2004-09-30,2004-09-30,2021-08-25,,,,,,,,,,,,,,,,,,,,,,,0.0,,,,,,,,,,,,,,,,,,1.0,,,,,,,,,,,,,,,,,,,,,,,,,,,,,,,,,,,,,,,,,,,,,,,,,,,,,,1.0,,,,,,,,,,
68,DISCA,MRT,2004-06-30,2004-06-30,2004-06-30,2021-08-25,,,,,,,,,,,,,,,,,,,,,,,0.0,,,,,,,,,,,,,,,,,,1.0,,,,,,,,,,,,,,,,,,,,,,,,,,,,,,,,,,,,,,,,,,,,,,,,,,,,,,1.0,,,,,,,,,,
69,DISCA,MRT,2003-12-31,2003-12-31,2003-12-31,2021-08-25,18094000.0,3194211000.0,,858383000.0,2335828000.0,,,-109956000.0,34075000.0,34075000.0,751578000.0,63237000.0,0.558,-4.472,2351692000.0,517750000.0,1833942000.0,2351692000.0,0.0,120172000.0,0.0,,0.0,297431000.0,417603000.0,0.209,417603000.0,297431000.0,138022000.0,,,,-801765000.0,,-801765000.0,,,,44340000.0,,1.0,1243469000.0,0.623,1395067000.0,159409000.0,2577963000.0,,37004000.0,60765000.0,0.0,60765000.0,3585724000.0,1538798000.0,2046926000.0,,251000.0,-59615000.0,-55334000.0,-12638000.0,0.0,14311000.0,-169571000.0,0.0,154296000.0,1215000.0,63237000.0,63237000.0,63237000.0,0.0,0.0,0.032,929308000.0,314161000.0,541591000.0,,,,,360411000.0,0.0,,,,466747000.0,-840953000.0,1995047000.0,1995047000.0,0.0,,,,0.149,74119000.0,735017000.0,1.0,,,,,1799144000.0,379461000.0,74785000.0,10564000.0,,-680415000.0
70,DISCA,MRT,2002-12-31,2002-12-31,2002-12-31,2021-08-25,,,,,,,,-138777000.0,,,699737000.0,-48056000.0,,,,,,,,112841000.0,,,0.0,105202000.0,218043000.0,0.127,218043000.0,105202000.0,-58113000.0,,,,,,,,,,233000.0,,1.0,1017038000.0,0.592,,163315000.0,,,,,,,,,,,-4064000.0,65485000.0,-109000000.0,61759000.0,0.0,-82260000.0,-60814000.0,12478000.0,139010000.0,0.0,-48056000.0,-48056000.0,-48056000.0,0.0,0.0,-0.028,848111000.0,168927000.0,,,,,,,0.0,,,,,,1716775000.0,1716775000.0,0.0,,,,0.061,96865000.0,638405000.0,1.0,,,,,,,-10057000.0,,,
