None,ticker,dimension,calendardate,datekey,reportperiod,lastupdated,accoci,assets,assetsavg,assetsc,assetsnc,assetturnover,bvps,capex,cashneq,cashnequsd,cor,consolinc,currentratio,de,debt,debtc,debtnc,debtusd,deferredrev,depamor,deposits,divyield,dps,ebit,ebitda,ebitdamargin,ebitdausd,ebitusd,ebt,eps,epsdil,epsusd,equity,equityavg,equityusd,ev,evebit,evebitda,fcf,fcfps,fxusd,gp,grossmargin,intangibles,intexp,invcap,invcapavg,inventory,investments,investmentsc,investmentsnc,liabilities,liabilitiesc,liabilitiesnc,marketcap,ncf,ncfbus,ncfcommon,ncfdebt,ncfdiv,ncff,ncfi,ncfinv,ncfo,ncfx,netinc,netinccmn,netinccmnusd,netincdis,netincnci,netmargin,opex,opinc,payables,payoutratio,pb,pe,pe1,ppnenet,prefdivis,price,ps,ps1,receivables,retearn,revenue,revenueusd,rnd,roa,roe,roic,ros,sbcomp,sgna,sharefactor,sharesbas,shareswa,shareswadil,sps,tangibles,taxassets,taxexp,taxliabilities,tbvps,workingcapital
0,REGN,MRY,2020-12-31,2020-12-31,2020-12-31,2021-08-05,29300000.0,17163300000.0,15858375000.0,9779100000.0,7384200000.0,0.536,102.466,-614600000.0,2193700000.0,2193700000.0,1119900000.0,3513200000.0,3.625,0.557,2695700000.0,0.0,2695700000.0,2695700000.0,635500000.0,235900000.0,0.0,0.0,0.0,3867300000.0,4103200000.0,0.483,4103200000.0,3867300000.0,3810400000.0,32.65,30.52,32.65,11025300000.0,10585300000.0,11025300000.0,52672663201.0,14.0,12.837,2003500000.0,18.62,1.0,7377200000.0,0.868,0.0,56900000.0,14967900000.0,13248800000.0,1916600000.0,4528900000.0,1393300000.0,3135600000.0,6138000000.0,2697400000.0,3440600000.0,51550863201.0,577000000.0,0.0,-3952400000.0,1981900000.0,0.0,-1970500000.0,-70600000.0,544000000.0,2618100000.0,0.0,3513200000.0,3513200000.0,3513200000.0,0.0,0.0,0.413,3800600000.0,3576600000.0,475500000.0,0.0,4.676,14.673,14.797,3221600000.0,0.0,483.11,6.067,6.118,4114700000.0,10893000000.0,8497100000.0,8497100000.0,2735000000.0,0.222,0.332,0.292,0.455,432000000.0,1346000000.0,1.0,106706264.0,107600000.0,115100000.0,78.969,17163300000.0,858900000.0,297200000.0,0.0,159.51,7081700000.0
1,REGN,MRY,2019-12-31,2019-12-31,2019-12-31,2021-08-05,21100000.0,14805200000.0,13693225000.0,7689100000.0,7116100000.0,0.479,101.554,-429600000.0,1617800000.0,1617800000.0,765100000.0,2115800000.0,3.667,0.335,713900000.0,0.0,713900000.0,713900000.0,487400000.0,210300000.0,0.0,0.0,0.0,2459300000.0,2669600000.0,0.407,2669600000.0,2459300000.0,2429100000.0,19.38,18.46,19.38,11089700000.0,10198675000.0,11089700000.0,40554013467.0,16.0,15.191,2000400000.0,18.319,1.0,5792500000.0,0.883,0.0,30200000.0,11804700000.0,11194400000.0,1415500000.0,4853300000.0,1596500000.0,3256800000.0,3715500000.0,2096600000.0,1618900000.0,41226113467.0,150100000.0,0.0,-252100000.0,0.0,0.0,-252100000.0,-2027800000.0,-1598200000.0,2430000000.0,0.0,2115800000.0,2115800000.0,2115800000.0,0.0,0.0,0.323,3582700000.0,2209800000.0,418100000.0,0.0,3.718,19.485,19.375,2890400000.0,0.0,375.48,6.287,6.253,2785600000.0,7379800000.0,6557600000.0,6557600000.0,2450000000.0,0.155,0.207,0.22,0.375,464300000.0,1341900000.0,1.0,109795764.0,109200000.0,114600000.0,60.051,14805200000.0,824200000.0,313300000.0,0.0,135.579,5592500000.0
2,REGN,MRY,2018-12-31,2018-12-31,2018-12-31,2021-08-05,-12300000.0,11734500000.0,10466197250.0,6447600000.0,5286900000.0,0.492,81.161,-383100000.0,1467700000.0,1467700000.0,417500000.0,2444400000.0,4.469,0.34,708500000.0,0.0,708500000.0,708500000.0,916700000.0,148200000.0,0.0,0.0,0.0,2581700000.0,2729900000.0,0.531,2729900000.0,2581700000.0,2553500000.0,22.65,21.29,22.65,8757300000.0,7594917500.0,8757300000.0,40044969654.0,16.0,14.669,1812000000.0,16.793,1.0,4728100000.0,0.919,0.0,28200000.0,9532500000.0,8685292500.0,1151200000.0,3097200000.0,1342200000.0,1755000000.0,2977200000.0,1442800000.0,1534400000.0,40425609654.0,655000000.0,0.0,-77100000.0,0.0,0.0,-77100000.0,-1463000000.0,-1069900000.0,2195100000.0,0.0,2444400000.0,2444400000.0,2444400000.0,0.0,0.0,0.475,2193700000.0,2534400000.0,218200000.0,0.0,4.616,16.538,16.49,2575800000.0,0.0,373.5,7.856,7.832,2243200000.0,5254300000.0,5145600000.0,5145600000.0,1468800000.0,0.234,0.322,0.297,0.502,427400000.0,1127200000.0,1.0,108234564.0,107900000.0,114800000.0,47.689,11734500000.0,828700000.0,109100000.0,0.0,108.753,5004800000.0
3,REGN,MRY,2017-12-31,2017-12-31,2017-12-31,2021-08-05,600000.0,8764300000.0,8347313250.0,4335000000.0,4429300000.0,0.703,57.8,-272600000.0,812700000.0,812700000.0,397100000.0,1198500000.0,3.818,0.426,703500000.0,0.0,703500000.0,703500000.0,949300000.0,145500000.0,0.0,0.0,0.0,2103600000.0,2249100000.0,0.383,2249100000.0,2103600000.0,2078500000.0,11.27,10.34,11.27,6144100000.0,5645613000.0,6144100000.0,40303249279.0,19.0,17.92,1034500000.0,9.732,1.0,5475100000.0,0.932,0.0,25100000.0,7519600000.0,7107895750.0,726100000.0,2083300000.0,596800000.0,1486500000.0,2620200000.0,1135500000.0,1484700000.0,40392997279.0,277500000.0,0.0,-61500000.0,37100000.0,0.0,-24400000.0,-1005200000.0,-732600000.0,1307100000.0,0.0,1198500000.0,1198500000.0,1198500000.0,0.0,0.0,0.204,3395500000.0,2079600000.0,178200000.0,0.0,6.574,33.703,33.359,2358600000.0,0.0,375.96,6.879,6.806,1974300000.0,2946700000.0,5872200000.0,5872200000.0,2075100000.0,0.144,0.212,0.296,0.358,507300000.0,1320400000.0,1.0,107439614.0,106300000.0,115900000.0,55.242,8764300000.0,506300000.0,880000000.0,0.0,82.449,3199500000.0
4,REGN,MRY,2016-12-31,2016-12-31,2016-12-31,2021-08-05,-12840000.0,6973466000.0,6477712750.0,3180188000.0,3793278000.0,0.75,42.495,-511900000.0,535203000.0,535203000.0,299700000.0,895500000.0,2.562,0.567,481126000.0,129557000.0,351569000.0,481126000.0,1062436000.0,104700000.0,0.0,0.0,0.0,1337000000.0,1441700000.0,0.297,1441700000.0,1337000000.0,1329800000.0,8.55,7.7,8.55,4449245000.0,4195520000.0,4449245000.0,38178961060.0,29.0,26.482,974000000.0,9.303,1.0,4560700000.0,0.938,0.0,7200000.0,5677894000.0,5179426750.0,399356000.0,1367741000.0,503481000.0,864260000.0,2524221000.0,1241495000.0,1282726000.0,38717092060.0,-261400000.0,0.0,-16500000.0,-40600000.0,0.0,-700500000.0,-1046800000.0,-534900000.0,1485900000.0,0.0,895500000.0,895500000.0,895500000.0,0.0,0.0,0.184,3230000000.0,1330700000.0,879096000.0,0.0,8.702,43.235,42.935,2083421000.0,0.0,367.09,7.966,7.908,1611620000.0,1748222000.0,4860400000.0,4860400000.0,2052300000.0,0.138,0.213,0.258,0.275,559900000.0,1177700000.0,1.0,105470299.0,104700000.0,116300000.0,46.422,6973466000.0,825303000.0,434300000.0,0.0,66.604,1938693000.0
5,REGN,MRY,2015-12-31,2015-12-31,2015-12-31,2021-08-05,8572000.0,5609132000.0,4879397500.0,2915095000.0,2694037000.0,0.841,35.463,-677933000.0,809102000.0,809102000.0,392709000.0,636056000.0,3.594,0.535,362919000.0,0.0,362919000.0,362919000.0,818166000.0,74909000.0,0.0,0.0,0.0,1239338000.0,1314247000.0,0.32,1314247000.0,1239338000.0,1225097000.0,6.17,5.52,6.17,3654837000.0,3315398000.0,3654837000.0,56234063922.0,45.0,42.788,652847000.0,6.335,1.0,3711019000.0,0.904,0.0,14241000.0,4351787000.0,4022480250.0,238578000.0,868283000.0,236121000.0,632162000.0,1954295000.0,811162000.0,1143133000.0,56493783922.0,160383000.0,0.0,45821000.0,-140447000.0,0.0,-262796000.0,-907601000.0,-229668000.0,1330780000.0,0.0,636056000.0,636056000.0,636056000.0,0.0,0.0,0.155,2459103000.0,1251916000.0,644112000.0,0.0,15.457,88.819,87.985,1594120000.0,0.0,542.87,13.766,13.634,1467793000.0,852700000.0,4103728000.0,4103728000.0,1620577000.0,0.13,0.192,0.308,0.302,459049000.0,838526000.0,1.0,104065032.0,103061000.0,115230000.0,39.818,5609132000.0,461945000.0,589041000.0,0.0,54.425,2103933000.0
6,REGN,MRY,2014-12-31,2014-12-31,2014-12-31,2021-08-05,52251000.0,3837672000.0,3573391250.0,2084759000.0,1752913000.0,0.789,25.347,-333006000.0,648719000.0,648719000.0,205018000.0,338126000.0,3.184,0.505,457711000.0,0.0,457711000.0,457711000.0,209274000.0,52686000.0,0.0,0.0,0.0,798607000.0,851293000.0,0.302,851293000.0,798607000.0,761235000.0,3.36,2.98,3.36,2550251000.0,2420532250.0,2550251000.0,41626939889.0,52.0,48.898,419429000.0,4.169,1.0,2614539000.0,0.927,0.0,37372000.0,2992004000.0,3071694250.0,128861000.0,711915000.0,251761000.0,460154000.0,1287421000.0,654660000.0,632761000.0,41708179889.0,113111000.0,0.0,-141539000.0,-221734000.0,0.0,-218547000.0,-420777000.0,-87771000.0,752435000.0,0.0,338126000.0,338126000.0,338126000.0,0.0,0.0,0.12,1790620000.0,823919000.0,483489000.0,0.0,16.355,123.351,122.098,974309000.0,0.0,410.25,14.792,14.639,976372000.0,216644000.0,2819557000.0,2819557000.0,1271353000.0,0.095,0.14,0.26,0.283,321750000.0,519267000.0,1.0,101665277.0,100612000.0,113413000.0,28.024,3837672000.0,315416000.0,423109000.0,0.0,38.143,1430099000.0
7,REGN,MRY,2013-12-31,2013-12-31,2013-12-31,2021-08-05,-1188000.0,2951013000.0,2561421250.0,1796934000.0,1154079000.0,0.822,19.936,-156323000.0,535608000.0,535608000.0,155355000.0,413738000.0,6.013,0.512,504573000.0,0.0,504573000.0,504573000.0,231199000.0,41204000.0,0.0,0.0,0.0,742819000.0,784023000.0,0.373,784023000.0,742819000.0,696382000.0,4.23,3.72,4.23,1952076000.0,1635483000.0,1952076000.0,27582949373.0,37.0,35.181,432273000.0,4.415,1.0,1949390000.0,0.926,0.0,46437000.0,2621143000.0,2459754750.0,70354000.0,548267000.0,158376000.0,389891000.0,998937000.0,298835000.0,700102000.0,27363985373.0,305332000.0,0.0,-137694000.0,-2024000.0,0.0,72191000.0,-355455000.0,-199132000.0,588596000.0,0.0,413738000.0,413738000.0,413738000.0,0.0,0.0,0.197,1206340000.0,743050000.0,250896000.0,0.0,14.018,66.138,65.069,526983000.0,0.0,275.24,13.001,12.805,954967000.0,-92692000.0,2104745000.0,2104745000.0,859947000.0,0.162,0.253,0.302,0.353,215377000.0,346393000.0,1.0,99418636.0,97917000.0,111290000.0,21.495,2951013000.0,276555000.0,282644000.0,0.0,30.138,1498099000.0
8,REGN,MRY,2012-12-31,2012-12-31,2012-12-31,2021-08-05,-1166000.0,2080490000.0,1637191000.0,1206012000.0,874478000.0,0.842,13.153,-49337000.0,230276000.0,230276000.0,84455000.0,750269000.0,7.374,0.671,457328000.0,1374000.0,455954000.0,457328000.0,259173000.0,36940000.0,0.0,0.0,0.0,459725000.0,496665000.0,0.36,496665000.0,459725000.0,414421000.0,7.92,6.75,7.92,1245385000.0,787522500.0,1245385000.0,16851324115.0,37.0,33.929,-123952000.0,-1.309,1.0,1294022000.0,0.939,0.0,45304000.0,2143992000.0,1685841500.0,28638000.0,357235000.0,77819000.0,279416000.0,835105000.0,163550000.0,671555000.0,16518587115.0,-253334000.0,0.0,-99751000.0,-2203000.0,0.0,-97646000.0,-81073000.0,-31736000.0,-74615000.0,0.0,750269000.0,750269000.0,750269000.0,0.0,0.0,0.544,836309000.0,457713000.0,111345000.0,0.0,13.264,22.017,21.6,379940000.0,0.0,171.07,11.983,11.75,693120000.0,-517054000.0,1378477000.0,1378477000.0,625554000.0,0.458,0.953,0.273,0.334,94157000.0,210755000.0,1.0,96560397.0,94685000.0,115382000.0,14.559,2080490000.0,340156000.0,-335848000.0,0.0,21.973,1042462000.0
9,REGN,MRY,2011-12-31,2011-12-31,2011-12-31,2021-08-05,-1862000.0,1323583000.0,1106942750.0,665777000.0,657806000.0,0.403,5.361,-57217000.0,483610000.0,483610000.0,4216000.0,-221760000.0,4.49,1.725,435533000.0,1006000.0,434527000.0,435533000.0,300250000.0,31082000.0,0.0,0.0,0.0,-201610000.0,-170528000.0,-0.383,-170528000.0,-201610000.0,-222892000.0,-2.45,-2.45,-2.45,485732000.0,477527500.0,485732000.0,5085477497.0,-25.0,-29.822,-198899000.0,-2.195,1.0,441608000.0,0.991,0.0,21282000.0,1127235000.0,933718000.0,0.0,326940000.0,43332000.0,283608000.0,837851000.0,148271000.0,689580000.0,5131470497.0,371038000.0,0.0,18509000.0,389440000.0,0.0,384249000.0,128471000.0,185688000.0,-141682000.0,0.0,-221760000.0,-221760000.0,-221760000.0,0.0,0.0,-0.497,646767000.0,-205159000.0,95625000.0,0.0,10.564,-23.14,-22.624,367955000.0,0.0,55.43,11.51,11.266,103035000.0,-1267323000.0,445824000.0,445824000.0,529506000.0,-0.2,-0.464,-0.216,-0.452,56094000.0,117261000.0,1.0,92575690.0,90610000.0,90610000.0,4.92,1323583000.0,0.0,-1132000.0,0.0,14.607,517506000.0
10,REGN,MRY,2010-12-31,2010-12-31,2010-12-31,2021-08-05,-2491000.0,1089432000.0,902415500.0,357622000.0,731810000.0,0.509,6.365,-99689000.0,112572000.0,112572000.0,2093000.0,-104468000.0,3.279,1.064,160030000.0,675000.0,159355000.0,160030000.0,340579000.0,19687000.0,0.0,0.0,0.0,-95350000.0,-75663000.0,-0.165,-75663000.0,-95350000.0,-104468000.0,-1.26,-1.26,-1.26,527815000.0,408341500.0,527815000.0,2532007844.0,-27.0,-33.464,-467000.0,-0.006,1.0,456981000.0,0.995,0.0,9118000.0,1027834000.0,775323000.0,0.0,514367000.0,136796000.0,377571000.0,561617000.0,109056000.0,452561000.0,2701677844.0,-94503000.0,0.0,196790000.0,46516000.0,0.0,243306000.0,-437031000.0,-337342000.0,99222000.0,0.0,-104468000.0,-104468000.0,-104468000.0,0.0,0.0,-0.228,554453000.0,-97472000.0,53658000.0,0.0,5.119,-25.861,-26.056,347450000.0,0.0,32.83,5.885,5.93,81917000.0,-1045563000.0,459074000.0,459074000.0,489252000.0,-0.116,-0.256,-0.123,-0.208,39897000.0,65201000.0,1.0,82292959.0,82926000.0,82926000.0,5.536,1089432000.0,0.0,0.0,0.0,13.137,248566000.0
11,REGN,MRY,2009-12-31,2009-12-31,2009-12-31,2021-08-05,1044000.0,741202000.0,726790000.0,425508000.0,315694000.0,0.522,4.973,-97318000.0,207075000.0,207075000.0,1686000.0,-67830000.0,4.547,0.868,109022000.0,0.0,109022000.0,109022000.0,182428000.0,14247000.0,0.0,0.0,0.0,-69615000.0,-55368000.0,-0.146,-55368000.0,-69615000.0,-71952000.0,-0.85,-0.85,-0.85,396762000.0,410007750.0,396762000.0,1757003915.0,-25.0,-31.733,-167254000.0,-2.096,1.0,377582000.0,0.996,0.0,2337000.0,549574000.0,444398000.0,0.0,182935000.0,134255000.0,48680000.0,344440000.0,93575000.0,250865000.0,1946353915.0,-40721000.0,0.0,8598000.0,22765000.0,0.0,31363000.0,-2148000.0,95170000.0,-69936000.0,0.0,-67830000.0,-67830000.0,-67830000.0,0.0,0.0,-0.179,451685000.0,-74103000.0,49031000.0,0.0,4.906,-28.695,-28.447,259676000.0,0.0,24.18,5.132,5.086,65568000.0,-941095000.0,379268000.0,379268000.0,398762000.0,-0.093,-0.165,-0.157,-0.184,31259000.0,52923000.0,1.0,80494372.0,79782000.0,79782000.0,4.754,741202000.0,0.0,-4122000.0,0.0,9.29,331933000.0
12,REGN,MRY,2008-12-31,2008-12-31,2008-12-31,2021-08-05,-114000.0,724220000.0,833053000.0,521442000.0,202778000.0,0.286,5.347,-34857000.0,249446000.0,249446000.0,923000.0,-79129000.0,6.232,0.718,54182000.0,0.0,54182000.0,54182000.0,209925000.0,11287000.0,0.0,0.0,0.0,-69026000.0,-57739000.0,-0.242,-57739000.0,-69026000.0,-76778000.0,-1.0,-1.0,-1.0,421514000.0,442511750.0,421514000.0,1263500203.0,-18.0,-21.883,-123943000.0,-1.572,1.0,237534000.0,0.996,0.0,7752000.0,445284000.0,407300250.0,0.0,278015000.0,226954000.0,51061000.0,302706000.0,83672000.0,219034000.0,1462331203.0,-251129000.0,0.0,7949000.0,-200807000.0,0.0,-192858000.0,30815000.0,65722000.0,-89086000.0,0.0,-79129000.0,-79129000.0,-79129000.0,0.0,0.0,-0.332,323783000.0,-86249000.0,36168000.0,0.0,3.469,-18.48,-18.36,142035000.0,0.0,18.36,6.132,6.069,35212000.0,-873265000.0,238457000.0,238457000.0,274903000.0,-0.095,-0.179,-0.169,-0.289,32523000.0,48880000.0,1.0,79647669.0,78827000.0,78827000.0,3.025,724220000.0,0.0,2351000.0,0.0,9.187,437770000.0
13,REGN,MRY,2007-12-31,2007-12-31,2007-12-31,2021-08-05,170000.0,936258000.0,677160750.0,797829000.0,138429000.0,0.185,6.939,-18446000.0,500525000.0,500525000.0,0.0,-106519000.0,2.813,1.034,200000000.0,200000000.0,0.0,200000000.0,236759000.0,11487000.0,0.0,0.0,0.0,-94476000.0,-82989000.0,-0.664,-82989000.0,-94476000.0,-106519000.0,-1.61,-1.61,-1.61,460267000.0,246922250.0,460267000.0,1698500390.0,-18.0,-20.467,8926000.0,0.135,1.0,125024000.0,1.0,0.0,12043000.0,352069000.0,517747500.0,0.0,345754000.0,267532000.0,78222000.0,475991000.0,283664000.0,192327000.0,1597516390.0,261049000.0,0.0,319400000.0,0.0,0.0,319400000.0,-85723000.0,-67277000.0,27372000.0,0.0,-106519000.0,-106519000.0,-106519000.0,0.0,0.0,-0.852,240397000.0,-115373000.0,39232000.0,0.0,3.471,-14.997,-15.0,58304000.0,0.0,24.15,12.778,12.813,18320000.0,-793217000.0,125024000.0,125024000.0,202468000.0,-0.157,-0.431,-0.182,-0.756,28075000.0,37929000.0,1.0,66149747.0,66334000.0,66334000.0,1.885,936258000.0,0.0,0.0,0.0,14.114,514165000.0
14,REGN,MRY,2006-12-31,2006-12-31,2006-12-31,2021-08-05,-231000.0,585090000.0,430174250.0,469984000.0,115106000.0,0.147,3.737,-2811000.0,239476000.0,239476000.0,8146000.0,-102337000.0,10.441,1.701,200000000.0,0.0,200000000.0,200000000.0,146995000.0,14592000.0,0.0,0.0,0.0,-90294000.0,-75702000.0,-1.193,-75702000.0,-90294000.0,-102337000.0,-1.77,-1.77,-1.77,216624000.0,116296750.0,216624000.0,1185377844.0,-13.0,-15.658,20264000.0,0.35,1.0,55301000.0,0.872,0.0,12043000.0,500600000.0,418345000.0,0.0,283383000.0,221400000.0,61983000.0,368466000.0,45014000.0,323452000.0,1153039844.0,53368000.0,0.0,185008000.0,0.0,0.0,185398000.0,-155105000.0,-150694000.0,23075000.0,0.0,-102337000.0,-102337000.0,-102337000.0,0.0,0.0,-1.613,162956000.0,-107655000.0,21471000.0,0.0,5.323,-11.267,-11.339,49353000.0,0.0,20.07,18.173,18.337,7493000.0,-687617000.0,63447000.0,63447000.0,137064000.0,-0.238,-0.88,-0.216,-1.423,18675000.0,25892000.0,1.0,57450914.0,57970000.0,57970000.0,1.094,585090000.0,0.0,0.0,0.0,10.093,424970000.0
15,REGN,MRY,2005-12-31,2005-12-31,2005-12-31,2021-08-05,-470000.0,423501000.0,440004000.0,341392000.0,82109000.0,0.15,2.038,-4964000.0,184508000.0,184508000.0,9557000.0,-95446000.0,8.459,2.715,200000000.0,0.0,200000000.0,200000000.0,86162000.0,15504000.0,0.0,0.0,0.0,-83400000.0,-67896000.0,-1.026,-67896000.0,-83400000.0,-95446000.0,-1.71,-1.71,-1.71,114002000.0,150306750.0,114002000.0,916891831.0,-11.0,-13.504,-35260000.0,-0.63,1.0,56636000.0,0.856,0.0,12046000.0,398636000.0,443160000.0,2904000.0,132146000.0,114037000.0,18109000.0,309499000.0,40357000.0,269142000.0,892984831.0,89279000.0,0.0,4081000.0,0.0,0.0,4081000.0,115494000.0,120458000.0,-30296000.0,0.0,-95446000.0,-95446000.0,-95446000.0,0.0,0.0,-1.442,181057000.0,-124421000.0,23337000.0,0.0,7.833,-9.356,-9.298,60535000.0,0.0,15.9,13.491,13.44,36521000.0,-585280000.0,66193000.0,66193000.0,155581000.0,-0.217,-0.635,-0.188,-1.26,21859000.0,25476000.0,1.0,56162568.0,55950000.0,55950000.0,1.183,423501000.0,0.0,0.0,0.0,7.569,301035000.0
16,REGN,MRY,2004-12-31,2004-12-31,2004-12-31,2021-08-05,-769000.0,473108000.0,485036250.0,343955000.0,129153000.0,0.359,3.294,-6174000.0,95229000.0,95229000.0,15214000.0,41699000.0,10.075,1.592,200000000.0,0.0,200000000.0,200000000.0,71693000.0,15362000.0,0.0,0.0,0.0,53874000.0,69236000.0,0.398,69236000.0,53874000.0,41699000.0,0.75,0.74,0.75,182543000.0,188913000.0,182543000.0,608334020.0,11.0,8.786,-23083000.0,-0.417,1.0,158803000.0,0.913,0.0,12175000.0,543740000.0,524814000.0,3229000.0,253683000.0,200753000.0,52930000.0,290565000.0,34139000.0,256426000.0,513381020.0,-2248000.0,0.0,614000.0,3827000.0,0.0,4441000.0,10220000.0,16394000.0,-16909000.0,0.0,41699000.0,41699000.0,41699000.0,0.0,0.0,0.24,153157000.0,5646000.0,18872000.0,0.0,2.812,12.312,12.28,71239000.0,0.0,9.21,2.95,2.933,43102000.0,-489834000.0,174017000.0,174017000.0,136095000.0,0.086,0.221,0.103,0.31,2543000.0,17062000.0,1.0,55741696.0,55419000.0,56172000.0,3.14,473108000.0,0.0,0.0,0.0,8.537,309816000.0
17,REGN,MRY,2003-12-31,2003-12-31,2003-12-31,2021-08-05,104000.0,479555000.0,451511000.0,320207000.0,159348000.0,0.127,2.726,-29656000.0,118285000.0,118285000.0,6676000.0,-107458000.0,4.391,2.484,213817000.0,13817000.0,200000000.0,213817000.0,109003000.0,12937000.0,0.0,0.0,0.0,-95526000.0,-82589000.0,-1.436,-82589000.0,-95526000.0,-107458000.0,-2.13,-2.13,-2.13,137643000.0,149325750.0,137643000.0,724162771.0,-8.0,-8.768,-35789000.0,-0.709,1.0,50821000.0,0.884,0.0,11932000.0,502164000.0,415032250.0,9006000.0,248281000.0,175489000.0,72792000.0,341912000.0,72923000.0,268989000.0,813483771.0,52438000.0,0.0,94678000.0,13506000.0,0.0,108184000.0,-49613000.0,-19957000.0,-6133000.0,0.0,-107458000.0,-107458000.0,-107458000.0,0.0,0.0,-1.869,150809000.0,-99988000.0,18933000.0,0.0,5.91,-7.57,-6.906,80723000.0,0.0,14.71,14.148,12.917,15529000.0,-531533000.0,57497000.0,57497000.0,136024000.0,-0.238,-0.72,-0.23,-1.661,2562000.0,14785000.0,1.0,55301412.0,50490000.0,50490000.0,1.139,479555000.0,0.0,0.0,0.0,9.498,247284000.0
18,REGN,MRY,2002-12-31,2002-12-31,2002-12-31,2021-08-05,471000.0,391574000.0,430620500.0,276948000.0,114626000.0,0.051,3.315,-34370000.0,80077000.0,80077000.0,6483000.0,-124377000.0,6.903,1.682,200150000.0,150000.0,200000000.0,200150000.0,15134000.0,8454000.0,0.0,0.0,0.0,-112518000.0,-104064000.0,-4.733,-104064000.0,-112518000.0,-124377000.0,-2.83,-2.83,-2.83,145981000.0,195603000.0,145981000.0,939774746.0,-8.0,-9.031,-144893000.0,-3.29,1.0,15505000.0,0.705,0.0,11859000.0,471529000.0,511492750.0,6831000.0,215169000.0,184194000.0,30975000.0,245593000.0,40118000.0,205475000.0,815111746.0,-167316000.0,0.0,2149000.0,-426000.0,0.0,1723000.0,-58516000.0,-24146000.0,-110523000.0,0.0,-124377000.0,-124377000.0,-124377000.0,0.0,0.0,-5.657,137485000.0,-121980000.0,30309000.0,0.0,5.584,-6.554,-6.541,76825000.0,0.0,18.51,37.071,37.071,4017000.0,-424075000.0,21988000.0,21988000.0,124953000.0,-0.289,-0.636,-0.22,-5.117,1793000.0,12532000.0,1.0,44036291.0,44036291.0,,0.499,391574000.0,0.0,0.0,0.0,8.892,236830000.0
19,REGN,MRY,2001-12-31,2001-12-31,2001-12-31,2021-08-05,1174000.0,495397000.0,374872500.0,394186000.0,101211000.0,0.059,6.09,-8223000.0,247393000.0,247393000.0,6509000.0,-76180000.0,17.9,0.86,200576000.0,426000.0,200150000.0,200576000.0,13636000.0,6077000.0,0.0,0.0,0.0,-73523000.0,-67446000.0,-3.069,-67446000.0,-73523000.0,-76180000.0,-1.81,-1.81,-1.81,266355000.0,299732750.0,266355000.0,1133742244.0,-15.0,-16.81,-65543000.0,-1.499,1.0,15464000.0,0.704,0.0,2657000.0,426558000.0,242460750.0,3973000.0,190990000.0,137686000.0,53304000.0,229042000.0,22022000.0,207020000.0,1231547244.0,216415000.0,0.0,158522000.0,190598000.0,0.0,349120000.0,-75385000.0,-67162000.0,-57320000.0,0.0,-76180000.0,-76180000.0,-76180000.0,0.0,0.0,-3.467,102149000.0,-86685000.0,14830000.0,0.0,4.624,-16.166,-15.558,39448000.0,0.0,28.16,56.048,56.048,2975000.0,-299698000.0,21973000.0,21973000.0,92542000.0,-0.203,-0.254,-0.303,-3.346,766000.0,9607000.0,1.0,43733922.0,43733922.0,,0.502,495397000.0,0.0,0.0,0.0,11.328,372164000.0
20,REGN,MRY,2000-12-31,2000-12-31,2000-12-31,2021-08-05,534000.0,208274000.0,189686000.0,134142000.0,74132000.0,0.312,4.955,-6495000.0,30978000.0,30978000.0,15566000.0,-23215000.0,9.73,0.144,2681000.0,612000.0,2069000.0,2681000.0,13723000.0,4421000.0,0.0,0.0,0.0,-22934000.0,-18513000.0,-0.312,-18513000.0,-22934000.0,-23215000.0,-0.66,-0.66,-0.66,182130000.0,163667000.0,182130000.0,1249713910.0,-54.0,-67.505,-34405000.0,-0.936,1.0,43710000.0,0.737,0.0,281000.0,166191000.0,136268000.0,1915000.0,123659000.0,86634000.0,37025000.0,26144000.0,13786000.0,12358000.0,1296352910.0,7281000.0,0.0,94365000.0,-1498000.0,0.0,92867000.0,-57676000.0,-51181000.0,-27910000.0,0.0,-23215000.0,-23215000.0,-23215000.0,0.0,0.0,-0.392,68986000.0,-25276000.0,9446000.0,0.0,7.118,-55.841,-53.433,36934000.0,0.0,35.266,21.87,21.87,13835000.0,-223518000.0,59276000.0,59276000.0,60559000.0,-0.122,-0.142,-0.168,-0.387,0.0,8427000.0,1.0,36759284.0,36759284.0,,1.613,208274000.0,0.0,0.0,0.0,5.666,120356000.0
21,REGN,MRY,1999-12-31,1999-12-31,1999-12-31,2021-08-05,-493000.0,136999000.0,140136750.0,73044000.0,63955000.0,0.246,3.497,-5682000.0,23697000.0,23697000.0,3612000.0,-23070000.0,5.484,0.251,4179000.0,1448000.0,2731000.0,4179000.0,15816000.0,3426000.0,0.0,0.0,0.0,-22786000.0,-19360000.0,-0.561,-19360000.0,-22786000.0,-23070000.0,-0.74,-0.74,-0.74,109532000.0,114722750.0,109532000.0,379224562.0,-17.0,-19.588,-19192000.0,-0.613,1.0,30887000.0,0.895,0.0,284000.0,104162000.0,111312000.0,4552000.0,69902000.0,42463000.0,27439000.0,27467000.0,13319000.0,14148000.0,399397562.0,3940000.0,0.0,1428000.0,-1121000.0,0.0,307000.0,17143000.0,22825000.0,-13510000.0,0.0,-23070000.0,-23070000.0,-23070000.0,0.0,0.0,-0.669,54721000.0,-23834000.0,7185000.0,0.0,3.646,-17.312,-17.23,36298000.0,0.0,12.75,11.577,11.577,624000.0,-200303000.0,34499000.0,34499000.0,48291000.0,-0.165,-0.201,-0.205,-0.66,360000.0,6430000.0,1.0,31325299.0,31325299.0,,1.101,136999000.0,0.0,0.0,0.0,4.373,59725000.0
22,REGN,MRY,1998-12-31,1998-12-31,1998-12-31,2021-08-05,228000.0,156915000.0,161476250.0,92901000.0,64014000.0,0.237,4.231,-3049000.0,19757000.0,19757000.0,5002000.0,-8625000.0,9.881,0.196,4182000.0,1116000.0,3066000.0,4182000.0,15673000.0,3019000.0,0.0,0.0,0.0,-8197000.0,-5178000.0,-0.135,-5178000.0,-8197000.0,-8625000.0,-0.28,-0.28,-0.28,131227000.0,135322000.0,131227000.0,210635654.0,-26.0,-40.679,-13267000.0,-0.428,1.0,33325000.0,0.869,0.0,428000.0,131938000.0,136269500.0,196000.0,96864000.0,66022000.0,30842000.0,25688000.0,9402000.0,16286000.0,228735654.0,-9164000.0,0.0,452000.0,-1855000.0,0.0,-1403000.0,2457000.0,5506000.0,-10218000.0,0.0,-8625000.0,-8625000.0,-8625000.0,0.0,0.0,-0.225,45904000.0,-12579000.0,5551000.0,0.0,1.743,-26.52,-26.339,33019000.0,0.0,7.375,5.968,5.968,5710000.0,-177233000.0,38327000.0,38327000.0,37047000.0,-0.053,-0.064,-0.06,-0.214,0.0,5838000.0,1.0,31015004.0,31015004.0,,1.236,156915000.0,0.0,0.0,0.0,5.059,83499000.0
23,REGN,MRY,1997-12-31,1997-12-31,1997-12-31,2021-08-05,85000.0,168380000.0,152980927.0,99640000.0,68740000.0,0.216,4.491,0.0,28921000.0,28921000.0,2617000.0,-11579000.0,9.323,0.212,5595000.0,1843000.0,3752000.0,5595000.0,18983000.0,0.0,0.0,0.0,0.0,-10844000.0,-10844000.0,-0.328,-10844000.0,-10844000.0,-11579000.0,-0.4,-0.4,-0.4,138897000.0,122914000.0,138897000.0,,,,-17212000.0,-0.557,1.0,30483000.0,0.921,0.0,735000.0,134366000.0,117077667.0,0.0,99484000.0,63602000.0,35882000.0,29483000.0,10688000.0,18795000.0,264833073.0,-12088000.0,0.0,5124000.0,0.0,0.0,5124000.0,0.0,0.0,-17212000.0,0.0,-11579000.0,-11579000.0,-11579000.0,0.0,0.0,-0.35,37924000.0,-7441000.0,4663000.0,0.0,1.907,-22.872,-21.407,32713000.0,0.0,8.563,8.001,8.001,6581000.0,-168608000.0,33100000.0,33100000.0,27770000.0,-0.076,-0.094,-0.093,-0.328,0.0,5765000.0,1.0,30927604.0,30927604.0,,1.07,168380000.0,0.0,0.0,0.0,5.444,88952000.0
24,REGN,MRY,1996-12-31,1996-12-31,1996-12-31,2021-08-05,272199.0,137581854.0,,85008679.0,52573175.0,,,-8622000.0,34475060.0,34475060.0,1115000.0,-32424000.0,7.056,0.287,8731002.0,3582905.0,5148097.0,8731002.0,17379282.0,6084000.0,0.0,0.0,0.0,-31484000.0,-25400000.0,-1.053,-25400000.0,-31484000.0,-32424000.0,-1.33,-1.33,-1.33,106930999.0,,106930999.0,,,,-28904000.0,,1.0,22999000.0,0.954,0.0,940000.0,99789334.0,,0.0,63758005.0,45587404.0,18170601.0,30650855.0,12048462.0,18602393.0,,1739000.0,0.0,69964000.0,-3640000.0,0.0,66324000.0,-44303000.0,-35681000.0,-20282000.0,0.0,-32424000.0,-32424000.0,-32424000.0,0.0,0.0,-1.345,40233000.0,-17234000.0,4357145.0,0.0,,,-12.124,34297843.0,0.0,16.125,,,4334780.0,-157029112.0,24114000.0,24114000.0,28269000.0,,,,-1.306,0.0,5880000.0,1.0,,,,,137581854.0,0.0,0.0,0.0,,72960217.0
25,REGN,MRY,1995-12-31,1995-12-31,1995-12-31,2021-08-05,,,,,,,,-3342040.0,,,72059.0,-23507274.0,,,,,,,,5905791.0,,0.0,0.0,-22302517.0,-16396726.0,-0.599,-16396726.0,-22302517.0,-23507274.0,-1.19,-1.19,-1.19,,,,,,,-21580807.0,,1.0,27312444.0,0.997,,1204757.0,,,,,,,,,,,9090112.0,0.0,23222517.0,-3283748.0,0.0,19938769.0,7390110.0,10732150.0,-18238767.0,0.0,-23507274.0,-23507274.0,-23507274.0,0.0,0.0,-0.858,35810184.0,-8497740.0,,0.0,,,-10.714,,0.0,12.75,,,,,27384503.0,27384503.0,23310088.0,,,,-0.814,0.0,5764397.0,1.0,,,,,,,0.0,,,
0,REGN,MRQ,2021-06-30,2021-06-30,2021-06-30,2021-08-05,15700000.0,21485900000.0,,13337600000.0,8148300000.0,,144.07,-148500000.0,2072200000.0,2072200000.0,693700000.0,3098900000.0,3.573,0.42,2697600000.0,718400000.0,1979200000.0,2697600000.0,570700000.0,71100000.0,0.0,0.0,0.0,3767200000.0,3838300000.0,0.747,3838300000.0,3767200000.0,3752800000.0,29.51,27.97,29.51,15127300000.0,,15127300000.0,60767776845.0,8.0,8.04,478200000.0,4.554,1.0,4444800000.0,0.865,0.0,14400000.0,18378900000.0,,1983900000.0,5738900000.0,1838600000.0,3900300000.0,6358600000.0,3732400000.0,2626200000.0,59508976845.0,634300000.0,0.0,-118200000.0,0.0,0.0,-118200000.0,125800000.0,274300000.0,626700000.0,0.0,3098900000.0,3098900000.0,3098900000.0,0.0,0.0,0.603,1097600000.0,3347200000.0,476000000.0,0.0,3.934,9.59,9.484,3358500000.0,0.0,558.54,4.805,4.736,6998600000.0,15107100000.0,5138500000.0,5138500000.0,714200000.0,,,,,145500000.0,414700000.0,1.0,106543805.0,105000000.0,110800000.0,48.938,21485900000.0,746600000.0,653900000.0,0.0,204.628,9605200000.0
1,REGN,MRQ,2021-03-31,2021-03-31,2021-03-31,2021-08-05,16200000.0,17772200000.0,,10055100000.0,7717100000.0,,113.634,-115300000.0,1437900000.0,1437900000.0,308000000.0,1115200000.0,3.125,0.484,2696700000.0,717800000.0,1978900000.0,2696700000.0,491900000.0,67400000.0,0.0,0.0,0.0,1267600000.0,1335000000.0,0.528,1335000000.0,1267600000.0,1253000000.0,10.58,10.09,10.58,11977000000.0,,11977000000.0,51190386693.0,11.0,10.874,553200000.0,5.249,1.0,2220700000.0,0.878,0.0,14600000.0,15813200000.0,,2164700000.0,5609600000.0,2065900000.0,3543700000.0,5795200000.0,3217800000.0,2577400000.0,50688386693.0,-756900000.0,0.0,-366400000.0,0.0,0.0,-366400000.0,-1059000000.0,-943700000.0,668500000.0,0.0,1115200000.0,1115200000.0,1115200000.0,0.0,0.0,0.441,1108000000.0,1112700000.0,542900000.0,0.0,4.232,12.66,12.594,3262600000.0,0.0,473.14,5.511,5.422,4173000000.0,12008200000.0,2528700000.0,2528700000.0,742900000.0,,,,,130900000.0,405600000.0,1.0,107131899.0,105400000.0,110500000.0,23.991,17772200000.0,765100000.0,137800000.0,0.0,168.617,6837300000.0
2,REGN,MRQ,2020-12-31,2020-12-31,2020-12-31,2021-08-05,29300000.0,17163300000.0,,9779100000.0,7384200000.0,,104.505,-161400000.0,2193700000.0,2193700000.0,353100000.0,1149200000.0,3.625,0.557,2695700000.0,0.0,2695700000.0,2695700000.0,635500000.0,61700000.0,0.0,0.0,0.0,1239400000.0,1301100000.0,0.537,1301100000.0,1239400000.0,1224600000.0,10.82,10.16,10.82,11025300000.0,,11025300000.0,52672663201.0,14.0,12.837,1069600000.0,10.138,1.0,2069800000.0,0.854,0.0,14800000.0,14967900000.0,,1916600000.0,4528900000.0,1393300000.0,3135600000.0,6138000000.0,2697400000.0,3440600000.0,51550863201.0,620700000.0,0.0,-305300000.0,0.0,0.0,-305300000.0,-305000000.0,-143600000.0,1231000000.0,0.0,1149200000.0,1149200000.0,1149200000.0,0.0,0.0,0.474,902800000.0,1167000000.0,475500000.0,0.0,4.676,14.673,14.797,3221600000.0,0.0,483.11,6.067,6.118,4114700000.0,10893000000.0,2422900000.0,2422900000.0,744500000.0,,,,,121500000.0,303500000.0,1.0,106706264.0,105500000.0,112100000.0,22.966,17163300000.0,858900000.0,75400000.0,0.0,162.685,7081700000.0
3,REGN,MRQ,2020-09-30,2020-09-30,2020-09-30,2021-08-05,30800000.0,16084000000.0,,9097600000.0,6986400000.0,,95.976,-153200000.0,1573000000.0,1573000000.0,274000000.0,842100000.0,3.892,0.588,2694800000.0,0.0,2694800000.0,2694800000.0,599700000.0,59300000.0,0.0,0.0,0.0,1024600000.0,1083900000.0,0.472,1083900000.0,1024600000.0,998300000.0,7.98,7.39,7.98,10125500000.0,,10125500000.0,59780034313.0,17.0,15.929,-407500000.0,-3.863,1.0,2020000000.0,0.881,0.0,26300000.0,14868000000.0,,1801600000.0,4328000000.0,1452900000.0,2875100000.0,5958500000.0,2337800000.0,3620700000.0,59556334313.0,-418100000.0,0.0,130100000.0,481900000.0,0.0,612000000.0,-775800000.0,-622600000.0,-254300000.0,0.0,842100000.0,842100000.0,842100000.0,0.0,0.0,0.367,966900000.0,1053100000.0,443100000.0,0.0,5.882,18.871,19.223,3138300000.0,0.0,559.78,7.503,7.44,4039500000.0,9743800000.0,2294000000.0,2294000000.0,684600000.0,,,,,101200000.0,326900000.0,1.0,106392394.0,105500000.0,113900000.0,21.744,16084000000.0,804200000.0,156200000.0,0.0,152.455,6759800000.0
4,REGN,MRQ,2020-06-30,2020-06-30,2020-06-30,2021-08-05,35500000.0,14428700000.0,,7860200000.0,6568500000.0,,82.641,-129900000.0,1992200000.0,1992200000.0,275500000.0,897300000.0,2.123,0.593,2215900000.0,1500000000.0,715900000.0,2215900000.0,566300000.0,58800000.0,0.0,0.0,0.0,928600000.0,987400000.0,0.506,987400000.0,928600000.0,918900000.0,8.19,7.61,8.19,9057400000.0,,9057400000.0,68681520546.0,21.0,19.633,813500000.0,7.422,1.0,1676500000.0,0.859,0.0,9700000.0,10950000000.0,,1640900000.0,3739600000.0,1152000000.0,2587600000.0,5371300000.0,3702400000.0,1668900000.0,70174520546.0,-216000000.0,0.0,-4112800000.0,1500000000.0,0.0,-2612800000.0,1453400000.0,1583300000.0,943400000.0,0.0,897300000.0,897300000.0,897300000.0,0.0,0.0,0.46,1020100000.0,656400000.0,380100000.0,0.0,7.748,23.521,22.878,3031400000.0,0.0,623.65,9.499,9.253,2811300000.0,8901700000.0,1952000000.0,1952000000.0,722000000.0,,,,,103500000.0,348300000.0,1.0,112522281.0,109600000.0,117900000.0,17.81,14428700000.0,774000000.0,21600000.0,0.0,131.649,4157800000.0
5,REGN,MRQ,2020-03-31,2020-03-31,2020-03-31,2021-08-05,-9100000.0,15757500000.0,,8644100000.0,7113400000.0,,110.501,-170100000.0,2208200000.0,2208200000.0,217300000.0,624600000.0,4.206,0.299,715200000.0,0.0,715200000.0,715200000.0,561300000.0,56100000.0,0.0,0.0,0.0,674700000.0,730800000.0,0.4,730800000.0,674700000.0,668600000.0,5.69,5.43,5.69,12133000000.0,,12133000000.0,52817672537.0,20.0,18.893,527900000.0,4.808,1.0,1610900000.0,0.881,0.0,6100000.0,12209300000.0,,1480900000.0,5031600000.0,1795200000.0,3236400000.0,3624500000.0,2055200000.0,1569300000.0,53721572537.0,590400000.0,0.0,335600000.0,0.0,0.0,335600000.0,-443200000.0,-273100000.0,698000000.0,0.0,624600000.0,624600000.0,624600000.0,0.0,0.0,0.342,910800000.0,700100000.0,347800000.0,0.0,4.428,23.569,23.43,2944600000.0,0.0,488.29,7.66,7.645,2933200000.0,8004400000.0,1828200000.0,1828200000.0,583900000.0,,,,,105800000.0,367300000.0,1.0,110019809.0,109800000.0,115100000.0,16.65,15757500000.0,771200000.0,44000000.0,0.0,143.511,6588900000.0
6,REGN,MRQ,2019-12-31,2019-12-31,2019-12-31,2021-08-05,21100000.0,14805200000.0,,7689100000.0,7116100000.0,,101.554,-139000000.0,1617800000.0,1617800000.0,221700000.0,792000000.0,3.667,0.335,713900000.0,0.0,713900000.0,713900000.0,487400000.0,54300000.0,0.0,0.0,0.0,896500000.0,950800000.0,0.51,950800000.0,896500000.0,889800000.0,7.26,6.92,7.26,11089700000.0,,11089700000.0,40554013467.0,16.0,15.191,648400000.0,5.938,1.0,1641800000.0,0.881,0.0,6700000.0,11804700000.0,,1415500000.0,4853300000.0,1596500000.0,3256800000.0,3715500000.0,2096600000.0,1618900000.0,41226113467.0,233000000.0,0.0,-345700000.0,0.0,0.0,-345700000.0,-208700000.0,-69700000.0,787400000.0,0.0,792000000.0,792000000.0,792000000.0,0.0,0.0,0.425,966100000.0,675700000.0,418100000.0,0.0,3.718,19.485,19.375,2890400000.0,0.0,375.48,6.287,6.253,2785600000.0,7379800000.0,1863500000.0,1863500000.0,552400000.0,,,,,133500000.0,451800000.0,1.0,109795764.0,109200000.0,114300000.0,17.065,14805200000.0,824200000.0,97800000.0,0.0,135.579,5592500000.0
7,REGN,MRQ,2019-09-30,2019-09-30,2019-09-30,2021-08-05,16500000.0,13939300000.0,,7109100000.0,6830200000.0,,96.018,-121700000.0,1384800000.0,1384800000.0,225500000.0,669600000.0,4.027,0.327,712700000.0,0.0,712700000.0,712700000.0,1292500000.0,52900000.0,0.0,0.0,0.0,776300000.0,829200000.0,0.476,829200000.0,776300000.0,768500000.0,6.12,5.86,6.12,10504400000.0,,10504400000.0,30133299715.0,13.0,12.323,435600000.0,3.982,1.0,1518200000.0,0.871,0.0,7800000.0,11501800000.0,,1344300000.0,4605700000.0,1493100000.0,3112600000.0,3434900000.0,1765400000.0,1669500000.0,30467499715.0,339300000.0,0.0,-11000000.0,0.0,0.0,-11000000.0,-207000000.0,-85300000.0,557300000.0,0.0,669600000.0,669600000.0,669600000.0,0.0,0.0,0.384,779700000.0,738500000.0,335600000.0,0.0,2.9,14.209,14.074,2771400000.0,0.0,277.4,6.025,6.001,2660000000.0,6587800000.0,1743700000.0,1743700000.0,526000000.0,,,,,117100000.0,304400000.0,1.0,109832371.0,109400000.0,114200000.0,15.939,13939300000.0,808300000.0,98900000.0,0.0,127.416,5343700000.0
8,REGN,MRQ,2019-06-30,2019-06-30,2019-06-30,2021-08-05,15800000.0,13173600000.0,,6651000000.0,6522600000.0,,89.34,-94600000.0,1045500000.0,1045500000.0,145800000.0,193100000.0,3.882,0.35,711300000.0,0.0,711300000.0,711300000.0,1317800000.0,52100000.0,0.0,0.0,0.0,232700000.0,284800000.0,0.181,284800000.0,232700000.0,224700000.0,1.77,1.68,1.77,9755900000.0,,9755900000.0,33318335636.0,16.0,14.52,93700000.0,0.858,1.0,1432000000.0,0.908,0.0,8000000.0,11126300000.0,,1317200000.0,4508800000.0,1624200000.0,2884600000.0,3417700000.0,1713100000.0,1704600000.0,34316935636.0,-663000000.0,0.0,-15300000.0,0.0,0.0,-15300000.0,-836000000.0,-741400000.0,188300000.0,0.0,193100000.0,193100000.0,193100000.0,0.0,0.0,0.122,1116400000.0,315600000.0,244000000.0,0.0,3.518,16.584,16.396,2676600000.0,0.0,313.0,6.896,6.868,2455900000.0,5918200000.0,1577800000.0,1577800000.0,885500000.0,,,,,105800000.0,294600000.0,1.0,109638772.0,109200000.0,114600000.0,14.449,13173600000.0,821600000.0,31600000.0,0.0,120.637,4937900000.0
9,REGN,MRQ,2019-03-31,2019-03-31,2019-03-31,2021-08-05,2800000.0,12854800000.0,,6928600000.0,5926200000.0,,86.728,-74300000.0,1708500000.0,1708500000.0,172100000.0,461100000.0,4.584,0.361,709900000.0,0.0,709900000.0,709900000.0,1343200000.0,51000000.0,0.0,0.0,0.0,553800000.0,604800000.0,0.441,604800000.0,553800000.0,546100000.0,4.23,3.99,4.23,9444700000.0,,9444700000.0,44112199347.0,17.0,16.299,822700000.0,7.555,1.0,1200500000.0,0.875,0.0,7700000.0,10344800000.0,,1208800000.0,3863700000.0,1523900000.0,2339800000.0,3410100000.0,1511400000.0,1898700000.0,44871399347.0,240800000.0,0.0,119900000.0,0.0,0.0,119900000.0,-776100000.0,-701800000.0,897000000.0,0.0,461100000.0,461100000.0,461100000.0,0.0,0.0,0.336,720500000.0,480000000.0,239600000.0,0.0,4.751,18.484,18.299,2612800000.0,0.0,410.62,8.962,8.931,2305200000.0,5725100000.0,1372600000.0,1372600000.0,486100000.0,,,,,107900000.0,291100000.0,1.0,109277189.0,108900000.0,115500000.0,12.604,12854800000.0,829300000.0,85000000.0,0.0,118.042,5417200000.0
10,REGN,MRQ,2018-12-31,2018-12-31,2018-12-31,2021-08-05,-12300000.0,11734500000.0,,6447600000.0,5286900000.0,,80.936,-85500000.0,1467700000.0,1467700000.0,100500000.0,820400000.0,4.469,0.34,708500000.0,0.0,708500000.0,708500000.0,916700000.0,42800000.0,0.0,0.0,0.0,683600000.0,726400000.0,2.003,726400000.0,683600000.0,676200000.0,7.59,7.15,7.59,8757300000.0,,8757300000.0,40044969654.0,16.0,14.669,643300000.0,5.945,1.0,262100000.0,0.723,0.0,7400000.0,9532500000.0,,1151200000.0,3097200000.0,1342200000.0,1755000000.0,2977200000.0,1442800000.0,1534400000.0,40425609654.0,379900000.0,0.0,-83000000.0,0.0,0.0,-83000000.0,-265900000.0,-180400000.0,728800000.0,0.0,820400000.0,820400000.0,820400000.0,0.0,0.0,2.263,-456000000.0,718100000.0,218200000.0,0.0,4.616,16.538,16.49,2575800000.0,0.0,373.5,7.856,7.832,2243200000.0,5254300000.0,362600000.0,362600000.0,-116000000.0,,,,,126700000.0,62300000.0,1.0,108234564.0,108200000.0,114800000.0,3.351,11734500000.0,828700000.0,-144200000.0,0.0,108.452,5004800000.0
11,REGN,MRQ,2018-09-30,2018-09-30,2018-09-30,2021-08-05,-10519000.0,10805613000.0,,5719583000.0,5086030000.0,,72.855,-106200000.0,1087843000.0,1087843000.0,110400000.0,594700000.0,4.036,0.373,707203000.0,0.0,707203000.0,707203000.0,1081792000.0,35400000.0,0.0,0.0,0.0,643300000.0,678700000.0,0.408,678700000.0,643300000.0,635900000.0,5.5,5.17,5.5,7868300000.0,,7868300000.0,43447113846.0,18.0,16.718,346700000.0,3.21,1.0,1553100000.0,0.934,0.0,7400000.0,9007743000.0,,1039679000.0,2977878000.0,1104309000.0,1873569000.0,2937313000.0,1417230000.0,1520083000.0,43659086846.0,169900000.0,0.0,3700000.0,0.0,0.0,3700000.0,-286700000.0,-170500000.0,452900000.0,0.0,594700000.0,594700000.0,594700000.0,0.0,0.0,0.357,926200000.0,626900000.0,172361000.0,0.0,5.549,24.287,24.238,2524446000.0,0.0,404.04,6.859,6.855,2202945000.0,4433904000.0,1663500000.0,1663500000.0,557000000.0,,,,,111500000.0,369200000.0,1.0,108056348.0,108000000.0,115100000.0,15.403,10805613000.0,562818000.0,41200000.0,0.0,100.052,4302353000.0
12,REGN,MRQ,2018-06-30,2018-06-30,2018-06-30,2021-08-05,-11612000.0,9951980000.0,,4814917000.0,5137063000.0,,66.664,-112000000.0,917876000.0,917876000.0,91700000.0,551400000.0,3.617,0.385,705903000.0,0.0,705903000.0,705903000.0,1027016000.0,33600000.0,0.0,0.0,0.0,663000000.0,696600000.0,0.433,696600000.0,663000000.0,656100000.0,5.12,4.82,5.12,7186426000.0,,7186426000.0,36896181798.0,15.0,14.586,282600000.0,2.622,1.0,1516300000.0,0.943,0.0,6900000.0,8408817000.0,,928553000.0,2810345000.0,765642000.0,2044703000.0,2765554000.0,1331190000.0,1434364000.0,37211027798.0,-101600000.0,0.0,-11200000.0,0.0,0.0,-11200000.0,-485000000.0,-373000000.0,394600000.0,0.0,551400000.0,551400000.0,551400000.0,0.0,0.0,0.343,894100000.0,622200000.0,171906000.0,0.0,5.178,23.385,23.294,2461614000.0,0.0,344.99,5.999,5.996,2039247000.0,3839179000.0,1608000000.0,1608000000.0,529300000.0,,,,,106800000.0,364800000.0,1.0,107861178.0,107800000.0,114500000.0,14.917,9951980000.0,545077000.0,104700000.0,0.0,92.319,3483727000.0
13,REGN,MRQ,2018-03-31,2018-03-31,2018-03-31,2021-08-05,-15594000.0,9372696000.0,,4544732000.0,4827964000.0,,61.038,-79400000.0,1019491000.0,1019491000.0,114900000.0,478000000.0,3.591,0.427,704645000.0,0.0,704645000.0,704645000.0,1056658000.0,36400000.0,0.0,0.0,0.0,591800000.0,628200000.0,0.416,628200000.0,591800000.0,585400000.0,4.44,4.16,4.44,6567644000.0,,6567644000.0,36977189359.0,16.0,15.411,539400000.0,5.013,1.0,1396600000.0,0.924,0.0,6400000.0,7792110000.0,,820397000.0,2427446000.0,605461000.0,1821985000.0,2805052000.0,1265740000.0,1539312000.0,37086469359.0,206800000.0,0.0,13400000.0,0.0,0.0,13400000.0,-425400000.0,-346000000.0,618800000.0,0.0,478000000.0,478000000.0,478000000.0,0.0,0.0,0.316,829400000.0,567200000.0,207611000.0,0.0,5.647,25.979,25.795,2394727000.0,0.0,344.36,6.115,6.11,1943932000.0,3287767000.0,1511500000.0,1511500000.0,498600000.0,,,,,82400000.0,330800000.0,1.0,107696798.0,107600000.0,114900000.0,14.047,9372696000.0,532268000.0,107400000.0,0.0,87.107,3278992000.0
14,REGN,MRQ,2017-12-31,2017-12-31,2017-12-31,2021-08-05,600000.0,8764300000.0,,4335000000.0,4429300000.0,,57.488,-107637000.0,812700000.0,812700000.0,105779000.0,173508000.0,3.818,0.426,703500000.0,0.0,703500000.0,703500000.0,949300000.0,34540000.0,0.0,0.0,0.0,560772000.0,595312000.0,0.376,595312000.0,560772000.0,554756000.0,1.61,1.5,1.61,6144100000.0,,6144100000.0,40303249279.0,19.0,17.92,459300000.0,4.298,1.0,1476641000.0,0.933,0.0,6016000.0,7519600000.0,,726100000.0,2083300000.0,596800000.0,1486500000.0,2620200000.0,1135500000.0,1484700000.0,40392997279.0,20638000.0,0.0,-210560000.0,25000.0,0.0,-210535000.0,-335764000.0,-228127000.0,566937000.0,0.0,173508000.0,173508000.0,173508000.0,0.0,0.0,0.11,937821000.0,538820000.0,178200000.0,0.0,6.574,33.703,33.359,2358600000.0,0.0,375.96,6.879,6.806,1974300000.0,2946700000.0,1582420000.0,1582420000.0,527941000.0,,,,,127156000.0,409880000.0,1.0,107439614.0,106876000.0,115618000.0,14.806,8764300000.0,506300000.0,381248000.0,0.0,82.004,3199500000.0
15,REGN,MRQ,2017-09-30,2017-09-30,2017-09-30,2021-08-05,23835000.0,8701215000.0,,4135742000.0,4565473000.0,,56.713,-59653000.0,792065000.0,792065000.0,104232000.0,388317000.0,3.632,0.438,702317000.0,0.0,702317000.0,702317000.0,1003320000.0,37719000.0,0.0,0.0,0.0,571787000.0,609506000.0,0.406,609506000.0,571787000.0,565605000.0,3.64,3.32,3.64,6051593000.0,,6051593000.0,47866761948.0,25.0,23.615,355179000.0,3.329,1.0,1396441000.0,0.931,0.0,6182000.0,7472839000.0,,641588000.0,1914182000.0,586879000.0,1327303000.0,2649622000.0,1138628000.0,1510994000.0,47909901948.0,47752000.0,0.0,-8196000.0,0.0,0.0,-8196000.0,-358884000.0,-299231000.0,414832000.0,0.0,388317000.0,388317000.0,388317000.0,0.0,0.0,0.259,836515000.0,559926000.0,818426000.0,0.0,7.917,37.486,37.044,2274529000.0,0.0,447.12,8.685,8.649,1971449000.0,2773214000.0,1500673000.0,1500673000.0,529749000.0,,,,,125097000.0,306766000.0,1.0,107152223.0,106706000.0,117028000.0,14.064,8701215000.0,927023000.0,177288000.0,0.0,81.544,2997114000.0
16,REGN,MRQ,2017-06-30,2017-06-30,2017-06-30,2021-08-05,2348000.0,8106373000.0,,3860051000.0,4246322000.0,,52.066,-54849000.0,744313000.0,744313000.0,102921000.0,387744000.0,3.751,0.468,701173000.0,0.0,701173000.0,701173000.0,1051781000.0,35126000.0,0.0,0.0,0.0,531251000.0,566377000.0,0.385,566377000.0,531251000.0,525850000.0,3.66,3.34,3.66,5520738000.0,,5520738000.0,52099403213.0,31.0,28.758,-85419000.0,-0.806,1.0,1367195000.0,0.93,0.0,5401000.0,7034216000.0,,554320000.0,1588214000.0,523537000.0,1064677000.0,2585635000.0,1029017000.0,1556618000.0,52203569213.0,-67460000.0,0.0,140583000.0,-7064000.0,0.0,133519000.0,-170409000.0,-115560000.0,-30570000.0,0.0,387744000.0,387744000.0,387744000.0,0.0,0.0,0.264,816883000.0,550312000.0,716364000.0,0.0,9.456,45.215,44.812,2261702000.0,0.0,491.14,9.97,9.946,1844547000.0,2384897000.0,1470116000.0,1470116000.0,509975000.0,,,,,121258000.0,306908000.0,1.0,106290608.0,106034000.0,116137000.0,13.865,8106373000.0,882980000.0,138106000.0,0.0,76.451,2831034000.0
17,REGN,MRQ,2017-03-31,2017-03-31,2017-03-31,2021-08-05,-5884000.0,7817365000.0,,3669263000.0,4148102000.0,,46.092,-50461000.0,811773000.0,811773000.0,84168000.0,248931000.0,2.805,0.607,707607000.0,7200000.0,700407000.0,707607000.0,1074836000.0,38115000.0,0.0,0.0,0.0,439790000.0,477905000.0,0.362,477905000.0,439790000.0,432289000.0,2.36,2.16,2.36,4866021000.0,,4866021000.0,41050993370.0,28.0,26.25,305440000.0,2.893,1.0,1234823000.0,0.936,0.0,7501000.0,6404928000.0,,466576000.0,1463006000.0,495311000.0,967695000.0,2951344000.0,1308271000.0,1643073000.0,41107353370.0,276570000.0,0.0,16673000.0,44139000.0,0.0,60812000.0,-140143000.0,-89682000.0,355901000.0,0.0,248931000.0,248931000.0,248931000.0,0.0,0.0,0.189,804281000.0,430542000.0,1061777000.0,0.0,8.448,42.685,42.212,2277029000.0,0.0,387.51,8.257,8.217,1749548000.0,1997153000.0,1318991000.0,1318991000.0,507435000.0,,,,,133789000.0,296846000.0,1.0,106080755.0,105572000.0,115106000.0,12.494,7817365000.0,866291000.0,183358000.0,0.0,74.048,2360992000.0
18,REGN,MRQ,2016-12-31,2016-12-31,2016-12-31,2021-08-05,-12840000.0,6973466000.0,,3180188000.0,3793278000.0,,42.357,-150414000.0,535203000.0,535203000.0,74687000.0,253093000.0,2.562,0.567,481126000.0,129557000.0,351569000.0,481126000.0,1062436000.0,28855000.0,0.0,0.0,0.0,344325000.0,373180000.0,0.304,373180000.0,344325000.0,341512000.0,2.41,2.19,2.41,4449245000.0,,4449245000.0,38178961060.0,29.0,26.482,239969000.0,2.285,1.0,1152113000.0,0.939,0.0,2813000.0,5677894000.0,,399356000.0,1367741000.0,503481000.0,864260000.0,2524221000.0,1241495000.0,1282726000.0,38717092060.0,-372657000.0,0.0,-59323000.0,-31182000.0,0.0,-491788000.0,-271252000.0,-120838000.0,390383000.0,0.0,253093000.0,253093000.0,253093000.0,0.0,0.0,0.206,805151000.0,346962000.0,879096000.0,0.0,8.702,43.235,42.935,2083421000.0,0.0,367.09,7.966,7.908,1611620000.0,1748222000.0,1226800000.0,1226800000.0,479211000.0,,,,,154580000.0,325940000.0,1.0,105470299.0,105042000.0,115499000.0,11.679,6973466000.0,825303000.0,88419000.0,0.0,66.387,1938693000.0
19,REGN,MRQ,2016-09-30,2016-09-30,2016-09-30,2021-08-05,-2899000.0,6828019000.0,,3501689000.0,3326330000.0,,42.842,-118556000.0,920359000.0,920359000.0,44228000.0,264804000.0,3.643,0.52,382228000.0,0.0,382228000.0,382228000.0,1100342000.0,27839000.0,0.0,0.0,0.0,366377000.0,394216000.0,0.323,394216000.0,366377000.0,365881000.0,2.53,2.27,2.53,4491247000.0,,4491247000.0,42045512302.0,35.0,32.195,532473000.0,5.079,1.0,1175894000.0,0.964,0.0,496000.0,5328703000.0,,345620000.0,1265938000.0,488032000.0,777906000.0,2336772000.0,961185000.0,1375587000.0,42330497302.0,273851000.0,0.0,24230000.0,4445000.0,0.0,28675000.0,-405853000.0,-287297000.0,651029000.0,0.0,264804000.0,264804000.0,264804000.0,0.0,0.0,0.217,813092000.0,362802000.0,714916000.0,0.0,9.425,53.086,52.62,1872167000.0,0.0,402.02,8.946,8.907,1643872000.0,1495107000.0,1220122000.0,1220122000.0,543047000.0,,,,,131379000.0,270045000.0,1.0,105294506.0,104833000.0,116466000.0,11.639,6828019000.0,655552000.0,101077000.0,0.0,65.132,2540504000.0
20,REGN,MRQ,2016-06-30,2016-06-30,2016-06-30,2021-08-05,5204000.0,6204906000.0,,3209225000.0,2995681000.0,,38.96,-138836000.0,646508000.0,646508000.0,69033000.0,196218000.0,3.373,0.522,361523000.0,0.0,361523000.0,361523000.0,884016000.0,25029000.0,0.0,0.0,0.0,293507000.0,318536000.0,0.263,318536000.0,293507000.0,292256000.0,1.88,1.69,1.88,4076506000.0,,4076506000.0,36454613033.0,30.0,27.472,260663000.0,2.491,1.0,1143596000.0,0.943,0.0,1251000.0,4968358000.0,,316073000.0,988508000.0,398656000.0,589852000.0,2128400000.0,951563000.0,1176837000.0,36696597033.0,42294000.0,0.0,-19669000.0,-11526000.0,0.0,-31195000.0,-326010000.0,-187174000.0,399499000.0,0.0,196218000.0,196218000.0,196218000.0,0.0,0.0,0.162,851968000.0,291628000.0,759643000.0,0.0,9.002,49.39,48.843,1772923000.0,0.0,349.23,7.893,7.86,1751971000.0,1230303000.0,1212629000.0,1212629000.0,559930000.0,,,,,131691000.0,292038000.0,1.0,105078593.0,104633000.0,116231000.0,11.589,6204906000.0,626191000.0,96038000.0,0.0,59.302,2257662000.0
21,REGN,MRQ,2016-03-31,2016-03-31,2016-03-31,2021-08-05,4364000.0,5904460000.0,,3133379000.0,2771081000.0,,36.102,-104094000.0,604214000.0,604214000.0,111752000.0,181385000.0,3.407,0.568,362230000.0,0.0,362230000.0,362230000.0,909371000.0,22977000.0,0.0,0.0,0.0,332791000.0,355768000.0,0.296,355768000.0,332791000.0,330151000.0,1.74,1.59,1.74,3765082000.0,,3765082000.0,37323655984.0,29.0,27.238,-59105000.0,-0.567,1.0,1089097000.0,0.907,0.0,2640000.0,4742752000.0,,303294000.0,800175000.0,244965000.0,555210000.0,2139378000.0,919724000.0,1219654000.0,37769838984.0,-204888000.0,0.0,38262000.0,-2337000.0,0.0,-206192000.0,-43685000.0,60409000.0,44989000.0,0.0,181385000.0,181385000.0,181385000.0,0.0,0.0,0.151,759789000.0,329308000.0,733276000.0,0.0,10.032,50.943,50.341,1666391000.0,0.0,360.44,8.516,8.476,1865221000.0,1018436000.0,1200849000.0,1200849000.0,470112000.0,,,,,142250000.0,289677000.0,1.0,104788145.0,104290000.0,114228000.0,11.515,5904460000.0,543689000.0,148766000.0,0.0,56.616,2213655000.0
22,REGN,MRQ,2015-12-31,2015-12-31,2015-12-31,2021-08-05,8572000.0,5609132000.0,,2915095000.0,2694037000.0,,35.221,-177779000.0,809102000.0,809102000.0,110831000.0,154994000.0,3.594,0.535,362919000.0,0.0,362919000.0,362919000.0,818166000.0,22910000.0,0.0,0.0,0.0,214531000.0,237441000.0,0.216,237441000.0,214531000.0,227289000.0,1.49,1.34,1.49,3654837000.0,,3654837000.0,56234063922.0,45.0,42.788,104044000.0,1.003,1.0,987246000.0,0.899,0.0,-12758000.0,4351787000.0,,238578000.0,868283000.0,236121000.0,632162000.0,1954295000.0,811162000.0,1143133000.0,56493783922.0,154515000.0,0.0,-32929000.0,-20845000.0,0.0,-4008000.0,-123300000.0,54479000.0,281823000.0,0.0,154994000.0,154994000.0,154994000.0,0.0,0.0,0.141,756164000.0,231082000.0,644112000.0,0.0,15.457,88.819,87.985,1594120000.0,0.0,542.87,13.766,13.634,1467793000.0,852700000.0,1098077000.0,1098077000.0,461210000.0,,,,,158392000.0,294954000.0,1.0,104065032.0,103769000.0,115488000.0,10.582,5609132000.0,461945000.0,72295000.0,0.0,54.054,2103933000.0
23,REGN,MRQ,2015-09-30,2015-09-30,2015-09-30,2021-08-05,7721000.0,5182915000.0,,2675640000.0,2507275000.0,,31.901,-146099000.0,654587000.0,654587000.0,109083000.0,210398000.0,3.64,0.572,394867000.0,0.0,394867000.0,394867000.0,833337000.0,20674000.0,0.0,0.0,0.0,394562000.0,415236000.0,0.365,415236000.0,394562000.0,393289000.0,2.04,1.82,2.04,3296867000.0,,3296867000.0,48227116306.0,40.0,37.472,746754000.0,7.226,1.0,1028339000.0,0.904,0.0,1273000.0,4188205000.0,,190668000.0,922381000.0,241055000.0,681326000.0,1886048000.0,734990000.0,1151058000.0,48229623306.0,264033000.0,0.0,-1145000.0,-2381000.0,0.0,-345649000.0,-283171000.0,-137072000.0,892853000.0,0.0,210398000.0,210398000.0,210398000.0,0.0,0.0,0.185,635917000.0,392422000.0,577428000.0,0.0,14.629,84.442,83.658,1475123000.0,0.0,465.14,12.665,12.624,1439315000.0,697706000.0,1137422000.0,1137422000.0,425924000.0,,,,,102641000.0,209993000.0,1.0,103688402.0,103348000.0,115944000.0,11.006,5182915000.0,406764000.0,182891000.0,0.0,50.15,1940650000.0
24,REGN,MRQ,2015-06-30,2015-06-30,2015-06-30,2021-08-05,19153000.0,4526970000.0,,2283341000.0,2243629000.0,,32.448,-239893000.0,390554000.0,390554000.0,88840000.0,194643000.0,3.796,0.356,388047000.0,0.0,388047000.0,388047000.0,192589000.0,15298000.0,0.0,0.0,0.0,346512000.0,361810000.0,0.362,361810000.0,346512000.0,327996000.0,1.89,1.69,1.89,3338458000.0,,3338458000.0,52649515484.0,52.0,48.893,17938000.0,0.174,1.0,909777000.0,0.911,0.0,18516000.0,3922921000.0,,171266000.0,803289000.0,213694000.0,589595000.0,1188512000.0,601542000.0,586970000.0,52684946484.0,-117353000.0,0.0,24814000.0,-107273000.0,0.0,-3535000.0,-371649000.0,-131756000.0,257831000.0,0.0,194643000.0,194643000.0,194643000.0,0.0,0.0,0.195,564918000.0,344859000.0,529505000.0,0.0,15.781,118.624,117.271,1326112000.0,0.0,510.13,15.512,15.453,1395125000.0,487308000.0,998617000.0,998617000.0,390330000.0,,,,,94257000.0,174588000.0,1.0,103277491.0,102886000.0,115259000.0,9.706,4526970000.0,393387000.0,133353000.0,0.0,44.0,1681799000.0
25,REGN,MRQ,2015-03-31,2015-03-31,2015-03-31,2021-08-05,47904000.0,4198573000.0,,2310714000.0,1887859000.0,,29.067,-114162000.0,507907000.0,507907000.0,83955000.0,76021000.0,4.31,0.413,472476000.0,0.0,472476000.0,472476000.0,234161000.0,16027000.0,0.0,0.0,0.0,283733000.0,299760000.0,0.345,299760000.0,283733000.0,276523000.0,0.74,0.66,0.74,2971430000.0,,2971430000.0,46138498004.0,52.0,48.719,-215889000.0,-2.112,1.0,785657000.0,0.903,0.0,7210000.0,3627008000.0,,133863000.0,717562000.0,234257000.0,483305000.0,1227143000.0,536134000.0,691009000.0,46329506004.0,-140812000.0,0.0,55081000.0,-9948000.0,0.0,90396000.0,-129481000.0,-15319000.0,-101727000.0,0.0,76021000.0,76021000.0,76021000.0,0.0,0.0,0.087,502104000.0,283553000.0,462762000.0,0.0,15.592,133.961,132.012,1110597000.0,0.0,451.48,15.123,15.066,1338462000.0,292665000.0,869612000.0,869612000.0,343113000.0,,,,,103759000.0,158991000.0,1.0,102616962.0,102227000.0,114519000.0,8.507,4198573000.0,351610000.0,200502000.0,0.0,41.071,1774580000.0
26,REGN,MRQ,2014-12-31,2014-12-31,2014-12-31,2021-08-05,52251000.0,3837672000.0,,2084759000.0,1752913000.0,,25.132,-117542000.0,648719000.0,648719000.0,59474000.0,90095000.0,3.184,0.505,457711000.0,0.0,457711000.0,457711000.0,209274000.0,14135000.0,0.0,0.0,0.0,196073000.0,210208000.0,0.262,210208000.0,196073000.0,189723000.0,0.89,0.79,0.89,2550251000.0,,2550251000.0,41626939889.0,52.0,48.898,80633000.0,0.795,1.0,742855000.0,0.926,0.0,6350000.0,2992004000.0,,128861000.0,711915000.0,251761000.0,460154000.0,1287421000.0,654660000.0,632761000.0,41708179889.0,2165000.0,0.0,-46477000.0,-159799000.0,0.0,-252655000.0,56645000.0,174187000.0,198175000.0,0.0,90095000.0,90095000.0,90095000.0,0.0,0.0,0.112,527052000.0,215803000.0,483489000.0,0.0,16.355,123.351,122.098,974309000.0,0.0,410.25,14.792,14.639,976372000.0,216644000.0,802329000.0,802329000.0,351745000.0,,,,,113018000.0,175307000.0,1.0,101665277.0,101473000.0,114043000.0,7.907,3837672000.0,315416000.0,99628000.0,0.0,37.82,1430099000.0
27,REGN,MRQ,2014-09-30,2014-09-30,2014-09-30,2021-08-05,26895000.0,3739419000.0,,2200512000.0,1538907000.0,,25.316,-79769000.0,646554000.0,646554000.0,55593000.0,83375000.0,5.364,0.465,565314000.0,1252000.0,564062000.0,565314000.0,260594000.0,14005000.0,0.0,0.0,0.0,191055000.0,205060000.0,0.283,205060000.0,191055000.0,181823000.0,0.83,0.73,0.83,2551788000.0,,2551788000.0,36353896614.0,46.0,43.012,84552000.0,0.839,1.0,670195000.0,0.923,0.0,9232000.0,3247979000.0,,120317000.0,849093000.0,395650000.0,453443000.0,1187631000.0,410200000.0,777431000.0,36436185614.0,46419000.0,0.0,-93129000.0,-276000.0,0.0,5166000.0,-123068000.0,-43299000.0,164321000.0,0.0,83375000.0,83375000.0,83375000.0,0.0,0.0,0.115,481731000.0,188464000.0,337976000.0,0.0,14.279,109.021,107.618,818967000.0,0.0,360.52,13.867,13.83,927254000.0,145206000.0,725788000.0,725788000.0,337728000.0,,,,,68119000.0,144003000.0,1.0,101065643.0,100796000.0,117423000.0,7.201,3739419000.0,312086000.0,98448000.0,0.0,37.099,1790312000.0
28,REGN,MRQ,2014-06-30,2014-06-30,2014-06-30,2021-08-05,4263000.0,3456078000.0,,1918695000.0,1537383000.0,,23.596,-70873000.0,600135000.0,600135000.0,46379000.0,96351000.0,5.457,0.459,517846000.0,1060000.0,516786000.0,517846000.0,271037000.0,13016000.0,0.0,0.0,0.0,218980000.0,231996000.0,0.348,231996000.0,218980000.0,208803000.0,0.96,0.85,0.96,2368842000.0,,2368842000.0,28564991020.0,34.0,32.154,265539000.0,2.645,1.0,619321000.0,0.93,0.0,10177000.0,3022211000.0,,109897000.0,767592000.0,216774000.0,550818000.0,1087236000.0,351578000.0,735658000.0,28495736020.0,138277000.0,0.0,6111000.0,-61397000.0,0.0,-80012000.0,-118123000.0,-47250000.0,336412000.0,0.0,96351000.0,96351000.0,96351000.0,0.0,0.0,0.145,391231000.0,228090000.0,283385000.0,0.0,12.029,72.667,71.331,707321000.0,0.0,282.47,11.403,11.348,893924000.0,65486000.0,665700000.0,665700000.0,294501000.0,,,,,64828000.0,96730000.0,1.0,100880575.0,100391000.0,113032000.0,6.631,3456078000.0,307658000.0,112452000.0,0.0,34.426,1567117000.0
29,REGN,MRQ,2014-03-31,2014-03-31,2014-03-31,2021-08-05,1465000.0,3260396000.0,,1871049000.0,1389347000.0,,22.402,-64822000.0,461858000.0,461858000.0,43572000.0,68305000.0,6.133,0.474,531113000.0,1060000.0,530053000.0,531113000.0,268306000.0,11530000.0,0.0,0.0,0.0,192499000.0,204029000.0,0.326,204029000.0,192499000.0,180886000.0,0.69,0.61,0.69,2211248000.0,,2211248000.0,29976394343.0,38.0,36.329,-11295000.0,-0.114,1.0,582168000.0,0.93,0.0,11613000.0,3024583000.0,,86545000.0,720964000.0,186275000.0,534689000.0,1049148000.0,305068000.0,744080000.0,30006490343.0,-73750000.0,0.0,-8044000.0,-262000.0,0.0,108954000.0,-236231000.0,-171409000.0,53527000.0,0.0,68305000.0,68305000.0,68305000.0,0.0,0.0,0.109,390606000.0,191562000.0,237935000.0,0.0,13.57,78.311,77.193,600864000.0,0.0,300.28,13.099,12.939,1047496000.0,-27249000.0,625740000.0,625740000.0,287379000.0,,,,,75785000.0,103227000.0,1.0,99928368.0,98709000.0,112151000.0,6.339,3260396000.0,285077000.0,112581000.0,0.0,33.03,1565981000.0
30,REGN,MRQ,2013-12-31,2013-12-31,2013-12-31,2021-08-05,-1188000.0,2951013000.0,,1796934000.0,1154079000.0,,19.745,-68976000.0,535608000.0,535608000.0,48114000.0,86182000.0,6.013,0.512,504573000.0,0.0,504573000.0,504573000.0,231199000.0,11292000.0,0.0,0.0,0.0,192836000.0,204128000.0,0.334,204128000.0,192836000.0,181175000.0,0.87,0.77,0.87,1952076000.0,,1952076000.0,27582949373.0,37.0,35.181,212753000.0,2.152,1.0,562298000.0,0.921,0.0,11661000.0,2621143000.0,,70354000.0,548267000.0,158376000.0,389891000.0,998937000.0,298835000.0,700102000.0,27363985373.0,272397000.0,0.0,-13054000.0,-399000.0,0.0,100616000.0,-109948000.0,-40972000.0,281729000.0,0.0,86182000.0,86182000.0,86182000.0,0.0,0.0,0.141,367203000.0,195095000.0,250896000.0,0.0,14.018,66.138,65.069,526983000.0,0.0,275.24,13.001,12.805,954967000.0,-92692000.0,610412000.0,610412000.0,268140000.0,,,,,72160000.0,99063000.0,1.0,99418636.0,98862000.0,98498000.0,6.174,2951013000.0,276555000.0,94993000.0,0.0,29.85,1498099000.0
31,REGN,MRQ,2013-09-30,2013-09-30,2013-09-30,2021-08-05,-2851000.0,2640415000.0,,1634160000.0,1006255000.0,,17.207,-31691000.0,263211000.0,263211000.0,38573000.0,141306000.0,6.081,0.562,482175000.0,794000.0,481381000.0,482175000.0,238358000.0,10803000.0,0.0,0.0,0.0,237420000.0,248223000.0,0.416,248223000.0,237420000.0,225684000.0,1.44,1.25,1.44,1690171000.0,,1690171000.0,30987237580.0,45.0,42.118,60764000.0,0.619,1.0,558454000.0,0.935,0.0,11736000.0,2590652000.0,,0.0,511975000.0,182112000.0,329863000.0,950244000.0,268727000.0,681517000.0,30895610580.0,-118464000.0,0.0,-85803000.0,-628000.0,0.0,3533000.0,-214452000.0,-182761000.0,92455000.0,0.0,141306000.0,141306000.0,141306000.0,0.0,0.0,0.237,321652000.0,236802000.0,219138000.0,0.0,18.28,38.718,37.695,453891000.0,0.0,312.87,16.185,16.099,992824000.0,-189498000.0,597027000.0,597027000.0,224045000.0,,,,,45744000.0,97607000.0,1.0,98749035.0,98226000.0,116713000.0,6.078,2640415000.0,257266000.0,84378000.0,0.0,26.881,1365433000.0
32,REGN,MRQ,2013-06-30,2013-06-30,2013-06-30,2021-08-05,-3429000.0,2378259000.0,,1561362000.0,816897000.0,,15.285,-34453000.0,381675000.0,381675000.0,39613000.0,87376000.0,7.661,0.593,473302000.0,794000.0,472508000.0,473302000.0,247594000.0,9702000.0,0.0,0.0,0.0,159057000.0,168759000.0,0.369,168759000.0,159057000.0,147692000.0,0.89,0.79,0.89,1493337000.0,,1493337000.0,22313012688.0,34.0,31.889,93711000.0,0.959,1.0,418029000.0,0.913,0.0,11365000.0,2266084000.0,,0.0,329159000.0,155831000.0,173328000.0,884922000.0,203802000.0,681120000.0,22030626688.0,201313000.0,0.0,-48716000.0,-348000.0,0.0,-43481000.0,116630000.0,151083000.0,128164000.0,0.0,87376000.0,87376000.0,87376000.0,0.0,0.0,0.191,259926000.0,158103000.0,153826000.0,0.0,14.753,25.976,25.324,419651000.0,0.0,224.88,12.664,12.63,876016000.0,-330804000.0,457642000.0,457642000.0,187463000.0,,,,,44443000.0,72463000.0,1.0,97966145.0,97700000.0,111060000.0,4.684,2378259000.0,247634000.0,60316000.0,0.0,24.342,1357560000.0
33,REGN,MRQ,2013-03-31,2013-03-31,2013-03-31,2021-08-05,-1644000.0,2275998000.0,,1307122000.0,968876000.0,,14.517,-21203000.0,180362000.0,180362000.0,29055000.0,98874000.0,6.627,0.618,462748000.0,1473000.0,461275000.0,462748000.0,252703000.0,9407000.0,0.0,0.0,0.0,153506000.0,162913000.0,0.371,162913000.0,153506000.0,141831000.0,1.02,0.9,1.02,1406348000.0,,1406348000.0,17417338016.0,29.0,27.719,65045000.0,0.671,1.0,410609000.0,0.934,0.0,11675000.0,2361140000.0,,0.0,482449000.0,127348000.0,355101000.0,869650000.0,197244000.0,672406000.0,17190286016.0,-49914000.0,0.0,9879000.0,-649000.0,0.0,11523000.0,-147685000.0,-126482000.0,86248000.0,0.0,98874000.0,98874000.0,98874000.0,0.0,0.0,0.225,257559000.0,153050000.0,145413000.0,0.0,12.223,20.526,20.045,392378000.0,0.0,176.4,10.836,10.773,802638000.0,-418180000.0,439664000.0,439664000.0,180299000.0,,,,,53030000.0,77260000.0,1.0,97450601.0,96878000.0,109369000.0,4.538,2275998000.0,300951000.0,42957000.0,0.0,23.493,1109878000.0
34,REGN,MRQ,2012-12-31,2012-12-31,2012-12-31,2021-08-05,-1166000.0,2080490000.0,,1206012000.0,874478000.0,,13.014,-15162000.0,230276000.0,230276000.0,30169000.0,470407000.0,7.374,0.671,457328000.0,1374000.0,455954000.0,457328000.0,259173000.0,9778000.0,0.0,0.0,0.0,146054000.0,155832000.0,0.376,155832000.0,146054000.0,134559000.0,4.95,4.2,4.95,1245385000.0,,1245385000.0,16851324115.0,37.0,33.929,78023000.0,0.815,1.0,384433000.0,0.927,0.0,11495000.0,2143992000.0,,28638000.0,357235000.0,77819000.0,279416000.0,835105000.0,163550000.0,671555000.0,16518587115.0,111278000.0,0.0,-76716000.0,-602000.0,0.0,-73010000.0,91103000.0,106265000.0,93185000.0,0.0,470407000.0,470407000.0,470407000.0,0.0,0.0,1.135,238763000.0,145670000.0,111345000.0,0.0,13.264,22.017,21.6,379940000.0,0.0,171.07,11.983,11.75,693120000.0,-517054000.0,414602000.0,414602000.0,181024000.0,,,,,30772000.0,57739000.0,1.0,96560397.0,95693000.0,132188000.0,4.333,2080490000.0,340156000.0,-335848000.0,0.0,21.741,1042462000.0
35,REGN,MRQ,2012-09-30,2012-09-30,2012-09-30,2021-08-05,-1904000.0,1660615000.0,,948603000.0,712012000.0,,8.483,-10248000.0,118998000.0,118998000.0,20145000.0,191468000.0,5.312,1.06,451735000.0,1277000.0,450458000.0,451735000.0,271645000.0,9329000.0,0.0,0.0,0.0,202881000.0,212210000.0,0.496,212210000.0,202881000.0,191468000.0,2.02,1.72,2.02,806024000.0,,806024000.0,14936460995.0,56.0,49.108,-12630000.0,-0.133,1.0,407542000.0,0.953,0.0,11413000.0,1814784000.0,,0.0,464327000.0,143554000.0,320773000.0,854591000.0,178568000.0,676023000.0,14662171995.0,-52945000.0,0.0,-1222000.0,-587000.0,0.0,-1809000.0,-48754000.0,-38506000.0,-2382000.0,0.0,191468000.0,191468000.0,191468000.0,0.0,0.0,0.448,205178000.0,202364000.0,124224000.0,0.0,18.191,64.757,64.414,372917000.0,0.0,152.66,13.49,13.345,601271000.0,-987461000.0,427687000.0,427687000.0,158295000.0,,,,,20535000.0,46883000.0,1.0,96044622.0,95012000.0,115830000.0,4.501,1660615000.0,0.0,0.0,0.0,17.478,770035000.0
36,REGN,MRQ,2012-06-30,2012-06-30,2012-06-30,2021-08-05,-2371000.0,1457500000.0,,769193000.0,688307000.0,,6.287,-12872000.0,171943000.0,171943000.0,21843000.0,76743000.0,4.198,1.451,446232000.0,1183000.0,445049000.0,446232000.0,282581000.0,9417000.0,0.0,0.0,0.0,87979000.0,97396000.0,0.32,97396000.0,87979000.0,76743000.0,0.81,0.7,0.81,594657000.0,,594657000.0,10911128642.0,1292.0,256.853,-91249000.0,-0.965,1.0,282556000.0,0.928,0.0,11236000.0,1548569000.0,,0.0,425541000.0,129079000.0,296462000.0,862843000.0,183220000.0,679623000.0,10864880642.0,-222642000.0,0.0,-4563000.0,-514000.0,0.0,-5077000.0,-139188000.0,-126316000.0,-78377000.0,0.0,76743000.0,76743000.0,76743000.0,0.0,0.0,0.252,195078000.0,87478000.0,126768000.0,0.0,18.271,-396.326,-346.121,372278000.0,0.0,114.22,14.258,14.178,435380000.0,-1178929000.0,304399000.0,304399000.0,147373000.0,,,,,19606000.0,47705000.0,1.0,95122401.0,94589000.0,110167000.0,3.218,1457500000.0,0.0,0.0,0.0,15.409,585973000.0
37,REGN,MRQ,2012-03-31,2012-03-31,2012-03-31,2021-08-05,-1337000.0,1350159000.0,,696915000.0,653244000.0,,5.394,-11055000.0,394585000.0,394585000.0,12298000.0,11651000.0,4.345,1.679,440833000.0,1093000.0,439740000.0,440833000.0,291124000.0,8416000.0,0.0,0.0,0.0,22811000.0,31227000.0,0.135,31227000.0,22811000.0,11651000.0,0.12,0.11,0.12,504024000.0,,504024000.0,10901255498.0,-79.0,-102.518,-98096000.0,-1.05,1.0,219491000.0,0.947,0.0,11160000.0,1236021000.0,,0.0,300605000.0,37713000.0,262892000.0,846135000.0,160386000.0,685749000.0,10949332498.0,-89025000.0,0.0,-17250000.0,-500000.0,0.0,-17750000.0,15766000.0,26821000.0,-87041000.0,0.0,11651000.0,11651000.0,11651000.0,0.0,0.0,0.05,197290000.0,22201000.0,106723000.0,0.0,21.724,-65.698,-63.727,369959000.0,0.0,116.62,19.365,19.274,238347000.0,-1255672000.0,231789000.0,231789000.0,138862000.0,,,,,23244000.0,58428000.0,1.0,93888977.0,93446000.0,107734000.0,2.48,1350159000.0,0.0,0.0,0.0,14.449,536529000.0
38,REGN,MRQ,2011-12-31,2011-12-31,2011-12-31,2021-08-05,-1862000.0,1323583000.0,,665777000.0,657806000.0,,5.291,-11289000.0,483610000.0,483610000.0,2989000.0,-53443000.0,4.49,1.725,435533000.0,1006000.0,434527000.0,435533000.0,300250000.0,7926000.0,0.0,0.0,0.0,-44603000.0,-36677000.0,-0.298,-36677000.0,-44603000.0,-54058000.0,-0.58,-0.58,-0.58,485732000.0,,485732000.0,5085477497.0,-25.0,-29.822,-61606000.0,-0.671,1.0,119988000.0,0.976,0.0,9455000.0,1127235000.0,,0.0,326940000.0,43332000.0,283608000.0,837851000.0,148271000.0,689580000.0,5131470497.0,277215000.0,0.0,-5310000.0,390450000.0,0.0,361440000.0,-33908000.0,-22619000.0,-50317000.0,0.0,-53443000.0,-53443000.0,-53443000.0,0.0,0.0,-0.435,165390000.0,-45402000.0,95625000.0,0.0,10.564,-23.14,-22.624,367955000.0,0.0,55.43,11.51,11.266,103035000.0,-1267323000.0,122977000.0,122977000.0,129041000.0,,,,,15533000.0,36349000.0,1.0,92575690.0,91795000.0,91795000.0,1.34,1323583000.0,0.0,-615000.0,0.0,14.419,517506000.0
39,REGN,MRQ,2011-09-30,2011-09-30,2011-09-30,2021-08-05,-1731000.0,983031000.0,,339872000.0,643159000.0,,4.704,-8898000.0,206395000.0,206395000.0,450000.0,-62365000.0,2.551,1.295,160402000.0,920000.0,159482000.0,160402000.0,308081000.0,8276000.0,0.0,0.0,0.0,-57742000.0,-49466000.0,-0.481,-49466000.0,-57742000.0,-61803000.0,-0.68,-0.68,-0.68,428253000.0,,428253000.0,5238691109.0,-31.0,-37.445,-55633000.0,-0.611,1.0,102383000.0,0.996,0.0,4061000.0,803803000.0,,0.0,305326000.0,39103000.0,266223000.0,554778000.0,133235000.0,421543000.0,5332669109.0,-47917000.0,0.0,27000.0,-306000.0,0.0,-279000.0,-903000.0,7995000.0,-46735000.0,0.0,-62365000.0,-62365000.0,-62365000.0,0.0,0.0,-0.606,160840000.0,-58457000.0,78890000.0,0.0,12.452,-29.154,-28.812,363913000.0,0.0,58.2,11.681,11.607,78447000.0,-1213880000.0,102833000.0,102833000.0,127924000.0,,,,,13364000.0,32916000.0,1.0,91626617.0,91046000.0,91046000.0,1.129,983031000.0,0.0,562000.0,0.0,10.797,206637000.0
40,REGN,MRQ,2011-06-30,2011-06-30,2011-06-30,2021-08-05,-904000.0,1046864000.0,,413273000.0,633591000.0,,5.286,-14864000.0,254312000.0,254312000.0,395000.0,-62505000.0,3.042,1.19,160334000.0,877000.0,159457000.0,160334000.0,320025000.0,7902000.0,0.0,0.0,0.0,-59321000.0,-51419000.0,-0.477,-51419000.0,-59321000.0,-63368000.0,-0.69,-0.69,-0.69,478034000.0,,478034000.0,5179212003.0,-36.0,-44.197,-48914000.0,-0.541,1.0,107415000.0,0.996,0.0,4047000.0,817018000.0,,0.0,314792000.0,55371000.0,259421000.0,568830000.0,135868000.0,432962000.0,5154437003.0,118936000.0,0.0,10449000.0,-398000.0,0.0,10051000.0,142935000.0,157799000.0,-34050000.0,0.0,-62505000.0,-62505000.0,-62505000.0,0.0,0.0,-0.58,167734000.0,-60319000.0,81665000.0,0.0,10.783,-33.378,-32.406,361883000.0,0.0,56.71,11.213,11.157,84564000.0,-1151515000.0,107810000.0,107810000.0,143149000.0,,,,,12396000.0,24585000.0,1.0,90891148.0,90436000.0,90436000.0,1.192,1046864000.0,0.0,-863000.0,0.0,11.576,277405000.0
41,REGN,MRQ,2011-03-31,2011-03-31,2011-03-31,2021-08-05,-2175000.0,1074293000.0,,325501000.0,748792000.0,,5.811,-22166000.0,135376000.0,135376000.0,382000.0,-43447000.0,2.9,1.074,160151000.0,798000.0,159353000.0,160151000.0,330269000.0,6978000.0,0.0,0.0,0.0,-39944000.0,-32966000.0,-0.294,-32966000.0,-39944000.0,-43663000.0,-0.49,-0.49,-0.49,518091000.0,,518091000.0,4090217437.0,-38.0,-48.477,-32746000.0,-0.367,1.0,111822000.0,0.997,0.0,3719000.0,986816000.0,,0.0,472206000.0,91065000.0,381141000.0,556202000.0,112252000.0,443950000.0,4042759437.0,22804000.0,0.0,13343000.0,-306000.0,0.0,13037000.0,20347000.0,42513000.0,-10580000.0,0.0,-43447000.0,-43447000.0,-43447000.0,0.0,0.0,-0.387,152803000.0,-40981000.0,58602000.0,0.0,7.803,-34.438,-32.803,357423000.0,0.0,44.94,8.643,8.567,88156000.0,-1089010000.0,112204000.0,112204000.0,129392000.0,,,,,14801000.0,23411000.0,1.0,89959044.0,89162000.0,89162000.0,1.258,1074293000.0,0.0,-216000.0,0.0,12.049,213249000.0
42,REGN,MRQ,2010-12-31,2010-12-31,2010-12-31,2021-08-05,-2491000.0,1089432000.0,,357622000.0,731810000.0,,6.039,-32262000.0,112572000.0,112572000.0,599000.0,-14597000.0,3.279,1.064,160030000.0,675000.0,159355000.0,160030000.0,340579000.0,6086000.0,0.0,0.0,0.0,-12139000.0,-6053000.0,-0.045,-6053000.0,-12139000.0,-14597000.0,-0.16,-0.16,-0.16,527815000.0,,527815000.0,2532007844.0,-27.0,-33.464,-73113000.0,-0.836,1.0,133076000.0,0.996,0.0,2458000.0,1027834000.0,,0.0,514367000.0,136796000.0,377571000.0,561617000.0,109056000.0,452561000.0,2701677844.0,-212714000.0,0.0,183030000.0,-271000.0,0.0,182759000.0,-354622000.0,-324160000.0,-40851000.0,0.0,-14597000.0,-14597000.0,-14597000.0,0.0,0.0,-0.109,145853000.0,-12777000.0,53658000.0,0.0,5.119,-25.861,-26.056,347450000.0,0.0,32.83,5.885,5.93,81917000.0,-1045563000.0,133675000.0,133675000.0,125212000.0,,,,,13566000.0,20641000.0,1.0,82292959.0,87405000.0,87405000.0,1.529,1089432000.0,0.0,0.0,0.0,12.464,248566000.0
43,REGN,MRQ,2010-09-30,2010-09-30,2010-09-30,2021-08-05,-175000.0,942433000.0,,575719000.0,366714000.0,,4.264,-22103000.0,328686000.0,328686000.0,372000.0,-33875000.0,4.302,1.708,159016000.0,634000.0,158382000.0,159016000.0,355088000.0,4894000.0,0.0,0.0,0.0,-31641000.0,-26747000.0,-0.252,-26747000.0,-31641000.0,-33875000.0,-0.41,-0.41,-0.41,348064000.0,,348064000.0,2292312543.0,-19.0,-22.142,139398000.0,1.708,1.0,105607000.0,0.996,0.0,2234000.0,638930000.0,,0.0,191723000.0,153767000.0,37956000.0,594369000.0,133833000.0,460536000.0,2249905543.0,213286000.0,0.0,1696000.0,-83000.0,0.0,1613000.0,50172000.0,72275000.0,161501000.0,0.0,-33875000.0,-33875000.0,-33875000.0,0.0,0.0,-0.32,137701000.0,-32094000.0,74976000.0,0.0,6.464,-17.806,-17.564,318498000.0,0.0,27.4,5.329,5.298,82287000.0,-1030966000.0,105979000.0,105979000.0,122043000.0,,,,,8790000.0,15658000.0,1.0,82113341.0,81638000.0,81638000.0,1.298,942433000.0,0.0,0.0,0.0,11.544,441886000.0
44,REGN,MRQ,2010-06-30,2010-06-30,2010-06-30,2021-08-05,-306000.0,790641000.0,,417750000.0,372891000.0,,4.555,-22581000.0,115400000.0,115400000.0,405000.0,-25474000.0,3.494,1.13,157807000.0,448000.0,157359000.0,157807000.0,199044000.0,4524000.0,0.0,0.0,0.0,-23132000.0,-18608000.0,-0.161,-18608000.0,-23132000.0,-25474000.0,-0.31,-0.31,-0.31,371216000.0,,371216000.0,1866276183.0,-21.0,-25.348,-34431000.0,-0.423,1.0,115481000.0,0.997,0.0,2342000.0,713477000.0,,0.0,264802000.0,194337000.0,70465000.0,419425000.0,119571000.0,299854000.0,1828288183.0,-5311000.0,0.0,2838000.0,-119000.0,0.0,2719000.0,3820000.0,28201000.0,-11850000.0,0.0,-25474000.0,-25474000.0,-25474000.0,0.0,0.0,-0.22,139205000.0,-23724000.0,58256000.0,0.0,4.925,-19.554,-19.241,292329000.0,0.0,22.32,4.216,4.194,95196000.0,-997091000.0,115886000.0,115886000.0,124526000.0,,,,,8707000.0,14679000.0,1.0,81912553.0,81492000.0,81492000.0,1.422,790641000.0,0.0,0.0,0.0,9.702,298179000.0
45,REGN,MRQ,2010-03-31,2010-03-31,2010-03-31,2021-08-05,717000.0,787156000.0,,395444000.0,391712000.0,,4.759,-22743000.0,118911000.0,118911000.0,717000.0,-30522000.0,3.799,1.038,156899000.0,435000.0,156464000.0,156899000.0,185941000.0,4183000.0,0.0,0.0,0.0,-28438000.0,-24255000.0,-0.234,-24255000.0,-28438000.0,-30522000.0,-0.38,-0.38,-0.38,386271000.0,,386271000.0,2063344983.0,-25.0,-30.815,-32321000.0,-0.398,1.0,102817000.0,0.993,0.0,2084000.0,721051000.0,,0.0,294606000.0,186328000.0,108278000.0,400885000.0,104093000.0,296792000.0,2162997983.0,-89764000.0,0.0,9226000.0,46989000.0,0.0,56215000.0,-136401000.0,-113658000.0,-9578000.0,0.0,-30522000.0,-30522000.0,-30522000.0,0.0,0.0,-0.295,131694000.0,-28877000.0,53905000.0,0.0,5.6,-26.072,-25.471,274621000.0,0.0,26.49,5.304,5.272,71858000.0,-971617000.0,103534000.0,103534000.0,117471000.0,,,,,8834000.0,14223000.0,1.0,81653378.0,81169000.0,81169000.0,1.276,787156000.0,0.0,0.0,0.0,9.698,291351000.0
46,REGN,MRQ,2009-12-31,2009-12-31,2009-12-31,2021-08-05,1044000.0,741202000.0,,425508000.0,315694000.0,,4.951,-22316000.0,207075000.0,207075000.0,387000.0,-36489000.0,4.547,0.868,109022000.0,0.0,109022000.0,109022000.0,182428000.0,4935000.0,0.0,0.0,0.0,-38855000.0,-33920000.0,-0.35,-33920000.0,-38855000.0,-40611000.0,-0.46,-0.46,-0.46,396762000.0,,396762000.0,1757003915.0,-25.0,-31.733,-66426000.0,-0.829,1.0,96413000.0,0.996,0.0,1756000.0,549574000.0,,0.0,182935000.0,134255000.0,48680000.0,344440000.0,93575000.0,250865000.0,1946353915.0,-43246000.0,0.0,3972000.0,18356000.0,0.0,22328000.0,-21464000.0,902000.0,-44110000.0,0.0,-36489000.0,-36489000.0,-36489000.0,0.0,0.0,-0.377,135821000.0,-39408000.0,49031000.0,0.0,4.906,-28.695,-28.447,259676000.0,0.0,24.18,5.132,5.086,65568000.0,-941095000.0,96800000.0,96800000.0,118790000.0,,,,,8657000.0,17031000.0,1.0,80494372.0,80139000.0,80139000.0,1.208,741202000.0,0.0,-4122000.0,0.0,9.249,331933000.0
47,REGN,MRQ,2009-09-30,2009-09-30,2009-09-30,2021-08-05,3537000.0,742192000.0,,461594000.0,280598000.0,,5.289,-22331000.0,251921000.0,251921000.0,472000.0,-1015000.0,4.043,0.757,62571000.0,0.0,62571000.0,62571000.0,198546000.0,3590000.0,0.0,0.0,0.0,-434000.0,3156000.0,0.027,3156000.0,-434000.0,-1015000.0,-0.01,-0.01,-0.01,422443000.0,,422443000.0,1337317521.0,-22.0,-27.424,-32153000.0,-0.403,1.0,116983000.0,0.996,0.0,581000.0,438677000.0,,0.0,186675000.0,129475000.0,57200000.0,319749000.0,114165000.0,205584000.0,1547458521.0,-21145000.0,0.0,2921000.0,-773000.0,0.0,2148000.0,-13471000.0,8860000.0,-9822000.0,0.0,-1015000.0,-1015000.0,-1015000.0,0.0,0.0,-0.009,118274000.0,-1291000.0,55291000.0,0.0,3.663,-25.431,-25.395,215169000.0,0.0,19.3,4.574,4.556,67766000.0,-904606000.0,117455000.0,117455000.0,105434000.0,,,,,7508000.0,12840000.0,1.0,80179198.0,79866000.0,79866000.0,1.471,742192000.0,0.0,0.0,0.0,9.293,347429000.0
48,REGN,MRQ,2009-06-30,2009-06-30,2009-06-30,2021-08-05,1014000.0,742345000.0,,465032000.0,277313000.0,,5.155,-30754000.0,273066000.0,273066000.0,435000.0,-14938000.0,3.862,0.808,62925000.0,0.0,62925000.0,62925000.0,215798000.0,2998000.0,0.0,0.0,0.0,-14938000.0,-11940000.0,-0.133,-11940000.0,-14938000.0,-14938000.0,-0.19,-0.19,-0.19,410506000.0,,410506000.0,1234503952.0,-17.0,-19.478,-31377000.0,-0.394,1.0,89597000.0,0.995,0.0,0.0,411780000.0,,0.0,193297000.0,120452000.0,72845000.0,331839000.0,120424000.0,211415000.0,1435250952.0,72369000.0,0.0,667000.0,0.0,0.0,667000.0,72325000.0,103029000.0,-623000.0,0.0,-14938000.0,-14938000.0,-14938000.0,0.0,0.0,-0.166,105863000.0,-16266000.0,51881000.0,0.0,3.496,-18.186,-18.101,195408000.0,0.0,17.92,5.011,4.982,60046000.0,-903591000.0,90032000.0,90032000.0,94231000.0,,,,,7440000.0,11632000.0,1.0,80092129.0,79626000.0,79626000.0,1.131,742345000.0,0.0,0.0,0.0,9.323,344608000.0
49,REGN,MRQ,2009-03-31,2009-03-31,2009-03-31,2021-08-05,-1248000.0,681421000.0,,483791000.0,197630000.0,,5.161,-21917000.0,200747000.0,200747000.0,392000.0,-15388000.0,4.692,0.661,0.0,0.0,0.0,0.0,213119000.0,2724000.0,0.0,0.0,0.0,-15388000.0,-12664000.0,-0.169,-12664000.0,-15388000.0,-15388000.0,-0.19,-0.19,-0.19,410320000.0,,410320000.0,859031921.0,-11.0,-13.316,-37298000.0,-0.469,1.0,74589000.0,0.995,0.0,0.0,377561000.0,,0.0,295245000.0,216785000.0,78460000.0,271101000.0,103113000.0,167988000.0,1108477921.0,-48699000.0,0.0,1038000.0,5182000.0,0.0,6220000.0,-39538000.0,-17621000.0,-15381000.0,0.0,-15388000.0,-15388000.0,-15388000.0,0.0,0.0,-0.205,91727000.0,-17138000.0,44832000.0,0.0,2.701,-13.408,-13.327,109840000.0,0.0,13.86,4.312,4.286,48209000.0,-893408000.0,74981000.0,74981000.0,80307000.0,,,,,7654000.0,11420000.0,1.0,79976762.0,79498000.0,79498000.0,0.943,681421000.0,0.0,0.0,0.0,8.572,380678000.0
50,REGN,MRQ,2008-12-31,2008-12-31,2008-12-31,2021-08-05,-114000.0,724220000.0,,521442000.0,202778000.0,,5.323,-15740000.0,249446000.0,249446000.0,631000.0,-29509000.0,6.232,0.718,54182000.0,0.0,54182000.0,54182000.0,209925000.0,2626000.0,0.0,0.0,0.0,-29942000.0,-27316000.0,-0.489,-27316000.0,-29942000.0,-30237000.0,-0.37,-0.37,-0.37,421514000.0,,421514000.0,1263500203.0,-18.0,-21.883,-51580000.0,-0.651,1.0,55206000.0,0.989,0.0,295000.0,445284000.0,,0.0,278015000.0,226954000.0,51061000.0,302706000.0,83672000.0,219034000.0,1462331203.0,-66888000.0,0.0,1784000.0,-117503000.0,0.0,-115719000.0,84671000.0,100411000.0,-35840000.0,0.0,-29509000.0,-29509000.0,-29509000.0,0.0,0.0,-0.528,87796000.0,-32590000.0,36168000.0,0.0,3.469,-18.48,-18.36,142035000.0,0.0,18.36,6.132,6.069,35212000.0,-873265000.0,55837000.0,55837000.0,74568000.0,,,,,7807000.0,13228000.0,1.0,79647669.0,79190000.0,79190000.0,0.705,724220000.0,0.0,-728000.0,0.0,9.145,437770000.0
51,REGN,MRQ,2008-09-30,2008-09-30,2008-09-30,2021-08-05,-3960000.0,825891000.0,,715540000.0,110351000.0,,5.535,-9328000.0,316334000.0,316334000.0,292000.0,-19084000.0,3.286,0.89,117503000.0,117503000.0,0.0,117503000.0,226683000.0,2774000.0,0.0,0.0,0.0,-14233000.0,-11459000.0,-0.175,-11459000.0,-14233000.0,-16005000.0,-0.24,-0.24,-0.24,436933000.0,,436933000.0,1555191009.0,-31.0,-40.632,-50874000.0,-0.644,1.0,65292000.0,0.996,0.0,1772000.0,409289000.0,,0.0,376527000.0,348924000.0,27603000.0,388958000.0,217771000.0,171187000.0,1730317009.0,22555000.0,0.0,2480000.0,-1156000.0,0.0,1324000.0,62777000.0,72105000.0,-41546000.0,0.0,-19084000.0,-19084000.0,-19084000.0,0.0,0.0,-0.291,83192000.0,-17900000.0,41887000.0,0.0,3.96,-27.3,-25.988,72825000.0,0.0,21.83,6.995,6.967,42206000.0,-844409000.0,65584000.0,65584000.0,72089000.0,,,,,8216000.0,11103000.0,1.0,79263262.0,78937000.0,78937000.0,0.831,825891000.0,0.0,3079000.0,0.0,10.463,497769000.0
52,REGN,MRQ,2008-06-30,2008-06-30,2008-06-30,2021-08-05,-315000.0,851225000.0,,742393000.0,108832000.0,,5.731,-6742000.0,293779000.0,293779000.0,0.0,-18689000.0,3.315,0.887,118653000.0,118653000.0,0.0,118653000.0,243286000.0,2941000.0,0.0,0.0,0.0,-16015000.0,-13074000.0,-0.216,-13074000.0,-16015000.0,-18689000.0,-0.24,-0.24,-0.24,450997000.0,,450997000.0,819818196.0,-12.0,-14.437,-545000.0,-0.007,1.0,60653000.0,1.0,0.0,2674000.0,452181000.0,,0.0,450714000.0,408275000.0,42439000.0,400228000.0,223918000.0,176310000.0,1142293196.0,-228746000.0,0.0,1782000.0,-82148000.0,0.0,-80366000.0,-154577000.0,-147785000.0,6197000.0,0.0,-18689000.0,-18689000.0,-18689000.0,0.0,0.0,-0.308,80272000.0,-19619000.0,38289000.0,0.0,2.533,-14.255,-12.667,64231000.0,0.0,14.44,5.597,5.568,32838000.0,-823294000.0,60653000.0,60653000.0,66777000.0,,,,,8214000.0,13495000.0,1.0,79106177.0,78689000.0,78689000.0,0.771,851225000.0,0.0,0.0,0.0,10.818,518475000.0
53,REGN,MRQ,2008-03-31,2008-03-31,2008-03-31,2021-08-05,828000.0,930876000.0,,787505000.0,143371000.0,,5.868,-3047000.0,522475000.0,522475000.0,0.0,-11618000.0,2.754,1.021,200000000.0,200000000.0,0.0,200000000.0,239959000.0,2946000.0,0.0,0.0,0.0,-8607000.0,-5661000.0,-0.1,-5661000.0,-8607000.0,-11618000.0,-0.15,-0.15,-0.15,460603000.0,,460603000.0,1215192257.0,-16.0,-18.811,-20944000.0,-0.267,1.0,56383000.0,1.0,0.0,3011000.0,322447000.0,,0.0,305383000.0,222373000.0,83010000.0,470273000.0,285954000.0,184319000.0,1515717257.0,21950000.0,0.0,1903000.0,0.0,0.0,1903000.0,37944000.0,40991000.0,-17897000.0,0.0,-11618000.0,-11618000.0,-11618000.0,0.0,0.0,-0.206,72294000.0,-15911000.0,30314000.0,0.0,3.291,-17.181,-14.649,58419000.0,0.0,19.19,9.152,9.095,32960000.0,-804835000.0,56383000.0,56383000.0,61270000.0,,,,,8286000.0,11024000.0,1.0,78984745.0,78493000.0,78493000.0,0.718,930876000.0,0.0,0.0,0.0,11.859,501551000.0
54,REGN,MRQ,2007-12-31,2007-12-31,2007-12-31,2021-08-05,170000.0,936258000.0,,797829000.0,138429000.0,,6.793,-10730000.0,500525000.0,500525000.0,0.0,-13990000.0,2.813,1.034,200000000.0,200000000.0,0.0,200000000.0,236759000.0,2899000.0,0.0,0.0,0.0,-10980000.0,-8081000.0,-0.125,-8081000.0,-10980000.0,-13990000.0,-0.21,-0.21,-0.21,460267000.0,,460267000.0,1698500390.0,-18.0,-20.467,40087000.0,0.592,1.0,64730000.0,1.0,0.0,3010000.0,352069000.0,,0.0,345754000.0,267532000.0,78222000.0,475991000.0,283664000.0,192327000.0,1597516390.0,401509000.0,0.0,314229000.0,0.0,0.0,314229000.0,36463000.0,47193000.0,50817000.0,0.0,-13990000.0,-13990000.0,-13990000.0,0.0,0.0,-0.216,77183000.0,-12453000.0,39232000.0,0.0,3.471,-14.997,-15.0,58304000.0,0.0,24.15,12.778,12.813,18320000.0,-793217000.0,64730000.0,64730000.0,65680000.0,,,,,7537000.0,11503000.0,1.0,66149747.0,67753000.0,67753000.0,0.955,936258000.0,0.0,0.0,0.0,13.819,514165000.0
55,REGN,MRQ,2007-09-30,2007-09-30,2007-09-30,2021-08-05,-5000.0,573096000.0,,422020000.0,151076000.0,,2.291,-4692000.0,99016000.0,99016000.0,0.0,-35838000.0,4.365,2.785,200000000.0,0.0,200000000.0,200000000.0,193827000.0,2859000.0,0.0,0.0,0.0,-32827000.0,-29968000.0,-1.343,-29968000.0,-32827000.0,-35838000.0,-0.54,-0.54,-0.54,151397000.0,,151397000.0,1264597784.0,-11.0,-12.713,-15392000.0,-0.233,1.0,22311000.0,1.0,0.0,3011000.0,577394000.0,,0.0,398276000.0,299566000.0,98710000.0,421699000.0,96686000.0,325013000.0,1175840784.0,-12227000.0,0.0,347000.0,0.0,0.0,347000.0,-1874000.0,2818000.0,-10700000.0,0.0,-35838000.0,-35838000.0,-35838000.0,0.0,0.0,-1.606,60978000.0,-38667000.0,27872000.0,0.0,7.767,-9.521,-9.223,49358000.0,0.0,17.8,16.646,16.648,10968000.0,-780146000.0,22311000.0,22311000.0,51689000.0,,,,,7041000.0,9289000.0,1.0,66058471.0,66069000.0,66069000.0,0.338,573096000.0,0.0,0.0,0.0,8.674,325334000.0
56,REGN,MRQ,2007-06-30,2007-06-30,2007-06-30,2021-08-05,-516000.0,597858000.0,,496981000.0,100877000.0,,2.719,-1827000.0,111243000.0,111243000.0,0.0,-26774000.0,4.741,2.334,200000000.0,0.0,200000000.0,200000000.0,183617000.0,2874000.0,0.0,0.0,0.0,-23763000.0,-20889000.0,-0.941,-20889000.0,-23763000.0,-26774000.0,-0.41,-0.41,-0.41,179336000.0,,179336000.0,1223903843.0,-12.0,-13.569,-5334000.0,-0.081,1.0,22195000.0,1.0,0.0,3011000.0,581784000.0,,0.0,401039000.0,351054000.0,49985000.0,418522000.0,104831000.0,313691000.0,1181987843.0,-46841000.0,0.0,2866000.0,0.0,0.0,2866000.0,-46200000.0,-44373000.0,-3507000.0,0.0,-26774000.0,-26774000.0,-26774000.0,0.0,0.0,-1.206,52799000.0,-30604000.0,34905000.0,0.0,6.591,-10.272,-9.583,47647000.0,0.0,17.92,18.482,18.48,20478000.0,-744308000.0,22195000.0,22195000.0,43864000.0,,,,,6912000.0,8935000.0,1.0,65959143.0,65950000.0,65950000.0,0.337,597858000.0,0.0,0.0,0.0,9.065,392150000.0
57,REGN,MRQ,2007-03-31,2007-03-31,2007-03-31,2021-08-05,-159000.0,601431000.0,,489163000.0,112268000.0,,3.0,-1197000.0,158084000.0,158084000.0,0.0,-29917000.0,5.851,2.058,200000000.0,0.0,200000000.0,200000000.0,184661000.0,2855000.0,0.0,0.0,0.0,-26906000.0,-24051000.0,-1.523,-24051000.0,-26906000.0,-29917000.0,-0.46,-0.46,-0.46,196689000.0,,196689000.0,1379460685.0,-14.0,-16.006,-10435000.0,-0.159,1.0,15788000.0,1.0,0.0,3011000.0,559743000.0,,0.0,356891000.0,295910000.0,60981000.0,404742000.0,83604000.0,321138000.0,1418936685.0,-81392000.0,0.0,1958000.0,0.0,0.0,1958000.0,-74112000.0,-72915000.0,-9238000.0,0.0,-29917000.0,-29917000.0,-29917000.0,0.0,0.0,-1.895,49437000.0,-33649000.0,20081000.0,0.0,7.214,-12.683,-11.561,47781000.0,0.0,21.62,23.255,23.231,33632000.0,-717534000.0,15788000.0,15788000.0,41235000.0,,,,,6585000.0,8202000.0,1.0,65630744.0,65563000.0,65563000.0,0.241,601431000.0,0.0,0.0,0.0,9.173,405559000.0
58,REGN,MRQ,2006-12-31,2006-12-31,2006-12-31,2021-08-05,-231000.0,585090000.0,,469984000.0,115106000.0,,3.538,-1208000.0,239476000.0,239476000.0,430000.0,-30971000.0,10.441,1.701,200000000.0,0.0,200000000.0,200000000.0,146995000.0,3396000.0,0.0,0.0,0.0,-27961000.0,-24565000.0,-2.374,-24565000.0,-27961000.0,-30971000.0,-0.52,-0.52,-0.52,216624000.0,,216624000.0,1185377844.0,-13.0,-15.658,52095000.0,0.851,1.0,9916000.0,0.958,0.0,3010000.0,500600000.0,,0.0,283383000.0,221400000.0,61983000.0,368466000.0,45014000.0,323452000.0,1153039844.0,70214000.0,0.0,180125000.0,0.0,0.0,180125000.0,-163214000.0,-160406000.0,53303000.0,0.0,-30971000.0,-30971000.0,-30971000.0,0.0,0.0,-2.994,43402000.0,-33486000.0,21471000.0,0.0,5.323,-11.267,-11.339,49353000.0,0.0,20.07,18.173,18.337,7493000.0,-687617000.0,10346000.0,10346000.0,35774000.0,,,,,5133000.0,7628000.0,1.0,57450914.0,61228000.0,61228000.0,0.169,585090000.0,0.0,0.0,0.0,9.556,424970000.0
59,REGN,MRQ,2006-09-30,2006-09-30,2006-09-30,2021-08-05,-95000.0,355186000.0,,273749000.0,81437000.0,,1.096,-617000.0,167662000.0,167662000.0,3054000.0,-27410000.0,8.372,4.685,200000000.0,0.0,200000000.0,200000000.0,73659000.0,3708000.0,0.0,0.0,0.0,-24399000.0,-20691000.0,-1.324,-20691000.0,-24399000.0,-27410000.0,-0.48,-0.48,-0.48,62473000.0,,62473000.0,978923478.0,-11.0,-13.243,-15448000.0,-0.271,1.0,12570000.0,0.805,0.0,3011000.0,354826000.0,,0.0,121935000.0,94227000.0,27708000.0,292713000.0,32698000.0,260015000.0,893883478.0,52702000.0,0.0,1070000.0,0.0,0.0,1070000.0,66463000.0,67080000.0,-14831000.0,0.0,-27410000.0,-27410000.0,-27410000.0,0.0,0.0,-1.754,40827000.0,-28257000.0,19054000.0,0.0,14.308,-8.847,-8.815,51035000.0,0.0,15.69,12.675,12.683,7940000.0,-656646000.0,15624000.0,15624000.0,34808000.0,,,,,4763000.0,6019000.0,1.0,56971541.0,57011000.0,57011000.0,0.274,355186000.0,0.0,0.0,0.0,6.23,241051000.0
60,REGN,MRQ,2006-06-30,2006-06-30,2006-06-30,2021-08-05,-473000.0,378332000.0,,291056000.0,87276000.0,,1.472,-340000.0,114960000.0,114960000.0,2810000.0,-23576000.0,9.238,3.516,200000000.0,0.0,200000000.0,200000000.0,78099000.0,3690000.0,0.0,0.0,0.0,-20565000.0,-16875000.0,-0.876,-16875000.0,-20565000.0,-23576000.0,-0.41,-0.41,-0.41,83767000.0,,83767000.0,747778371.0,-8.0,-9.239,-21015000.0,-0.369,1.0,16448000.0,0.854,0.0,3011000.0,431864000.0,,2128000.0,189123000.0,158616000.0,30507000.0,294565000.0,31508000.0,263057000.0,730110371.0,-67372000.0,0.0,397000.0,0.0,0.0,787000.0,-47484000.0,-47144000.0,-20675000.0,0.0,-23576000.0,-23576000.0,-23576000.0,0.0,0.0,-1.224,40697000.0,-24249000.0,16466000.0,0.0,8.716,-6.743,-6.677,53854000.0,0.0,12.82,10.27,10.263,12141000.0,-629236000.0,19258000.0,19258000.0,34398000.0,,,,,4700000.0,6299000.0,1.0,56950887.0,56915000.0,56915000.0,0.338,378332000.0,0.0,0.0,0.0,6.647,259548000.0
61,REGN,MRQ,2006-03-31,2006-03-31,2006-03-31,2021-08-05,-371000.0,402089000.0,,319647000.0,82442000.0,,1.804,-646000.0,182332000.0,182332000.0,1852000.0,-20380000.0,9.494,2.93,200000000.0,0.0,200000000.0,200000000.0,81383000.0,3798000.0,0.0,0.0,0.0,-17369000.0,-13571000.0,-0.745,-13571000.0,-17369000.0,-20380000.0,-0.36,-0.36,-0.36,102323000.0,,102323000.0,961052530.0,-10.0,-11.412,4632000.0,0.082,1.0,16367000.0,0.898,0.0,3011000.0,386090000.0,,3254000.0,141897000.0,120061000.0,21836000.0,299766000.0,33667000.0,266099000.0,945560530.0,-2176000.0,0.0,3416000.0,0.0,0.0,3416000.0,-10870000.0,-10224000.0,5278000.0,0.0,-20380000.0,-20380000.0,-20380000.0,0.0,0.0,-1.119,38030000.0,-21663000.0,18383000.0,0.0,9.241,-8.465,-8.357,57421000.0,0.0,16.63,13.864,13.832,11010000.0,-605660000.0,18219000.0,18219000.0,32084000.0,,,,,4079000.0,5946000.0,1.0,56858721.0,56727000.0,56727000.0,0.321,402089000.0,0.0,0.0,0.0,7.088,285980000.0
62,REGN,MRQ,2005-12-31,2005-12-31,2005-12-31,2021-08-05,-470000.0,423501000.0,,341392000.0,82109000.0,,2.032,-351000.0,184508000.0,184508000.0,2145000.0,-29672000.0,8.459,2.715,200000000.0,0.0,200000000.0,200000000.0,86162000.0,3880000.0,0.0,0.0,0.0,-26661000.0,-22781000.0,-1.307,-22781000.0,-26661000.0,-29672000.0,-0.53,-0.53,-0.53,114002000.0,,114002000.0,916891831.0,-11.0,-13.504,-20198000.0,-0.36,1.0,15279000.0,0.877,0.0,3011000.0,398636000.0,,2904000.0,132146000.0,114037000.0,18109000.0,309499000.0,40357000.0,269142000.0,892984831.0,8415000.0,0.0,2959000.0,0.0,0.0,2959000.0,25303000.0,25654000.0,-19847000.0,0.0,-29672000.0,-29672000.0,-29672000.0,0.0,0.0,-1.703,44806000.0,-29527000.0,23337000.0,0.0,7.833,-9.356,-9.298,60535000.0,0.0,15.9,13.491,13.44,36521000.0,-585280000.0,17424000.0,17424000.0,37911000.0,,,,,4235000.0,6895000.0,1.0,56162568.0,56091000.0,56091000.0,0.311,423501000.0,0.0,0.0,0.0,7.55,301035000.0
63,REGN,MRQ,2005-09-30,2005-09-30,2005-09-30,2021-08-05,-682000.0,419275000.0,,324958000.0,94317000.0,,2.436,-1716000.0,176093000.0,176093000.0,3246000.0,-34652000.0,9.694,2.074,200000000.0,0.0,200000000.0,200000000.0,62295000.0,3935000.0,0.0,0.0,0.0,-31641000.0,-27706000.0,-1.711,-27706000.0,-31641000.0,-34652000.0,-0.62,-0.62,-0.62,136381000.0,,136381000.0,587434797.0,-12.0,-16.597,-16714000.0,-0.299,1.0,12948000.0,0.8,0.0,3011000.0,409661000.0,,2837000.0,157469000.0,131449000.0,26020000.0,282894000.0,33521000.0,249373000.0,532635797.0,30892000.0,0.0,90000.0,0.0,0.0,90000.0,45800000.0,47516000.0,-14998000.0,0.0,-34652000.0,-34652000.0,-34652000.0,0.0,0.0,-2.14,47335000.0,-34387000.0,20599000.0,0.0,3.905,-8.457,-8.473,64044000.0,0.0,9.49,5.556,5.542,10536000.0,-555608000.0,16194000.0,16194000.0,41116000.0,,,,,5921000.0,6219000.0,1.0,56126006.0,55978000.0,55978000.0,0.289,419275000.0,0.0,0.0,0.0,7.49,291437000.0
64,REGN,MRQ,2005-06-30,2005-06-30,2005-06-30,2021-08-05,-709000.0,446948000.0,,359312000.0,87636000.0,,2.952,-1538000.0,145201000.0,145201000.0,1675000.0,-26999000.0,11.997,1.708,200000000.0,0.0,200000000.0,200000000.0,64845000.0,3831000.0,0.0,0.0,0.0,-23988000.0,-20157000.0,-1.232,-20157000.0,-23988000.0,-26999000.0,-0.48,-0.48,-0.48,165060000.0,,165060000.0,523042974.0,-19.0,-44.053,-30121000.0,-0.539,1.0,14691000.0,0.898,0.0,3011000.0,471798000.0,,3746000.0,206410000.0,190612000.0,15798000.0,281888000.0,29949000.0,251939000.0,470858974.0,-2615000.0,0.0,2000.0,0.0,0.0,2000.0,25966000.0,27504000.0,-28583000.0,0.0,-26999000.0,-26999000.0,-26999000.0,0.0,0.0,-1.65,46858000.0,-32167000.0,17043000.0,0.0,2.853,-11.949,-11.986,67366000.0,0.0,8.39,4.053,4.038,16830000.0,-520956000.0,16366000.0,16366000.0,40642000.0,,,,,5822000.0,6216000.0,1.0,56121451.0,55917000.0,55917000.0,0.293,446948000.0,0.0,0.0,0.0,7.993,329363000.0
65,REGN,MRQ,2005-03-31,2005-03-31,2005-03-31,2021-08-05,-1110000.0,470292000.0,,369854000.0,100438000.0,,3.329,-1359000.0,147816000.0,147816000.0,2491000.0,-4123000.0,12.357,1.531,200000000.0,0.0,200000000.0,200000000.0,67040000.0,3858000.0,0.0,0.0,0.0,-1110000.0,2748000.0,0.17,2748000.0,-1110000.0,-4123000.0,-0.07,-0.07,-0.07,185784000.0,,185784000.0,385547412.0,-26.0,710.032,31773000.0,0.569,1.0,13718000.0,0.846,0.0,3013000.0,492545000.0,,3087000.0,232712000.0,206090000.0,26622000.0,284508000.0,29931000.0,254577000.0,286781412.0,52587000.0,0.0,1030000.0,0.0,0.0,1030000.0,18425000.0,19784000.0,33132000.0,0.0,-4123000.0,-4123000.0,-4123000.0,0.0,0.0,-0.254,42058000.0,-28340000.0,17468000.0,0.0,1.544,-10.639,-10.646,69055000.0,0.0,5.11,2.236,2.224,10371000.0,-493957000.0,16209000.0,16209000.0,35912000.0,,,,,5881000.0,6146000.0,1.0,56121607.0,55815000.0,55815000.0,0.29,470292000.0,0.0,0.0,0.0,8.426,339923000.0
66,REGN,MRQ,2004-12-31,2004-12-31,2004-12-31,2021-08-05,-769000.0,473108000.0,,343955000.0,129153000.0,,3.287,-1327000.0,95229000.0,95229000.0,3474000.0,2792000.0,10.075,1.592,200000000.0,0.0,200000000.0,200000000.0,71693000.0,3916000.0,0.0,0.0,0.0,5806000.0,9722000.0,0.206,9722000.0,5806000.0,2792000.0,0.05,0.05,0.05,182543000.0,,182543000.0,608334020.0,11.0,8.786,-13526000.0,-0.244,1.0,43616000.0,0.926,0.0,3014000.0,543740000.0,,3229000.0,253683000.0,200753000.0,52930000.0,290565000.0,34139000.0,256426000.0,513381020.0,3586000.0,0.0,819000.0,0.0,0.0,819000.0,14966000.0,16293000.0,-12199000.0,0.0,2792000.0,2792000.0,2792000.0,0.0,0.0,0.059,39642000.0,3974000.0,18872000.0,0.0,2.812,12.312,12.28,71239000.0,0.0,9.21,2.95,2.933,43102000.0,-489834000.0,47090000.0,47090000.0,34789000.0,,,,,626000.0,4853000.0,1.0,55741696.0,55542000.0,55803000.0,0.848,473108000.0,0.0,0.0,0.0,8.518,309816000.0
67,REGN,MRQ,2004-09-30,2004-09-30,2004-09-30,2021-08-05,-202000.0,472685000.0,,311238000.0,161447000.0,,3.225,-2314000.0,105047000.0,105047000.0,8986000.0,-11076000.0,8.67,1.643,200000000.0,0.0,200000000.0,200000000.0,73492000.0,3876000.0,0.0,0.0,0.0,-8062000.0,-4186000.0,-0.115,-4186000.0,-8062000.0,-11076000.0,-0.2,-0.2,-0.2,178873000.0,,178873000.0,560580556.0,18.0,11.788,-5900000.0,-0.106,1.0,27533000.0,0.754,0.0,3014000.0,531738000.0,,4266000.0,256137000.0,173668000.0,82469000.0,293812000.0,35900000.0,257912000.0,483413556.0,-13378000.0,0.0,-808000.0,0.0,0.0,-808000.0,-8984000.0,-6670000.0,-3586000.0,0.0,-11076000.0,-11076000.0,-11076000.0,0.0,0.0,-0.303,37012000.0,-9479000.0,20284000.0,0.0,2.703,24.752,22.842,73942000.0,0.0,8.68,3.262,3.249,24866000.0,-492626000.0,36519000.0,36519000.0,32828000.0,,,,,618000.0,4184000.0,1.0,55692806.0,55468000.0,55468000.0,0.658,472685000.0,0.0,0.0,0.0,8.522,275338000.0
68,REGN,MRQ,2004-06-30,2004-06-30,2004-06-30,2021-08-05,-211000.0,488174000.0,,383330000.0,104844000.0,,3.433,-1548000.0,122833000.0,122833000.0,529000.0,-14549000.0,10.257,1.568,200000000.0,0.0,200000000.0,200000000.0,82227000.0,3797000.0,0.0,0.0,0.0,-11538000.0,-7741000.0,-0.272,-7741000.0,-11538000.0,-14549000.0,-0.26,-0.26,-0.26,190130000.0,,190130000.0,611881599.0,40.0,19.75,15910000.0,0.287,1.0,27889000.0,0.981,0.0,3011000.0,527969000.0,,10850000.0,244840000.0,221217000.0,23623000.0,298044000.0,37372000.0,260672000.0,585915599.0,-51206000.0,0.0,329000.0,0.0,0.0,329000.0,-68993000.0,-67445000.0,17458000.0,0.0,-14549000.0,-14549000.0,-14549000.0,0.0,0.0,-0.512,40532000.0,-12643000.0,15743000.0,0.0,3.082,182.756,175.5,75986000.0,0.0,10.53,4.539,4.518,25397000.0,-481550000.0,28418000.0,28418000.0,36297000.0,,,,,628000.0,4235000.0,1.0,55642507.0,55383000.0,55383000.0,0.513,488174000.0,0.0,0.0,0.0,8.815,345958000.0
69,REGN,MRQ,2004-03-31,2004-03-31,2004-03-31,2021-08-05,173000.0,506178000.0,,392284000.0,113894000.0,,3.692,-985000.0,174034000.0,174034000.0,2225000.0,64532000.0,10.796,1.48,200000000.0,0.0,200000000.0,200000000.0,83009000.0,3773000.0,0.0,0.0,0.0,67668000.0,71441000.0,1.152,71441000.0,67668000.0,64532000.0,1.17,1.06,1.17,204106000.0,,204106000.0,850076915.0,-1786.0,60.955,-19567000.0,-0.354,1.0,59765000.0,0.964,0.0,3136000.0,495809000.0,,9098000.0,177344000.0,146702000.0,30642000.0,302072000.0,36335000.0,265737000.0,754544915.0,58750000.0,0.0,274000.0,3827000.0,0.0,4101000.0,73231000.0,74216000.0,-18582000.0,0.0,64532000.0,64532000.0,64532000.0,0.0,0.0,1.041,35971000.0,23794000.0,18947000.0,0.0,3.697,-59.861,-46.828,77616000.0,0.0,13.58,6.887,6.852,59882000.0,-467001000.0,61990000.0,61990000.0,32181000.0,,,,,671000.0,3790000.0,1.0,55562954.0,55283000.0,63625000.0,1.121,506178000.0,0.0,0.0,0.0,9.156,355949000.0
70,REGN,MRQ,2003-12-31,2003-12-31,2003-12-31,2021-08-05,104000.0,479555000.0,,320207000.0,159348000.0,,2.494,-1285000.0,118285000.0,118285000.0,907000.0,-19377000.0,4.391,2.484,213817000.0,13817000.0,200000000.0,213817000.0,109003000.0,4314000.0,0.0,0.0,0.0,-16271000.0,-11957000.0,-0.562,-11957000.0,-16271000.0,-19377000.0,-0.33,-0.33,-0.33,137643000.0,,137643000.0,724162771.0,-8.0,-8.768,-29714000.0,-0.538,1.0,20365000.0,0.957,0.0,3106000.0,502164000.0,,9006000.0,248281000.0,175489000.0,72792000.0,341912000.0,72923000.0,268989000.0,813483771.0,-166102000.0,0.0,162000.0,4426000.0,0.0,4588000.0,-142261000.0,-140976000.0,-28429000.0,0.0,-19377000.0,-19377000.0,-19377000.0,0.0,0.0,-0.911,37504000.0,-17139000.0,18933000.0,0.0,5.91,-7.57,-6.906,80723000.0,0.0,14.71,14.148,12.917,15529000.0,-531533000.0,21272000.0,21272000.0,33267000.0,,,,,608000.0,4237000.0,1.0,55301412.0,55182000.0,55182000.0,0.385,479555000.0,0.0,0.0,0.0,8.69,247284000.0
71,REGN,MRQ,2003-09-30,2003-09-30,2003-09-30,2021-08-05,56000.0,500501000.0,,404378000.0,96123000.0,,2.953,-3386000.0,298617000.0,298617000.0,4844000.0,-27400000.0,7.388,2.204,209296000.0,9296000.0,200000000.0,209296000.0,114036000.0,3656000.0,0.0,0.0,0.0,-24418000.0,-20762000.0,-1.194,-20762000.0,-24418000.0,-27400000.0,-0.52,-0.52,-0.52,156202000.0,,156202000.0,996405427.0,-9.0,-9.818,58424000.0,1.104,1.0,12548000.0,0.721,0.0,2982000.0,356444000.0,,7698000.0,92506000.0,86056000.0,6450000.0,344299000.0,54736000.0,289563000.0,920917427.0,168958000.0,0.0,45440000.0,4083000.0,0.0,49523000.0,57625000.0,61011000.0,61810000.0,0.0,-27400000.0,-27400000.0,-27400000.0,0.0,0.0,-1.575,38251000.0,-25703000.0,20967000.0,0.0,5.896,-7.44,-6.744,83715000.0,0.0,17.67,22.387,22.724,9197000.0,-512156000.0,17392000.0,17392000.0,34650000.0,,,,,822000.0,3601000.0,1.0,52117568.0,52902000.0,52902000.0,0.329,500501000.0,0.0,0.0,0.0,9.461,349642000.0
72,REGN,MRQ,2003-06-30,2003-06-30,2003-06-30,2021-08-05,224000.0,395547000.0,,295150000.0,100397000.0,,2.781,-4981000.0,129659000.0,129659000.0,259000.0,-30360000.0,6.016,1.87,205147000.0,0.0,205147000.0,205147000.0,38514000.0,2679000.0,0.0,0.0,0.0,-27455000.0,-24776000.0,-2.781,-24776000.0,-27455000.0,-30360000.0,-0.61,-0.61,-0.61,137843000.0,,137843000.0,747708454.0,-6.0,-6.901,-45688000.0,-0.922,1.0,8649000.0,0.971,0.0,2905000.0,421971000.0,,10342000.0,153719000.0,144215000.0,9504000.0,257704000.0,49064000.0,208640000.0,739233454.0,-61927000.0,0.0,490000.0,5086000.0,0.0,5576000.0,-26796000.0,-21815000.0,-40707000.0,0.0,-30360000.0,-30360000.0,-30360000.0,0.0,0.0,-3.408,37205000.0,-28556000.0,14043000.0,0.0,5.363,-5.722,-5.53,84670000.0,0.0,15.76,24.388,25.772,7871000.0,-482921000.0,8908000.0,8908000.0,33717000.0,,,,,545000.0,3488000.0,1.0,46905676.0,49566000.0,49566000.0,0.18,395547000.0,0.0,0.0,0.0,7.98,246086000.0
73,REGN,MRQ,2003-03-31,2003-03-31,2003-03-31,2021-08-05,295000.0,430441000.0,,329740000.0,100701000.0,,3.738,-20004000.0,191586000.0,191586000.0,666000.0,-30321000.0,5.554,1.599,200061000.0,61000.0,200000000.0,200061000.0,39564000.0,2288000.0,0.0,0.0,0.0,-27382000.0,-25094000.0,-2.528,-25094000.0,-27382000.0,-30321000.0,-0.68,-0.68,-0.68,165615000.0,,165615000.0,454737696.0,-4.0,-4.182,-18811000.0,-0.425,1.0,9259000.0,0.933,0.0,2939000.0,379550000.0,,8437000.0,131965000.0,120404000.0,11561000.0,264826000.0,59366000.0,205460000.0,334664696.0,111509000.0,0.0,48586000.0,-89000.0,0.0,48497000.0,61819000.0,81823000.0,1193000.0,0.0,-30321000.0,-30321000.0,-30321000.0,0.0,0.0,-3.055,37849000.0,-28590000.0,25201000.0,0.0,2.021,-2.589,-2.567,82648000.0,0.0,7.52,12.408,12.354,7238000.0,-454185000.0,9925000.0,9925000.0,34390000.0,,,,,587000.0,3459000.0,1.0,44503284.0,44309000.0,44309000.0,0.224,430441000.0,0.0,0.0,0.0,9.715,270374000.0
74,REGN,MRQ,2002-12-31,2002-12-31,2002-12-31,2021-08-05,471000.0,391574000.0,,276948000.0,114626000.0,,3.315,-15171000.0,80077000.0,80077000.0,1726000.0,-35693000.0,6.903,1.682,200150000.0,150000.0,200000000.0,200150000.0,15134000.0,2049000.0,0.0,0.0,0.0,-32900000.0,-30851000.0,-6.281,-30851000.0,-32900000.0,-35693000.0,-0.81,-0.81,-0.81,145981000.0,,145981000.0,939774746.0,-8.0,-9.031,-46197000.0,-1.049,1.0,3186000.0,0.649,0.0,2793000.0,471529000.0,,6831000.0,215169000.0,184194000.0,30975000.0,245593000.0,40118000.0,205475000.0,815111746.0,4503000.0,0.0,681000.0,-87000.0,0.0,594000.0,34935000.0,50106000.0,-31026000.0,0.0,-35693000.0,-35693000.0,-35693000.0,0.0,0.0,-7.266,37845000.0,-34659000.0,30309000.0,0.0,5.584,-6.554,-6.541,76825000.0,0.0,18.51,37.071,37.071,4017000.0,-424075000.0,4912000.0,4912000.0,34480000.0,,,,,458000.0,3365000.0,1.0,44036291.0,44036291.0,,0.112,391574000.0,0.0,0.0,0.0,8.892,236830000.0
75,REGN,MRQ,2002-09-30,2002-09-30,2002-09-30,2021-08-05,724000.0,418592000.0,,313823000.0,104769000.0,,4.107,-8318000.0,75574000.0,75574000.0,1637000.0,-32816000.0,9.611,1.315,200237000.0,237000.0,200000000.0,200237000.0,13191000.0,2169000.0,0.0,0.0,0.0,-29799000.0,-27630000.0,-4.208,-27630000.0,-29799000.0,-32816000.0,-0.75,-0.75,-0.75,180788000.0,,180788000.0,725255856.0,-7.0,-7.457,-32172000.0,-0.731,1.0,4929000.0,0.751,0.0,3017000.0,510601000.0,,6152000.0,265800000.0,224317000.0,41483000.0,237804000.0,32654000.0,205150000.0,594305856.0,6200000.0,0.0,39000.0,-87000.0,0.0,-48000.0,30102000.0,38420000.0,-23854000.0,0.0,-32816000.0,-32816000.0,-32816000.0,0.0,0.0,-4.998,37106000.0,-32177000.0,24376000.0,0.0,3.287,-5.077,-5.037,56138000.0,0.0,13.5,27.672,27.672,4521000.0,-388382000.0,6566000.0,6566000.0,34295000.0,,,,,456000.0,2811000.0,1.0,44022656.0,44022656.0,,0.149,418592000.0,0.0,0.0,0.0,9.509,281169000.0
76,REGN,MRQ,2002-06-30,2002-06-30,2002-06-30,2021-08-05,774000.0,440451000.0,,309705000.0,130746000.0,,4.844,-6881000.0,69374000.0,69374000.0,1861000.0,-30423000.0,14.42,1.066,200324000.0,324000.0,200000000.0,200324000.0,10035000.0,2228000.0,0.0,0.0,0.0,-27396000.0,-25168000.0,-4.519,-25168000.0,-27396000.0,-30423000.0,-0.69,-0.69,-0.69,213159000.0,,213159000.0,703549976.0,-7.0,-7.995,-36470000.0,-0.829,1.0,3708000.0,0.666,0.0,3027000.0,549924000.0,,5365000.0,305578000.0,229331000.0,76247000.0,227292000.0,21477000.0,205815000.0,638553976.0,-66095000.0,0.0,261000.0,-141000.0,0.0,120000.0,-36626000.0,-29745000.0,-29589000.0,0.0,-30423000.0,-30423000.0,-30423000.0,0.0,0.0,-5.463,33657000.0,-29949000.0,16933000.0,0.0,2.996,-6.13,-6.071,47465000.0,0.0,14.51,31.315,31.315,2986000.0,-355566000.0,5569000.0,5569000.0,30701000.0,,,,,440000.0,2956000.0,1.0,44007855.0,44007855.0,,0.127,440451000.0,0.0,0.0,0.0,10.008,288228000.0
77,REGN,MRQ,2002-03-31,2002-03-31,2002-03-31,2021-08-05,377000.0,471865000.0,,337118000.0,134747000.0,,5.516,-4000000.0,135469000.0,135469000.0,1259000.0,-25445000.0,14.693,0.946,200465000.0,412000.0,200053000.0,200465000.0,11848000.0,2008000.0,0.0,0.0,0.0,-22423000.0,-20415000.0,-4.132,-20415000.0,-22423000.0,-25445000.0,-0.58,-0.58,-0.58,242484000.0,,242484000.0,1051839012.0,-13.0,-13.804,-30054000.0,-0.684,1.0,3682000.0,0.745,0.0,3022000.0,513917000.0,,4989000.0,274887000.0,189601000.0,85286000.0,229381000.0,22944000.0,206437000.0,1098656012.0,-111924000.0,0.0,1168000.0,-111000.0,0.0,1057000.0,-86927000.0,-82927000.0,-26054000.0,0.0,-25445000.0,-25445000.0,-25445000.0,0.0,0.0,-5.15,28877000.0,-25195000.0,17068000.0,0.0,4.531,-12.402,-12.25,42043000.0,0.0,24.99,53.33,53.33,2739000.0,-325143000.0,4941000.0,4941000.0,25477000.0,,,,,439000.0,3400000.0,1.0,43963826.0,43963826.0,,0.112,471865000.0,0.0,0.0,0.0,10.733,314174000.0
78,REGN,MRQ,2001-12-31,2001-12-31,2001-12-31,2021-08-05,1174000.0,495397000.0,,394186000.0,101211000.0,,6.09,-2600000.0,247393000.0,247393000.0,1162000.0,-28378000.0,17.9,0.86,200576000.0,426000.0,200150000.0,200576000.0,13636000.0,1810000.0,0.0,0.0,0.0,-25851000.0,-24041000.0,-5.463,-24041000.0,-25851000.0,-28378000.0,-0.66,-0.66,-0.66,266355000.0,,266355000.0,1133742244.0,-15.0,-16.81,-20254000.0,-0.463,1.0,3239000.0,0.736,0.0,2527000.0,426558000.0,,3973000.0,190990000.0,137686000.0,53304000.0,229042000.0,22022000.0,207020000.0,1231547244.0,147419000.0,0.0,170000.0,191110000.0,0.0,191280000.0,-26207000.0,-23607000.0,-17654000.0,0.0,-28378000.0,-28378000.0,-28378000.0,0.0,0.0,-6.448,33834000.0,-30595000.0,14830000.0,0.0,4.624,-16.166,-15.558,39448000.0,0.0,28.16,56.048,56.048,2975000.0,-299698000.0,4401000.0,4401000.0,31102000.0,,,,,229000.0,2732000.0,1.0,43733922.0,43733922.0,,0.101,495397000.0,0.0,0.0,0.0,11.328,372164000.0
79,REGN,MRQ,2001-09-30,2001-09-30,2001-09-30,2021-08-05,1711000.0,318613000.0,,252727000.0,65886000.0,,6.751,-1767000.0,99974000.0,99974000.0,1274000.0,-19931000.0,17.532,0.081,2169000.0,523000.0,1646000.0,2169000.0,11166000.0,1519000.0,0.0,0.0,0.0,-19891000.0,-18372000.0,-3.353,-18372000.0,-19891000.0,-19931000.0,-0.46,-0.46,-0.46,294871000.0,,294871000.0,830706410.0,-15.0,-16.446,-23658000.0,-0.542,1.0,4206000.0,0.768,0.0,40000.0,206393000.0,,3056000.0,168921000.0,140735000.0,28186000.0,23742000.0,14415000.0,9327000.0,971344410.0,-42981000.0,0.0,546000.0,-148000.0,0.0,398000.0,-21488000.0,-19721000.0,-21891000.0,0.0,-19931000.0,-19931000.0,-19931000.0,0.0,0.0,-3.637,27500000.0,-23294000.0,10120000.0,0.0,3.294,-17.266,-16.116,37418000.0,0.0,22.24,26.461,26.461,3547000.0,-271320000.0,5480000.0,5480000.0,25039000.0,,,,,168000.0,2461000.0,1.0,43675558.0,43675558.0,,0.125,318613000.0,0.0,0.0,0.0,7.295,238312000.0
80,REGN,MRQ,2001-06-30,2001-06-30,2001-06-30,2021-08-05,917000.0,336295000.0,,252782000.0,83513000.0,,7.194,-2213000.0,142955000.0,142955000.0,1885000.0,-14834000.0,19.556,0.073,2317000.0,568000.0,1749000.0,2317000.0,12090000.0,1419000.0,0.0,0.0,0.0,-14791000.0,-13372000.0,-2.314,-13372000.0,-14791000.0,-14834000.0,-0.34,-0.34,-0.34,313294000.0,,313294000.0,1327712339.0,-34.0,-39.002,-11591000.0,-0.266,1.0,3894000.0,0.674,0.0,43000.0,182731000.0,,2263000.0,147584000.0,101852000.0,45732000.0,23001000.0,12926000.0,10075000.0,1508881339.0,-40665000.0,0.0,3424000.0,-134000.0,0.0,3290000.0,-34577000.0,-32364000.0,-9378000.0,0.0,-14834000.0,-14834000.0,-14834000.0,0.0,0.0,-2.567,21979000.0,-18085000.0,8304000.0,0.0,4.816,-38.254,-34.307,37619000.0,0.0,34.65,32.64,32.64,4380000.0,-251389000.0,5779000.0,5779000.0,19596000.0,,,,,188000.0,2383000.0,1.0,43546359.0,43546359.0,,0.133,336295000.0,0.0,0.0,0.0,7.723,239856000.0
81,REGN,MRQ,2001-03-31,2001-03-31,2001-03-31,2021-08-05,1233000.0,349185000.0,,286636000.0,62549000.0,,8.807,-1643000.0,183620000.0,183620000.0,2188000.0,-13037000.0,20.688,0.076,2451000.0,537000.0,1914000.0,2451000.0,12395000.0,1329000.0,0.0,0.0,0.0,-12990000.0,-11661000.0,-1.847,-11661000.0,-12990000.0,-13037000.0,-0.35,-0.35,-0.35,324411000.0,,324411000.0,788998335.0,-29.0,-35.261,-10040000.0,-0.273,1.0,4125000.0,0.653,0.0,47000.0,154161000.0,,2668000.0,115593000.0,90383000.0,25210000.0,24774000.0,13855000.0,10919000.0,817295335.0,152642000.0,0.0,154382000.0,-230000.0,0.0,154152000.0,6887000.0,8530000.0,-8397000.0,0.0,-13037000.0,-13037000.0,-13037000.0,0.0,0.0,-2.065,18836000.0,-14711000.0,9636000.0,0.0,2.519,-29.759,-29.584,37166000.0,0.0,22.188,14.86,14.86,8608000.0,-236555000.0,6313000.0,6313000.0,16805000.0,,,,,181000.0,2031000.0,1.0,36835016.0,36835016.0,,0.171,349185000.0,0.0,0.0,0.0,9.48,272781000.0
82,REGN,MRQ,2000-12-31,2000-12-31,2000-12-31,2021-08-05,534000.0,208274000.0,,134142000.0,74132000.0,,4.955,-1165000.0,30978000.0,30978000.0,8738000.0,-8455000.0,9.73,0.144,2681000.0,612000.0,2069000.0,2681000.0,13723000.0,1296000.0,0.0,0.0,0.0,-8401000.0,-7105000.0,-0.371,-7105000.0,-8401000.0,-8455000.0,-0.23,-0.23,-0.23,182130000.0,,182130000.0,1249713910.0,-54.0,-67.505,-4935000.0,-0.134,1.0,10399000.0,0.543,0.0,54000.0,166191000.0,,1915000.0,123659000.0,86634000.0,37025000.0,26144000.0,13786000.0,12358000.0,1296352910.0,-18664000.0,0.0,161000.0,-322000.0,0.0,-161000.0,-14733000.0,-13568000.0,-3770000.0,0.0,-8455000.0,-8455000.0,-8455000.0,0.0,0.0,-0.442,20188000.0,-9789000.0,9446000.0,0.0,7.118,-55.841,-53.433,36934000.0,0.0,35.266,21.87,21.87,13835000.0,-223518000.0,19137000.0,19137000.0,17051000.0,,,,,0.0,3137000.0,1.0,36759284.0,36759284.0,,0.521,208274000.0,0.0,0.0,0.0,5.666,120356000.0
83,REGN,MRQ,2000-09-30,2000-09-30,2000-09-30,2021-08-05,-202000.0,216319000.0,,137002000.0,79317000.0,,5.215,-1041000.0,49642000.0,49642000.0,2512000.0,-3118000.0,10.752,0.133,3003000.0,826000.0,2177000.0,3003000.0,13917000.0,1154000.0,0.0,0.0,0.0,-3058000.0,-1904000.0,-0.127,-1904000.0,-3058000.0,-3118000.0,-0.09,-0.09,-0.09,190972000.0,,190972000.0,1116395826.0,-70.0,-94.795,-5027000.0,-0.137,1.0,12487000.0,0.833,0.0,60000.0,156938000.0,,8181000.0,108857000.0,67386000.0,41471000.0,25347000.0,12742000.0,12605000.0,1194704826.0,-32109000.0,0.0,17993000.0,-438000.0,0.0,17555000.0,-45678000.0,-44637000.0,-3986000.0,0.0,-3118000.0,-3118000.0,-3118000.0,0.0,0.0,-0.208,16976000.0,-4489000.0,8134000.0,0.0,6.256,-74.012,-65.25,37659000.0,0.0,32.625,24.882,24.882,9851000.0,-213779000.0,14999000.0,14999000.0,15207000.0,,,,,0.0,1769000.0,1.0,36619305.0,36619305.0,,0.41,216319000.0,0.0,0.0,0.0,5.907,124260000.0
84,REGN,MRQ,2000-06-30,2000-06-30,2000-06-30,2021-08-05,-421000.0,202117000.0,,137464000.0,64653000.0,,5.02,-2518000.0,81751000.0,81751000.0,1265000.0,-2854000.0,10.552,0.149,3442000.0,1106000.0,2336000.0,3442000.0,14743000.0,1045000.0,0.0,0.0,0.0,-2751000.0,-1706000.0,-0.117,-1706000.0,-2751000.0,-2854000.0,-0.08,-0.08,-0.08,175971000.0,,175971000.0,1036698652.0,-59.0,-74.987,-6011000.0,-0.171,1.0,13284000.0,0.913,0.0,103000.0,110781000.0,,7931000.0,63168000.0,36110000.0,27058000.0,26146000.0,13027000.0,13119000.0,1045120652.0,69457000.0,0.0,73228000.0,-430000.0,0.0,72798000.0,152000.0,2670000.0,-3493000.0,0.0,-2854000.0,-2854000.0,-2854000.0,0.0,0.0,-0.196,17166000.0,-3882000.0,7669000.0,0.0,5.939,-58.227,-52.304,37434000.0,0.0,29.813,22.944,22.944,9568000.0,-210568000.0,14549000.0,14549000.0,15425000.0,,,,,0.0,1741000.0,1.0,35055870.0,35055870.0,,0.415,202117000.0,0.0,0.0,0.0,5.766,124437000.0
85,REGN,MRQ,2000-03-31,2000-03-31,2000-03-31,2021-08-05,-516000.0,132034000.0,,73481000.0,58553000.0,,3.327,-1771000.0,12294000.0,12294000.0,3051000.0,-8788000.0,5.902,0.25,3872000.0,1352000.0,2520000.0,3872000.0,15356000.0,926000.0,0.0,0.0,0.0,-8724000.0,-7798000.0,-0.736,-7798000.0,-8724000.0,-8788000.0,-0.28,-0.28,-0.28,105595000.0,,105595000.0,918800800.0,-41.0,-48.251,-18432000.0,-0.581,1.0,7540000.0,0.712,0.0,64000.0,111162000.0,,5641000.0,65655000.0,44120000.0,21535000.0,26439000.0,12450000.0,13989000.0,938318800.0,-11403000.0,0.0,2983000.0,-308000.0,0.0,2675000.0,2583000.0,4354000.0,-16661000.0,0.0,-8788000.0,-8788000.0,-8788000.0,0.0,0.0,-0.83,14656000.0,-7116000.0,6921000.0,0.0,8.886,-40.925,-39.95,36630000.0,0.0,29.563,24.581,24.581,8560000.0,-207621000.0,10591000.0,10591000.0,12876000.0,,,,,0.0,1780000.0,1.0,31739634.0,31739634.0,,0.334,132034000.0,0.0,0.0,0.0,4.16,61031000.0
86,REGN,MRQ,1999-12-31,1999-12-31,1999-12-31,2021-08-05,-493000.0,136999000.0,,73044000.0,63955000.0,,3.497,-799000.0,23697000.0,23697000.0,160000.0,-1382000.0,5.484,0.251,4179000.0,1448000.0,2731000.0,4179000.0,15816000.0,974000.0,0.0,0.0,0.0,-1343000.0,-369000.0,-0.047,-369000.0,-1343000.0,-1382000.0,-0.05,-0.05,-0.05,109532000.0,,109532000.0,379224562.0,-17.0,-19.588,6485000.0,0.207,1.0,7715000.0,0.98,0.0,39000.0,104162000.0,,4552000.0,69902000.0,42463000.0,27439000.0,27467000.0,13319000.0,14148000.0,399397562.0,172000.0,0.0,456000.0,-291000.0,0.0,165000.0,-7277000.0,-6478000.0,7284000.0,0.0,-1382000.0,-1382000.0,-1382000.0,0.0,0.0,-0.175,12615000.0,-4900000.0,7185000.0,0.0,3.646,-17.312,-17.23,36298000.0,0.0,12.75,11.577,11.577,624000.0,-200303000.0,7875000.0,7875000.0,13328000.0,,,,,360000.0,1739000.0,1.0,31325299.0,31325299.0,,0.251,136999000.0,0.0,0.0,0.0,4.373,59725000.0
87,REGN,MRQ,1999-09-30,1999-09-30,1999-09-30,2021-08-05,-334000.0,134380000.0,,74281000.0,60099000.0,,3.53,-1155000.0,23525000.0,23525000.0,1034000.0,-4925000.0,8.372,0.216,3352000.0,1202000.0,2150000.0,3352000.0,15672000.0,898000.0,0.0,0.0,0.0,-4850000.0,-3952000.0,-0.315,-3952000.0,-4850000.0,-4925000.0,-0.16,-0.16,-0.16,110527000.0,,110527000.0,237473804.0,-9.0,-10.001,-8830000.0,-0.282,1.0,11502000.0,0.918,0.0,75000.0,105334000.0,,0.0,65258000.0,40457000.0,24801000.0,23853000.0,8873000.0,14980000.0,254410804.0,2965000.0,0.0,41000.0,-271000.0,0.0,-230000.0,10870000.0,12025000.0,-7675000.0,0.0,-4925000.0,-4925000.0,-4925000.0,0.0,0.0,-0.393,15400000.0,-3898000.0,4531000.0,0.0,2.302,-9.343,-9.233,35076000.0,0.0,8.125,8.791,8.791,8656000.0,-198921000.0,12536000.0,12536000.0,12924000.0,,,,,0.0,1578000.0,1.0,31312099.0,31312099.0,,0.4,134380000.0,0.0,0.0,0.0,4.292,65408000.0
88,REGN,MRQ,1999-06-30,1999-06-30,1999-06-30,2021-08-05,-259000.0,139839000.0,,76215000.0,63624000.0,,3.687,-2735000.0,20560000.0,20560000.0,1164000.0,-7833000.0,8.715,0.212,3623000.0,1162000.0,2461000.0,3623000.0,15673000.0,829000.0,0.0,0.0,0.0,-7752000.0,-6923000.0,-0.966,-6923000.0,-7752000.0,-7833000.0,-0.25,-0.25,-0.25,115396000.0,,115396000.0,226683221.0,-10.0,-11.109,-7427000.0,-0.237,1.0,6006000.0,0.838,0.0,81000.0,114157000.0,,0.0,77542000.0,49259000.0,28283000.0,24443000.0,8745000.0,15698000.0,244558221.0,-1217000.0,0.0,39000.0,-279000.0,0.0,-240000.0,3715000.0,6450000.0,-4692000.0,0.0,-7833000.0,-7833000.0,-7833000.0,0.0,0.0,-1.092,13167000.0,-7161000.0,4854000.0,0.0,2.119,-10.319,-10.28,35179000.0,0.0,7.813,8.442,8.442,4966000.0,-193996000.0,7170000.0,7170000.0,10818000.0,,,,,0.0,1520000.0,1.0,31301449.0,31301449.0,,0.229,139839000.0,0.0,0.0,0.0,4.467,67470000.0
89,REGN,MRQ,1999-03-31,1999-03-31,1999-03-31,2021-08-05,77000.0,149329000.0,,76189000.0,73140000.0,,3.944,-993000.0,21777000.0,21777000.0,1254000.0,-8930000.0,7.728,0.21,3902000.0,1093000.0,2809000.0,3902000.0,15672000.0,725000.0,0.0,0.0,0.0,-8841000.0,-8116000.0,-1.173,-8116000.0,-8841000.0,-8930000.0,-0.29,-0.29,-0.29,123436000.0,,123436000.0,191791124.0,-14.0,-17.976,-9420000.0,-0.301,1.0,5664000.0,0.819,0.0,89000.0,121595000.0,,0.0,84919000.0,46177000.0,38742000.0,25893000.0,9859000.0,16034000.0,207366124.0,2020000.0,0.0,892000.0,-280000.0,0.0,612000.0,9835000.0,10828000.0,-8427000.0,0.0,-8930000.0,-8930000.0,-8930000.0,0.0,0.0,-1.291,13539000.0,-7875000.0,6032000.0,0.0,1.68,-15.108,-15.057,34239000.0,0.0,6.625,5.605,5.605,6895000.0,-186163000.0,6918000.0,6918000.0,11221000.0,,,,,0.0,1593000.0,1.0,31300547.0,31300547.0,,0.221,149329000.0,0.0,0.0,0.0,4.771,66330000.0
90,REGN,MRQ,1998-12-31,1998-12-31,1998-12-31,2021-08-05,228000.0,156915000.0,,92901000.0,64014000.0,,4.231,-669000.0,19757000.0,19757000.0,1613000.0,-5541000.0,9.881,0.196,4182000.0,1116000.0,3066000.0,4182000.0,15673000.0,689000.0,0.0,0.0,0.0,-5443000.0,-4754000.0,-2.053,-4754000.0,-5443000.0,-5541000.0,-0.18,-0.18,-0.18,131227000.0,,131227000.0,210635654.0,-26.0,-40.679,-6386000.0,-0.206,1.0,703000.0,0.304,0.0,98000.0,131938000.0,,196000.0,96864000.0,66022000.0,30842000.0,25688000.0,9402000.0,16286000.0,228735654.0,-2837000.0,0.0,14000.0,-303000.0,0.0,-289000.0,3169000.0,3838000.0,-5717000.0,0.0,-5541000.0,-5541000.0,-5541000.0,0.0,0.0,-2.392,12079000.0,-11376000.0,5551000.0,0.0,1.743,-26.52,-26.339,33019000.0,0.0,7.375,5.968,5.968,5710000.0,-177233000.0,2316000.0,2316000.0,9952000.0,,,,,0.0,1438000.0,1.0,31015004.0,31015004.0,,0.075,156915000.0,0.0,0.0,0.0,5.059,83499000.0
91,REGN,MRQ,1998-09-30,1998-09-30,1998-09-30,2021-08-05,417000.0,162439000.0,,89217000.0,73222000.0,,4.413,-1290000.0,22594000.0,22594000.0,1286000.0,-1395000.0,9.266,0.187,4494000.0,1804000.0,2690000.0,4494000.0,16425000.0,681000.0,0.0,0.0,0.0,-1293000.0,-612000.0,-0.049,-612000.0,-1293000.0,-1395000.0,-0.04,-0.04,-0.04,136853000.0,,136853000.0,220730661.0,-97.0,-67.051,2906000.0,0.094,1.0,11280000.0,0.898,0.0,102000.0,134711000.0,,0.0,100415000.0,59993000.0,40422000.0,25586000.0,9628000.0,15958000.0,238438661.0,56000.0,0.0,31000.0,-336000.0,0.0,-305000.0,-3835000.0,-2545000.0,4196000.0,0.0,-1395000.0,-1395000.0,-1395000.0,0.0,0.0,-0.111,11895000.0,-615000.0,4395000.0,0.0,1.742,-93.249,-128.133,32646000.0,0.0,7.688,5.03,5.03,5401000.0,-171692000.0,12566000.0,12566000.0,9891000.0,,,,,0.0,1323000.0,1.0,31014394.0,31014394.0,,0.405,162439000.0,0.0,0.0,0.0,5.238,79589000.0
92,REGN,MRQ,1998-06-30,1998-06-30,1998-06-30,2021-08-05,62000.0,165119000.0,,88398000.0,76721000.0,,4.443,-216000.0,22538000.0,22538000.0,-1235000.0,2140000.0,10.384,0.198,4830000.0,1229000.0,3601000.0,4830000.0,17176000.0,780000.0,0.0,0.0,0.0,2033000.0,2813000.0,0.185,2813000.0,2033000.0,2140000.0,0.07,0.07,0.07,137772000.0,,137772000.0,271417762.0,-100.0,-78.809,-4707000.0,-0.152,1.0,16430000.0,1.081,0.0,-107000.0,138898000.0,,0.0,96798000.0,52453000.0,44345000.0,27347000.0,8513000.0,18834000.0,285847762.0,3280000.0,0.0,90000.0,-449000.0,0.0,-359000.0,8130000.0,8346000.0,-4491000.0,0.0,2140000.0,2140000.0,2140000.0,0.0,0.0,0.141,-11527000.0,27957000.0,5079000.0,0.0,2.075,-93.14,-115.237,32160000.0,0.0,9.219,6.539,6.539,12481000.0,-170297000.0,15195000.0,15195000.0,-9054000.0,,,,,0.0,-1693000.0,1.0,31006374.0,31006374.0,,0.49,165119000.0,0.0,0.0,0.0,5.325,79885000.0
93,REGN,MRQ,1998-03-31,1998-03-31,1998-03-31,2021-08-05,46000.0,161432000.0,,90906000.0,70526000.0,,4.379,-874000.0,19258000.0,19258000.0,868000.0,-3829000.0,12.168,0.192,4828000.0,1357000.0,3471000.0,4828000.0,17233000.0,869000.0,0.0,0.0,0.0,-3708000.0,-2839000.0,-0.344,-2839000.0,-3708000.0,-3829000.0,-0.12,-0.12,-0.12,135436000.0,,135436000.0,204764918.0,-23.0,-22.344,-5080000.0,-0.164,1.0,7382000.0,0.895,0.0,121000.0,139531000.0,,0.0,103921000.0,65813000.0,38108000.0,25996000.0,7471000.0,18525000.0,228091080.0,-9663000.0,0.0,317000.0,-767000.0,0.0,-450000.0,-5007000.0,-4133000.0,-4206000.0,0.0,-3829000.0,-3829000.0,-3829000.0,0.0,0.0,-0.464,10403000.0,-3021000.0,3683000.0,0.0,1.684,-24.063,-23.79,32200000.0,0.0,7.375,6.492,6.492,4631000.0,-172437000.0,8250000.0,8250000.0,8150000.0,,,,,0.0,1384000.0,1.0,30927604.0,30927604.0,,0.267,161432000.0,0.0,0.0,0.0,5.22,83435000.0
94,REGN,MRQ,1997-12-31,1997-12-31,1997-12-31,2021-08-05,85000.0,168380000.0,,99640000.0,68740000.0,,4.491,0.0,28921000.0,28921000.0,898000.0,527000.0,9.323,0.212,5595000.0,1843000.0,3752000.0,5595000.0,18983000.0,-3336000.0,0.0,0.0,0.0,682000.0,-2654000.0,-0.233,-2654000.0,682000.0,527000.0,0.03,0.03,0.03,138897000.0,,138897000.0,,,,-7987000.0,-0.258,1.0,10499000.0,0.921,0.0,155000.0,134366000.0,,0.0,99484000.0,63602000.0,35882000.0,29483000.0,10688000.0,18795000.0,264833073.0,-17901000.0,0.0,-38213000.0,0.0,0.0,-35394000.0,0.0,0.0,-7987000.0,0.0,527000.0,527000.0,527000.0,0.0,0.0,0.046,9248000.0,1251000.0,4663000.0,0.0,1.907,-22.872,-21.407,32713000.0,0.0,8.563,8.001,8.001,6581000.0,-168608000.0,11397000.0,11397000.0,7010000.0,,,,,0.0,1185000.0,1.0,30927604.0,30927604.0,,0.369,168380000.0,0.0,0.0,0.0,5.444,88952000.0
95,REGN,MRQ,1997-09-30,1997-09-30,1997-09-30,2021-08-05,,,,,,,,-395000.0,,,750000.0,-1907000.0,,,,,,,,969000.0,,0.0,0.0,-1733000.0,-764000.0,-0.086,-764000.0,-1733000.0,-1907000.0,-0.06,-0.06,-0.06,,,,,,,-2155000.0,,1.0,8123000.0,0.915,,174000.0,,,,,,,,,,,-11157000.0,0.0,130000.0,-770000.0,0.0,-640000.0,-8757000.0,-8362000.0,-1760000.0,0.0,-1907000.0,-1907000.0,-1907000.0,0.0,0.0,-0.215,9201000.0,-1078000.0,,0.0,,,,,0.0,11.188,,,,,8873000.0,8873000.0,6803000.0,,,,,0.0,1428000.0,1.0,,,,,,,0.0,,,
96,REGN,MRQ,1997-06-30,1997-06-30,1997-06-30,2021-08-05,,,,,,,,99000.0,,,476000.0,-4270000.0,,,,,,,,1166000.0,,0.0,0.0,-4073000.0,-2907000.0,-0.439,-2907000.0,-4073000.0,-4270000.0,-0.16,-0.16,-0.16,,,,,,,-4006000.0,,1.0,6140000.0,0.928,,197000.0,,,,,,,,,,,23531000.0,0.0,43100000.0,-894000.0,0.0,42206000.0,-14570000.0,-14669000.0,-4105000.0,0.0,-4270000.0,-4270000.0,-4270000.0,0.0,0.0,-0.645,9734000.0,-3594000.0,,0.0,,,,,0.0,10.125,,,,,6616000.0,6616000.0,6881000.0,,,,,0.0,1688000.0,1.0,,,,,,,0.0,,,
97,REGN,MRQ,1997-03-31,1997-03-31,1997-03-31,2021-08-05,,,,,,,,-1184000.0,,,493000.0,-5929000.0,,,,,,,,1201000.0,,0.0,0.0,-5721000.0,-4520000.0,-0.728,-4520000.0,-5721000.0,-5929000.0,-0.23,-0.23,-0.23,,,,,,,-4544000.0,,1.0,5720000.0,0.921,,208000.0,,,,,,,,,,,-6561000.0,0.0,107000.0,-1155000.0,0.0,-1048000.0,-2153000.0,-969000.0,-3360000.0,0.0,-5929000.0,-5929000.0,-5929000.0,0.0,0.0,-0.954,9741000.0,-4021000.0,,0.0,,,,,0.0,8.0,,,,,6213000.0,6213000.0,7076000.0,,,,,0.0,1464000.0,1.0,,,,,,,0.0,,,
98,REGN,MRQ,1996-12-31,1996-12-31,1996-12-31,2021-08-05,272199.0,137581854.0,,85008679.0,52573175.0,,,,34475060.0,34475060.0,,,7.056,0.287,8731002.0,3582905.0,5148097.0,8731002.0,17379282.0,,0.0,0.0,0.0,,,,,,,,,,106930999.0,,106930999.0,,,,,,1.0,,,0.0,,99789334.0,,0.0,63758005.0,45587404.0,18170601.0,30650855.0,12048462.0,18602393.0,,,,,,,,,,,,,,,,,,,,4357145.0,,,,-12.124,34297843.0,,16.125,,,4334780.0,-157029112.0,,,,,,,,,,1.0,,,,,137581854.0,0.0,,0.0,,72960217.0
0,REGN,MRT,2021-06-30,2021-06-30,2021-06-30,2021-08-05,15700000.0,21485900000.0,18126350000.0,13337600000.0,8148300000.0,0.683,144.07,-578400000.0,2072200000.0,2072200000.0,1628800000.0,6205400000.0,3.573,0.42,2697600000.0,718400000.0,1979200000.0,2697600000.0,570700000.0,259500000.0,0.0,0.0,0.0,7298800000.0,7558300000.0,0.61,7558300000.0,7298800000.0,7228700000.0,58.89,55.61,58.89,15127300000.0,12063775000.0,15127300000.0,60767776845.0,8.0,8.04,1693500000.0,16.129,1.0,10755300000.0,0.868,0.0,70100000.0,18378900000.0,16007000000.0,1983900000.0,5738900000.0,1838600000.0,3900300000.0,6358600000.0,3732400000.0,2626200000.0,59508976845.0,80000000.0,0.0,-659800000.0,481900000.0,0.0,-177900000.0,-2014000000.0,-1435600000.0,2271900000.0,0.0,6205400000.0,6205400000.0,6205400000.0,0.0,0.0,0.501,4075300000.0,6680000000.0,476000000.0,0.0,3.934,9.59,9.484,3358500000.0,0.0,558.54,4.805,4.736,6998600000.0,15107100000.0,12384100000.0,12384100000.0,2886200000.0,0.342,0.514,0.456,0.589,499100000.0,1450700000.0,1.0,106543805.0,105000000.0,110800000.0,117.944,21485900000.0,746600000.0,1023300000.0,0.0,204.628,9605200000.0
1,REGN,MRT,2021-03-31,2021-03-31,2021-03-31,2021-08-05,16200000.0,17772200000.0,16362050000.0,10055100000.0,7717100000.0,0.562,113.634,-559800000.0,1437900000.0,1437900000.0,1210600000.0,4003800000.0,3.125,0.484,2696700000.0,717800000.0,1978900000.0,2696700000.0,491900000.0,247200000.0,0.0,0.0,0.0,4460200000.0,4707400000.0,0.512,4707400000.0,4460200000.0,4394800000.0,37.57,35.25,37.57,11977000000.0,10546300000.0,11977000000.0,51190386693.0,11.0,10.874,2028800000.0,19.249,1.0,7987000000.0,0.868,0.0,65400000.0,15813200000.0,14149775000.0,2164700000.0,5609600000.0,2065900000.0,3543700000.0,5795200000.0,3217800000.0,2577400000.0,50688386693.0,-770300000.0,0.0,-4654400000.0,1981900000.0,0.0,-2672500000.0,-686400000.0,-126600000.0,2588600000.0,0.0,4003800000.0,4003800000.0,4003800000.0,0.0,0.0,0.435,3997800000.0,3989200000.0,542900000.0,0.0,4.232,12.66,12.594,3262600000.0,0.0,473.14,5.511,5.422,4173000000.0,12008200000.0,9197600000.0,9197600000.0,2894000000.0,0.245,0.38,0.315,0.485,457100000.0,1384300000.0,1.0,107131899.0,105400000.0,110500000.0,87.264,17772200000.0,765100000.0,391000000.0,0.0,168.617,6837300000.0
2,REGN,MRT,2020-12-31,2020-12-31,2020-12-31,2021-08-05,29300000.0,17163300000.0,15858375000.0,9779100000.0,7384200000.0,0.536,102.466,-614600000.0,2193700000.0,2193700000.0,1119900000.0,3513200000.0,3.625,0.557,2695700000.0,0.0,2695700000.0,2695700000.0,635500000.0,235900000.0,0.0,0.0,0.0,3867300000.0,4103200000.0,0.483,4103200000.0,3867300000.0,3810400000.0,32.65,30.52,32.65,11025300000.0,10585300000.0,11025300000.0,52672663201.0,14.0,12.837,2003500000.0,18.62,1.0,7377200000.0,0.868,0.0,56900000.0,14967900000.0,13248800000.0,1916600000.0,4528900000.0,1393300000.0,3135600000.0,6138000000.0,2697400000.0,3440600000.0,51550863201.0,577000000.0,0.0,-3952400000.0,1981900000.0,0.0,-1970500000.0,-70600000.0,544000000.0,2618100000.0,0.0,3513200000.0,3513200000.0,3513200000.0,0.0,0.0,0.413,3800600000.0,3576600000.0,475500000.0,0.0,4.676,14.673,14.797,3221600000.0,0.0,483.11,6.067,6.118,4114700000.0,10893000000.0,8497100000.0,8497100000.0,2735000000.0,0.222,0.332,0.292,0.455,432000000.0,1346000000.0,1.0,106706264.0,107600000.0,115100000.0,78.969,17163300000.0,858900000.0,297200000.0,0.0,159.51,7081700000.0
3,REGN,MRT,2020-09-30,2020-09-30,2020-09-30,2021-08-05,30800000.0,16084000000.0,15268850000.0,9097600000.0,6986400000.0,0.52,95.976,-592200000.0,1573000000.0,1573000000.0,988500000.0,3156000000.0,3.892,0.588,2694800000.0,0.0,2694800000.0,2694800000.0,599700000.0,228500000.0,0.0,0.0,0.0,3524400000.0,3752900000.0,0.473,3752900000.0,3524400000.0,3475600000.0,29.12,27.35,29.12,10125500000.0,10601400000.0,10125500000.0,59780034313.0,17.0,15.929,1582300000.0,14.998,1.0,6949200000.0,0.875,0.0,48800000.0,14868000000.0,12458000000.0,1801600000.0,4328000000.0,1452900000.0,2875100000.0,5958500000.0,2337800000.0,3620700000.0,59556334313.0,189300000.0,0.0,-3992800000.0,1981900000.0,0.0,-2010900000.0,25700000.0,617900000.0,2174500000.0,0.0,3156000000.0,3156000000.0,3156000000.0,0.0,0.0,0.398,3863900000.0,3085300000.0,443100000.0,0.0,5.882,18.871,19.223,3138300000.0,0.0,559.78,7.503,7.44,4039500000.0,9743800000.0,7937700000.0,7937700000.0,2542900000.0,0.207,0.298,0.283,0.444,444000000.0,1494300000.0,1.0,106392394.0,105500000.0,113900000.0,75.239,16084000000.0,804200000.0,319600000.0,0.0,152.455,6759800000.0
4,REGN,MRT,2020-06-30,2020-06-30,2020-06-30,2021-08-05,35500000.0,14428700000.0,14732675000.0,7860200000.0,6568500000.0,0.501,82.641,-560700000.0,1992200000.0,1992200000.0,940000000.0,2983500000.0,2.123,0.593,2215900000.0,1500000000.0,715900000.0,2215900000.0,566300000.0,222100000.0,0.0,0.0,0.0,3276100000.0,3498200000.0,0.474,3498200000.0,3276100000.0,3245800000.0,27.26,25.82,27.26,9057400000.0,10696125000.0,9057400000.0,68681520546.0,21.0,19.633,2425400000.0,22.13,1.0,6447400000.0,0.873,0.0,30300000.0,10950000000.0,11616450000.0,1640900000.0,3739600000.0,1152000000.0,2587600000.0,5371300000.0,3702400000.0,1668900000.0,70174520546.0,946700000.0,0.0,-4133900000.0,1500000000.0,0.0,-2633900000.0,594500000.0,1155200000.0,2986100000.0,0.0,2983500000.0,2983500000.0,2983500000.0,0.0,0.0,0.404,3676700000.0,2770700000.0,380100000.0,0.0,7.748,23.521,22.878,3031400000.0,0.0,623.65,9.499,9.253,2811300000.0,8901700000.0,7387400000.0,7387400000.0,2384300000.0,0.203,0.279,0.282,0.443,459900000.0,1471800000.0,1.0,112522281.0,109600000.0,117900000.0,67.403,14428700000.0,774000000.0,262300000.0,0.0,131.649,4157800000.0
5,REGN,MRT,2020-03-31,2020-03-31,2020-03-31,2021-08-05,-9100000.0,15757500000.0,14418900000.0,8644100000.0,7113400000.0,0.486,110.501,-525400000.0,2208200000.0,2208200000.0,810300000.0,2279300000.0,4.206,0.299,715200000.0,0.0,715200000.0,715200000.0,561300000.0,215400000.0,0.0,0.0,0.0,2580200000.0,2795600000.0,0.399,2795600000.0,2580200000.0,2551600000.0,20.84,19.89,20.84,12133000000.0,10870750000.0,12133000000.0,52817672537.0,20.0,18.893,1705600000.0,15.534,1.0,6202900000.0,0.884,0.0,28600000.0,12209300000.0,11660525000.0,1480900000.0,5031600000.0,1795200000.0,3236400000.0,3624500000.0,2055200000.0,1569300000.0,53721572537.0,499700000.0,0.0,-36400000.0,0.0,0.0,-36400000.0,-1694900000.0,-1169500000.0,2231000000.0,0.0,2279300000.0,2279300000.0,2279300000.0,0.0,0.0,0.325,3773000000.0,2429900000.0,347800000.0,0.0,4.428,23.569,23.43,2944600000.0,0.0,488.29,7.66,7.645,2933200000.0,8004400000.0,7013200000.0,7013200000.0,2547800000.0,0.158,0.21,0.221,0.368,462200000.0,1418100000.0,1.0,110019809.0,109800000.0,115100000.0,63.872,15757500000.0,771200000.0,272300000.0,0.0,143.511,6588900000.0
6,REGN,MRT,2019-12-31,2019-12-31,2019-12-31,2021-08-05,21100000.0,14805200000.0,13693225000.0,7689100000.0,7116100000.0,0.479,101.554,-429600000.0,1617800000.0,1617800000.0,765100000.0,2115800000.0,3.667,0.335,713900000.0,0.0,713900000.0,713900000.0,487400000.0,210300000.0,0.0,0.0,0.0,2459300000.0,2669600000.0,0.407,2669600000.0,2459300000.0,2429100000.0,19.38,18.46,19.38,11089700000.0,10198675000.0,11089700000.0,40554013467.0,16.0,15.191,2000400000.0,18.319,1.0,5792500000.0,0.883,0.0,30200000.0,11804700000.0,11194400000.0,1415500000.0,4853300000.0,1596500000.0,3256800000.0,3715500000.0,2096600000.0,1618900000.0,41226113467.0,150100000.0,0.0,-252100000.0,0.0,0.0,-252100000.0,-2027800000.0,-1598200000.0,2430000000.0,0.0,2115800000.0,2115800000.0,2115800000.0,0.0,0.0,0.323,3582700000.0,2209800000.0,418100000.0,0.0,3.718,19.485,19.375,2890400000.0,0.0,375.48,6.287,6.253,2785600000.0,7379800000.0,6557600000.0,6557600000.0,2450000000.0,0.155,0.207,0.22,0.375,464300000.0,1341900000.0,1.0,109795764.0,109200000.0,114600000.0,60.051,14805200000.0,824200000.0,313300000.0,0.0,135.579,5592500000.0
7,REGN,MRT,2019-09-30,2019-09-30,2019-09-30,2021-08-05,16500000.0,13939300000.0,12925550000.0,7109100000.0,6830200000.0,0.391,96.018,-376100000.0,1384800000.0,1384800000.0,643900000.0,2144200000.0,4.027,0.327,712700000.0,0.0,712700000.0,712700000.0,1292500000.0,198800000.0,0.0,0.0,0.0,2246400000.0,2445200000.0,0.484,2445200000.0,2246400000.0,2215500000.0,19.71,18.68,19.71,10504400000.0,9615575000.0,10504400000.0,30133299715.0,13.0,12.323,1995300000.0,18.239,1.0,4412800000.0,0.873,0.0,30900000.0,11501800000.0,10626350000.0,1344300000.0,4605700000.0,1493100000.0,3112600000.0,3434900000.0,1765400000.0,1669500000.0,30467499715.0,297000000.0,0.0,10600000.0,0.0,0.0,10600000.0,-2085000000.0,-1708900000.0,2371400000.0,0.0,2144200000.0,2144200000.0,2144200000.0,0.0,0.0,0.424,2160600000.0,2252200000.0,335600000.0,0.0,2.9,14.209,14.074,2771400000.0,0.0,277.4,6.025,6.001,2660000000.0,6587800000.0,5056700000.0,5056700000.0,1781600000.0,0.166,0.223,0.211,0.444,457500000.0,952400000.0,1.0,109832371.0,109400000.0,114200000.0,46.222,13939300000.0,808300000.0,71300000.0,0.0,127.416,5343700000.0
8,REGN,MRT,2019-06-30,2019-06-30,2019-06-30,2021-08-05,15800000.0,13173600000.0,12142128250.0,6651000000.0,6522600000.0,0.41,89.34,-360600000.0,1045500000.0,1045500000.0,528800000.0,2069300000.0,3.882,0.35,711300000.0,0.0,711300000.0,711300000.0,1317800000.0,181300000.0,0.0,0.0,0.0,2113400000.0,2294700000.0,0.461,2294700000.0,2113400000.0,2082900000.0,19.09,17.99,19.09,9755900000.0,8956550000.0,9755900000.0,33318335636.0,16.0,14.52,1906400000.0,17.458,1.0,4447700000.0,0.894,0.0,30500000.0,11126300000.0,10002835750.0,1317200000.0,4508800000.0,1624200000.0,2884600000.0,3417700000.0,1713100000.0,1704600000.0,34316935636.0,127600000.0,0.0,25300000.0,0.0,0.0,25300000.0,-2164700000.0,-1794100000.0,2267000000.0,0.0,2069300000.0,2069300000.0,2069300000.0,0.0,0.0,0.416,2307100000.0,2140600000.0,244000000.0,0.0,3.518,16.584,16.396,2676600000.0,0.0,313.0,6.896,6.868,2455900000.0,5918200000.0,4976500000.0,4976500000.0,1812600000.0,0.17,0.231,0.211,0.425,451900000.0,1017200000.0,1.0,109638772.0,109200000.0,114600000.0,45.572,13173600000.0,821600000.0,13600000.0,0.0,120.637,4937900000.0
9,REGN,MRT,2019-03-31,2019-03-31,2019-03-31,2021-08-05,2800000.0,12854800000.0,11336723250.0,6928600000.0,5926200000.0,0.442,86.728,-378000000.0,1708500000.0,1708500000.0,474700000.0,2427600000.0,4.584,0.361,709900000.0,0.0,709900000.0,709900000.0,1343200000.0,162800000.0,0.0,0.0,0.0,2543700000.0,2706500000.0,0.541,2706500000.0,2543700000.0,2514300000.0,22.44,21.13,22.44,9444700000.0,8314181500.0,9444700000.0,44112199347.0,17.0,16.299,2095300000.0,19.241,1.0,4532000000.0,0.905,0.0,29400000.0,10344800000.0,9323465000.0,1208800000.0,3863700000.0,1523900000.0,2339800000.0,3410100000.0,1511400000.0,1898700000.0,44871399347.0,689000000.0,0.0,29400000.0,0.0,0.0,29400000.0,-1813700000.0,-1425700000.0,2473300000.0,0.0,2427600000.0,2427600000.0,2427600000.0,0.0,0.0,0.485,2084800000.0,2447200000.0,239600000.0,0.0,4.751,18.484,18.299,2612800000.0,0.0,410.62,8.962,8.931,2305200000.0,5725100000.0,5006700000.0,5006700000.0,1456400000.0,0.214,0.292,0.273,0.508,452900000.0,1087400000.0,1.0,109277189.0,108900000.0,115500000.0,45.975,12854800000.0,829300000.0,86700000.0,0.0,118.042,5417200000.0
10,REGN,MRT,2018-12-31,2018-12-31,2018-12-31,2021-08-05,-12300000.0,11734500000.0,10466197250.0,6447600000.0,5286900000.0,0.492,81.161,-383100000.0,1467700000.0,1467700000.0,417500000.0,2444400000.0,4.469,0.34,708500000.0,0.0,708500000.0,708500000.0,916700000.0,148200000.0,0.0,0.0,0.0,2581700000.0,2729900000.0,0.531,2729900000.0,2581700000.0,2553500000.0,22.65,21.29,22.65,8757300000.0,7594917500.0,8757300000.0,40044969654.0,16.0,14.669,1812000000.0,16.793,1.0,4728100000.0,0.919,0.0,28200000.0,9532500000.0,8685292500.0,1151200000.0,3097200000.0,1342200000.0,1755000000.0,2977200000.0,1442800000.0,1534400000.0,40425609654.0,655000000.0,0.0,-77100000.0,0.0,0.0,-77100000.0,-1463000000.0,-1069900000.0,2195100000.0,0.0,2444400000.0,2444400000.0,2444400000.0,0.0,0.0,0.475,2193700000.0,2534400000.0,218200000.0,0.0,4.616,16.538,16.49,2575800000.0,0.0,373.5,7.856,7.832,2243200000.0,5254300000.0,5145600000.0,5145600000.0,1468800000.0,0.234,0.322,0.297,0.502,427400000.0,1127200000.0,1.0,108234564.0,107900000.0,114800000.0,47.689,11734500000.0,828700000.0,109100000.0,0.0,108.753,5004800000.0
11,REGN,MRT,2018-09-30,2018-09-30,2018-09-30,2021-08-05,-10519000.0,10805613000.0,9723647250.0,5719583000.0,5086030000.0,0.655,72.855,-405237000.0,1087843000.0,1087843000.0,422779000.0,1797608000.0,4.036,0.373,707203000.0,0.0,707203000.0,707203000.0,1081792000.0,139940000.0,0.0,0.0,0.0,2458872000.0,2598812000.0,0.408,2598812000.0,2458872000.0,2432156000.0,16.67,15.65,16.67,7868300000.0,6941617500.0,7868300000.0,43447113846.0,18.0,16.718,1628000000.0,15.074,1.0,5942641000.0,0.934,0.0,26716000.0,9007743000.0,8182067500.0,1039679000.0,2977878000.0,1104309000.0,1873569000.0,2937313000.0,1417230000.0,1520083000.0,43659086846.0,295738000.0,0.0,-204660000.0,25000.0,0.0,-204635000.0,-1532864000.0,-1117627000.0,2033237000.0,0.0,1797608000.0,1797608000.0,1797608000.0,0.0,0.0,0.282,3587521000.0,2355120000.0,172361000.0,0.0,5.549,24.287,24.238,2524446000.0,0.0,404.04,6.859,6.855,2202945000.0,4433904000.0,6365420000.0,6365420000.0,2112841000.0,0.185,0.259,0.301,0.386,427856000.0,1474680000.0,1.0,108056348.0,108000000.0,115100000.0,58.939,10805613000.0,562818000.0,634548000.0,0.0,100.052,4302353000.0
12,REGN,MRT,2018-06-30,2018-06-30,2018-06-30,2021-08-05,-11612000.0,9951980000.0,9197547750.0,4814917000.0,5137063000.0,0.674,66.664,-358690000.0,917876000.0,917876000.0,416611000.0,1591225000.0,3.617,0.385,705903000.0,0.0,705903000.0,705903000.0,1027016000.0,142259000.0,0.0,0.0,0.0,2387359000.0,2529618000.0,0.408,2529618000.0,2387359000.0,2361861000.0,14.81,13.8,14.81,7186426000.0,6487440750.0,7186426000.0,36896181798.0,15.0,14.586,1636479000.0,15.181,1.0,5785982000.0,0.933,0.0,25498000.0,8408817000.0,7798341500.0,928553000.0,2810345000.0,765642000.0,2044703000.0,2765554000.0,1331190000.0,1434364000.0,37211027798.0,173590000.0,0.0,-216556000.0,25000.0,0.0,-216531000.0,-1605048000.0,-1246358000.0,1995169000.0,0.0,1591225000.0,1591225000.0,1591225000.0,0.0,0.0,0.257,3497836000.0,2288146000.0,171906000.0,0.0,5.178,23.385,23.294,2461614000.0,0.0,344.99,5.999,5.996,2039247000.0,3839179000.0,6202593000.0,6202593000.0,2085590000.0,0.173,0.245,0.306,0.385,441453000.0,1412246000.0,1.0,107861178.0,107800000.0,114500000.0,57.538,9951980000.0,545077000.0,770636000.0,0.0,92.319,3483727000.0
13,REGN,MRT,2018-03-31,2018-03-31,2018-03-31,2021-08-05,-15594000.0,9372696000.0,8736146000.0,4544732000.0,4827964000.0,0.694,61.038,-301539000.0,1019491000.0,1019491000.0,427832000.0,1427569000.0,3.591,0.427,704645000.0,0.0,704645000.0,704645000.0,1056658000.0,143785000.0,0.0,0.0,0.0,2255610000.0,2399395000.0,0.396,2399395000.0,2255610000.0,2231611000.0,13.35,12.32,13.35,6567644000.0,6071018750.0,6567644000.0,36977189359.0,16.0,15.411,1268460000.0,11.789,1.0,5636877000.0,0.929,0.0,23999000.0,7792110000.0,7454691250.0,820397000.0,2427446000.0,605461000.0,1821985000.0,2805052000.0,1265740000.0,1539312000.0,37086469359.0,207730000.0,0.0,-64773000.0,-7039000.0,0.0,-71812000.0,-1290457000.0,-988918000.0,1569999000.0,0.0,1427569000.0,1427569000.0,1427569000.0,0.0,0.0,0.235,3420619000.0,2216258000.0,207611000.0,0.0,5.647,25.979,25.795,2394727000.0,0.0,344.36,6.115,6.11,1943932000.0,3287767000.0,6064709000.0,6064709000.0,2066265000.0,0.163,0.235,0.303,0.372,455911000.0,1354354000.0,1.0,107696798.0,107600000.0,114900000.0,56.363,9372696000.0,532268000.0,804042000.0,0.0,87.107,3278992000.0
14,REGN,MRT,2017-12-31,2017-12-31,2017-12-31,2021-08-05,600000.0,8764300000.0,8347313250.0,4335000000.0,4429300000.0,0.703,57.8,-272600000.0,812700000.0,812700000.0,397100000.0,1198500000.0,3.818,0.426,703500000.0,0.0,703500000.0,703500000.0,949300000.0,145500000.0,0.0,0.0,0.0,2103600000.0,2249100000.0,0.383,2249100000.0,2103600000.0,2078500000.0,11.27,10.34,11.27,6144100000.0,5645613000.0,6144100000.0,40303249279.0,19.0,17.92,1034500000.0,9.732,1.0,5475100000.0,0.932,0.0,25100000.0,7519600000.0,7107895750.0,726100000.0,2083300000.0,596800000.0,1486500000.0,2620200000.0,1135500000.0,1484700000.0,40392997279.0,277500000.0,0.0,-61500000.0,37100000.0,0.0,-24400000.0,-1005200000.0,-732600000.0,1307100000.0,0.0,1198500000.0,1198500000.0,1198500000.0,0.0,0.0,0.204,3395500000.0,2079600000.0,178200000.0,0.0,6.574,33.703,33.359,2358600000.0,0.0,375.96,6.879,6.806,1974300000.0,2946700000.0,5872200000.0,5872200000.0,2075100000.0,0.144,0.212,0.296,0.358,507300000.0,1320400000.0,1.0,107439614.0,106300000.0,115900000.0,55.242,8764300000.0,506300000.0,880000000.0,0.0,82.449,3199500000.0
15,REGN,MRT,2017-09-30,2017-09-30,2017-09-30,2021-08-05,23835000.0,8701215000.0,7899604750.0,4135742000.0,4565473000.0,0.698,56.713,-315377000.0,792065000.0,792065000.0,366008000.0,1278085000.0,3.632,0.438,702317000.0,0.0,702317000.0,702317000.0,1003320000.0,139815000.0,0.0,0.0,0.0,1887153000.0,2026968000.0,0.367,2026968000.0,1887153000.0,1865256000.0,12.07,11.01,12.07,6051593000.0,5221899250.0,6051593000.0,47866761948.0,25.0,23.615,815169000.0,7.639,1.0,5150572000.0,0.934,0.0,21897000.0,7472839000.0,6647469250.0,641588000.0,1914182000.0,586879000.0,1327303000.0,2649622000.0,1138628000.0,1510994000.0,47909901948.0,-115795000.0,0.0,89737000.0,5893000.0,0.0,-305653000.0,-940688000.0,-625311000.0,1130546000.0,0.0,1278085000.0,1278085000.0,1278085000.0,0.0,0.0,0.232,3262830000.0,1887742000.0,818426000.0,0.0,7.917,37.486,37.044,2274529000.0,0.0,447.12,8.685,8.649,1971449000.0,2773214000.0,5516580000.0,5516580000.0,2026370000.0,0.162,0.245,0.284,0.342,534724000.0,1236460000.0,1.0,107152223.0,106706000.0,117028000.0,51.699,8701215000.0,927023000.0,587171000.0,0.0,81.544,2997114000.0
16,REGN,MRT,2017-06-30,2017-06-30,2017-06-30,2021-08-05,2348000.0,8106373000.0,7431305750.0,3860051000.0,4246322000.0,0.705,52.066,-374280000.0,744313000.0,744313000.0,306004000.0,1154572000.0,3.751,0.468,701173000.0,0.0,701173000.0,701173000.0,1051781000.0,129935000.0,0.0,0.0,0.0,1681743000.0,1811678000.0,0.346,1811678000.0,1681743000.0,1665532000.0,10.96,9.96,10.96,5520738000.0,4831812750.0,5520738000.0,52099403213.0,31.0,28.758,992463000.0,9.36,1.0,4930025000.0,0.942,0.0,16211000.0,7034216000.0,6111435250.0,554320000.0,1588214000.0,523537000.0,1064677000.0,2585635000.0,1029017000.0,1556618000.0,52203569213.0,110304000.0,0.0,122163000.0,10338000.0,0.0,-268782000.0,-987657000.0,-613377000.0,1366743000.0,0.0,1154572000.0,1154572000.0,1154572000.0,0.0,0.0,0.221,3239407000.0,1690618000.0,716364000.0,0.0,9.456,45.215,44.812,2261702000.0,0.0,491.14,9.97,9.946,1844547000.0,2384897000.0,5236029000.0,5236029000.0,2039668000.0,0.155,0.239,0.275,0.321,541006000.0,1199739000.0,1.0,106290608.0,106034000.0,116137000.0,49.381,8106373000.0,882980000.0,510960000.0,0.0,76.451,2831034000.0
17,REGN,MRT,2017-03-31,2017-03-31,2017-03-31,2021-08-05,-5884000.0,7817365000.0,6955939000.0,3669263000.0,4148102000.0,0.716,46.092,-458267000.0,811773000.0,811773000.0,272116000.0,963046000.0,2.805,0.607,707607000.0,7200000.0,700407000.0,707607000.0,1074836000.0,119838000.0,0.0,0.0,0.0,1443999000.0,1563837000.0,0.314,1563837000.0,1443999000.0,1431938000.0,9.18,8.31,9.18,4866021000.0,4470754750.0,4866021000.0,41050993370.0,28.0,26.25,1338545000.0,12.679,1.0,4706426000.0,0.945,0.0,12061000.0,6404928000.0,5594970750.0,466576000.0,1463006000.0,495311000.0,967695000.0,2951344000.0,1308271000.0,1643073000.0,41107353370.0,220058000.0,0.0,-38089000.0,5876000.0,0.0,-433496000.0,-1143258000.0,-684991000.0,1796812000.0,0.0,963046000.0,963046000.0,963046000.0,0.0,0.0,0.193,3274492000.0,1431934000.0,1061777000.0,0.0,8.448,42.685,42.212,2277029000.0,0.0,387.51,8.257,8.217,1749548000.0,1997153000.0,4978542000.0,4978542000.0,2089623000.0,0.138,0.215,0.258,0.29,551439000.0,1184869000.0,1.0,106080755.0,105572000.0,115106000.0,47.158,7817365000.0,866291000.0,468892000.0,0.0,74.048,2360992000.0
18,REGN,MRT,2016-12-31,2016-12-31,2016-12-31,2021-08-05,-12840000.0,6973466000.0,6477712750.0,3180188000.0,3793278000.0,0.75,42.495,-511900000.0,535203000.0,535203000.0,299700000.0,895500000.0,2.562,0.567,481126000.0,129557000.0,351569000.0,481126000.0,1062436000.0,104700000.0,0.0,0.0,0.0,1337000000.0,1441700000.0,0.297,1441700000.0,1337000000.0,1329800000.0,8.55,7.7,8.55,4449245000.0,4195520000.0,4449245000.0,38178961060.0,29.0,26.482,974000000.0,9.303,1.0,4560700000.0,0.938,0.0,7200000.0,5677894000.0,5179426750.0,399356000.0,1367741000.0,503481000.0,864260000.0,2524221000.0,1241495000.0,1282726000.0,38717092060.0,-261400000.0,0.0,-16500000.0,-40600000.0,0.0,-700500000.0,-1046800000.0,-534900000.0,1485900000.0,0.0,895500000.0,895500000.0,895500000.0,0.0,0.0,0.184,3230000000.0,1330700000.0,879096000.0,0.0,8.702,43.235,42.935,2083421000.0,0.0,367.09,7.966,7.908,1611620000.0,1748222000.0,4860400000.0,4860400000.0,2052300000.0,0.138,0.213,0.258,0.275,559900000.0,1177700000.0,1.0,105470299.0,104700000.0,116300000.0,46.422,6973466000.0,825303000.0,434300000.0,0.0,66.604,1938693000.0
19,REGN,MRT,2016-09-30,2016-09-30,2016-09-30,2021-08-05,-2899000.0,6828019000.0,6136629250.0,3501689000.0,3326330000.0,0.771,42.842,-539265000.0,920359000.0,920359000.0,335844000.0,797401000.0,3.643,0.52,382228000.0,0.0,382228000.0,382228000.0,1100342000.0,98755000.0,0.0,0.0,0.0,1207206000.0,1305961000.0,0.276,1305961000.0,1207206000.0,1215577000.0,7.64,6.89,7.64,4491247000.0,3996918000.0,4491247000.0,42045512302.0,35.0,32.195,838075000.0,7.994,1.0,4395833000.0,0.929,0.0,-8371000.0,5328703000.0,4847900000.0,345620000.0,1265938000.0,488032000.0,777906000.0,2336772000.0,961185000.0,1375587000.0,42330497302.0,265772000.0,0.0,9894000.0,-30263000.0,0.0,-212720000.0,-898848000.0,-359583000.0,1377340000.0,0.0,797401000.0,797401000.0,797401000.0,0.0,0.0,0.169,3181013000.0,1214820000.0,714916000.0,0.0,9.425,53.086,52.62,1872167000.0,0.0,402.02,8.946,8.907,1643872000.0,1495107000.0,4731677000.0,4731677000.0,2034299000.0,0.13,0.2,0.249,0.255,563712000.0,1146714000.0,1.0,105294506.0,104833000.0,116466000.0,45.135,6828019000.0,655552000.0,418176000.0,0.0,65.132,2540504000.0
20,REGN,MRT,2016-06-30,2016-06-30,2016-06-30,2021-08-05,5204000.0,6204906000.0,5725353250.0,3209225000.0,2995681000.0,0.812,38.96,-566808000.0,646508000.0,646508000.0,400699000.0,742995000.0,3.373,0.522,361523000.0,0.0,361523000.0,361523000.0,884016000.0,91590000.0,0.0,0.0,0.0,1235391000.0,1326981000.0,0.285,1326981000.0,1235391000.0,1242985000.0,7.15,6.44,7.15,4076506000.0,3698323000.0,4076506000.0,36454613033.0,30.0,27.472,1052356000.0,10.058,1.0,4248278000.0,0.914,0.0,-7594000.0,4968358000.0,4562775500.0,316073000.0,988508000.0,398656000.0,589852000.0,2128400000.0,951563000.0,1176837000.0,36696597033.0,255954000.0,0.0,-15481000.0,-37089000.0,0.0,-587044000.0,-776166000.0,-209358000.0,1619164000.0,0.0,742995000.0,742995000.0,742995000.0,0.0,0.0,0.16,3003838000.0,1244440000.0,759643000.0,0.0,9.002,49.39,48.843,1772923000.0,0.0,349.23,7.893,7.86,1751971000.0,1230303000.0,4648977000.0,4648977000.0,1917176000.0,0.13,0.201,0.271,0.266,534974000.0,1086662000.0,1.0,105078593.0,104633000.0,116231000.0,44.431,6204906000.0,626191000.0,499990000.0,0.0,59.302,2257662000.0
21,REGN,MRT,2016-03-31,2016-03-31,2016-03-31,2021-08-05,4364000.0,5904460000.0,5305869250.0,3133379000.0,2771081000.0,0.836,36.102,-667865000.0,604214000.0,604214000.0,420506000.0,741420000.0,3.407,0.568,362230000.0,0.0,362230000.0,362230000.0,909371000.0,81859000.0,0.0,0.0,0.0,1288396000.0,1370255000.0,0.309,1370255000.0,1288396000.0,1278725000.0,7.16,6.44,7.16,3765082000.0,3513811000.0,3765082000.0,37323655984.0,29.0,27.238,809631000.0,7.763,1.0,4014459000.0,0.905,0.0,9671000.0,4742752000.0,4301416250.0,303294000.0,800175000.0,244965000.0,555210000.0,2139378000.0,919724000.0,1219654000.0,37769838984.0,96307000.0,0.0,29002000.0,-132836000.0,0.0,-559384000.0,-821805000.0,-153940000.0,1477496000.0,0.0,741420000.0,741420000.0,741420000.0,0.0,0.0,0.167,2716788000.0,1297671000.0,733276000.0,0.0,10.032,50.943,50.341,1666391000.0,0.0,360.44,8.516,8.476,1865221000.0,1018436000.0,4434965000.0,4434965000.0,1747576000.0,0.14,0.211,0.3,0.291,497540000.0,969212000.0,1.0,104788145.0,104290000.0,114228000.0,42.525,5904460000.0,543689000.0,537305000.0,0.0,56.616,2213655000.0
22,REGN,MRT,2015-12-31,2015-12-31,2015-12-31,2021-08-05,8572000.0,5609132000.0,4879397500.0,2915095000.0,2694037000.0,0.841,35.463,-677933000.0,809102000.0,809102000.0,392709000.0,636056000.0,3.594,0.535,362919000.0,0.0,362919000.0,362919000.0,818166000.0,74909000.0,0.0,0.0,0.0,1239338000.0,1314247000.0,0.32,1314247000.0,1239338000.0,1225097000.0,6.17,5.52,6.17,3654837000.0,3315398000.0,3654837000.0,56234063922.0,45.0,42.788,652847000.0,6.335,1.0,3711019000.0,0.904,0.0,14241000.0,4351787000.0,4022480250.0,238578000.0,868283000.0,236121000.0,632162000.0,1954295000.0,811162000.0,1143133000.0,56493783922.0,160383000.0,0.0,45821000.0,-140447000.0,0.0,-262796000.0,-907601000.0,-229668000.0,1330780000.0,0.0,636056000.0,636056000.0,636056000.0,0.0,0.0,0.155,2459103000.0,1251916000.0,644112000.0,0.0,15.457,88.819,87.985,1594120000.0,0.0,542.87,13.766,13.634,1467793000.0,852700000.0,4103728000.0,4103728000.0,1620577000.0,0.13,0.192,0.308,0.302,459049000.0,838526000.0,1.0,104065032.0,103061000.0,115230000.0,39.818,5609132000.0,461945000.0,589041000.0,0.0,54.425,2103933000.0
23,REGN,MRT,2015-09-30,2015-09-30,2015-09-30,2021-08-05,7721000.0,5182915000.0,4436532500.0,2675640000.0,2507275000.0,0.858,31.901,-617696000.0,654587000.0,654587000.0,341352000.0,571157000.0,3.64,0.572,394867000.0,0.0,394867000.0,394867000.0,833337000.0,66134000.0,0.0,0.0,0.0,1220880000.0,1287014000.0,0.338,1287014000.0,1220880000.0,1187531000.0,5.56,4.96,5.56,3296867000.0,3039251500.0,3296867000.0,48227116306.0,40.0,37.472,629436000.0,6.09,1.0,3466628000.0,0.91,0.0,33349000.0,4188205000.0,3682534500.0,190668000.0,922381000.0,241055000.0,681326000.0,1886048000.0,734990000.0,1151058000.0,48229623306.0,8033000.0,0.0,32273000.0,-279401000.0,0.0,-511443000.0,-727656000.0,-109960000.0,1247132000.0,0.0,571157000.0,571157000.0,571157000.0,0.0,0.0,0.15,2229991000.0,1236637000.0,577428000.0,0.0,14.629,84.442,83.658,1475123000.0,0.0,465.14,12.665,12.624,1439315000.0,697706000.0,3807980000.0,3807980000.0,1511112000.0,0.129,0.188,0.332,0.321,413675000.0,718879000.0,1.0,103688402.0,103348000.0,115944000.0,36.846,5182915000.0,406764000.0,616374000.0,0.0,50.15,1940650000.0
24,REGN,MRT,2015-06-30,2015-06-30,2015-06-30,2021-08-05,19153000.0,4526970000.0,4075658500.0,2283341000.0,2243629000.0,0.833,32.448,-551366000.0,390554000.0,390554000.0,287862000.0,444134000.0,3.796,0.356,388047000.0,0.0,388047000.0,388047000.0,192589000.0,59465000.0,0.0,0.0,0.0,1017373000.0,1076838000.0,0.317,1076838000.0,1017373000.0,976065000.0,4.35,3.87,4.35,3338458000.0,2852981750.0,3338458000.0,52649515484.0,52.0,48.893,-32766000.0,-0.318,1.0,3108484000.0,0.915,0.0,41308000.0,3922921000.0,3447478000.0,171266000.0,803289000.0,213694000.0,589595000.0,1188512000.0,601542000.0,586970000.0,52684946484.0,-209581000.0,0.0,-59711000.0,-277296000.0,0.0,-160628000.0,-567553000.0,-16187000.0,518600000.0,0.0,444134000.0,444134000.0,444134000.0,0.0,0.0,0.131,2075805000.0,1032679000.0,529505000.0,0.0,15.781,118.624,117.271,1326112000.0,0.0,510.13,15.512,15.453,1395125000.0,487308000.0,3396346000.0,3396346000.0,1422916000.0,0.109,0.156,0.295,0.3,379153000.0,652889000.0,1.0,103277491.0,102886000.0,115259000.0,33.011,4526970000.0,393387000.0,531931000.0,0.0,44.0,1681799000.0
25,REGN,MRT,2015-03-31,2015-03-31,2015-03-31,2021-08-05,47904000.0,4198573000.0,3807935500.0,2310714000.0,1887859000.0,0.804,29.067,-382346000.0,507907000.0,507907000.0,245401000.0,345842000.0,4.31,0.413,472476000.0,0.0,472476000.0,472476000.0,234161000.0,57183000.0,0.0,0.0,0.0,889841000.0,947024000.0,0.309,947024000.0,889841000.0,856872000.0,3.42,3.03,3.42,2971430000.0,2610577750.0,2971430000.0,46138498004.0,52.0,48.719,214835000.0,2.102,1.0,2818028000.0,0.92,0.0,32969000.0,3627008000.0,3222300500.0,133863000.0,717562000.0,234257000.0,483305000.0,1227143000.0,536134000.0,691009000.0,46329506004.0,46049000.0,0.0,-78414000.0,-231420000.0,0.0,-237105000.0,-314027000.0,68319000.0,597181000.0,0.0,345842000.0,345842000.0,345842000.0,0.0,0.0,0.113,1902118000.0,915910000.0,462762000.0,0.0,15.592,133.961,132.012,1110597000.0,0.0,451.48,15.123,15.066,1338462000.0,292665000.0,3063429000.0,3063429000.0,1327087000.0,0.091,0.132,0.276,0.29,349724000.0,575031000.0,1.0,102616962.0,102227000.0,114519000.0,29.967,4198573000.0,351610000.0,511030000.0,0.0,41.071,1774580000.0
26,REGN,MRT,2014-12-31,2014-12-31,2014-12-31,2021-08-05,52251000.0,3837672000.0,3573391250.0,2084759000.0,1752913000.0,0.789,25.347,-333006000.0,648719000.0,648719000.0,205018000.0,338126000.0,3.184,0.505,457711000.0,0.0,457711000.0,457711000.0,209274000.0,52686000.0,0.0,0.0,0.0,798607000.0,851293000.0,0.302,851293000.0,798607000.0,761235000.0,3.36,2.98,3.36,2550251000.0,2420532250.0,2550251000.0,41626939889.0,52.0,48.898,419429000.0,4.169,1.0,2614539000.0,0.927,0.0,37372000.0,2992004000.0,3071694250.0,128861000.0,711915000.0,251761000.0,460154000.0,1287421000.0,654660000.0,632761000.0,41708179889.0,113111000.0,0.0,-141539000.0,-221734000.0,0.0,-218547000.0,-420777000.0,-87771000.0,752435000.0,0.0,338126000.0,338126000.0,338126000.0,0.0,0.0,0.12,1790620000.0,823919000.0,483489000.0,0.0,16.355,123.351,122.098,974309000.0,0.0,410.25,14.792,14.639,976372000.0,216644000.0,2819557000.0,2819557000.0,1271353000.0,0.095,0.14,0.26,0.283,321750000.0,519267000.0,1.0,101665277.0,100612000.0,113413000.0,28.024,3837672000.0,315416000.0,423109000.0,0.0,38.143,1430099000.0
27,REGN,MRT,2014-09-30,2014-09-30,2014-09-30,2021-08-05,26895000.0,3739419000.0,3351726500.0,2200512000.0,1538907000.0,0.784,25.316,-284440000.0,646554000.0,646554000.0,193658000.0,334213000.0,5.364,0.465,565314000.0,1252000.0,564062000.0,565314000.0,260594000.0,49843000.0,0.0,0.0,0.0,795370000.0,845213000.0,0.322,845213000.0,795370000.0,752687000.0,3.35,2.96,3.35,2551788000.0,2270988500.0,2551788000.0,36353896614.0,46.0,43.012,551549000.0,5.472,1.0,2433982000.0,0.926,0.0,42683000.0,3247979000.0,2978979000.0,120317000.0,849093000.0,395650000.0,453443000.0,1187631000.0,410200000.0,777431000.0,36436185614.0,383343000.0,0.0,-108116000.0,-62334000.0,0.0,134724000.0,-587370000.0,-302930000.0,835989000.0,0.0,334213000.0,334213000.0,334213000.0,0.0,0.0,0.127,1630771000.0,803211000.0,337976000.0,0.0,14.279,109.021,107.618,818967000.0,0.0,360.52,13.867,13.83,927254000.0,145206000.0,2627640000.0,2627640000.0,1187748000.0,0.1,0.147,0.267,0.303,280892000.0,443023000.0,1.0,101065643.0,100796000.0,117423000.0,26.069,3739419000.0,312086000.0,418474000.0,0.0,37.099,1790312000.0
28,REGN,MRT,2014-06-30,2014-06-30,2014-06-30,2021-08-05,4263000.0,3456078000.0,3076975500.0,1918695000.0,1537383000.0,0.812,23.596,-236362000.0,600135000.0,600135000.0,176638000.0,392144000.0,5.457,0.459,517846000.0,1060000.0,516786000.0,517846000.0,271037000.0,46641000.0,0.0,0.0,0.0,841735000.0,888376000.0,0.356,888376000.0,841735000.0,796548000.0,3.96,3.48,3.96,2368842000.0,2055584250.0,2368842000.0,28564991020.0,34.0,32.154,527761000.0,5.257,1.0,2322241000.0,0.929,0.0,45187000.0,3022211000.0,2814647250.0,109897000.0,767592000.0,216774000.0,550818000.0,1087236000.0,351578000.0,735658000.0,28495736020.0,218460000.0,0.0,-100790000.0,-62686000.0,0.0,133091000.0,-678754000.0,-442392000.0,764123000.0,0.0,392144000.0,392144000.0,392144000.0,0.0,0.0,0.157,1470692000.0,851549000.0,283385000.0,0.0,12.029,72.667,71.331,707321000.0,0.0,282.47,11.403,11.348,893924000.0,65486000.0,2498879000.0,2498879000.0,1074065000.0,0.127,0.191,0.299,0.337,258517000.0,396627000.0,1.0,100880575.0,100391000.0,113032000.0,24.891,3456078000.0,307658000.0,404404000.0,0.0,34.426,1567117000.0
29,REGN,MRT,2014-03-31,2014-03-31,2014-03-31,2021-08-05,1465000.0,3260396000.0,2807520750.0,1871049000.0,1389347000.0,0.816,22.402,-199942000.0,461858000.0,461858000.0,169872000.0,383169000.0,6.133,0.474,531113000.0,1060000.0,530053000.0,531113000.0,268306000.0,43327000.0,0.0,0.0,0.0,781812000.0,825139000.0,0.36,825139000.0,781812000.0,735437000.0,3.89,3.42,3.89,2211248000.0,1836708000.0,2211248000.0,29976394343.0,38.0,36.329,355933000.0,3.606,1.0,2120949000.0,0.926,0.0,46375000.0,3024583000.0,2625615500.0,86545000.0,720964000.0,186275000.0,534689000.0,1049148000.0,305068000.0,744080000.0,30006490343.0,281496000.0,0.0,-155617000.0,-1637000.0,0.0,169622000.0,-444001000.0,-244059000.0,555875000.0,0.0,383169000.0,383169000.0,383169000.0,0.0,0.0,0.167,1339387000.0,781562000.0,237935000.0,0.0,13.57,78.311,77.193,600864000.0,0.0,300.28,13.099,12.939,1047496000.0,-27249000.0,2290821000.0,2290821000.0,967027000.0,0.136,0.209,0.298,0.341,238132000.0,372360000.0,1.0,99928368.0,98709000.0,112151000.0,23.208,3260396000.0,285077000.0,352268000.0,0.0,33.03,1565981000.0
30,REGN,MRT,2013-12-31,2013-12-31,2013-12-31,2021-08-05,-1188000.0,2951013000.0,2561421250.0,1796934000.0,1154079000.0,0.822,19.936,-156323000.0,535608000.0,535608000.0,155355000.0,413738000.0,6.013,0.512,504573000.0,0.0,504573000.0,504573000.0,231199000.0,41204000.0,0.0,0.0,0.0,742819000.0,784023000.0,0.373,784023000.0,742819000.0,696382000.0,4.23,3.72,4.23,1952076000.0,1635483000.0,1952076000.0,27582949373.0,37.0,35.181,432273000.0,4.415,1.0,1949390000.0,0.926,0.0,46437000.0,2621143000.0,2459754750.0,70354000.0,548267000.0,158376000.0,389891000.0,998937000.0,298835000.0,700102000.0,27363985373.0,305332000.0,0.0,-137694000.0,-2024000.0,0.0,72191000.0,-355455000.0,-199132000.0,588596000.0,0.0,413738000.0,413738000.0,413738000.0,0.0,0.0,0.197,1206340000.0,743050000.0,250896000.0,0.0,14.018,66.138,65.069,526983000.0,0.0,275.24,13.001,12.805,954967000.0,-92692000.0,2104745000.0,2104745000.0,859947000.0,0.162,0.253,0.302,0.353,215377000.0,346393000.0,1.0,99418636.0,97917000.0,111290000.0,21.495,2951013000.0,276555000.0,282644000.0,0.0,30.138,1498099000.0
31,REGN,MRT,2013-09-30,2013-09-30,2013-09-30,2021-08-05,-2851000.0,2640415000.0,2343790500.0,1634160000.0,1006255000.0,0.814,17.207,-102509000.0,263211000.0,263211000.0,137410000.0,797963000.0,6.081,0.562,482175000.0,794000.0,481381000.0,482175000.0,238358000.0,39690000.0,0.0,0.0,0.0,696037000.0,735727000.0,0.385,735727000.0,696037000.0,649766000.0,8.3,7.14,8.3,1690171000.0,1458810250.0,1690171000.0,30987237580.0,45.0,42.118,297543000.0,3.029,1.0,1771525000.0,0.928,0.0,46271000.0,2590652000.0,2340467000.0,0.0,511975000.0,182112000.0,329863000.0,950244000.0,268727000.0,681517000.0,30895610580.0,144213000.0,0.0,-201356000.0,-2227000.0,0.0,-101435000.0,-154404000.0,-51895000.0,400052000.0,0.0,797963000.0,797963000.0,797963000.0,0.0,0.0,0.418,1077900000.0,693625000.0,219138000.0,0.0,18.28,38.718,37.695,453891000.0,0.0,312.87,16.185,16.099,992824000.0,-189498000.0,1908935000.0,1908935000.0,772831000.0,0.34,0.547,0.297,0.365,173989000.0,305069000.0,1.0,98749035.0,98226000.0,116713000.0,19.434,2640415000.0,257266000.0,-148197000.0,0.0,26.881,1365433000.0
32,REGN,MRT,2013-06-30,2013-06-30,2013-06-30,2021-08-05,-3429000.0,2378259000.0,2098840500.0,1561362000.0,816897000.0,0.829,15.285,-81066000.0,381675000.0,381675000.0,118982000.0,848125000.0,7.661,0.593,473302000.0,794000.0,472508000.0,473302000.0,247594000.0,38216000.0,0.0,0.0,0.0,661498000.0,699714000.0,0.402,699714000.0,661498000.0,615550000.0,8.88,7.61,8.88,1493337000.0,1237773500.0,1493337000.0,22313012688.0,34.0,31.889,224149000.0,2.294,1.0,1620613000.0,0.932,0.0,45948000.0,2266084000.0,2146500000.0,0.0,329159000.0,155831000.0,173328000.0,884922000.0,203802000.0,681120000.0,22030626688.0,209732000.0,0.0,-116775000.0,-2186000.0,0.0,-106777000.0,11294000.0,92360000.0,305215000.0,0.0,848125000.0,848125000.0,848125000.0,0.0,0.0,0.488,961426000.0,659187000.0,153826000.0,0.0,14.753,25.976,25.324,419651000.0,0.0,224.88,12.664,12.63,876016000.0,-330804000.0,1739595000.0,1739595000.0,707081000.0,0.404,0.685,0.308,0.38,148780000.0,254345000.0,1.0,97966145.0,97700000.0,111060000.0,17.805,2378259000.0,247634000.0,-232575000.0,0.0,24.342,1357560000.0
33,REGN,MRT,2013-03-31,2013-03-31,2013-03-31,2021-08-05,-1644000.0,2275998000.0,1868650750.0,1307122000.0,968876000.0,0.849,14.517,-59485000.0,180362000.0,180362000.0,101212000.0,837492000.0,6.627,0.618,462748000.0,1473000.0,461275000.0,462748000.0,252703000.0,37931000.0,0.0,0.0,0.0,590420000.0,628351000.0,0.396,628351000.0,590420000.0,544601000.0,8.8,7.52,8.8,1406348000.0,1013103500.0,1406348000.0,17417338016.0,29.0,27.719,39189000.0,0.405,1.0,1485140000.0,0.936,0.0,45819000.0,2361140000.0,1967121250.0,0.0,482449000.0,127348000.0,355101000.0,869650000.0,197244000.0,672406000.0,17190286016.0,-214223000.0,0.0,-72622000.0,-2352000.0,0.0,-68373000.0,-244524000.0,-185039000.0,98674000.0,0.0,837492000.0,837492000.0,837492000.0,0.0,0.0,0.528,896578000.0,588562000.0,145413000.0,0.0,12.223,20.526,20.045,392378000.0,0.0,176.4,10.836,10.773,802638000.0,-418180000.0,1586352000.0,1586352000.0,666991000.0,0.448,0.827,0.3,0.372,123943000.0,229587000.0,1.0,97450601.0,96878000.0,109369000.0,16.375,2275998000.0,300951000.0,-292891000.0,0.0,23.493,1109878000.0
34,REGN,MRT,2012-12-31,2012-12-31,2012-12-31,2021-08-05,-1166000.0,2080490000.0,1637191000.0,1206012000.0,874478000.0,0.842,13.153,-49337000.0,230276000.0,230276000.0,84455000.0,750269000.0,7.374,0.671,457328000.0,1374000.0,455954000.0,457328000.0,259173000.0,36940000.0,0.0,0.0,0.0,459725000.0,496665000.0,0.36,496665000.0,459725000.0,414421000.0,7.92,6.75,7.92,1245385000.0,787522500.0,1245385000.0,16851324115.0,37.0,33.929,-123952000.0,-1.309,1.0,1294022000.0,0.939,0.0,45304000.0,2143992000.0,1685841500.0,28638000.0,357235000.0,77819000.0,279416000.0,835105000.0,163550000.0,671555000.0,16518587115.0,-253334000.0,0.0,-99751000.0,-2203000.0,0.0,-97646000.0,-81073000.0,-31736000.0,-74615000.0,0.0,750269000.0,750269000.0,750269000.0,0.0,0.0,0.544,836309000.0,457713000.0,111345000.0,0.0,13.264,22.017,21.6,379940000.0,0.0,171.07,11.983,11.75,693120000.0,-517054000.0,1378477000.0,1378477000.0,625554000.0,0.458,0.953,0.273,0.334,94157000.0,210755000.0,1.0,96560397.0,94685000.0,115382000.0,14.559,2080490000.0,340156000.0,-335848000.0,0.0,21.973,1042462000.0
35,REGN,MRT,2012-09-30,2012-09-30,2012-09-30,2021-08-05,-1904000.0,1660615000.0,1447964250.0,948603000.0,712012000.0,0.751,8.483,-45464000.0,118998000.0,118998000.0,57275000.0,226419000.0,5.312,1.06,451735000.0,1277000.0,450458000.0,451735000.0,271645000.0,35088000.0,0.0,0.0,0.0,269068000.0,304156000.0,0.28,304156000.0,269068000.0,225804000.0,2.37,1.95,2.37,806024000.0,597609250.0,806024000.0,14936460995.0,56.0,49.108,-263581000.0,-2.774,1.0,1029577000.0,0.947,0.0,43264000.0,1814784000.0,1431652250.0,0.0,464327000.0,143554000.0,320773000.0,854591000.0,178568000.0,676023000.0,14662171995.0,-87397000.0,0.0,-28345000.0,388849000.0,0.0,336804000.0,-206084000.0,-160620000.0,-218117000.0,0.0,226419000.0,226419000.0,226419000.0,0.0,0.0,0.208,762936000.0,266641000.0,124224000.0,0.0,18.191,64.757,64.414,372917000.0,0.0,152.66,13.49,13.345,601271000.0,-987461000.0,1086852000.0,1086852000.0,573571000.0,0.156,0.379,0.188,0.248,78918000.0,189365000.0,1.0,96044622.0,95012000.0,115830000.0,11.439,1660615000.0,0.0,-615000.0,0.0,17.478,770035000.0
36,REGN,MRT,2012-06-30,2012-06-30,2012-06-30,2021-08-05,-2371000.0,1457500000.0,1278568250.0,769193000.0,688307000.0,0.596,6.287,-44114000.0,171943000.0,171943000.0,37580000.0,-27414000.0,4.198,1.451,446232000.0,1183000.0,445049000.0,446232000.0,282581000.0,34035000.0,0.0,0.0,0.0,8445000.0,42480000.0,0.056,42480000.0,8445000.0,-27467000.0,-0.33,-0.45,-0.33,594657000.0,503166500.0,594657000.0,10911128642.0,1292.0,256.853,-306584000.0,-3.241,1.0,724418000.0,0.951,0.0,35912000.0,1548569000.0,1178907000.0,0.0,425541000.0,129079000.0,296462000.0,862843000.0,183220000.0,679623000.0,10864880642.0,-82369000.0,0.0,-27096000.0,389130000.0,0.0,338334000.0,-158233000.0,-114119000.0,-262470000.0,0.0,-27414000.0,-27414000.0,-27414000.0,0.0,0.0,-0.036,718598000.0,5820000.0,126768000.0,0.0,18.271,-396.326,-346.121,372278000.0,0.0,114.22,14.258,14.178,435380000.0,-1178929000.0,761998000.0,761998000.0,543200000.0,-0.021,-0.054,0.007,0.011,71747000.0,175398000.0,1.0,95122401.0,94589000.0,110167000.0,8.056,1457500000.0,0.0,-53000.0,0.0,15.409,585973000.0
37,REGN,MRT,2012-03-31,2012-03-31,2012-03-31,2021-08-05,-1337000.0,1350159000.0,1175909250.0,696915000.0,653244000.0,0.481,5.394,-46106000.0,394585000.0,394585000.0,16132000.0,-166662000.0,4.345,1.679,440833000.0,1093000.0,439740000.0,440833000.0,291124000.0,32520000.0,0.0,0.0,0.0,-138855000.0,-106335000.0,-0.188,-106335000.0,-138855000.0,-167578000.0,-1.83,-1.84,-1.83,504024000.0,474010750.0,504024000.0,10901255498.0,-79.0,-102.518,-264249000.0,-2.828,1.0,549277000.0,0.971,0.0,28723000.0,1236021000.0,996019250.0,0.0,300605000.0,37713000.0,262892000.0,846135000.0,160386000.0,685749000.0,10949332498.0,259209000.0,0.0,-12084000.0,389246000.0,0.0,353462000.0,123890000.0,169996000.0,-218143000.0,0.0,-166662000.0,-166662000.0,-166662000.0,0.0,0.0,-0.295,691254000.0,-141977000.0,106723000.0,0.0,21.724,-65.698,-63.727,369959000.0,0.0,116.62,19.365,19.274,238347000.0,-1255672000.0,565409000.0,565409000.0,538976000.0,-0.142,-0.352,-0.139,-0.246,64537000.0,152278000.0,1.0,93888977.0,93446000.0,107734000.0,6.051,1350159000.0,0.0,-916000.0,0.0,14.449,536529000.0
38,REGN,MRT,2011-12-31,2011-12-31,2011-12-31,2021-08-05,-1862000.0,1323583000.0,1106942750.0,665777000.0,657806000.0,0.403,5.361,-57217000.0,483610000.0,483610000.0,4216000.0,-221760000.0,4.49,1.725,435533000.0,1006000.0,434527000.0,435533000.0,300250000.0,31082000.0,0.0,0.0,0.0,-201610000.0,-170528000.0,-0.383,-170528000.0,-201610000.0,-222892000.0,-2.45,-2.45,-2.45,485732000.0,477527500.0,485732000.0,5085477497.0,-25.0,-29.822,-198899000.0,-2.195,1.0,441608000.0,0.991,0.0,21282000.0,1127235000.0,933718000.0,0.0,326940000.0,43332000.0,283608000.0,837851000.0,148271000.0,689580000.0,5131470497.0,371038000.0,0.0,18509000.0,389440000.0,0.0,384249000.0,128471000.0,185688000.0,-141682000.0,0.0,-221760000.0,-221760000.0,-221760000.0,0.0,0.0,-0.497,646767000.0,-205159000.0,95625000.0,0.0,10.564,-23.14,-22.624,367955000.0,0.0,55.43,11.51,11.266,103035000.0,-1267323000.0,445824000.0,445824000.0,529506000.0,-0.2,-0.464,-0.216,-0.452,56094000.0,117261000.0,1.0,92575690.0,90610000.0,90610000.0,4.92,1323583000.0,0.0,-1132000.0,0.0,14.607,517506000.0
39,REGN,MRT,2011-09-30,2011-09-30,2011-09-30,2021-08-05,-1731000.0,983031000.0,1048405000.0,339872000.0,643159000.0,0.435,4.704,-78190000.0,206395000.0,206395000.0,1826000.0,-182914000.0,2.551,1.295,160402000.0,920000.0,159482000.0,160402000.0,308081000.0,29242000.0,0.0,0.0,0.0,-169146000.0,-139904000.0,-0.306,-139904000.0,-169146000.0,-183431000.0,-2.02,-2.02,-2.02,428253000.0,488048250.0,428253000.0,5238691109.0,-31.0,-37.445,-210406000.0,-2.311,1.0,454696000.0,0.996,0.0,14285000.0,803803000.0,908867750.0,0.0,305326000.0,39103000.0,266223000.0,554778000.0,133235000.0,421543000.0,5332669109.0,-118891000.0,0.0,206849000.0,-1281000.0,0.0,205568000.0,-192243000.0,-115853000.0,-132216000.0,0.0,-182914000.0,-182914000.0,-182914000.0,0.0,0.0,-0.401,627230000.0,-172534000.0,78890000.0,0.0,12.452,-29.154,-28.812,363913000.0,0.0,58.2,11.681,11.607,78447000.0,-1213880000.0,456522000.0,456522000.0,525677000.0,-0.174,-0.375,-0.186,-0.371,54127000.0,101553000.0,1.0,91626617.0,91046000.0,91046000.0,5.014,983031000.0,0.0,-517000.0,0.0,10.797,206637000.0
40,REGN,MRT,2011-06-30,2011-06-30,2011-06-30,2021-08-05,-904000.0,1046864000.0,1038255500.0,413273000.0,633591000.0,0.443,5.286,-91395000.0,254312000.0,254312000.0,1748000.0,-154424000.0,3.042,1.19,160334000.0,877000.0,159457000.0,160334000.0,320025000.0,25860000.0,0.0,0.0,0.0,-143045000.0,-117185000.0,-0.255,-117185000.0,-143045000.0,-155503000.0,-1.75,-1.75,-1.75,478034000.0,468001000.0,478034000.0,5179212003.0,-36.0,-44.197,-15375000.0,-0.17,1.0,457920000.0,0.996,0.0,12458000.0,817018000.0,867649500.0,0.0,314792000.0,55371000.0,259421000.0,568830000.0,135868000.0,432962000.0,5154437003.0,142312000.0,0.0,208518000.0,-1058000.0,0.0,207460000.0,-141168000.0,-51573000.0,76020000.0,0.0,-154424000.0,-154424000.0,-154424000.0,0.0,0.0,-0.336,604091000.0,-146171000.0,81665000.0,0.0,10.783,-33.378,-32.406,361883000.0,0.0,56.71,11.213,11.157,84564000.0,-1151515000.0,459668000.0,459668000.0,519796000.0,-0.149,-0.33,-0.165,-0.311,49553000.0,84295000.0,1.0,90891148.0,90436000.0,90436000.0,5.083,1046864000.0,0.0,-1079000.0,0.0,11.576,277405000.0
41,REGN,MRT,2011-03-31,2011-03-31,2011-03-31,2021-08-05,-2175000.0,1074293000.0,974199750.0,325501000.0,748792000.0,0.48,5.811,-99112000.0,135376000.0,135376000.0,1758000.0,-117393000.0,2.9,1.074,160151000.0,798000.0,159353000.0,160151000.0,330269000.0,22482000.0,0.0,0.0,0.0,-106856000.0,-84374000.0,-0.18,-84374000.0,-106856000.0,-117609000.0,-1.37,-1.37,-1.37,518091000.0,441296500.0,518091000.0,4090217437.0,-38.0,-48.477,-892000.0,-0.01,1.0,465986000.0,0.996,0.0,10753000.0,986816000.0,841764250.0,0.0,472206000.0,91065000.0,381141000.0,556202000.0,112252000.0,443950000.0,4042759437.0,18065000.0,0.0,200907000.0,-779000.0,0.0,200128000.0,-280283000.0,-181171000.0,98220000.0,0.0,-117393000.0,-117393000.0,-117393000.0,0.0,0.0,-0.251,575562000.0,-109576000.0,58602000.0,0.0,7.803,-34.438,-32.803,357423000.0,0.0,44.94,8.643,8.567,88156000.0,-1089010000.0,467744000.0,467744000.0,501173000.0,-0.121,-0.266,-0.127,-0.228,45864000.0,74389000.0,1.0,89959044.0,89162000.0,89162000.0,5.246,1074293000.0,0.0,-216000.0,0.0,12.049,213249000.0
42,REGN,MRT,2010-12-31,2010-12-31,2010-12-31,2021-08-05,-2491000.0,1089432000.0,902415500.0,357622000.0,731810000.0,0.509,6.365,-99689000.0,112572000.0,112572000.0,2093000.0,-104468000.0,3.279,1.064,160030000.0,675000.0,159355000.0,160030000.0,340579000.0,19687000.0,0.0,0.0,0.0,-95350000.0,-75663000.0,-0.165,-75663000.0,-95350000.0,-104468000.0,-1.26,-1.26,-1.26,527815000.0,408341500.0,527815000.0,2532007844.0,-27.0,-33.464,-467000.0,-0.006,1.0,456981000.0,0.995,0.0,9118000.0,1027834000.0,775323000.0,0.0,514367000.0,136796000.0,377571000.0,561617000.0,109056000.0,452561000.0,2701677844.0,-94503000.0,0.0,196790000.0,46516000.0,0.0,243306000.0,-437031000.0,-337342000.0,99222000.0,0.0,-104468000.0,-104468000.0,-104468000.0,0.0,0.0,-0.228,554453000.0,-97472000.0,53658000.0,0.0,5.119,-25.861,-26.056,347450000.0,0.0,32.83,5.885,5.93,81917000.0,-1045563000.0,459074000.0,459074000.0,489252000.0,-0.116,-0.256,-0.123,-0.208,39897000.0,65201000.0,1.0,82292959.0,82926000.0,82926000.0,5.536,1089432000.0,0.0,0.0,0.0,13.137,248566000.0
43,REGN,MRT,2010-09-30,2010-09-30,2010-09-30,2021-08-05,-175000.0,942433000.0,815358000.0,575719000.0,366714000.0,0.518,4.264,-89743000.0,328686000.0,328686000.0,1881000.0,-126360000.0,4.302,1.708,159016000.0,634000.0,158382000.0,159016000.0,355088000.0,18536000.0,0.0,0.0,0.0,-122066000.0,-103530000.0,-0.245,-103530000.0,-122066000.0,-130482000.0,-1.56,-1.56,-1.56,348064000.0,375578250.0,348064000.0,2292312543.0,-19.0,-22.142,6220000.0,0.076,1.0,420318000.0,0.996,0.0,8416000.0,638930000.0,655758000.0,0.0,191723000.0,153767000.0,37956000.0,594369000.0,133833000.0,460536000.0,2249905543.0,74965000.0,0.0,17732000.0,65143000.0,0.0,82875000.0,-103873000.0,-12280000.0,95963000.0,0.0,-126360000.0,-126360000.0,-126360000.0,0.0,0.0,-0.299,544421000.0,-124103000.0,74976000.0,0.0,6.464,-17.806,-17.564,318498000.0,0.0,27.4,5.329,5.298,82287000.0,-1030966000.0,422199000.0,422199000.0,482830000.0,-0.155,-0.336,-0.186,-0.289,34988000.0,61591000.0,1.0,82113341.0,81638000.0,81638000.0,5.172,942433000.0,0.0,-4122000.0,0.0,11.544,441886000.0
44,REGN,MRT,2010-06-30,2010-06-30,2010-06-30,2021-08-05,-306000.0,790641000.0,765297750.0,417750000.0,372891000.0,0.567,4.555,-89971000.0,115400000.0,115400000.0,1981000.0,-93500000.0,3.494,1.13,157807000.0,448000.0,157359000.0,157807000.0,199044000.0,17232000.0,0.0,0.0,0.0,-90859000.0,-73627000.0,-0.17,-73627000.0,-90859000.0,-97622000.0,-1.16,-1.16,-1.16,371216000.0,394173000.0,371216000.0,1866276183.0,-21.0,-25.348,-165331000.0,-2.029,1.0,431694000.0,0.995,0.0,6763000.0,713477000.0,605694750.0,0.0,264802000.0,194337000.0,70465000.0,419425000.0,119571000.0,299854000.0,1828288183.0,-159466000.0,0.0,18957000.0,64453000.0,0.0,83410000.0,-167516000.0,-75695000.0,-75360000.0,0.0,-93500000.0,-93500000.0,-93500000.0,0.0,0.0,-0.216,524994000.0,-93300000.0,58256000.0,0.0,4.925,-19.554,-19.241,292329000.0,0.0,22.32,4.216,4.194,95196000.0,-997091000.0,433675000.0,433675000.0,466221000.0,-0.122,-0.237,-0.15,-0.21,33706000.0,58773000.0,1.0,81912553.0,81492000.0,81492000.0,5.322,790641000.0,0.0,-4122000.0,0.0,9.702,298179000.0
45,REGN,MRT,2010-03-31,2010-03-31,2010-03-31,2021-08-05,717000.0,787156000.0,753223750.0,395444000.0,391712000.0,0.541,4.759,-98144000.0,118911000.0,118911000.0,2011000.0,-82964000.0,3.799,1.038,156899000.0,435000.0,156464000.0,156899000.0,185941000.0,15706000.0,0.0,0.0,0.0,-82665000.0,-66959000.0,-0.164,-66959000.0,-82665000.0,-87086000.0,-1.04,-1.04,-1.04,386271000.0,403995500.0,386271000.0,2063344983.0,-25.0,-30.815,-162277000.0,-1.999,1.0,405810000.0,0.995,0.0,4421000.0,721051000.0,530270500.0,0.0,294606000.0,186328000.0,108278000.0,400885000.0,104093000.0,296792000.0,2162997983.0,-81786000.0,0.0,16786000.0,64572000.0,0.0,81358000.0,-99011000.0,-867000.0,-64133000.0,0.0,-82964000.0,-82964000.0,-82964000.0,0.0,0.0,-0.203,491652000.0,-85842000.0,53905000.0,0.0,5.6,-26.072,-25.471,274621000.0,0.0,26.49,5.304,5.272,71858000.0,-971617000.0,407821000.0,407821000.0,435926000.0,-0.11,-0.205,-0.156,-0.203,32439000.0,55726000.0,1.0,81653378.0,81169000.0,81169000.0,5.024,787156000.0,0.0,-4122000.0,0.0,9.698,291351000.0
46,REGN,MRT,2009-12-31,2009-12-31,2009-12-31,2021-08-05,1044000.0,741202000.0,726790000.0,425508000.0,315694000.0,0.522,4.973,-97318000.0,207075000.0,207075000.0,1686000.0,-67830000.0,4.547,0.868,109022000.0,0.0,109022000.0,109022000.0,182428000.0,14247000.0,0.0,0.0,0.0,-69615000.0,-55368000.0,-0.146,-55368000.0,-69615000.0,-71952000.0,-0.85,-0.85,-0.85,396762000.0,410007750.0,396762000.0,1757003915.0,-25.0,-31.733,-167254000.0,-2.096,1.0,377582000.0,0.996,0.0,2337000.0,549574000.0,444398000.0,0.0,182935000.0,134255000.0,48680000.0,344440000.0,93575000.0,250865000.0,1946353915.0,-40721000.0,0.0,8598000.0,22765000.0,0.0,31363000.0,-2148000.0,95170000.0,-69936000.0,0.0,-67830000.0,-67830000.0,-67830000.0,0.0,0.0,-0.179,451685000.0,-74103000.0,49031000.0,0.0,4.906,-28.695,-28.447,259676000.0,0.0,24.18,5.132,5.086,65568000.0,-941095000.0,379268000.0,379268000.0,398762000.0,-0.093,-0.165,-0.157,-0.184,31259000.0,52923000.0,1.0,80494372.0,79782000.0,79782000.0,4.754,741202000.0,0.0,-4122000.0,0.0,9.29,331933000.0
47,REGN,MRT,2009-09-30,2009-09-30,2009-09-30,2021-08-05,3537000.0,742192000.0,722544500.0,461594000.0,280598000.0,0.468,5.289,-90742000.0,251921000.0,251921000.0,1930000.0,-60850000.0,4.043,0.757,62571000.0,0.0,62571000.0,62571000.0,198546000.0,11938000.0,0.0,0.0,0.0,-60702000.0,-48764000.0,-0.144,-48764000.0,-60702000.0,-61578000.0,-0.76,-0.76,-0.76,422443000.0,416195750.0,422443000.0,1337317521.0,-22.0,-27.424,-152408000.0,-1.908,1.0,336375000.0,0.994,0.0,876000.0,438677000.0,418325500.0,0.0,186675000.0,129475000.0,57200000.0,319749000.0,114165000.0,205584000.0,1547458521.0,-64363000.0,0.0,6410000.0,-113094000.0,0.0,-106684000.0,103987000.0,194679000.0,-61666000.0,0.0,-60850000.0,-60850000.0,-60850000.0,0.0,0.0,-0.18,403660000.0,-67285000.0,55291000.0,0.0,3.663,-25.431,-25.395,215169000.0,0.0,19.3,4.574,4.556,67766000.0,-904606000.0,338305000.0,338305000.0,354540000.0,-0.084,-0.146,-0.145,-0.179,30409000.0,49120000.0,1.0,80179198.0,79866000.0,79866000.0,4.236,742192000.0,0.0,-728000.0,0.0,9.293,347429000.0
48,REGN,MRT,2009-06-30,2009-06-30,2009-06-30,2021-08-05,1014000.0,742345000.0,743469250.0,465032000.0,277313000.0,0.385,5.155,-77739000.0,273066000.0,273066000.0,1750000.0,-78919000.0,3.862,0.808,62925000.0,0.0,62925000.0,62925000.0,215798000.0,11122000.0,0.0,0.0,0.0,-74501000.0,-63379000.0,-0.221,-63379000.0,-74501000.0,-76568000.0,-0.99,-0.99,-0.99,410506000.0,419818250.0,410506000.0,1234503952.0,-17.0,-19.478,-171129000.0,-2.149,1.0,284684000.0,0.994,0.0,2067000.0,411780000.0,410978500.0,0.0,193297000.0,120452000.0,72845000.0,331839000.0,120424000.0,211415000.0,1435250952.0,-20663000.0,0.0,5969000.0,-113477000.0,0.0,-107508000.0,180235000.0,257924000.0,-93390000.0,0.0,-78919000.0,-78919000.0,-78919000.0,0.0,0.0,-0.276,368578000.0,-83894000.0,51881000.0,0.0,3.496,-18.186,-18.101,195408000.0,0.0,17.92,5.011,4.982,60046000.0,-903591000.0,286434000.0,286434000.0,321195000.0,-0.106,-0.188,-0.181,-0.26,31117000.0,47383000.0,1.0,80092129.0,79626000.0,79626000.0,3.597,742345000.0,0.0,2351000.0,0.0,9.323,344608000.0
49,REGN,MRT,2009-03-31,2009-03-31,2009-03-31,2021-08-05,-1248000.0,681421000.0,770689250.0,483791000.0,197630000.0,0.334,5.161,-53727000.0,200747000.0,200747000.0,1315000.0,-82670000.0,4.692,0.661,0.0,0.0,0.0,0.0,213119000.0,11065000.0,0.0,0.0,0.0,-75578000.0,-64513000.0,-0.251,-64513000.0,-75578000.0,-80319000.0,-1.04,-1.04,-1.04,410320000.0,429941000.0,410320000.0,859031921.0,-11.0,-13.316,-140297000.0,-1.765,1.0,255740000.0,0.995,0.0,4741000.0,377561000.0,421078750.0,0.0,295245000.0,216785000.0,78460000.0,271101000.0,103113000.0,167988000.0,1108477921.0,-321778000.0,0.0,7084000.0,-195625000.0,0.0,-188541000.0,-46667000.0,7110000.0,-86570000.0,0.0,-82670000.0,-82670000.0,-82670000.0,0.0,0.0,-0.322,342987000.0,-87247000.0,44832000.0,0.0,2.701,-13.408,-13.327,109840000.0,0.0,13.86,4.312,4.286,48209000.0,-893408000.0,257055000.0,257055000.0,293741000.0,-0.107,-0.192,-0.179,-0.294,31891000.0,49246000.0,1.0,79976762.0,79498000.0,79498000.0,3.233,681421000.0,0.0,2351000.0,0.0,8.572,380678000.0
50,REGN,MRT,2008-12-31,2008-12-31,2008-12-31,2021-08-05,-114000.0,724220000.0,833053000.0,521442000.0,202778000.0,0.286,5.347,-34857000.0,249446000.0,249446000.0,923000.0,-79129000.0,6.232,0.718,54182000.0,0.0,54182000.0,54182000.0,209925000.0,11287000.0,0.0,0.0,0.0,-69026000.0,-57739000.0,-0.242,-57739000.0,-69026000.0,-76778000.0,-1.0,-1.0,-1.0,421514000.0,442511750.0,421514000.0,1263500203.0,-18.0,-21.883,-123943000.0,-1.572,1.0,237534000.0,0.996,0.0,7752000.0,445284000.0,407300250.0,0.0,278015000.0,226954000.0,51061000.0,302706000.0,83672000.0,219034000.0,1462331203.0,-251129000.0,0.0,7949000.0,-200807000.0,0.0,-192858000.0,30815000.0,65722000.0,-89086000.0,0.0,-79129000.0,-79129000.0,-79129000.0,0.0,0.0,-0.332,323783000.0,-86249000.0,36168000.0,0.0,3.469,-18.48,-18.36,142035000.0,0.0,18.36,6.132,6.069,35212000.0,-873265000.0,238457000.0,238457000.0,274903000.0,-0.095,-0.179,-0.169,-0.289,32523000.0,48880000.0,1.0,79647669.0,78827000.0,78827000.0,3.025,724220000.0,0.0,2351000.0,0.0,9.187,437770000.0
51,REGN,MRT,2008-09-30,2008-09-30,2008-09-30,2021-08-05,-3960000.0,825891000.0,886062500.0,715540000.0,110351000.0,0.279,5.535,-29847000.0,316334000.0,316334000.0,292000.0,-63381000.0,3.286,0.89,117503000.0,117503000.0,0.0,117503000.0,226683000.0,11560000.0,0.0,0.0,0.0,-49835000.0,-38275000.0,-0.155,-38275000.0,-49835000.0,-60302000.0,-0.84,-0.84,-0.84,436933000.0,452200000.0,436933000.0,1555191009.0,-31.0,-40.632,-32276000.0,-0.409,1.0,247058000.0,0.999,0.0,10467000.0,409289000.0,383996500.0,0.0,376527000.0,348924000.0,27603000.0,388958000.0,217771000.0,171187000.0,1730317009.0,217268000.0,0.0,320394000.0,-83304000.0,0.0,237090000.0,-17393000.0,12504000.0,-2429000.0,0.0,-63381000.0,-63381000.0,-63381000.0,0.0,0.0,-0.256,312941000.0,-65883000.0,41887000.0,0.0,3.96,-27.3,-25.988,72825000.0,0.0,21.83,6.995,6.967,42206000.0,-844409000.0,247350000.0,247350000.0,265816000.0,-0.072,-0.14,-0.13,-0.201,32253000.0,47125000.0,1.0,79263262.0,78937000.0,78937000.0,3.134,825891000.0,0.0,3079000.0,0.0,10.463,497769000.0
52,REGN,MRT,2008-06-30,2008-06-30,2008-06-30,2021-08-05,-315000.0,851225000.0,822863750.0,742393000.0,108832000.0,0.248,5.731,-25211000.0,293779000.0,293779000.0,0.0,-80135000.0,3.315,0.887,118653000.0,118653000.0,0.0,118653000.0,243286000.0,11645000.0,0.0,0.0,0.0,-68429000.0,-56784000.0,-0.278,-56784000.0,-68429000.0,-80135000.0,-1.14,-1.14,-1.14,450997000.0,380816000.0,450997000.0,819818196.0,-12.0,-14.437,3206000.0,0.041,1.0,204077000.0,1.0,0.0,11706000.0,452181000.0,426022750.0,0.0,450714000.0,408275000.0,42439000.0,400228000.0,223918000.0,176310000.0,1142293196.0,182486000.0,0.0,318261000.0,-82148000.0,0.0,236113000.0,-82044000.0,-56783000.0,28417000.0,0.0,-80135000.0,-80135000.0,-80135000.0,0.0,0.0,-0.393,290727000.0,-86650000.0,38289000.0,0.0,2.533,-14.255,-12.667,64231000.0,0.0,14.44,5.597,5.568,32838000.0,-823294000.0,204077000.0,204077000.0,245416000.0,-0.097,-0.21,-0.161,-0.335,31078000.0,45311000.0,1.0,79106177.0,78689000.0,78689000.0,2.593,851225000.0,0.0,0.0,0.0,10.818,518475000.0
53,REGN,MRT,2008-03-31,2008-03-31,2008-03-31,2021-08-05,828000.0,930876000.0,759522000.0,787505000.0,143371000.0,0.218,5.868,-20296000.0,522475000.0,522475000.0,0.0,-88220000.0,2.754,1.021,200000000.0,200000000.0,0.0,200000000.0,239959000.0,11578000.0,0.0,0.0,0.0,-76177000.0,-64599000.0,-0.39,-64599000.0,-76177000.0,-88220000.0,-1.31,-1.31,-1.31,460603000.0,312900750.0,460603000.0,1215192257.0,-16.0,-18.811,-1583000.0,-0.02,1.0,165619000.0,1.0,0.0,12043000.0,322447000.0,458423500.0,0.0,305383000.0,222373000.0,83010000.0,470273000.0,285954000.0,184319000.0,1515717257.0,364391000.0,0.0,319345000.0,0.0,0.0,319345000.0,26333000.0,46629000.0,18713000.0,0.0,-88220000.0,-88220000.0,-88220000.0,0.0,0.0,-0.533,263254000.0,-97635000.0,30314000.0,0.0,3.291,-17.181,-14.649,58419000.0,0.0,19.19,9.152,9.095,32960000.0,-804835000.0,165619000.0,165619000.0,222503000.0,-0.116,-0.282,-0.166,-0.46,29776000.0,40751000.0,1.0,78984745.0,78493000.0,78493000.0,2.11,930876000.0,0.0,0.0,0.0,11.859,501551000.0
54,REGN,MRT,2007-12-31,2007-12-31,2007-12-31,2021-08-05,170000.0,936258000.0,677160750.0,797829000.0,138429000.0,0.185,6.939,-18446000.0,500525000.0,500525000.0,0.0,-106519000.0,2.813,1.034,200000000.0,200000000.0,0.0,200000000.0,236759000.0,11487000.0,0.0,0.0,0.0,-94476000.0,-82989000.0,-0.664,-82989000.0,-94476000.0,-106519000.0,-1.61,-1.61,-1.61,460267000.0,246922250.0,460267000.0,1698500390.0,-18.0,-20.467,8926000.0,0.135,1.0,125024000.0,1.0,0.0,12043000.0,352069000.0,517747500.0,0.0,345754000.0,267532000.0,78222000.0,475991000.0,283664000.0,192327000.0,1597516390.0,261049000.0,0.0,319400000.0,0.0,0.0,319400000.0,-85723000.0,-67277000.0,27372000.0,0.0,-106519000.0,-106519000.0,-106519000.0,0.0,0.0,-0.852,240397000.0,-115373000.0,39232000.0,0.0,3.471,-14.997,-15.0,58304000.0,0.0,24.15,12.778,12.813,18320000.0,-793217000.0,125024000.0,125024000.0,202468000.0,-0.157,-0.431,-0.182,-0.756,28075000.0,37929000.0,1.0,66149747.0,66334000.0,66334000.0,1.885,936258000.0,0.0,0.0,0.0,14.114,514165000.0
55,REGN,MRT,2007-09-30,2007-09-30,2007-09-30,2021-08-05,-5000.0,573096000.0,589368750.0,422020000.0,151076000.0,0.12,2.291,-8924000.0,99016000.0,99016000.0,430000.0,-123500000.0,4.365,2.785,200000000.0,0.0,200000000.0,200000000.0,193827000.0,11984000.0,0.0,0.0,0.0,-111457000.0,-99473000.0,-1.408,-99473000.0,-111457000.0,-123500000.0,-1.93,-1.93,-1.93,151397000.0,186011500.0,151397000.0,1264597784.0,-11.0,-12.713,20934000.0,0.317,1.0,70210000.0,0.994,0.0,12043000.0,577394000.0,554880250.0,0.0,398276000.0,299566000.0,98710000.0,421699000.0,96686000.0,325013000.0,1175840784.0,-70246000.0,0.0,185296000.0,0.0,0.0,185296000.0,-285400000.0,-274876000.0,29858000.0,0.0,-123500000.0,-123500000.0,-123500000.0,0.0,0.0,-1.748,206616000.0,-136406000.0,27872000.0,0.0,7.767,-9.521,-9.223,49358000.0,0.0,17.8,16.646,16.648,10968000.0,-780146000.0,70640000.0,70640000.0,172562000.0,-0.21,-0.664,-0.201,-1.578,25671000.0,34054000.0,1.0,66058471.0,66069000.0,66069000.0,1.069,573096000.0,0.0,0.0,0.0,8.674,325334000.0
56,REGN,MRT,2007-06-30,2007-06-30,2007-06-30,2021-08-05,-516000.0,597858000.0,534891250.0,496981000.0,100877000.0,0.12,2.719,-4849000.0,111243000.0,111243000.0,3484000.0,-115072000.0,4.741,2.334,200000000.0,0.0,200000000.0,200000000.0,183617000.0,12833000.0,0.0,0.0,0.0,-103029000.0,-90196000.0,-1.41,-90196000.0,-103029000.0,-115072000.0,-1.87,-1.87,-1.87,179336000.0,163780500.0,179336000.0,1223903843.0,-12.0,-13.569,20878000.0,0.317,1.0,60469000.0,0.946,0.0,12043000.0,581784000.0,499238250.0,0.0,401039000.0,351054000.0,49985000.0,418522000.0,104831000.0,313691000.0,1181987843.0,-5317000.0,0.0,186019000.0,0.0,0.0,186019000.0,-217063000.0,-210614000.0,25727000.0,0.0,-115072000.0,-115072000.0,-115072000.0,0.0,0.0,-1.799,186465000.0,-125996000.0,34905000.0,0.0,6.591,-10.272,-9.583,47647000.0,0.0,17.92,18.482,18.48,20478000.0,-744308000.0,63953000.0,63953000.0,155681000.0,-0.215,-0.703,-0.206,-1.611,23393000.0,30784000.0,1.0,65959143.0,65950000.0,65950000.0,0.97,597858000.0,0.0,0.0,0.0,9.065,392150000.0
57,REGN,MRT,2007-03-31,2007-03-31,2007-03-31,2021-08-05,-159000.0,601431000.0,480009750.0,489163000.0,112268000.0,0.127,3.0,-3362000.0,158084000.0,158084000.0,6294000.0,-111874000.0,5.851,2.058,200000000.0,0.0,200000000.0,200000000.0,184661000.0,13649000.0,0.0,0.0,0.0,-99831000.0,-86182000.0,-1.412,-86182000.0,-99831000.0,-111874000.0,-1.87,-1.87,-1.87,196689000.0,139888250.0,196689000.0,1379460685.0,-14.0,-16.006,5197000.0,0.079,1.0,54722000.0,0.897,0.0,12043000.0,559743000.0,461758250.0,0.0,356891000.0,295910000.0,60981000.0,404742000.0,83604000.0,321138000.0,1418936685.0,-25848000.0,0.0,183550000.0,0.0,0.0,183940000.0,-218347000.0,-213385000.0,8559000.0,0.0,-111874000.0,-111874000.0,-111874000.0,0.0,0.0,-1.834,174363000.0,-119641000.0,20081000.0,0.0,7.214,-12.683,-11.561,47781000.0,0.0,21.62,23.255,23.231,33632000.0,-717534000.0,61016000.0,61016000.0,146215000.0,-0.233,-0.8,-0.216,-1.636,21181000.0,28148000.0,1.0,65630744.0,65563000.0,65563000.0,0.931,601431000.0,0.0,0.0,0.0,9.173,405559000.0
58,REGN,MRT,2006-12-31,2006-12-31,2006-12-31,2021-08-05,-231000.0,585090000.0,430174250.0,469984000.0,115106000.0,0.147,3.737,-2811000.0,239476000.0,239476000.0,8146000.0,-102337000.0,10.441,1.701,200000000.0,0.0,200000000.0,200000000.0,146995000.0,14592000.0,0.0,0.0,0.0,-90294000.0,-75702000.0,-1.193,-75702000.0,-90294000.0,-102337000.0,-1.77,-1.77,-1.77,216624000.0,116296750.0,216624000.0,1185377844.0,-13.0,-15.658,20264000.0,0.35,1.0,55301000.0,0.872,0.0,12043000.0,500600000.0,418345000.0,0.0,283383000.0,221400000.0,61983000.0,368466000.0,45014000.0,323452000.0,1153039844.0,53368000.0,0.0,185008000.0,0.0,0.0,185398000.0,-155105000.0,-150694000.0,23075000.0,0.0,-102337000.0,-102337000.0,-102337000.0,0.0,0.0,-1.613,162956000.0,-107655000.0,21471000.0,0.0,5.323,-11.267,-11.339,49353000.0,0.0,20.07,18.173,18.337,7493000.0,-687617000.0,63447000.0,63447000.0,137064000.0,-0.238,-0.88,-0.216,-1.423,18675000.0,25892000.0,1.0,57450914.0,57970000.0,57970000.0,1.094,585090000.0,0.0,0.0,0.0,10.093,424970000.0
59,REGN,MRT,2006-09-30,2006-09-30,2006-09-30,2021-08-05,-95000.0,355186000.0,389777000.0,273749000.0,81437000.0,0.181,1.096,-1954000.0,167662000.0,167662000.0,9861000.0,-101038000.0,8.372,4.685,200000000.0,0.0,200000000.0,200000000.0,73659000.0,15076000.0,0.0,0.0,0.0,-88994000.0,-73918000.0,-1.048,-73918000.0,-88994000.0,-101038000.0,-1.78,-1.78,-1.78,62473000.0,90641250.0,62473000.0,978923478.0,-11.0,-13.243,-52029000.0,-0.913,1.0,60664000.0,0.86,0.0,12044000.0,354826000.0,392854000.0,0.0,121935000.0,94227000.0,27708000.0,292713000.0,32698000.0,260015000.0,893883478.0,-8431000.0,0.0,7842000.0,0.0,0.0,8232000.0,33412000.0,35366000.0,-50075000.0,0.0,-101038000.0,-101038000.0,-101038000.0,0.0,0.0,-1.433,164360000.0,-103696000.0,19054000.0,0.0,14.308,-8.847,-8.815,51035000.0,0.0,15.69,12.675,12.683,7940000.0,-656646000.0,70525000.0,70525000.0,139201000.0,-0.259,-1.115,-0.227,-1.262,17777000.0,25159000.0,1.0,56971541.0,57011000.0,57011000.0,1.237,355186000.0,0.0,0.0,0.0,6.23,241051000.0
60,REGN,MRT,2006-06-30,2006-06-30,2006-06-30,2021-08-05,-473000.0,378332000.0,405799250.0,291056000.0,87276000.0,0.175,1.472,-3053000.0,114960000.0,114960000.0,10053000.0,-108280000.0,9.238,3.516,200000000.0,0.0,200000000.0,200000000.0,78099000.0,15303000.0,0.0,0.0,0.0,-96236000.0,-80933000.0,-1.138,-80933000.0,-96236000.0,-108280000.0,-1.92,-1.92,-1.92,83767000.0,109118250.0,83767000.0,747778371.0,-8.0,-9.239,-53295000.0,-0.936,1.0,61042000.0,0.859,0.0,12044000.0,431864000.0,406562750.0,2128000.0,189123000.0,158616000.0,30507000.0,294565000.0,31508000.0,263057000.0,730110371.0,-30241000.0,0.0,6862000.0,0.0,0.0,7252000.0,12749000.0,15802000.0,-50242000.0,0.0,-108280000.0,-108280000.0,-108280000.0,0.0,0.0,-1.523,170868000.0,-109826000.0,16466000.0,0.0,8.716,-6.743,-6.677,53854000.0,0.0,12.82,10.27,10.263,12141000.0,-629236000.0,71095000.0,71095000.0,145509000.0,-0.267,-0.992,-0.237,-1.354,18935000.0,25359000.0,1.0,56950887.0,56915000.0,56915000.0,1.249,378332000.0,0.0,0.0,0.0,6.647,259548000.0
61,REGN,MRT,2006-03-31,2006-03-31,2006-03-31,2021-08-05,-371000.0,402089000.0,422953250.0,319647000.0,82442000.0,0.161,1.804,-4251000.0,182332000.0,182332000.0,8918000.0,-111703000.0,9.494,2.93,200000000.0,0.0,200000000.0,200000000.0,81383000.0,15444000.0,0.0,0.0,0.0,-99659000.0,-84215000.0,-1.235,-84215000.0,-99659000.0,-111703000.0,-1.99,-1.99,-1.99,102323000.0,129441500.0,102323000.0,961052530.0,-10.0,-11.412,-62401000.0,-1.1,1.0,59285000.0,0.869,0.0,12044000.0,386090000.0,416546250.0,3254000.0,141897000.0,120061000.0,21836000.0,299766000.0,33667000.0,266099000.0,945560530.0,34516000.0,0.0,6467000.0,0.0,0.0,6467000.0,86199000.0,90450000.0,-58150000.0,0.0,-111703000.0,-111703000.0,-111703000.0,0.0,0.0,-1.638,177029000.0,-117744000.0,18383000.0,0.0,9.241,-8.465,-8.357,57421000.0,0.0,16.63,13.864,13.832,11010000.0,-605660000.0,68203000.0,68203000.0,151753000.0,-0.264,-0.863,-0.239,-1.461,20057000.0,25276000.0,1.0,56858721.0,56727000.0,56727000.0,1.202,402089000.0,0.0,0.0,0.0,7.088,285980000.0
62,REGN,MRT,2005-12-31,2005-12-31,2005-12-31,2021-08-05,-470000.0,423501000.0,440004000.0,341392000.0,82109000.0,0.15,2.038,-4964000.0,184508000.0,184508000.0,9557000.0,-95446000.0,8.459,2.715,200000000.0,0.0,200000000.0,200000000.0,86162000.0,15504000.0,0.0,0.0,0.0,-83400000.0,-67896000.0,-1.026,-67896000.0,-83400000.0,-95446000.0,-1.71,-1.71,-1.71,114002000.0,150306750.0,114002000.0,916891831.0,-11.0,-13.504,-35260000.0,-0.63,1.0,56636000.0,0.856,0.0,12046000.0,398636000.0,443160000.0,2904000.0,132146000.0,114037000.0,18109000.0,309499000.0,40357000.0,269142000.0,892984831.0,89279000.0,0.0,4081000.0,0.0,0.0,4081000.0,115494000.0,120458000.0,-30296000.0,0.0,-95446000.0,-95446000.0,-95446000.0,0.0,0.0,-1.442,181057000.0,-124421000.0,23337000.0,0.0,7.833,-9.356,-9.298,60535000.0,0.0,15.9,13.491,13.44,36521000.0,-585280000.0,66193000.0,66193000.0,155581000.0,-0.217,-0.635,-0.188,-1.26,21859000.0,25476000.0,1.0,56162568.0,55950000.0,55950000.0,1.183,423501000.0,0.0,0.0,0.0,7.569,301035000.0
63,REGN,MRT,2005-09-30,2005-09-30,2005-09-30,2021-08-05,-682000.0,419275000.0,452405750.0,324958000.0,94317000.0,0.212,2.436,-5940000.0,176093000.0,176093000.0,10886000.0,-62982000.0,9.694,2.074,200000000.0,0.0,200000000.0,200000000.0,62295000.0,15540000.0,0.0,0.0,0.0,-50933000.0,-35393000.0,-0.369,-35393000.0,-50933000.0,-62982000.0,-1.12,-1.12,-1.12,136381000.0,167442000.0,136381000.0,587434797.0,-12.0,-16.597,-28588000.0,-0.511,1.0,84973000.0,0.886,0.0,12049000.0,409661000.0,479436000.0,2837000.0,157469000.0,131449000.0,26020000.0,282894000.0,33521000.0,249373000.0,532635797.0,84450000.0,0.0,1941000.0,0.0,0.0,1941000.0,105157000.0,111097000.0,-22648000.0,0.0,-62982000.0,-62982000.0,-62982000.0,0.0,0.0,-0.657,175893000.0,-90920000.0,20599000.0,0.0,3.905,-8.457,-8.473,64044000.0,0.0,9.49,5.556,5.542,10536000.0,-555608000.0,95859000.0,95859000.0,152459000.0,-0.139,-0.376,-0.106,-0.531,18250000.0,23434000.0,1.0,56126006.0,55978000.0,55978000.0,1.712,419275000.0,0.0,0.0,0.0,7.49,291437000.0
64,REGN,MRT,2005-06-30,2005-06-30,2005-06-30,2021-08-05,-709000.0,446948000.0,465758250.0,359312000.0,87636000.0,0.249,2.952,-6538000.0,145201000.0,145201000.0,16626000.0,-39406000.0,11.997,1.708,200000000.0,0.0,200000000.0,200000000.0,64845000.0,15481000.0,0.0,0.0,0.0,-27354000.0,-11873000.0,-0.102,-11873000.0,-27354000.0,-39406000.0,-0.7,-0.7,-0.7,165060000.0,178065000.0,165060000.0,523042974.0,-19.0,-44.053,-17774000.0,-0.318,1.0,99558000.0,0.857,0.0,12052000.0,471798000.0,509955250.0,3746000.0,206410000.0,190612000.0,15798000.0,281888000.0,29949000.0,251939000.0,470858974.0,40180000.0,0.0,1043000.0,0.0,0.0,1043000.0,50373000.0,56911000.0,-11236000.0,0.0,-39406000.0,-39406000.0,-39406000.0,0.0,0.0,-0.339,165570000.0,-66012000.0,17043000.0,0.0,2.853,-11.949,-11.986,67366000.0,0.0,8.39,4.053,4.038,16830000.0,-520956000.0,116184000.0,116184000.0,144171000.0,-0.085,-0.221,-0.054,-0.235,12947000.0,21399000.0,1.0,56121451.0,55917000.0,55917000.0,2.078,446948000.0,0.0,0.0,0.0,7.993,329363000.0
65,REGN,MRT,2005-03-31,2005-03-31,2005-03-31,2021-08-05,-1110000.0,470292000.0,476064750.0,369854000.0,100438000.0,0.269,3.329,-6548000.0,147816000.0,147816000.0,15480000.0,-26956000.0,12.357,1.531,200000000.0,0.0,200000000.0,200000000.0,67040000.0,15447000.0,0.0,0.0,0.0,-14904000.0,543000.0,0.004,543000.0,-14904000.0,-26956000.0,-0.48,-0.48,-0.48,185784000.0,184332500.0,185784000.0,385547412.0,-26.0,710.032,28257000.0,0.506,1.0,112756000.0,0.879,0.0,12052000.0,492545000.0,523998000.0,3087000.0,232712000.0,206090000.0,26622000.0,284508000.0,29931000.0,254577000.0,286781412.0,-8411000.0,0.0,1370000.0,0.0,0.0,1370000.0,-44586000.0,-38038000.0,34805000.0,0.0,-26956000.0,-26956000.0,-26956000.0,0.0,0.0,-0.21,159244000.0,-46488000.0,17468000.0,0.0,1.544,-10.639,-10.646,69055000.0,0.0,5.11,2.236,2.224,10371000.0,-493957000.0,128236000.0,128236000.0,139826000.0,-0.057,-0.146,-0.028,-0.116,7753000.0,19418000.0,1.0,56121607.0,55815000.0,55815000.0,2.298,470292000.0,0.0,0.0,0.0,8.426,339923000.0
66,REGN,MRT,2004-12-31,2004-12-31,2004-12-31,2021-08-05,-769000.0,473108000.0,485036250.0,343955000.0,129153000.0,0.359,3.294,-6174000.0,95229000.0,95229000.0,15214000.0,41699000.0,10.075,1.592,200000000.0,0.0,200000000.0,200000000.0,71693000.0,15362000.0,0.0,0.0,0.0,53874000.0,69236000.0,0.398,69236000.0,53874000.0,41699000.0,0.75,0.74,0.75,182543000.0,188913000.0,182543000.0,608334020.0,11.0,8.786,-23083000.0,-0.417,1.0,158803000.0,0.913,0.0,12175000.0,543740000.0,524814000.0,3229000.0,253683000.0,200753000.0,52930000.0,290565000.0,34139000.0,256426000.0,513381020.0,-2248000.0,0.0,614000.0,3827000.0,0.0,4441000.0,10220000.0,16394000.0,-16909000.0,0.0,41699000.0,41699000.0,41699000.0,0.0,0.0,0.24,153157000.0,5646000.0,18872000.0,0.0,2.812,12.312,12.28,71239000.0,0.0,9.21,2.95,2.933,43102000.0,-489834000.0,174017000.0,174017000.0,136095000.0,0.086,0.221,0.103,0.31,2543000.0,17062000.0,1.0,55741696.0,55419000.0,56172000.0,3.14,473108000.0,0.0,0.0,0.0,8.537,309816000.0
67,REGN,MRT,2004-09-30,2004-09-30,2004-09-30,2021-08-05,-202000.0,472685000.0,486648000.0,311238000.0,161447000.0,0.305,3.225,-6132000.0,105047000.0,105047000.0,12647000.0,19530000.0,8.67,1.643,200000000.0,0.0,200000000.0,200000000.0,73492000.0,15760000.0,0.0,0.0,0.0,31797000.0,47557000.0,0.321,47557000.0,31797000.0,19530000.0,0.38,0.27,0.38,178873000.0,177688000.0,178873000.0,560580556.0,18.0,11.788,-39271000.0,-0.708,1.0,135552000.0,0.915,0.0,12267000.0,531738000.0,514420000.0,4266000.0,256137000.0,173668000.0,82469000.0,293812000.0,35900000.0,257912000.0,483413556.0,-171936000.0,0.0,-43000.0,8253000.0,0.0,8210000.0,-147007000.0,-140875000.0,-33139000.0,0.0,19530000.0,19530000.0,19530000.0,0.0,0.0,0.132,151019000.0,-15467000.0,20284000.0,0.0,2.703,24.752,22.842,73942000.0,0.0,8.68,3.262,3.249,24866000.0,-492626000.0,148199000.0,148199000.0,134573000.0,0.04,0.11,0.062,0.215,2525000.0,16446000.0,1.0,55692806.0,55468000.0,55468000.0,2.672,472685000.0,0.0,0.0,0.0,8.522,275338000.0
68,REGN,MRT,2004-06-30,2004-06-30,2004-06-30,2021-08-05,-211000.0,488174000.0,493602000.0,383330000.0,104844000.0,0.261,3.433,-7204000.0,122833000.0,122833000.0,8505000.0,3206000.0,10.257,1.568,200000000.0,0.0,200000000.0,200000000.0,82227000.0,15540000.0,0.0,0.0,0.0,15441000.0,30981000.0,0.24,30981000.0,15441000.0,3206000.0,0.06,-0.05,0.06,190130000.0,172020250.0,190130000.0,611881599.0,40.0,19.75,25053000.0,0.452,1.0,120567000.0,0.934,0.0,12235000.0,527969000.0,470596500.0,10850000.0,244840000.0,221217000.0,23623000.0,298044000.0,37372000.0,260672000.0,585915599.0,10400000.0,0.0,46205000.0,12336000.0,0.0,58541000.0,-80398000.0,-73194000.0,32257000.0,0.0,3206000.0,3206000.0,3206000.0,0.0,0.0,0.025,152258000.0,-31691000.0,15743000.0,0.0,3.082,182.756,175.5,75986000.0,0.0,10.53,4.539,4.518,25397000.0,-481550000.0,129072000.0,129072000.0,136395000.0,0.006,0.019,0.033,0.12,2729000.0,15863000.0,1.0,55642507.0,55383000.0,55383000.0,2.331,488174000.0,0.0,0.0,0.0,8.815,345958000.0
69,REGN,MRT,2004-03-31,2004-03-31,2004-03-31,2021-08-05,173000.0,506178000.0,470445250.0,392284000.0,113894000.0,0.233,3.692,-10637000.0,174034000.0,174034000.0,8235000.0,-12605000.0,10.796,1.48,200000000.0,0.0,200000000.0,200000000.0,83009000.0,14422000.0,0.0,0.0,0.0,-476000.0,13946000.0,0.127,13946000.0,-476000.0,-12605000.0,-0.29,-0.4,-0.29,204106000.0,158948500.0,204106000.0,850076915.0,-1786.0,60.955,-36545000.0,-0.661,1.0,101327000.0,0.925,0.0,12129000.0,495809000.0,444097000.0,9098000.0,177344000.0,146702000.0,30642000.0,302072000.0,36335000.0,265737000.0,754544915.0,-321000.0,0.0,46366000.0,17422000.0,0.0,63788000.0,-38201000.0,-27564000.0,-25908000.0,0.0,-12605000.0,-12605000.0,-12605000.0,0.0,0.0,-0.115,148931000.0,-47604000.0,18947000.0,0.0,3.697,-59.861,-46.828,77616000.0,0.0,13.58,6.887,6.852,59882000.0,-467001000.0,109562000.0,109562000.0,133815000.0,-0.027,-0.079,-0.001,-0.004,2646000.0,15116000.0,1.0,55562954.0,55283000.0,63625000.0,1.982,506178000.0,0.0,0.0,0.0,9.156,355949000.0
70,REGN,MRT,2003-12-31,2003-12-31,2003-12-31,2021-08-05,104000.0,479555000.0,451511000.0,320207000.0,159348000.0,0.127,2.726,-29656000.0,118285000.0,118285000.0,6676000.0,-107458000.0,4.391,2.484,213817000.0,13817000.0,200000000.0,213817000.0,109003000.0,12937000.0,0.0,0.0,0.0,-95526000.0,-82589000.0,-1.436,-82589000.0,-95526000.0,-107458000.0,-2.13,-2.13,-2.13,137643000.0,149325750.0,137643000.0,724162771.0,-8.0,-8.768,-35789000.0,-0.709,1.0,50821000.0,0.884,0.0,11932000.0,502164000.0,415032250.0,9006000.0,248281000.0,175489000.0,72792000.0,341912000.0,72923000.0,268989000.0,813483771.0,52438000.0,0.0,94678000.0,13506000.0,0.0,108184000.0,-49613000.0,-19957000.0,-6133000.0,0.0,-107458000.0,-107458000.0,-107458000.0,0.0,0.0,-1.869,150809000.0,-99988000.0,18933000.0,0.0,5.91,-7.57,-6.906,80723000.0,0.0,14.71,14.148,12.917,15529000.0,-531533000.0,57497000.0,57497000.0,136024000.0,-0.238,-0.72,-0.23,-1.661,2562000.0,14785000.0,1.0,55301412.0,50490000.0,50490000.0,1.139,479555000.0,0.0,0.0,0.0,9.498,247284000.0
71,REGN,MRT,2003-09-30,2003-09-30,2003-09-30,2021-08-05,56000.0,500501000.0,429515750.0,404378000.0,96123000.0,0.096,2.953,-43542000.0,298617000.0,298617000.0,7495000.0,-123774000.0,7.388,2.204,209296000.0,9296000.0,200000000.0,209296000.0,114036000.0,10672000.0,0.0,0.0,0.0,-112155000.0,-101483000.0,-2.467,-101483000.0,-112155000.0,-123774000.0,-2.62,-2.62,-2.62,156202000.0,151410250.0,156202000.0,996405427.0,-9.0,-9.818,-52272000.0,-0.988,1.0,33642000.0,0.818,0.0,11619000.0,356444000.0,407373500.0,7698000.0,92506000.0,86056000.0,6450000.0,344299000.0,54736000.0,289563000.0,920917427.0,223043000.0,0.0,95197000.0,8993000.0,0.0,104190000.0,127583000.0,171125000.0,-8730000.0,0.0,-123774000.0,-123774000.0,-123774000.0,0.0,0.0,-3.009,151150000.0,-117508000.0,20967000.0,0.0,5.896,-7.44,-6.744,83715000.0,0.0,17.67,22.387,22.724,9197000.0,-512156000.0,41137000.0,41137000.0,137237000.0,-0.288,-0.817,-0.275,-2.726,2412000.0,13913000.0,1.0,52117568.0,52902000.0,,0.778,500501000.0,0.0,0.0,0.0,9.461,349642000.0
72,REGN,MRT,2003-06-30,2003-06-30,2003-06-30,2021-08-05,224000.0,395547000.0,409038500.0,295150000.0,100397000.0,0.074,2.781,-48474000.0,129659000.0,129659000.0,4288000.0,-129190000.0,6.016,1.87,205147000.0,0.0,205147000.0,205147000.0,38514000.0,9185000.0,0.0,0.0,0.0,-117536000.0,-108351000.0,-3.575,-108351000.0,-117536000.0,-129190000.0,-2.85,-2.85,-2.85,137843000.0,157556750.0,137843000.0,747708454.0,-6.0,-6.901,-142868000.0,-2.882,1.0,26023000.0,0.859,0.0,11654000.0,421971000.0,445912750.0,10342000.0,153719000.0,144215000.0,9504000.0,257704000.0,49064000.0,208640000.0,739233454.0,60285000.0,0.0,49796000.0,4823000.0,0.0,54619000.0,100060000.0,148534000.0,-94394000.0,0.0,-129190000.0,-129190000.0,-129190000.0,0.0,0.0,-4.262,150005000.0,-123982000.0,14043000.0,0.0,5.363,-5.722,-5.53,84670000.0,0.0,15.76,24.388,25.772,7871000.0,-482921000.0,30311000.0,30311000.0,136882000.0,-0.316,-0.82,-0.264,-3.878,2046000.0,13123000.0,1.0,46905676.0,49566000.0,,0.612,395547000.0,0.0,0.0,0.0,7.98,246086000.0
73,REGN,MRT,2003-03-31,2003-03-31,2003-03-31,2021-08-05,295000.0,430441000.0,420264500.0,329740000.0,100701000.0,0.064,3.738,-50374000.0,191586000.0,191586000.0,5890000.0,-129253000.0,5.554,1.599,200061000.0,61000.0,200000000.0,200061000.0,39564000.0,8734000.0,0.0,0.0,0.0,-117477000.0,-108743000.0,-4.032,-108743000.0,-117477000.0,-129253000.0,-2.93,-2.93,-2.93,165615000.0,176385750.0,165615000.0,454737696.0,-4.0,-4.182,-133650000.0,-3.016,1.0,21082000.0,0.782,0.0,11776000.0,379550000.0,477901000.0,8437000.0,131965000.0,120404000.0,11561000.0,264826000.0,59366000.0,205460000.0,334664696.0,56117000.0,0.0,49567000.0,-404000.0,0.0,49163000.0,90230000.0,140604000.0,-83276000.0,0.0,-129253000.0,-129253000.0,-129253000.0,0.0,0.0,-4.792,146457000.0,-125375000.0,25201000.0,0.0,2.021,-2.589,-2.567,82648000.0,0.0,7.52,12.408,12.354,7238000.0,-454185000.0,26972000.0,26972000.0,133866000.0,-0.308,-0.733,-0.246,-4.356,1941000.0,12591000.0,1.0,44503284.0,44309000.0,,0.609,430441000.0,0.0,0.0,0.0,9.715,270374000.0
74,REGN,MRT,2002-12-31,2002-12-31,2002-12-31,2021-08-05,471000.0,391574000.0,430620500.0,276948000.0,114626000.0,0.051,3.315,-34370000.0,80077000.0,80077000.0,6483000.0,-124377000.0,6.903,1.682,200150000.0,150000.0,200000000.0,200150000.0,15134000.0,8454000.0,0.0,0.0,0.0,-112518000.0,-104064000.0,-4.733,-104064000.0,-112518000.0,-124377000.0,-2.83,-2.83,-2.83,145981000.0,195603000.0,145981000.0,939774746.0,-8.0,-9.031,-144893000.0,-3.29,1.0,15505000.0,0.705,0.0,11859000.0,471529000.0,511492750.0,6831000.0,215169000.0,184194000.0,30975000.0,245593000.0,40118000.0,205475000.0,815111746.0,-167316000.0,0.0,2149000.0,-426000.0,0.0,1723000.0,-58516000.0,-24146000.0,-110523000.0,0.0,-124377000.0,-124377000.0,-124377000.0,0.0,0.0,-5.657,137485000.0,-121980000.0,30309000.0,0.0,5.584,-6.554,-6.541,76825000.0,0.0,18.51,37.071,37.071,4017000.0,-424075000.0,21988000.0,21988000.0,124953000.0,-0.289,-0.636,-0.22,-5.117,1793000.0,12532000.0,1.0,44036291.0,44036291.0,,0.499,391574000.0,0.0,0.0,0.0,8.892,236830000.0
75,REGN,MRT,2002-09-30,2002-09-30,2002-09-30,2021-08-05,724000.0,418592000.0,456576250.0,313823000.0,104769000.0,0.047,4.107,-21799000.0,75574000.0,75574000.0,5919000.0,-117062000.0,9.611,1.315,200237000.0,237000.0,200000000.0,200237000.0,13191000.0,8215000.0,0.0,0.0,0.0,-105469000.0,-97254000.0,-4.528,-97254000.0,-105469000.0,-117062000.0,-2.68,-2.68,-2.68,180788000.0,225696500.0,180788000.0,725255856.0,-7.0,-7.457,-118950000.0,-2.702,1.0,15558000.0,0.724,0.0,11593000.0,510601000.0,500250000.0,6152000.0,265800000.0,224317000.0,41483000.0,237804000.0,32654000.0,205150000.0,594305856.0,-24400000.0,0.0,1638000.0,190771000.0,0.0,192409000.0,-119658000.0,-97859000.0,-97151000.0,0.0,-117062000.0,-117062000.0,-117062000.0,0.0,0.0,-5.451,133474000.0,-117916000.0,24376000.0,0.0,3.287,-5.077,-5.037,56138000.0,0.0,13.5,27.672,27.672,4521000.0,-388382000.0,21477000.0,21477000.0,121575000.0,-0.256,-0.519,-0.211,-4.911,1564000.0,11899000.0,1.0,44022656.0,44022656.0,,0.488,418592000.0,0.0,0.0,0.0,9.509,281169000.0
76,REGN,MRT,2002-06-30,2002-06-30,2002-06-30,2021-08-05,774000.0,440451000.0,431581500.0,309705000.0,130746000.0,0.047,4.844,-15248000.0,69374000.0,69374000.0,5556000.0,-104177000.0,14.42,1.066,200324000.0,324000.0,200000000.0,200324000.0,10035000.0,7565000.0,0.0,0.0,0.0,-95561000.0,-87996000.0,-4.315,-87996000.0,-95561000.0,-104177000.0,-2.39,-2.39,-2.39,213159000.0,254217250.0,213159000.0,703549976.0,-7.0,-7.995,-110436000.0,-2.509,1.0,14835000.0,0.728,0.0,8616000.0,549924000.0,424198000.0,5365000.0,305578000.0,229331000.0,76247000.0,227292000.0,21477000.0,205815000.0,638553976.0,-73581000.0,0.0,2145000.0,190710000.0,0.0,192855000.0,-171248000.0,-156000000.0,-95188000.0,0.0,-104177000.0,-104177000.0,-104177000.0,0.0,0.0,-5.109,123868000.0,-109033000.0,16933000.0,0.0,2.996,-6.13,-6.071,47465000.0,0.0,14.51,31.315,31.315,2986000.0,-355566000.0,20391000.0,20391000.0,112319000.0,-0.241,-0.41,-0.225,-4.686,1276000.0,11549000.0,1.0,44007855.0,44007855.0,,0.463,440451000.0,0.0,0.0,0.0,10.008,288228000.0
77,REGN,MRT,2002-03-31,2002-03-31,2002-03-31,2021-08-05,377000.0,471865000.0,405542500.0,337118000.0,134747000.0,0.051,5.516,-10580000.0,135469000.0,135469000.0,5580000.0,-88588000.0,14.693,0.946,200465000.0,412000.0,200053000.0,200465000.0,11848000.0,6756000.0,0.0,0.0,0.0,-82956000.0,-76200000.0,-3.699,-76200000.0,-82956000.0,-88588000.0,-2.04,-2.04,-2.04,242484000.0,279251000.0,242484000.0,1051839012.0,-13.0,-13.804,-85557000.0,-1.946,1.0,15021000.0,0.729,0.0,5632000.0,513917000.0,332399750.0,4989000.0,274887000.0,189601000.0,85286000.0,229381000.0,22944000.0,206437000.0,1098656012.0,-48151000.0,0.0,5308000.0,190717000.0,0.0,196025000.0,-169199000.0,-158619000.0,-74977000.0,0.0,-88588000.0,-88588000.0,-88588000.0,0.0,0.0,-4.3,112190000.0,-97169000.0,17068000.0,0.0,4.531,-12.402,-12.25,42043000.0,0.0,24.99,53.33,53.33,2739000.0,-325143000.0,20601000.0,20601000.0,101214000.0,-0.218,-0.317,-0.25,-4.027,1024000.0,10976000.0,1.0,43963826.0,43963826.0,,0.469,471865000.0,0.0,0.0,0.0,10.733,314174000.0
78,REGN,MRT,2001-12-31,2001-12-31,2001-12-31,2021-08-05,1174000.0,495397000.0,374872500.0,394186000.0,101211000.0,0.059,6.09,-8223000.0,247393000.0,247393000.0,6509000.0,-76180000.0,17.9,0.86,200576000.0,426000.0,200150000.0,200576000.0,13636000.0,6077000.0,0.0,0.0,0.0,-73523000.0,-67446000.0,-3.069,-67446000.0,-73523000.0,-76180000.0,-1.81,-1.81,-1.81,266355000.0,299732750.0,266355000.0,1133742244.0,-15.0,-16.81,-65543000.0,-1.499,1.0,15464000.0,0.704,0.0,2657000.0,426558000.0,242460750.0,3973000.0,190990000.0,137686000.0,53304000.0,229042000.0,22022000.0,207020000.0,1231547244.0,216415000.0,0.0,158522000.0,190598000.0,0.0,349120000.0,-75385000.0,-67162000.0,-57320000.0,0.0,-76180000.0,-76180000.0,-76180000.0,0.0,0.0,-3.467,102149000.0,-86685000.0,14830000.0,0.0,4.624,-16.166,-15.558,39448000.0,0.0,28.16,56.048,56.048,2975000.0,-299698000.0,21973000.0,21973000.0,92542000.0,-0.203,-0.254,-0.303,-3.346,766000.0,9607000.0,1.0,43733922.0,43733922.0,,0.502,495397000.0,0.0,0.0,0.0,11.328,372164000.0
79,REGN,MRT,2001-09-30,2001-09-30,2001-09-30,2021-08-05,1711000.0,318613000.0,303091750.0,252727000.0,65886000.0,0.121,6.751,-6788000.0,99974000.0,99974000.0,14085000.0,-56257000.0,17.532,0.081,2169000.0,523000.0,1646000.0,2169000.0,11166000.0,5563000.0,0.0,0.0,0.0,-56073000.0,-50510000.0,-1.376,-50510000.0,-56073000.0,-56257000.0,-1.38,-1.38,-1.38,294871000.0,278676500.0,294871000.0,830706410.0,-15.0,-16.446,-50224000.0,-1.15,1.0,22624000.0,0.616,0.0,184000.0,206393000.0,177369000.0,3056000.0,168921000.0,140735000.0,28186000.0,23742000.0,14415000.0,9327000.0,971344410.0,50332000.0,0.0,158513000.0,-834000.0,0.0,157679000.0,-63911000.0,-57123000.0,-43436000.0,0.0,-56257000.0,-56257000.0,-56257000.0,0.0,0.0,-1.533,88503000.0,-65879000.0,10120000.0,0.0,3.294,-17.266,-16.116,37418000.0,0.0,22.24,26.461,26.461,3547000.0,-271320000.0,36709000.0,36709000.0,78491000.0,-0.186,-0.202,-0.316,-1.528,537000.0,10012000.0,1.0,43675558.0,43675558.0,,0.84,318613000.0,0.0,0.0,0.0,7.295,238312000.0
80,REGN,MRT,2001-06-30,2001-06-30,2001-06-30,2021-08-05,917000.0,336295000.0,277518250.0,252782000.0,83513000.0,0.167,7.194,-6062000.0,142955000.0,142955000.0,15323000.0,-39444000.0,19.556,0.073,2317000.0,568000.0,1749000.0,2317000.0,12090000.0,5198000.0,0.0,0.0,0.0,-39240000.0,-34042000.0,-0.736,-34042000.0,-39240000.0,-39444000.0,-1.01,-1.01,-1.01,313294000.0,252701750.0,313294000.0,1327712339.0,-34.0,-39.002,-31593000.0,-0.726,1.0,30905000.0,0.669,0.0,204000.0,182731000.0,165005250.0,2263000.0,147584000.0,101852000.0,45732000.0,23001000.0,12926000.0,10075000.0,1508881339.0,61204000.0,0.0,175960000.0,-1124000.0,0.0,174836000.0,-88101000.0,-82039000.0,-25531000.0,0.0,-39444000.0,-39444000.0,-39444000.0,0.0,0.0,-0.853,77979000.0,-47074000.0,8304000.0,0.0,4.816,-38.254,-34.307,37619000.0,0.0,34.65,32.64,32.64,4380000.0,-251389000.0,46228000.0,46228000.0,68659000.0,-0.142,-0.156,-0.238,-0.849,369000.0,9320000.0,1.0,43546359.0,43546359.0,,1.062,336295000.0,0.0,0.0,0.0,7.723,239856000.0
81,REGN,MRT,2001-03-31,2001-03-31,2001-03-31,2021-08-05,1233000.0,349185000.0,243973750.0,286636000.0,62549000.0,0.225,8.807,-6367000.0,183620000.0,183620000.0,14703000.0,-27464000.0,20.688,0.076,2451000.0,537000.0,1914000.0,2451000.0,12395000.0,4824000.0,0.0,0.0,0.0,-27200000.0,-22376000.0,-0.407,-22376000.0,-27200000.0,-27464000.0,-0.75,-0.75,-0.75,324411000.0,218371000.0,324411000.0,788998335.0,-29.0,-35.261,-26013000.0,-0.706,1.0,40295000.0,0.733,0.0,264000.0,154161000.0,147017750.0,2668000.0,115593000.0,90383000.0,25210000.0,24774000.0,13855000.0,10919000.0,817295335.0,171326000.0,0.0,245764000.0,-1420000.0,0.0,244344000.0,-53372000.0,-47005000.0,-19646000.0,0.0,-27464000.0,-27464000.0,-27464000.0,0.0,0.0,-0.499,73166000.0,-32871000.0,9636000.0,0.0,2.519,-29.759,-29.584,37166000.0,0.0,22.188,14.86,14.86,8608000.0,-236555000.0,54998000.0,54998000.0,64488000.0,-0.113,-0.126,-0.185,-0.495,181000.0,8678000.0,1.0,36835016.0,36835016.0,,1.493,349185000.0,0.0,0.0,0.0,9.48,272781000.0
82,REGN,MRT,2000-12-31,2000-12-31,2000-12-31,2021-08-05,534000.0,208274000.0,189686000.0,134142000.0,74132000.0,0.312,4.955,-6495000.0,30978000.0,30978000.0,15566000.0,-23215000.0,9.73,0.144,2681000.0,612000.0,2069000.0,2681000.0,13723000.0,4421000.0,0.0,0.0,0.0,-22934000.0,-18513000.0,-0.312,-18513000.0,-22934000.0,-23215000.0,-0.66,-0.66,-0.66,182130000.0,163667000.0,182130000.0,1249713910.0,-54.0,-67.505,-34405000.0,-0.936,1.0,43710000.0,0.737,0.0,281000.0,166191000.0,136268000.0,1915000.0,123659000.0,86634000.0,37025000.0,26144000.0,13786000.0,12358000.0,1296352910.0,7281000.0,0.0,94365000.0,-1498000.0,0.0,92867000.0,-57676000.0,-51181000.0,-27910000.0,0.0,-23215000.0,-23215000.0,-23215000.0,0.0,0.0,-0.392,68986000.0,-25276000.0,9446000.0,0.0,7.118,-55.841,-53.433,36934000.0,0.0,35.266,21.87,21.87,13835000.0,-223518000.0,59276000.0,59276000.0,60559000.0,-0.122,-0.142,-0.168,-0.387,0.0,8427000.0,1.0,36759284.0,36759284.0,,1.613,208274000.0,0.0,0.0,0.0,5.666,120356000.0
83,REGN,MRT,2000-09-30,2000-09-30,2000-09-30,2021-08-05,-202000.0,216319000.0,171867250.0,137002000.0,79317000.0,0.279,5.215,-6129000.0,49642000.0,49642000.0,6988000.0,-16142000.0,10.752,0.133,3003000.0,826000.0,2177000.0,3003000.0,13917000.0,4099000.0,0.0,0.0,0.0,-15876000.0,-11777000.0,-0.245,-11777000.0,-15876000.0,-16142000.0,-0.5,-0.5,-0.5,190972000.0,145517500.0,190972000.0,1116395826.0,-70.0,-94.795,-22985000.0,-0.628,1.0,41026000.0,0.854,0.0,266000.0,156938000.0,120760750.0,8181000.0,108857000.0,67386000.0,41471000.0,25347000.0,12742000.0,12605000.0,1194704826.0,26117000.0,0.0,94660000.0,-1467000.0,0.0,93193000.0,-50220000.0,-44091000.0,-16856000.0,0.0,-16142000.0,-16142000.0,-16142000.0,0.0,0.0,-0.336,61413000.0,-20387000.0,8134000.0,0.0,6.256,-74.012,-65.25,37659000.0,0.0,32.625,24.882,24.882,9851000.0,-213779000.0,48014000.0,48014000.0,56836000.0,-0.094,-0.111,-0.131,-0.331,360000.0,7029000.0,1.0,36619305.0,36619305.0,,1.311,216319000.0,0.0,0.0,0.0,5.907,124260000.0
84,REGN,MRT,2000-06-30,2000-06-30,2000-06-30,2021-08-05,-421000.0,202117000.0,151382500.0,137464000.0,64653000.0,0.301,5.02,-6243000.0,81751000.0,81751000.0,5510000.0,-17949000.0,10.552,0.149,3442000.0,1106000.0,2336000.0,3442000.0,14743000.0,3843000.0,0.0,0.0,0.0,-17668000.0,-13825000.0,-0.304,-13825000.0,-17668000.0,-17949000.0,-0.57,-0.57,-0.57,175971000.0,125406250.0,175971000.0,1036698652.0,-59.0,-74.987,-26788000.0,-0.764,1.0,40041000.0,0.879,0.0,281000.0,110781000.0,107859750.0,7931000.0,63168000.0,36110000.0,27058000.0,26146000.0,13027000.0,13119000.0,1045120652.0,61191000.0,0.0,76708000.0,-1300000.0,0.0,75408000.0,6328000.0,12571000.0,-20545000.0,0.0,-17949000.0,-17949000.0,-17949000.0,0.0,0.0,-0.394,59837000.0,-19796000.0,7669000.0,0.0,5.939,-58.227,-52.304,37434000.0,0.0,29.813,22.944,22.944,9568000.0,-210568000.0,45551000.0,45551000.0,54553000.0,-0.119,-0.143,-0.164,-0.388,360000.0,6838000.0,1.0,35055870.0,35055870.0,,1.299,202117000.0,0.0,0.0,0.0,5.766,124437000.0
85,REGN,MRT,2000-03-31,2000-03-31,2000-03-31,2021-08-05,-516000.0,132034000.0,135813000.0,73481000.0,58553000.0,0.281,3.327,-6460000.0,12294000.0,12294000.0,5409000.0,-22928000.0,5.902,0.25,3872000.0,1352000.0,2520000.0,3872000.0,15356000.0,3627000.0,0.0,0.0,0.0,-22669000.0,-19042000.0,-0.499,-19042000.0,-22669000.0,-22928000.0,-0.74,-0.74,-0.74,105595000.0,110262500.0,105595000.0,918800800.0,-41.0,-48.251,-28204000.0,-0.889,1.0,32763000.0,0.858,0.0,259000.0,111162000.0,108703750.0,5641000.0,65655000.0,44120000.0,21535000.0,26439000.0,12450000.0,13989000.0,938318800.0,-9483000.0,0.0,3519000.0,-1149000.0,0.0,2370000.0,9891000.0,16351000.0,-21744000.0,0.0,-22928000.0,-22928000.0,-22928000.0,0.0,0.0,-0.601,55838000.0,-23075000.0,6921000.0,0.0,8.886,-40.925,-39.95,36630000.0,0.0,29.563,24.581,24.581,8560000.0,-207621000.0,38172000.0,38172000.0,49946000.0,-0.169,-0.208,-0.209,-0.594,360000.0,6617000.0,1.0,31739634.0,31739634.0,,1.203,132034000.0,0.0,0.0,0.0,4.16,61031000.0
86,REGN,MRT,1999-12-31,1999-12-31,1999-12-31,2021-08-05,-493000.0,136999000.0,140136750.0,73044000.0,63955000.0,0.246,3.497,-5682000.0,23697000.0,23697000.0,3612000.0,-23070000.0,5.484,0.251,4179000.0,1448000.0,2731000.0,4179000.0,15816000.0,3426000.0,0.0,0.0,0.0,-22786000.0,-19360000.0,-0.561,-19360000.0,-22786000.0,-23070000.0,-0.74,-0.74,-0.74,109532000.0,114722750.0,109532000.0,379224562.0,-17.0,-19.588,-19192000.0,-0.613,1.0,30887000.0,0.895,0.0,284000.0,104162000.0,111312000.0,4552000.0,69902000.0,42463000.0,27439000.0,27467000.0,13319000.0,14148000.0,399397562.0,3940000.0,0.0,1428000.0,-1121000.0,0.0,307000.0,17143000.0,22825000.0,-13510000.0,0.0,-23070000.0,-23070000.0,-23070000.0,0.0,0.0,-0.669,54721000.0,-23834000.0,7185000.0,0.0,3.646,-17.312,-17.23,36298000.0,0.0,12.75,11.577,11.577,624000.0,-200303000.0,34499000.0,34499000.0,48291000.0,-0.165,-0.201,-0.205,-0.66,360000.0,6430000.0,1.0,31325299.0,31325299.0,,1.101,136999000.0,0.0,0.0,0.0,4.373,59725000.0
87,REGN,MRT,1999-09-30,1999-09-30,1999-09-30,2021-08-05,-334000.0,134380000.0,145115750.0,74281000.0,60099000.0,0.199,3.53,-5552000.0,23525000.0,23525000.0,5065000.0,-27229000.0,8.372,0.216,3352000.0,1202000.0,2150000.0,3352000.0,15672000.0,3141000.0,0.0,0.0,0.0,-26886000.0,-23745000.0,-0.82,-23745000.0,-26886000.0,-27229000.0,-0.88,-0.88,-0.88,110527000.0,120146500.0,110527000.0,237473804.0,-9.0,-10.001,-32063000.0,-1.024,1.0,23875000.0,0.825,0.0,343000.0,105334000.0,118256000.0,0.0,65258000.0,40457000.0,24801000.0,23853000.0,8873000.0,14980000.0,254410804.0,931000.0,0.0,986000.0,-1133000.0,0.0,-147000.0,27589000.0,33141000.0,-26511000.0,0.0,-27229000.0,-27229000.0,-27229000.0,0.0,0.0,-0.941,54185000.0,-30310000.0,4531000.0,0.0,2.302,-9.343,-9.233,35076000.0,0.0,8.125,8.791,8.791,8656000.0,-198921000.0,28940000.0,28940000.0,44915000.0,-0.188,-0.227,-0.227,-0.929,0.0,6129000.0,1.0,31312099.0,31312099.0,,0.924,134380000.0,0.0,0.0,0.0,4.292,65408000.0
88,REGN,MRT,1999-06-30,1999-06-30,1999-06-30,2021-08-05,-259000.0,139839000.0,152130500.0,76215000.0,63624000.0,0.19,3.687,-5687000.0,20560000.0,20560000.0,5317000.0,-23699000.0,8.715,0.212,3623000.0,1162000.0,2461000.0,3623000.0,15673000.0,2924000.0,0.0,0.0,0.0,-23329000.0,-20405000.0,-0.704,-20405000.0,-23329000.0,-23699000.0,-0.76,-0.76,-0.76,115396000.0,126728000.0,115396000.0,226683221.0,-10.0,-11.109,-20327000.0,-0.649,1.0,23653000.0,0.816,0.0,370000.0,114157000.0,125600250.0,0.0,77542000.0,49259000.0,28283000.0,24443000.0,8745000.0,15698000.0,244558221.0,-1978000.0,0.0,976000.0,-1198000.0,0.0,-222000.0,12884000.0,18571000.0,-14640000.0,0.0,-23699000.0,-23699000.0,-23699000.0,0.0,0.0,-0.818,50680000.0,-27027000.0,4854000.0,0.0,2.119,-10.319,-10.28,35179000.0,0.0,7.813,8.442,8.442,4966000.0,-193996000.0,28970000.0,28970000.0,41882000.0,-0.156,-0.187,-0.186,-0.805,0.0,5874000.0,1.0,31301449.0,31301449.0,,0.926,139839000.0,0.0,0.0,0.0,4.467,67470000.0
89,REGN,MRT,1999-03-31,1999-03-31,1999-03-31,2021-08-05,77000.0,149329000.0,158450500.0,76189000.0,73140000.0,0.233,3.944,-3168000.0,21777000.0,21777000.0,2918000.0,-13726000.0,7.728,0.21,3902000.0,1093000.0,2809000.0,3902000.0,15672000.0,2875000.0,0.0,0.0,0.0,-13544000.0,-10669000.0,-0.288,-10669000.0,-13544000.0,-13726000.0,-0.44,-0.44,-0.44,123436000.0,132322000.0,123436000.0,191791124.0,-14.0,-17.976,-17607000.0,-0.563,1.0,34077000.0,0.921,0.0,182000.0,121595000.0,131785500.0,0.0,84919000.0,46177000.0,38742000.0,25893000.0,9859000.0,16034000.0,207366124.0,2519000.0,0.0,1027000.0,-1368000.0,0.0,-341000.0,17299000.0,20467000.0,-14439000.0,0.0,-13726000.0,-13726000.0,-13726000.0,0.0,0.0,-0.371,25986000.0,8091000.0,6032000.0,0.0,1.68,-15.108,-15.057,34239000.0,0.0,6.625,5.605,5.605,6895000.0,-186163000.0,36995000.0,36995000.0,22010000.0,-0.087,-0.104,-0.103,-0.366,0.0,2661000.0,1.0,31300547.0,31300547.0,,1.182,149329000.0,0.0,0.0,0.0,4.771,66330000.0
90,REGN,MRT,1998-12-31,1998-12-31,1998-12-31,2021-08-05,228000.0,156915000.0,161476250.0,92901000.0,64014000.0,0.237,4.231,-3049000.0,19757000.0,19757000.0,5002000.0,-8625000.0,9.881,0.196,4182000.0,1116000.0,3066000.0,4182000.0,15673000.0,3019000.0,0.0,0.0,0.0,-8197000.0,-5178000.0,-0.135,-5178000.0,-8197000.0,-8625000.0,-0.28,-0.28,-0.28,131227000.0,135322000.0,131227000.0,210635654.0,-26.0,-40.679,-13267000.0,-0.428,1.0,33325000.0,0.869,0.0,428000.0,131938000.0,136269500.0,196000.0,96864000.0,66022000.0,30842000.0,25688000.0,9402000.0,16286000.0,228735654.0,-9164000.0,0.0,452000.0,-1855000.0,0.0,-1403000.0,2457000.0,5506000.0,-10218000.0,0.0,-8625000.0,-8625000.0,-8625000.0,0.0,0.0,-0.225,45904000.0,-12579000.0,5551000.0,0.0,1.743,-26.52,-26.339,33019000.0,0.0,7.375,5.968,5.968,5710000.0,-177233000.0,38327000.0,38327000.0,37047000.0,-0.053,-0.064,-0.06,-0.214,0.0,5838000.0,1.0,31015004.0,31015004.0,,1.236,156915000.0,0.0,0.0,0.0,5.059,83499000.0
91,REGN,MRT,1998-09-30,1998-09-30,1998-09-30,2021-08-05,417000.0,162439000.0,164342500.0,89217000.0,73222000.0,0.288,4.413,-2380000.0,22594000.0,22594000.0,1817000.0,-2557000.0,9.266,0.187,4494000.0,1804000.0,2690000.0,4494000.0,16425000.0,-1006000.0,0.0,0.0,0.0,-2286000.0,-3292000.0,-0.069,-3292000.0,-2286000.0,-2557000.0,-0.06,-0.06,-0.06,136853000.0,137239500.0,136853000.0,220730661.0,-97.0,-67.051,-14868000.0,-0.479,1.0,45591000.0,0.962,0.0,271000.0,134711000.0,136876500.0,0.0,100415000.0,59993000.0,40422000.0,25586000.0,9628000.0,15958000.0,238438661.0,-24228000.0,0.0,-37775000.0,-1552000.0,0.0,-36508000.0,-712000.0,1668000.0,-12488000.0,0.0,-2557000.0,-2557000.0,-2557000.0,0.0,0.0,-0.054,20019000.0,25572000.0,4395000.0,0.0,1.742,-93.249,-128.133,32646000.0,0.0,7.688,5.03,5.03,5401000.0,-171692000.0,47408000.0,47408000.0,15997000.0,-0.016,-0.019,-0.017,-0.048,0.0,2199000.0,1.0,31014394.0,31014394.0,,1.529,162439000.0,0.0,0.0,0.0,5.238,79589000.0
92,REGN,MRT,1998-06-30,1998-06-30,1998-06-30,2021-08-05,62000.0,165119000.0,,88398000.0,76721000.0,,4.443,-1485000.0,22538000.0,22538000.0,1281000.0,-3069000.0,10.384,0.198,4830000.0,1229000.0,3601000.0,4830000.0,17176000.0,-718000.0,0.0,0.0,0.0,-2726000.0,-3444000.0,-0.079,-3444000.0,-2726000.0,-3069000.0,-0.08,-0.08,-0.08,137772000.0,,137772000.0,271417762.0,-100.0,-78.809,-19929000.0,-0.643,1.0,42434000.0,0.971,0.0,343000.0,138898000.0,,0.0,96798000.0,52453000.0,44345000.0,27347000.0,8513000.0,18834000.0,285847762.0,-35441000.0,0.0,-37676000.0,-1986000.0,0.0,-36843000.0,-5634000.0,-4149000.0,-18444000.0,0.0,-3069000.0,-3069000.0,-3069000.0,0.0,0.0,-0.07,17325000.0,25109000.0,5079000.0,0.0,2.075,-93.14,-115.237,32160000.0,0.0,9.219,6.539,6.539,12481000.0,-170297000.0,43715000.0,43715000.0,12909000.0,,,,-0.062,0.0,2304000.0,1.0,31006374.0,31006374.0,,1.41,165119000.0,0.0,0.0,0.0,5.325,79885000.0
93,REGN,MRT,1998-03-31,1998-03-31,1998-03-31,2021-08-05,46000.0,161432000.0,,90906000.0,70526000.0,,4.379,-1170000.0,19258000.0,19258000.0,2992000.0,-9479000.0,12.168,0.192,4828000.0,1357000.0,3471000.0,4828000.0,17233000.0,-332000.0,0.0,0.0,0.0,-8832000.0,-9164000.0,-0.261,-9164000.0,-8832000.0,-9479000.0,-0.31,-0.31,-0.31,135436000.0,,135436000.0,204764918.0,-23.0,-22.344,-19228000.0,-0.622,1.0,32144000.0,0.915,0.0,647000.0,139531000.0,,0.0,103921000.0,65813000.0,38108000.0,25996000.0,7471000.0,18525000.0,228091080.0,-15190000.0,0.0,5334000.0,-2431000.0,0.0,5722000.0,-28334000.0,-27164000.0,-18058000.0,0.0,-9479000.0,-9479000.0,-9479000.0,0.0,0.0,-0.27,38586000.0,-6442000.0,3683000.0,0.0,1.684,-24.063,-23.79,32200000.0,0.0,7.375,6.492,6.492,4631000.0,-172437000.0,35136000.0,35136000.0,28844000.0,,,,-0.251,0.0,5685000.0,1.0,30927604.0,30927604.0,,1.136,161432000.0,0.0,0.0,0.0,5.22,83435000.0
94,REGN,MRT,1997-12-31,1997-12-31,1997-12-31,2021-08-05,85000.0,168380000.0,152980927.0,99640000.0,68740000.0,0.216,4.491,0.0,28921000.0,28921000.0,2617000.0,-11579000.0,9.323,0.212,5595000.0,1843000.0,3752000.0,5595000.0,18983000.0,0.0,0.0,0.0,0.0,-10844000.0,-10844000.0,-0.328,-10844000.0,-10844000.0,-11579000.0,-0.4,-0.4,-0.4,138897000.0,122914000.0,138897000.0,,,,-17212000.0,-0.557,1.0,30483000.0,0.921,0.0,735000.0,134366000.0,117077667.0,0.0,99484000.0,63602000.0,35882000.0,29483000.0,10688000.0,18795000.0,264833073.0,-12088000.0,0.0,5124000.0,0.0,0.0,5124000.0,0.0,0.0,-17212000.0,0.0,-11579000.0,-11579000.0,-11579000.0,0.0,0.0,-0.35,37924000.0,-7441000.0,4663000.0,0.0,1.907,-22.872,-21.407,32713000.0,0.0,8.563,8.001,8.001,6581000.0,-168608000.0,33100000.0,33100000.0,27770000.0,-0.076,-0.094,-0.093,-0.328,0.0,5765000.0,1.0,30927604.0,30927604.0,,1.07,168380000.0,0.0,0.0,0.0,5.444,88952000.0
95,REGN,MRT,1997-09-30,1997-09-30,1997-09-30,2021-08-05,,,,,,,,,,,,,,,,,,,,,,0.0,0.0,,,,,,,,,,,,,,,,,,1.0,,,,,,,,,,,,,,,,,,,,,,,,,,,,,,,,,,,,,,,,11.188,,,,,,,,,,,,,,1.0,,,,,,,,,,
96,REGN,MRT,1997-06-30,1997-06-30,1997-06-30,2021-08-05,,,,,,,,,,,,,,,,,,,,,,0.0,0.0,,,,,,,,,,,,,,,,,,1.0,,,,,,,,,,,,,,,,,,,,,,,,,,,,,,,,,,,,,,,,10.125,,,,,,,,,,,,,,1.0,,,,,,,,,,
97,REGN,MRT,1997-03-31,1997-03-31,1997-03-31,2021-08-05,,,,,,,,,,,,,,,,,,,,,,0.0,0.0,,,,,,,,,,,,,,,,,,1.0,,,,,,,,,,,,,,,,,,,,,,,,,,,,,,,,,,,,,,,,8.0,,,,,,,,,,,,,,1.0,,,,,,,,,,
98,REGN,MRT,1996-12-31,1996-12-31,1996-12-31,2021-08-05,272199.0,137581854.0,,85008679.0,52573175.0,,,-8622000.0,34475060.0,34475060.0,1115000.0,-32424000.0,7.056,0.287,8731002.0,3582905.0,5148097.0,8731002.0,17379282.0,6084000.0,0.0,0.0,0.0,-31484000.0,-25400000.0,-1.053,-25400000.0,-31484000.0,-32424000.0,-1.33,-1.33,-1.33,106930999.0,,106930999.0,,,,-28904000.0,,1.0,22999000.0,0.954,0.0,940000.0,99789334.0,,0.0,63758005.0,45587404.0,18170601.0,30650855.0,12048462.0,18602393.0,,1739000.0,0.0,69964000.0,-3640000.0,0.0,66324000.0,-44303000.0,-35681000.0,-20282000.0,0.0,-32424000.0,-32424000.0,-32424000.0,0.0,0.0,-1.345,40233000.0,-17234000.0,4357145.0,0.0,,,-12.124,34297843.0,0.0,16.125,,,4334780.0,-157029112.0,24114000.0,24114000.0,28269000.0,,,,-1.306,0.0,5880000.0,1.0,,,,,137581854.0,0.0,0.0,0.0,,72960217.0
99,REGN,MRT,1995-12-31,1995-12-31,1995-12-31,2021-08-05,,,,,,,,-3342040.0,,,72059.0,-23507274.0,,,,,,,,5905791.0,,0.0,0.0,-22302517.0,-16396726.0,-0.599,-16396726.0,-22302517.0,-23507274.0,-1.19,-1.19,-1.19,,,,,,,-21580807.0,,1.0,27312444.0,0.997,,1204757.0,,,,,,,,,,,9090112.0,0.0,23222517.0,-3283748.0,0.0,19938769.0,7390110.0,10732150.0,-18238767.0,0.0,-23507274.0,-23507274.0,-23507274.0,0.0,0.0,-0.858,35810184.0,-8497740.0,,0.0,,,-10.714,,0.0,12.75,,,,,27384503.0,27384503.0,23310088.0,,,,-0.814,0.0,5764397.0,1.0,,,,,,,0.0,,,
