None,ticker,dimension,calendardate,datekey,reportperiod,lastupdated,accoci,assets,assetsavg,assetsc,assetsnc,assetturnover,bvps,capex,cashneq,cashnequsd,cor,consolinc,currentratio,de,debt,debtc,debtnc,debtusd,deferredrev,depamor,deposits,divyield,dps,ebit,ebitda,ebitdamargin,ebitdausd,ebitusd,ebt,eps,epsdil,epsusd,equity,equityavg,equityusd,ev,evebit,evebitda,fcf,fcfps,fxusd,gp,grossmargin,intangibles,intexp,invcap,invcapavg,inventory,investments,investmentsc,investmentsnc,liabilities,liabilitiesc,liabilitiesnc,marketcap,ncf,ncfbus,ncfcommon,ncfdebt,ncfdiv,ncff,ncfi,ncfinv,ncfo,ncfx,netinc,netinccmn,netinccmnusd,netincdis,netincnci,netmargin,opex,opinc,payables,payoutratio,pb,pe,pe1,ppnenet,prefdivis,price,ps,ps1,receivables,retearn,revenue,revenueusd,rnd,roa,roe,roic,ros,sbcomp,sgna,sharefactor,sharesbas,shareswa,shareswadil,sps,tangibles,taxassets,taxexp,taxliabilities,tbvps,workingcapital
0,BHI,MRY,2016-12-31,2016-12-31,2016-12-31,2019-04-16,-1033000000.0,19034000000.0,20445000000.0,9167000000.0,9867000000.0,0.481,29.934,-49000000.0,4572000000.0,4572000000.0,9973000000.0,-2736000000.0,3.979,0.498,3018000000.0,132000000.0,2886000000.0,3018000000.0,0.0,1166000000.0,0.0,0.01,0.68,-1864000000.0,-698000000.0,-0.071,-698000000.0,-1864000000.0,-2042000000.0,-6.31,-6.31,-6.31,12656000000.0,13754250000.0,12656000000.0,26754927934.0,-14.0,-38.331,4180000000.0,9.887,1.0,-132000000.0,-0.013,4402000000.0,178000000.0,10774000000.0,12708750000.0,1809000000.0,0.0,0.0,0.0,6297000000.0,2304000000.0,3993000000.0,27468927934.0,2248000000.0,128000000.0,-672000000.0,-1195000000.0,-293000000.0,-2185000000.0,203000000.0,104000000.0,4229000000.0,1000000.0,-2738000000.0,-2738000000.0,-2738000000.0,0.0,2000000.0,-0.278,1491000000.0,-1623000000.0,1027000000.0,-0.108,2.17,-10.032,-10.296,4271000000.0,0.0,64.97,2.791,2.791,2251000000.0,6583000000.0,9841000000.0,9841000000.0,384000000.0,-0.134,-0.199,-0.147,-0.189,0.0,815000000.0,1.0,422794027.0,422794027.0,,23.276,14632000000.0,0.0,696000000.0,406000000.0,34.608,6863000000.0
1,BHI,MRY,2015-12-31,2015-12-31,2015-12-31,2019-04-16,-1005000000.0,24080000000.0,25610000000.0,9268000000.0,14812000000.0,0.615,37.373,-577000000.0,2324000000.0,2324000000.0,14415000000.0,-1974000000.0,3.34,0.472,4041000000.0,151000000.0,3890000000.0,4041000000.0,0.0,1742000000.0,0.0,0.015,0.68,-2389000000.0,-647000000.0,-0.041,-647000000.0,-2389000000.0,-2606000000.0,-4.49,-4.49,-4.49,16298000000.0,17305250000.0,16298000000.0,22134400051.0,-9.0,-34.211,1219000000.0,2.795,1.0,1327000000.0,0.084,6653000000.0,217000000.0,16369000000.0,17748250000.0,2917000000.0,0.0,0.0,0.0,7698000000.0,2775000000.0,4923000000.0,20125400051.0,584000000.0,0.0,116000000.0,-45000000.0,-297000000.0,-282000000.0,-905000000.0,-310000000.0,1796000000.0,-25000000.0,-1967000000.0,-1967000000.0,-1967000000.0,0.0,-7000000.0,-0.125,3723000000.0,-2396000000.0,1409000000.0,-0.151,1.235,-10.232,-10.278,6693000000.0,0.0,46.15,1.278,1.278,3217000000.0,9614000000.0,15742000000.0,15742000000.0,466000000.0,-0.077,-0.114,-0.135,-0.152,0.0,969000000.0,1.0,436086675.0,436086675.0,,36.098,17427000000.0,0.0,-639000000.0,307000000.0,39.962,6493000000.0
2,BHI,MRY,2014-12-31,2014-12-31,2014-12-31,2019-04-16,-749000000.0,28827000000.0,28410500000.0,12045000000.0,16782000000.0,0.864,43.054,-1354000000.0,1740000000.0,1740000000.0,19746000000.0,1731000000.0,2.598,0.542,4133000000.0,220000000.0,3913000000.0,4133000000.0,0.0,1814000000.0,0.0,0.011,0.64,2847000000.0,4661000000.0,0.19,4661000000.0,2847000000.0,2615000000.0,3.93,3.92,3.93,18625000000.0,18135500000.0,18625000000.0,27459825257.0,10.0,5.891,1599000000.0,3.696,1.0,4805000000.0,0.196,6893000000.0,232000000.0,19690000000.0,19924500000.0,4074000000.0,0.0,0.0,0.0,10097000000.0,4637000000.0,5460000000.0,24255825257.0,341000000.0,-314000000.0,-384000000.0,-248000000.0,-279000000.0,-939000000.0,-1659000000.0,0.0,2953000000.0,-14000000.0,1719000000.0,1719000000.0,1719000000.0,0.0,12000000.0,0.07,1946000000.0,2859000000.0,2807000000.0,0.163,1.302,14.11,14.267,9063000000.0,0.0,56.07,0.988,0.988,5418000000.0,11878000000.0,24551000000.0,24551000000.0,613000000.0,0.061,0.095,0.143,0.116,0.0,1333000000.0,1.0,432598988.0,432598988.0,,56.752,21934000000.0,418000000.0,896000000.0,1005000000.0,50.703,7408000000.0
3,BHI,MRY,2013-12-31,2013-12-31,2013-12-31,2019-04-16,-504000000.0,27934000000.0,27628000000.0,11295000000.0,16639000000.0,0.809,39.964,-1630000000.0,1399000000.0,1399000000.0,18553000000.0,1103000000.0,2.467,0.566,4381000000.0,499000000.0,3882000000.0,4381000000.0,0.0,1698000000.0,0.0,0.011,0.6,1942000000.0,3640000000.0,0.163,3640000000.0,1942000000.0,1708000000.0,2.47,2.47,2.47,17713000000.0,17540250000.0,17713000000.0,27699653398.0,14.0,7.61,1531000000.0,3.454,1.0,3811000000.0,0.17,6849000000.0,234000000.0,19489000000.0,19664750000.0,3884000000.0,0.0,0.0,0.0,10022000000.0,4578000000.0,5444000000.0,24492653398.0,384000000.0,-22000000.0,-249000000.0,-571000000.0,-267000000.0,-1103000000.0,-1663000000.0,0.0,3161000000.0,-11000000.0,1096000000.0,1096000000.0,1096000000.0,0.0,7000000.0,0.049,1862000000.0,1949000000.0,2574000000.0,0.243,1.383,22.347,22.372,9076000000.0,0.0,55.26,1.095,1.095,5138000000.0,10438000000.0,22364000000.0,22364000000.0,556000000.0,0.04,0.062,0.099,0.087,115000000.0,1306000000.0,1.0,443225722.0,443225722.0,,50.457,21085000000.0,380000000.0,612000000.0,1034000000.0,47.572,6717000000.0
4,BHI,MRY,2012-12-31,2012-12-31,2012-12-31,2019-04-16,-476000000.0,26689000000.0,26297750000.0,10417000000.0,16272000000.0,0.812,38.824,-2521000000.0,1015000000.0,1015000000.0,17356000000.0,1317000000.0,2.526,0.552,4916000000.0,1079000000.0,3837000000.0,4916000000.0,0.0,1568000000.0,0.0,0.015,0.6,2186000000.0,3754000000.0,0.176,3754000000.0,2186000000.0,1976000000.0,2.98,2.97,2.98,17069000000.0,16673500000.0,17069000000.0,22096564677.0,10.0,5.886,-686000000.0,-1.56,1.0,4005000000.0,0.187,6951000000.0,210000000.0,19515000000.0,19200250000.0,3781000000.0,0.0,0.0,0.0,9421000000.0,4124000000.0,5297000000.0,17958564677.0,-35000000.0,0.0,81000000.0,847000000.0,-263000000.0,646000000.0,-2521000000.0,0.0,1835000000.0,5000000.0,1311000000.0,1311000000.0,1311000000.0,0.0,6000000.0,0.061,1813000000.0,2192000000.0,1737000000.0,0.201,1.052,13.698,13.707,8707000000.0,0.0,40.848,0.841,0.841,4815000000.0,9609000000.0,21361000000.0,21361000000.0,497000000.0,0.05,0.079,0.114,0.102,115000000.0,1316000000.0,1.0,439646900.0,439646900.0,,48.587,19738000000.0,266000000.0,665000000.0,971000000.0,44.895,6293000000.0
5,BHI,MRY,2011-12-31,2011-12-31,2011-12-31,2019-04-16,-555000000.0,24847000000.0,24062250000.0,9797000000.0,15050000000.0,0.824,36.076,-2150000000.0,1050000000.0,1050000000.0,15264000000.0,1743000000.0,2.798,0.564,4069000000.0,224000000.0,3845000000.0,4069000000.0,0.0,1321000000.0,0.0,0.012,0.6,2556000000.0,3877000000.0,0.196,3877000000.0,2556000000.0,2335000000.0,3.99,3.97,3.99,15746000000.0,15199500000.0,15746000000.0,24326700744.0,10.0,6.275,-643000000.0,-1.473,1.0,4567000000.0,0.23,7099000000.0,221000000.0,17265000000.0,16441500000.0,3222000000.0,0.0,0.0,0.0,8883000000.0,3502000000.0,5381000000.0,21229700744.0,-406000000.0,0.0,183000000.0,54000000.0,-261000000.0,-30000000.0,-1891000000.0,250000000.0,1507000000.0,8000000.0,1739000000.0,1739000000.0,1739000000.0,0.0,4000000.0,0.088,1967000000.0,2600000000.0,1810000000.0,0.15,1.348,12.208,12.19,7415000000.0,0.0,48.64,1.071,1.071,4878000000.0,8561000000.0,19831000000.0,19831000000.0,462000000.0,0.072,0.114,0.155,0.129,108000000.0,1190000000.0,1.0,436465887.0,436465887.0,,45.435,17748000000.0,251000000.0,596000000.0,1099000000.0,40.663,6295000000.0
6,BHI,MRY,2010-12-31,2010-12-31,2010-12-31,2019-04-16,-420000000.0,22986000000.0,19555750000.0,8707000000.0,14279000000.0,0.737,32.694,-1283000000.0,1456000000.0,1456000000.0,11184000000.0,819000000.0,2.774,0.617,3885000000.0,331000000.0,3554000000.0,3885000000.0,0.0,1069000000.0,0.0,0.01,0.6,1416000000.0,2485000000.0,0.172,2485000000.0,1416000000.0,1275000000.0,2.06,2.06,2.06,14100000000.0,12167000000.0,14100000000.0,26895917772.0,19.0,10.823,-427000000.0,-0.99,1.0,3230000000.0,0.224,7438000000.0,141000000.0,14838000000.0,12621250000.0,2594000000.0,250000000.0,250000000.0,0.0,8700000000.0,3139000000.0,5561000000.0,24655917772.0,-139000000.0,-888000000.0,74000000.0,1531000000.0,-241000000.0,1366000000.0,-2376000000.0,-250000000.0,856000000.0,15000000.0,812000000.0,812000000.0,812000000.0,0.0,7000000.0,0.056,1813000000.0,1417000000.0,1496000000.0,0.291,1.749,30.364,27.752,6310000000.0,0.0,57.17,1.711,1.711,3942000000.0,7083000000.0,14414000000.0,14414000000.0,429000000.0,0.042,0.067,0.112,0.098,87000000.0,1250000000.0,1.0,431273706.0,431273706.0,,33.422,15548000000.0,234000000.0,463000000.0,1579000000.0,36.051,5568000000.0
7,BHI,MRY,2009-12-31,2009-12-31,2009-12-31,2019-04-16,-414000000.0,11439000000.0,11183750000.0,6225000000.0,5214000000.0,0.864,23.505,-923000000.0,1595000000.0,1595000000.0,7397000000.0,421000000.0,3.859,0.57,1800000000.0,15000000.0,1785000000.0,1800000000.0,0.0,711000000.0,0.0,0.015,0.6,736000000.0,1447000000.0,0.15,1447000000.0,736000000.0,611000000.0,1.36,1.36,1.36,7284000000.0,7137000000.0,7284000000.0,12863213009.0,17.0,8.89,316000000.0,1.02,1.0,2267000000.0,0.235,1613000000.0,125000000.0,8418000000.0,8481750000.0,1836000000.0,0.0,0.0,0.0,4155000000.0,1613000000.0,2542000000.0,12544213009.0,-360000000.0,-58000000.0,51000000.0,-541000000.0,-185000000.0,-675000000.0,-966000000.0,0.0,1239000000.0,42000000.0,421000000.0,421000000.0,421000000.0,0.0,0.0,0.044,1535000000.0,732000000.0,821000000.0,0.441,1.722,29.796,29.765,3161000000.0,0.0,40.48,1.298,1.298,2331000000.0,6512000000.0,9664000000.0,9664000000.0,397000000.0,0.038,0.059,0.087,0.076,88000000.0,1120000000.0,1.0,309886685.0,309886685.0,,31.186,9826000000.0,268000000.0,190000000.0,404000000.0,31.708,4612000000.0
8,BHI,MRY,2008-12-31,2008-12-31,2008-12-31,2019-04-16,-523000000.0,11861000000.0,10913475000.0,7145000000.0,4716000000.0,1.087,22.134,-1081000000.0,1955000000.0,1955000000.0,7954000000.0,1635000000.0,2.845,0.742,2333000000.0,558000000.0,1775000000.0,2333000000.0,0.0,637000000.0,0.0,0.017,0.56,2381000000.0,3018000000.0,0.254,3018000000.0,2381000000.0,2319000000.0,5.32,5.3,5.32,6807000000.0,6570425000.0,6807000000.0,10366011890.0,4.0,3.435,533000000.0,1.733,1.0,3910000000.0,0.33,1587000000.0,62000000.0,8141000000.0,7550125000.0,2021000000.0,0.0,0.0,0.0,5054000000.0,2511000000.0,2543000000.0,9862511890.0,901000000.0,-89000000.0,-540000000.0,1250000000.0,-173000000.0,541000000.0,-1170000000.0,0.0,1614000000.0,-84000000.0,1635000000.0,1635000000.0,1635000000.0,0.0,0.0,0.138,1534000000.0,2376000000.0,888000000.0,0.105,1.449,6.032,6.028,2833000000.0,0.0,32.07,0.831,0.831,2759000000.0,6276000000.0,11864000000.0,11864000000.0,426000000.0,0.15,0.249,0.315,0.201,60000000.0,1046000000.0,1.0,307530773.0,307530773.0,,38.578,10274000000.0,231000000.0,684000000.0,656000000.0,33.408,4634000000.0
9,BHI,MRY,2007-12-31,2007-12-31,2007-12-31,2019-04-16,-44000000.0,9857000000.0,9321700000.0,5455000000.0,4402000000.0,1.119,19.819,-948000000.0,1054000000.0,1054000000.0,6845000000.0,1514000000.0,3.371,0.563,1084000000.0,15000000.0,1069000000.0,1084000000.0,0.0,521000000.0,0.0,0.006,0.52,2323000000.0,2844000000.0,0.273,2844000000.0,2323000000.0,2257000000.0,4.76,4.73,4.76,6306000000.0,5953625000.0,6306000000.0,26033948024.0,11.0,9.154,527000000.0,1.656,1.0,3583000000.0,0.344,1531000000.0,66000000.0,6738000000.0,6595725000.0,1714000000.0,0.0,0.0,0.0,3551000000.0,1618000000.0,1933000000.0,25804848024.0,304000000.0,10000000.0,-454000000.0,14000000.0,-167000000.0,-593000000.0,-620000000.0,318000000.0,1475000000.0,42000000.0,1514000000.0,1514000000.0,1514000000.0,0.0,0.0,0.145,1305000000.0,2278000000.0,704000000.0,0.109,4.092,17.044,17.038,2345000000.0,0.0,81.1,2.475,2.475,2383000000.0,4818000000.0,10428000000.0,10428000000.0,372000000.0,0.162,0.254,0.352,0.223,51000000.0,933000000.0,1.0,318185549.0,318185549.0,,32.773,8326000000.0,182000000.0,743000000.0,607000000.0,26.167,3837000000.0
10,BHI,MRY,2006-12-31,2006-12-31,2006-12-31,2019-04-16,-187200000.0,8705700000.0,8611350000.0,4967800000.0,3737900000.0,1.048,16.346,-787000000.0,750000000.0,750000000.0,5876000000.0,2419000000.0,3.063,0.66,1075100000.0,1300000.0,1073800000.0,1075100000.0,0.0,434000000.0,0.0,0.007,0.52,3826000000.0,4260000000.0,0.472,4260000000.0,3826000000.0,3757000000.0,7.32,7.27,7.32,5242900000.0,5192675000.0,5242900000.0,23978270112.0,6.0,5.629,-197000000.0,-0.614,1.0,3151000000.0,0.349,1537400000.0,69000000.0,5871500000.0,5614025000.0,1528800000.0,353700000.0,353700000.0,0.0,3462800000.0,1621900000.0,1840900000.0,23946270112.0,53000000.0,2440000000.0,-1764000000.0,-9000000.0,-172000000.0,-1926000000.0,1376000000.0,-277000000.0,590000000.0,13000000.0,2419000000.0,2419000000.0,2419000000.0,-20000000.0,0.0,0.268,1217000000.0,1934000000.0,648800000.0,0.071,4.567,9.899,10.199,1800500000.0,0.0,74.66,2.653,2.653,2055100000.0,3509600000.0,9027000000.0,9027000000.0,339000000.0,0.281,0.466,0.682,0.424,46000000.0,878000000.0,1.0,320737612.0,320737612.0,,28.145,7168300000.0,167800000.0,1338000000.0,450200000.0,22.349,3345900000.0
11,BHI,MRY,2005-12-31,2005-12-31,2005-12-31,2019-04-16,-188000000.0,7807400000.0,7323550000.0,3840100000.0,3967300000.0,0.981,13.743,-388200000.0,697000000.0,697000000.0,5023700000.0,878400000.0,2.822,0.662,1087900000.0,9900000.0,1078000000.0,1087900000.0,0.0,382400000.0,0.0,0.008,0.475,1355500000.0,1737900000.0,0.242,1737900000.0,1355500000.0,1283200000.0,2.59,2.57,2.59,4697800000.0,4400150000.0,4697800000.0,21133789990.0,16.0,12.161,567200000.0,1.659,1.0,2161800000.0,0.301,1479200000.0,72300000.0,5358400000.0,5212525000.0,1126300000.0,755900000.0,77000000.0,678900000.0,3109600000.0,1360700000.0,1748900000.0,20777289990.0,378000000.0,-100000.0,129600000.0,-71100000.0,-161100000.0,-108100000.0,-465400000.0,-77000000.0,955400000.0,-3900000.0,878400000.0,878400000.0,878400000.0,-4900000.0,0.0,0.122,928400000.0,1233400000.0,558100000.0,0.183,4.423,23.654,23.467,1355500000.0,0.0,60.78,2.892,2.892,1673400000.0,1263200000.0,7185500000.0,7185500000.0,299600000.0,0.12,0.2,0.26,0.189,9200000.0,628800000.0,1.0,341844192.0,341844192.0,,21.02,6328200000.0,181200000.0,404800000.0,369600000.0,18.512,2479400000.0
12,BHI,MRY,2004-12-31,2004-12-31,2004-12-31,2019-04-16,-109800000.0,6821300000.0,6434700000.0,2968500000.0,3852800000.0,0.945,11.612,-241300000.0,319000000.0,319000000.0,4079300000.0,528600000.0,2.413,0.751,1162300000.0,76000000.0,1086300000.0,1162300000.0,0.0,371600000.0,0.0,0.013,0.565,862800000.0,1234400000.0,0.203,1234400000.0,862800000.0,779200000.0,1.58,1.58,1.58,3895400000.0,3615650000.0,3895400000.0,15329090947.0,18.0,12.418,542400000.0,1.617,1.0,2000300000.0,0.329,1422100000.0,83600000.0,5012300000.0,4938550000.0,1025300000.0,678100000.0,0.0,678100000.0,2925900000.0,1230200000.0,1695700000.0,14314490947.0,220600000.0,45000000.0,115900000.0,-314500000.0,-153600000.0,-352200000.0,-196800000.0,0.0,783700000.0,-14100000.0,528600000.0,528600000.0,528600000.0,-3300000.0,0.0,0.087,1183900000.0,816400000.0,452100000.0,0.358,3.675,27.08,27.006,1332200000.0,0.0,42.67,2.355,2.355,1351200000.0,545900000.0,6079600000.0,6079600000.0,271700000.0,0.082,0.146,0.175,0.142,2500000.0,912200000.0,1.0,335469673.0,335469673.0,,18.123,5399200000.0,199700000.0,250600000.0,336700000.0,16.094,1738300000.0
13,BHI,MRY,2003-12-31,2003-12-31,2003-12-31,2019-04-16,-151100000.0,6416500000.0,6335150000.0,2533000000.0,3883500000.0,0.826,10.006,-337100000.0,98400000.0,98400000.0,3807500000.0,128900000.0,1.913,0.915,1484400000.0,351400000.0,1133000000.0,1484400000.0,0.0,347300000.0,0.0,0.014,0.46,377600000.0,724900000.0,0.139,724900000.0,377600000.0,274500000.0,0.38,0.38,0.38,3350400000.0,3394275000.0,3350400000.0,12241477076.0,32.0,16.887,319000000.0,0.953,1.0,1425800000.0,0.272,1402800000.0,103100000.0,5075300000.0,5406175000.0,1013400000.0,691300000.0,0.0,691300000.0,3066100000.0,1324400000.0,1741700000.0,10768677076.0,-45500000.0,-23600000.0,-119600000.0,-88800000.0,-154300000.0,-335800000.0,-362200000.0,0.0,656100000.0,-3600000.0,128900000.0,128900000.0,128900000.0,41300000.0,0.0,0.025,823500000.0,602300000.0,386400000.0,1.211,3.214,83.543,84.632,1395100000.0,0.0,32.16,2.058,2.058,1141800000.0,170900000.0,5233300000.0,5233300000.0,0.0,0.02,0.038,0.07,0.072,0.0,824600000.0,1.0,334846924.0,334846924.0,,15.629,5013700000.0,172600000.0,145600000.0,260500000.0,14.973,1208600000.0
14,BHI,MRY,2002-12-31,2002-12-31,2002-12-31,2019-04-16,-246500000.0,6400800000.0,6555025000.0,2568300000.0,3832500000.0,0.741,10.12,-278200000.0,143900000.0,143900000.0,3490100000.0,168900000.0,2.376,0.884,1547800000.0,123500000.0,1424300000.0,1547800000.0,0.0,319600000.0,0.0,0.014,0.46,439000000.0,758600000.0,0.156,758600000.0,439000000.0,327900000.0,0.5,0.5,0.5,3397200000.0,3411125000.0,3397200000.0,12272316968.0,28.0,16.178,428200000.0,1.276,1.0,1370100000.0,0.282,1362100000.0,111100000.0,5361800000.0,5625525000.0,996500000.0,872000000.0,0.0,872000000.0,3003600000.0,1080800000.0,1922800000.0,10805816968.0,105200000.0,-2200000.0,-10800000.0,-162400000.0,-154900000.0,-312300000.0,-283100000.0,0.0,706400000.0,-5800000.0,168900000.0,168900000.0,168900000.0,16400000.0,0.0,0.035,807700000.0,562400000.0,377100000.0,0.92,3.181,63.978,64.38,1343200000.0,0.0,32.19,2.223,2.223,1101900000.0,196300000.0,4860200000.0,4860200000.0,0.0,0.026,0.05,0.078,0.09,0.0,807700000.0,1.0,335688629.0,335688629.0,,14.478,5038700000.0,134200000.0,159000000.0,166700000.0,15.01,1487500000.0
15,BHI,MRY,2001-12-31,2001-12-31,2001-12-31,2019-04-16,-309800000.0,6676200000.0,6606725000.0,2806700000.0,3869500000.0,0.762,9.908,-248400000.0,38700000.0,38700000.0,3564500000.0,438000000.0,2.303,1.006,1694600000.0,12200000.0,1682400000.0,1694600000.0,0.0,339500000.0,0.0,0.013,0.46,787900000.0,1127400000.0,0.224,1127400000.0,787900000.0,661600000.0,1.31,1.3,1.31,3327800000.0,3207450000.0,3327800000.0,14047047902.0,18.0,12.46,499700000.0,1.488,1.0,1473100000.0,0.292,1384800000.0,126300000.0,5728700000.0,5879625000.0,1031900000.0,929000000.0,0.0,929000000.0,3348400000.0,1218600000.0,2129800000.0,12249347902.0,14300000.0,9000000.0,50100000.0,-369700000.0,-154400000.0,-474000000.0,-256100000.0,0.0,748100000.0,-3700000.0,438000000.0,438000000.0,438000000.0,-6300000.0,0.0,0.087,748500000.0,724600000.0,537200000.0,0.351,3.681,27.967,27.84,1297000000.0,0.0,36.47,2.432,2.432,0.0,182300000.0,5037600000.0,5037600000.0,0.0,0.066,0.137,0.134,0.156,0.0,755100000.0,1.0,335874634.0,335874634.0,,14.998,5291400000.0,0.0,223600000.0,204400000.0,15.754,1588100000.0
16,BHI,MRY,2000-12-31,2000-12-31,2000-12-31,2019-04-16,-251400000.0,6489100000.0,6913450000.0,2486600000.0,4002500000.0,0.715,9.176,-384900000.0,34600000.0,34600000.0,3823400000.0,102300000.0,2.517,1.13,2062900000.0,13300000.0,2049600000.0,2062900000.0,0.0,582800000.0,0.0,0.011,0.46,377000000.0,959800000.0,0.194,959800000.0,377000000.0,197100000.0,0.31,0.31,0.31,3046700000.0,3053200000.0,3046700000.0,16395173137.0,43.0,17.082,172300000.0,0.519,1.0,1118700000.0,0.226,1498100000.0,179900000.0,6031500000.0,6183975000.0,898500000.0,869300000.0,0.0,869300000.0,3442400000.0,987800000.0,2454600000.0,13798873137.0,12700000.0,0.0,70900000.0,-635400000.0,-152100000.0,-223200000.0,-313500000.0,72700000.0,557200000.0,-7800000.0,102300000.0,102300000.0,102300000.0,-40600000.0,0.0,0.021,796200000.0,322500000.0,469300000.0,1.484,4.529,134.886,134.065,1378700000.0,0.0,41.56,2.792,2.792,1310400000.0,-101300000.0,4942100000.0,4942100000.0,0.0,0.015,0.034,0.061,0.076,0.0,721300000.0,1.0,332022934.0,332022934.0,,14.885,4991000000.0,0.0,94800000.0,158600000.0,15.032,1498800000.0
17,BHI,MRY,1999-12-31,1999-12-31,1999-12-31,2019-04-16,-188300000.0,7182100000.0,7307925000.0,2286400000.0,4895700000.0,0.675,9.329,-640400000.0,15600000.0,15600000.0,4009800000.0,33300000.0,2.027,1.339,2818600000.0,112600000.0,2706000000.0,2818600000.0,241700000.0,790700000.0,0.0,0.022,0.46,225200000.0,1015900000.0,0.206,1015900000.0,225200000.0,58200000.0,0.1,0.1,0.1,3071100000.0,3163525000.0,3071100000.0,9788145752.0,43.0,9.635,-97200000.0,-0.295,1.0,926700000.0,0.188,2801800000.0,167000000.0,6055100000.0,6468600000.0,861500000.0,40200000.0,0.0,40200000.0,4111000000.0,1128200000.0,2982800000.0,6933145752.0,-600000.0,0.0,47600000.0,44700000.0,-150900000.0,-58600000.0,-486200000.0,0.0,543200000.0,1000000.0,33300000.0,33300000.0,33300000.0,0.0,0.0,0.007,745100000.0,181600000.0,474600000.0,4.6,2.258,208.203,210.6,2053700000.0,0.0,21.06,1.404,1.404,1184300000.0,-51500000.0,4936500000.0,4936500000.0,0.0,0.005,0.011,0.035,0.046,0.0,741900000.0,1.0,329209200.0,329209200.0,,14.995,4380300000.0,0.0,24900000.0,35100000.0,13.306,1158200000.0
18,BHI,MRY,1998-12-31,1998-12-31,1998-12-31,2019-04-16,-159900000.0,7632900000.0,6461675000.0,2753200000.0,4879700000.0,0.977,9.681,-1218200000.0,19500000.0,19500000.0,5138400000.0,-296100000.0,2.327,1.412,2770700000.0,44400000.0,2726300000.0,2770700000.0,405300000.0,758300000.0,0.0,0.026,0.46,-128700000.0,629600000.0,0.1,629600000.0,-128700000.0,-277700000.0,-0.92,-0.92,-0.92,3165100000.0,2963075000.0,3165100000.0,8453639368.0,-66.0,13.427,-408300000.0,-1.249,1.0,1172200000.0,0.186,2639000000.0,149000000.0,6561800000.0,5871200000.0,994300000.0,0.0,0.0,0.0,4467800000.0,1183300000.0,3284500000.0,5763839368.0,-25100000.0,-457600000.0,27100000.0,907800000.0,-96300000.0,838600000.0,-1675800000.0,0.0,809900000.0,2200000.0,-296100000.0,-296100000.0,-296100000.0,0.0,0.0,-0.047,1311200000.0,-139000000.0,487900000.0,-0.5,1.821,-19.466,-19.163,2240700000.0,0.0,17.63,0.913,0.913,1258200000.0,66100000.0,6310600000.0,6310600000.0,0.0,-0.046,-0.1,-0.022,-0.02,0.0,876300000.0,1.0,326933600.0,326933600.0,,19.302,4993900000.0,0.0,18400000.0,152900000.0,15.275,1569900000.0
19,BHI,MRY,1997-12-31,1997-09-30,1997-09-30,2019-04-16,-84200000.0,4756300000.0,,2220500000.0,2535800000.0,,,-981400000.0,8600000.0,8600000.0,3676900000.0,33900000.0,2.372,0.826,781400000.0,9600000.0,771800000.0,781400000.0,0.0,554900000.0,0.0,0.01,0.46,288700000.0,843600000.0,0.158,843600000.0,288700000.0,197300000.0,0.11,0.11,0.11,2604600000.0,,2604600000.0,,,,-255800000.0,,1.0,1666700000.0,0.312,1055400000.0,91400000.0,3537400000.0,,1030500000.0,0.0,0.0,0.0,2151700000.0,936300000.0,1215400000.0,,18100000.0,-38900000.0,80000000.0,342300000.0,-69600000.0,672700000.0,-1378100000.0,48500000.0,725600000.0,-2100000.0,33900000.0,33900000.0,33900000.0,154900000.0,0.0,0.006,1214600000.0,452100000.0,499700000.0,4.182,,,398.909,982900000.0,0.0,43.88,,,1047100000.0,283700000.0,5343600000.0,5343600000.0,0.0,,,,0.054,0.0,1036100000.0,1.0,,,,,3700900000.0,83800000.0,163400000.0,324500000.0,,1284200000.0
20,BHI,MRY,1996-12-31,1996-09-30,1996-09-30,2019-04-16,,,,,,,,-559400000.0,,,3062800000.0,302100000.0,,,,,,,,465000000.0,,0.014,0.43,559100000.0,1024100000.0,0.23,1024100000.0,559100000.0,471200000.0,1.05,1.04,1.05,,,,,,,99500000.0,,1.0,1383000000.0,0.311,,87900000.0,,,,,,,,,,,4000000.0,-21500000.0,60100000.0,-131000000.0,-65900000.0,-178400000.0,-475800000.0,95500000.0,658900000.0,-700000.0,302100000.0,302100000.0,302100000.0,-55700000.0,0.0,0.068,928800000.0,454200000.0,,0.41,,,28.933,,0.0,30.38,,,,,4445800000.0,4445800000.0,0.0,,,,0.126,0.0,889200000.0,,,,,,,,169100000.0,,,
0,BHI,MRQ,2017-03-31,2017-03-31,2017-03-31,2019-04-16,-1011000000.0,18676000000.0,,8964000000.0,9712000000.0,,29.321,-11000000.0,4222000000.0,4222000000.0,1888000000.0,-130000000.0,4.208,0.491,3018000000.0,134000000.0,2884000000.0,3018000000.0,0.0,218000000.0,0.0,0.011,0.17,-47000000.0,171000000.0,0.076,171000000.0,-47000000.0,-82000000.0,-0.3,-0.3,-0.3,12471000000.0,,12471000000.0,23888977392.0,-18.0,-74.189,-174000000.0,-0.409,1.0,374000000.0,0.165,4384000000.0,35000000.0,10958000000.0,,1907000000.0,0.0,0.0,0.0,6125000000.0,2130000000.0,3995000000.0,25442977392.0,-350000000.0,0.0,0.0,-6000000.0,-74000000.0,-112000000.0,-76000000.0,-65000000.0,-163000000.0,1000000.0,-129000000.0,-129000000.0,-129000000.0,0.0,-1000000.0,-0.057,404000000.0,-30000000.0,1088000000.0,-0.567,2.04,-13.49,-13.658,4128000000.0,0.0,59.82,2.697,2.697,2162000000.0,6380000000.0,2262000000.0,2262000000.0,99000000.0,,,,,0.0,184000000.0,1.0,425325600.0,425325600.0,,5.318,14292000000.0,0.0,47000000.0,409000000.0,33.602,6834000000.0
1,BHI,MRQ,2016-12-31,2016-12-31,2016-12-31,2019-04-16,-1033000000.0,19034000000.0,,9167000000.0,9867000000.0,,29.934,-22000000.0,4572000000.0,4572000000.0,2144000000.0,-413000000.0,3.979,0.498,3018000000.0,132000000.0,2886000000.0,3018000000.0,0.0,245000000.0,0.0,0.01,0.17,-274000000.0,-29000000.0,-0.012,-29000000.0,-274000000.0,-310000000.0,-1.0,-1.0,-1.0,12656000000.0,,12656000000.0,26754927934.0,-14.0,-38.331,610000000.0,1.443,1.0,266000000.0,0.11,4402000000.0,36000000.0,10774000000.0,,1809000000.0,0.0,0.0,0.0,6297000000.0,2304000000.0,3993000000.0,27468927934.0,836000000.0,128000000.0,91000000.0,-3000000.0,-72000000.0,-26000000.0,231000000.0,105000000.0,632000000.0,-1000000.0,-417000000.0,-417000000.0,-417000000.0,0.0,4000000.0,-0.173,439000000.0,-173000000.0,1027000000.0,-0.17,2.17,-10.032,-10.296,4271000000.0,0.0,64.97,2.791,2.791,2251000000.0,6583000000.0,2410000000.0,2410000000.0,92000000.0,,,,,0.0,183000000.0,1.0,422794027.0,422794027.0,,5.7,14632000000.0,0.0,107000000.0,406000000.0,34.608,6863000000.0
2,BHI,MRQ,2016-09-30,2016-09-30,2016-09-30,2019-04-16,-939000000.0,19491000000.0,,9002000000.0,10489000000.0,,30.752,-10000000.0,3736000000.0,3736000000.0,2059000000.0,-430000000.0,4.048,0.475,3022000000.0,127000000.0,2895000000.0,3022000000.0,0.0,262000000.0,0.0,0.013,0.17,-320000000.0,-58000000.0,-0.025,-58000000.0,-320000000.0,-359000000.0,-1.0,-1.0,-1.0,13159000000.0,,13159000000.0,20712184314.0,-7.0,-12.738,109000000.0,0.255,1.0,294000000.0,0.125,4623000000.0,39000000.0,11930000000.0,,1966000000.0,0.0,0.0,0.0,6254000000.0,2224000000.0,4030000000.0,21596184314.0,-174000000.0,0.0,-263000000.0,-21000000.0,-73000000.0,-354000000.0,61000000.0,71000000.0,119000000.0,0.0,-429000000.0,-429000000.0,-429000000.0,0.0,-1000000.0,-0.182,615000000.0,-321000000.0,951000000.0,-0.17,1.641,-6.443,-6.589,4874000000.0,0.0,50.47,1.995,1.995,2207000000.0,7072000000.0,2353000000.0,2353000000.0,91000000.0,,,,,0.0,203000000.0,1.0,427901413.0,427901413.0,,5.499,14868000000.0,159000000.0,70000000.0,513000000.0,34.746,6778000000.0
3,BHI,MRQ,2016-06-30,2016-06-30,2016-06-30,2019-04-16,-951000000.0,20319000000.0,,9399000000.0,10920000000.0,,31.703,-13000000.0,3910000000.0,3910000000.0,3112000000.0,-912000000.0,4.02,0.458,3026000000.0,139000000.0,2887000000.0,3026000000.0,0.0,305000000.0,0.0,0.015,0.17,-711000000.0,-406000000.0,-0.169,-406000000.0,-711000000.0,-759000000.0,-2.08,-2.08,-2.08,13883000000.0,,13883000000.0,21618046635.0,-8.0,-17.434,3564000000.0,8.139,1.0,-704000000.0,-0.292,4672000000.0,48000000.0,12425000000.0,,1992000000.0,0.0,0.0,0.0,6353000000.0,2338000000.0,4015000000.0,19763046635.0,1718000000.0,0.0,-500000000.0,-1166000000.0,-74000000.0,-1710000000.0,-150000000.0,-137000000.0,3577000000.0,1000000.0,-911000000.0,-911000000.0,-911000000.0,0.0,-1000000.0,-0.378,-134000000.0,-570000000.0,1023000000.0,-0.082,1.424,-6.412,-6.429,5229000000.0,0.0,45.13,1.612,1.612,2262000000.0,7574000000.0,2408000000.0,2408000000.0,99000000.0,,,,,0.0,222000000.0,1.0,437913730.0,437913730.0,,5.499,15647000000.0,196000000.0,152000000.0,527000000.0,35.731,7061000000.0
4,BHI,MRQ,2016-03-31,2016-03-31,2016-03-31,2019-04-16,-938000000.0,22936000000.0,,8771000000.0,14165000000.0,,34.987,-4000000.0,2192000000.0,2192000000.0,2658000000.0,-981000000.0,3.563,0.492,4047000000.0,162000000.0,3885000000.0,4047000000.0,0.0,354000000.0,0.0,0.016,0.17,-559000000.0,-205000000.0,-0.077,-205000000.0,-559000000.0,-614000000.0,-2.22,-2.22,-2.22,15319000000.0,,15319000000.0,20908136393.0,-10.0,-38.576,-103000000.0,-0.235,1.0,12000000.0,0.004,6623000000.0,55000000.0,15706000000.0,,2789000000.0,0.0,0.0,0.0,7534000000.0,2462000000.0,5072000000.0,19191136393.0,-132000000.0,0.0,0.0,-5000000.0,-74000000.0,-95000000.0,61000000.0,65000000.0,-99000000.0,1000000.0,-981000000.0,-981000000.0,-981000000.0,0.0,0.0,-0.367,571000000.0,-559000000.0,1153000000.0,-0.077,1.253,-8.135,-8.162,6323000000.0,0.0,43.83,1.389,1.389,2800000000.0,8559000000.0,2670000000.0,2670000000.0,102000000.0,,,,,0.0,207000000.0,1.0,437853899.0,437853899.0,,6.098,16313000000.0,208000000.0,367000000.0,551000000.0,37.257,6309000000.0
5,BHI,MRQ,2015-12-31,2015-12-31,2015-12-31,2019-04-16,-1005000000.0,24080000000.0,,9268000000.0,14812000000.0,,37.373,-95000000.0,2324000000.0,2324000000.0,3114000000.0,-1035000000.0,3.34,0.472,4041000000.0,151000000.0,3890000000.0,4041000000.0,0.0,416000000.0,0.0,0.015,0.17,-1373000000.0,-957000000.0,-0.282,-957000000.0,-1373000000.0,-1428000000.0,-2.36,-2.36,-2.36,16298000000.0,,16298000000.0,22134400051.0,-9.0,-34.211,436000000.0,1.0,1.0,280000000.0,0.082,6653000000.0,55000000.0,16369000000.0,,2917000000.0,0.0,0.0,0.0,7698000000.0,2775000000.0,4923000000.0,20125400051.0,281000000.0,0.0,116000000.0,-7000000.0,-75000000.0,-43000000.0,-192000000.0,-93000000.0,531000000.0,-15000000.0,-1031000000.0,-1031000000.0,-1031000000.0,0.0,-4000000.0,-0.304,1657000000.0,-1377000000.0,1409000000.0,-0.072,1.235,-10.232,-10.278,6693000000.0,0.0,46.15,1.278,1.278,3217000000.0,9614000000.0,3394000000.0,3394000000.0,100000000.0,,,,,0.0,220000000.0,1.0,436086675.0,436086675.0,,7.783,17427000000.0,0.0,-397000000.0,307000000.0,39.962,6493000000.0
6,BHI,MRQ,2015-09-30,2015-09-30,2015-09-30,2019-04-16,-925000000.0,25416000000.0,,9586000000.0,15830000000.0,,39.951,-80000000.0,2043000000.0,2043000000.0,3375000000.0,-156000000.0,3.285,0.454,4052000000.0,156000000.0,3896000000.0,4052000000.0,0.0,432000000.0,0.0,0.013,0.17,-104000000.0,328000000.0,0.087,328000000.0,-104000000.0,-159000000.0,-0.36,-0.36,-0.36,17414000000.0,,17414000000.0,24753315673.0,-4951.0,13.836,348000000.0,0.798,1.0,411000000.0,0.109,6804000000.0,55000000.0,17703000000.0,,3262000000.0,0.0,0.0,0.0,7911000000.0,2918000000.0,4993000000.0,22683315673.0,70000000.0,0.0,0.0,26000000.0,-74000000.0,-52000000.0,-300000000.0,-217000000.0,428000000.0,-6000000.0,-159000000.0,-159000000.0,-159000000.0,0.0,3000000.0,-0.042,512000000.0,-101000000.0,1480000000.0,-0.472,1.303,-83.089,-82.603,8026000000.0,0.0,52.04,1.195,1.195,3518000000.0,10720000000.0,3786000000.0,3786000000.0,110000000.0,,,,,0.0,211000000.0,1.0,435882315.0,435882315.0,,8.686,18612000000.0,332000000.0,0.0,374000000.0,42.7,6668000000.0
7,BHI,MRQ,2015-06-30,2015-06-30,2015-06-30,2019-04-16,-839000000.0,26018000000.0,,9938000000.0,16080000000.0,,40.713,-168000000.0,1973000000.0,1973000000.0,3584000000.0,-190000000.0,3.191,0.465,4043000000.0,139000000.0,3904000000.0,4043000000.0,0.0,434000000.0,0.0,0.011,0.17,-142000000.0,292000000.0,0.074,292000000.0,-142000000.0,-195000000.0,-0.43,-0.43,-0.43,17697000000.0,,17697000000.0,29268483286.0,38.0,11.331,413000000.0,0.95,1.0,384000000.0,0.097,6840000000.0,53000000.0,18134000000.0,,3535000000.0,0.0,0.0,0.0,8221000000.0,3114000000.0,5107000000.0,26819483286.0,367000000.0,0.0,0.0,-10000000.0,-73000000.0,-41000000.0,-176000000.0,0.0,581000000.0,3000000.0,-188000000.0,-188000000.0,-188000000.0,0.0,-2000000.0,-0.047,528000000.0,-144000000.0,1785000000.0,-0.395,1.515,102.757,104.576,8366000000.0,0.0,61.7,1.251,1.251,3684000000.0,10953000000.0,3968000000.0,3968000000.0,118000000.0,,,,,0.0,264000000.0,1.0,434675580.0,434675580.0,,9.129,19178000000.0,420000000.0,-7000000.0,481000000.0,44.12,6824000000.0
8,BHI,MRQ,2015-03-31,2015-03-31,2015-03-31,2019-04-16,-913000000.0,26926000000.0,,10705000000.0,16221000000.0,,40.992,-234000000.0,1606000000.0,1606000000.0,4342000000.0,-593000000.0,2.868,0.506,4055000000.0,149000000.0,3906000000.0,4055000000.0,0.0,460000000.0,0.0,0.01,0.17,-770000000.0,-310000000.0,-0.067,-310000000.0,-770000000.0,-824000000.0,-1.35,-1.35,-1.35,17812000000.0,,17812000000.0,30020185015.0,20.0,8.908,22000000.0,0.051,1.0,252000000.0,0.055,6855000000.0,54000000.0,18787000000.0,,3843000000.0,0.0,0.0,0.0,9013000000.0,3733000000.0,5280000000.0,27627185015.0,-134000000.0,0.0,0.0,-54000000.0,-75000000.0,-146000000.0,-237000000.0,0.0,256000000.0,-7000000.0,-589000000.0,-589000000.0,-589000000.0,0.0,-4000000.0,-0.128,1026000000.0,-774000000.0,2149000000.0,-0.126,1.551,34.448,34.743,8559000000.0,0.0,63.58,1.18,1.18,4455000000.0,11214000000.0,4594000000.0,4594000000.0,138000000.0,,,,,0.0,287000000.0,1.0,434526345.0,434526345.0,,10.572,20071000000.0,431000000.0,-235000000.0,676000000.0,46.191,6972000000.0
9,BHI,MRQ,2014-12-31,2014-12-31,2014-12-31,2019-04-16,-749000000.0,28827000000.0,,12045000000.0,16782000000.0,,43.054,-361000000.0,1740000000.0,1740000000.0,5174000000.0,667000000.0,2.598,0.542,4133000000.0,220000000.0,3913000000.0,4133000000.0,0.0,468000000.0,0.0,0.011,0.17,1011000000.0,1479000000.0,0.223,1479000000.0,1011000000.0,954000000.0,1.51,1.52,1.51,18625000000.0,,18625000000.0,27459825257.0,10.0,5.891,838000000.0,1.937,1.0,1461000000.0,0.22,6893000000.0,57000000.0,19690000000.0,,4074000000.0,0.0,0.0,0.0,10097000000.0,4637000000.0,5460000000.0,24255825257.0,531000000.0,-1000000.0,216000000.0,-299000000.0,-74000000.0,-305000000.0,-353000000.0,0.0,1199000000.0,-10000000.0,663000000.0,663000000.0,663000000.0,0.0,4000000.0,0.1,446000000.0,1015000000.0,2807000000.0,0.113,1.302,14.11,14.267,9063000000.0,0.0,56.07,0.988,0.988,5418000000.0,11878000000.0,6635000000.0,6635000000.0,152000000.0,,,,,0.0,356000000.0,1.0,432598988.0,432598988.0,,15.338,21934000000.0,418000000.0,291000000.0,1005000000.0,50.703,7408000000.0
10,BHI,MRQ,2014-09-30,2014-09-30,2014-09-30,2019-04-16,-616000000.0,28642000000.0,,11811000000.0,16831000000.0,,41.566,-333000000.0,1209000000.0,1209000000.0,5107000000.0,369000000.0,2.38,0.573,4413000000.0,519000000.0,3894000000.0,4413000000.0,0.0,455000000.0,0.0,0.01,0.17,667000000.0,1122000000.0,0.18,1122000000.0,667000000.0,608000000.0,0.86,0.86,0.86,18083000000.0,,18083000000.0,31697880664.0,14.0,7.735,725000000.0,1.667,1.0,1143000000.0,0.183,6931000000.0,59000000.0,19953000000.0,,4150000000.0,0.0,0.0,0.0,10358000000.0,4962000000.0,5396000000.0,28303880664.0,46000000.0,-313000000.0,-200000000.0,-127000000.0,-74000000.0,-389000000.0,-620000000.0,0.0,1058000000.0,-3000000.0,375000000.0,375000000.0,375000000.0,0.0,-6000000.0,0.06,482000000.0,661000000.0,2745000000.0,0.198,1.565,21.705,21.832,9081000000.0,0.0,65.06,1.19,1.19,5539000000.0,11289000000.0,6250000000.0,6250000000.0,159000000.0,,,,,0.0,323000000.0,1.0,435042740.0,435042740.0,,14.366,21711000000.0,426000000.0,233000000.0,1110000000.0,49.905,6849000000.0
11,BHI,MRQ,2014-06-30,2014-06-30,2014-06-30,2019-04-16,-509000000.0,28277000000.0,,11547000000.0,16730000000.0,,41.371,-321000000.0,1163000000.0,1163000000.0,4745000000.0,359000000.0,2.513,0.556,4557000000.0,657000000.0,3900000000.0,4557000000.0,0.0,454000000.0,0.0,0.008,0.15,625000000.0,1079000000.0,0.182,1079000000.0,625000000.0,566000000.0,0.81,0.8,0.81,18037000000.0,,18037000000.0,35761492713.0,16.0,8.994,72000000.0,0.165,1.0,1190000000.0,0.201,6835000000.0,59000000.0,20241000000.0,,4075000000.0,0.0,0.0,0.0,10026000000.0,4595000000.0,5431000000.0,32458492713.0,-37000000.0,0.0,-200000000.0,64000000.0,-65000000.0,-107000000.0,-322000000.0,0.0,393000000.0,-1000000.0,353000000.0,353000000.0,353000000.0,0.0,6000000.0,0.059,559000000.0,631000000.0,2536000000.0,0.185,1.8,25.558,25.761,9087000000.0,0.0,74.45,1.392,1.392,5361000000.0,10988000000.0,5935000000.0,5935000000.0,159000000.0,,,,,0.0,338000000.0,1.0,435977068.0,435977068.0,,13.613,21442000000.0,392000000.0,213000000.0,1079000000.0,49.181,6952000000.0
12,BHI,MRQ,2014-03-31,2014-03-31,2014-03-31,2019-04-16,-534000000.0,27896000000.0,,11266000000.0,16630000000.0,,40.708,-339000000.0,1200000000.0,1200000000.0,4720000000.0,336000000.0,2.489,0.556,4503000000.0,625000000.0,3878000000.0,4503000000.0,0.0,437000000.0,0.0,0.009,0.15,544000000.0,981000000.0,0.171,981000000.0,544000000.0,487000000.0,0.75,0.74,0.75,17797000000.0,,17797000000.0,31408189900.0,15.0,8.371,-36000000.0,-0.082,1.0,1011000000.0,0.176,6859000000.0,57000000.0,19814000000.0,,3995000000.0,0.0,0.0,0.0,9895000000.0,4526000000.0,5369000000.0,28426189900.0,-199000000.0,0.0,-200000000.0,114000000.0,-66000000.0,-138000000.0,-364000000.0,0.0,303000000.0,0.0,328000000.0,328000000.0,328000000.0,0.0,8000000.0,0.057,459000000.0,552000000.0,2486000000.0,0.2,1.597,24.569,24.817,9055000000.0,0.0,65.02,1.243,1.243,5267000000.0,10700000000.0,5731000000.0,5731000000.0,143000000.0,,,,,0.0,316000000.0,1.0,437191478.0,437191478.0,,13.109,21037000000.0,364000000.0,159000000.0,1028000000.0,48.119,6740000000.0
13,BHI,MRQ,2013-12-31,2013-12-31,2013-12-31,2019-04-16,-504000000.0,27934000000.0,,11295000000.0,16639000000.0,,39.964,-354000000.0,1399000000.0,1399000000.0,4886000000.0,250000000.0,2.467,0.566,4381000000.0,499000000.0,3882000000.0,4381000000.0,0.0,436000000.0,0.0,0.011,0.15,480000000.0,916000000.0,0.156,916000000.0,480000000.0,419000000.0,0.56,0.56,0.56,17713000000.0,,17713000000.0,27699653398.0,14.0,7.61,649000000.0,1.464,1.0,974000000.0,0.166,6849000000.0,61000000.0,19489000000.0,,3884000000.0,0.0,0.0,0.0,10022000000.0,4578000000.0,5444000000.0,24492653398.0,31000000.0,0.0,-299000000.0,-239000000.0,-67000000.0,-604000000.0,-359000000.0,0.0,1003000000.0,-9000000.0,248000000.0,248000000.0,248000000.0,0.0,2000000.0,0.042,492000000.0,482000000.0,2574000000.0,0.268,1.383,22.347,22.372,9076000000.0,0.0,55.26,1.095,1.095,5138000000.0,10438000000.0,5860000000.0,5860000000.0,156000000.0,,,,,115000000.0,336000000.0,1.0,443225722.0,443225722.0,,13.221,21085000000.0,380000000.0,171000000.0,1034000000.0,47.572,6717000000.0
14,BHI,MRQ,2013-09-30,2013-09-30,2013-09-30,2019-04-16,-518000000.0,28074000000.0,,11507000000.0,16567000000.0,,40.168,-418000000.0,1368000000.0,1368000000.0,4750000000.0,340000000.0,2.449,0.566,4575000000.0,737000000.0,3838000000.0,4575000000.0,0.0,423000000.0,0.0,0.012,0.15,577000000.0,1000000000.0,0.173,1000000000.0,577000000.0,519000000.0,0.77,0.77,0.77,17796000000.0,,17796000000.0,25539404279.0,13.0,7.134,662000000.0,1.494,1.0,1037000000.0,0.179,6882000000.0,58000000.0,19700000000.0,,3960000000.0,0.0,0.0,0.0,10081000000.0,4699000000.0,5382000000.0,21753404279.0,245000000.0,-22000000.0,7000000.0,-332000000.0,-68000000.0,-396000000.0,-442000000.0,0.0,1080000000.0,3000000.0,341000000.0,341000000.0,341000000.0,0.0,-1000000.0,0.059,461000000.0,576000000.0,2474000000.0,0.195,1.222,20.483,20.458,8964000000.0,0.0,49.1,0.997,0.997,5343000000.0,10257000000.0,5787000000.0,5787000000.0,142000000.0,,,,,0.0,319000000.0,1.0,443042857.0,443042857.0,,13.062,21192000000.0,373000000.0,178000000.0,1024000000.0,47.833,6808000000.0
15,BHI,MRQ,2013-06-30,2013-06-30,2013-06-30,2019-04-16,-576000000.0,27350000000.0,,10930000000.0,16420000000.0,,39.445,-462000000.0,1123000000.0,1123000000.0,4591000000.0,245000000.0,2.425,0.558,4909000000.0,1068000000.0,3841000000.0,4909000000.0,0.0,424000000.0,0.0,0.013,0.15,431000000.0,855000000.0,0.156,855000000.0,431000000.0,371000000.0,0.54,0.54,0.54,17428000000.0,,17428000000.0,24372499853.0,14.0,7.026,230000000.0,0.521,1.0,896000000.0,0.163,6888000000.0,60000000.0,19740000000.0,,3838000000.0,0.0,0.0,0.0,9723000000.0,4508000000.0,5215000000.0,20381499853.0,22000000.0,0.0,43000000.0,-176000000.0,-66000000.0,-203000000.0,-466000000.0,0.0,692000000.0,-1000000.0,240000000.0,240000000.0,240000000.0,0.0,5000000.0,0.044,460000000.0,436000000.0,2211000000.0,0.278,1.169,20.381,20.412,8855000000.0,0.0,46.13,0.953,0.953,5197000000.0,9984000000.0,5487000000.0,5487000000.0,131000000.0,,,,,0.0,329000000.0,1.0,441827441.0,441827441.0,,12.419,20462000000.0,299000000.0,131000000.0,868000000.0,46.312,6422000000.0
16,BHI,MRQ,2013-03-31,2013-03-31,2013-03-31,2019-04-16,-546000000.0,27154000000.0,,10835000000.0,16319000000.0,,38.985,-396000000.0,1101000000.0,1101000000.0,4326000000.0,268000000.0,2.41,0.565,5092000000.0,1248000000.0,3844000000.0,5092000000.0,0.0,415000000.0,0.0,0.013,0.15,454000000.0,869000000.0,0.166,869000000.0,454000000.0,399000000.0,0.6,0.6,0.6,17224000000.0,,17224000000.0,24405313921.0,12.0,6.716,-10000000.0,-0.023,1.0,904000000.0,0.173,6919000000.0,55000000.0,19730000000.0,,3880000000.0,0.0,0.0,0.0,9736000000.0,4496000000.0,5240000000.0,20504313921.0,86000000.0,0.0,0.0,176000000.0,-66000000.0,100000000.0,-396000000.0,0.0,386000000.0,-4000000.0,267000000.0,267000000.0,267000000.0,0.0,1000000.0,0.051,449000000.0,455000000.0,2024000000.0,0.25,1.19,17.101,17.063,8753000000.0,0.0,46.41,0.966,0.966,5096000000.0,9810000000.0,5230000000.0,5230000000.0,127000000.0,,,,,0.0,322000000.0,1.0,441808100.0,441808100.0,,11.838,20235000000.0,266000000.0,132000000.0,914000000.0,45.8,6339000000.0
17,BHI,MRQ,2012-12-31,2012-12-31,2012-12-31,2019-04-16,-476000000.0,26689000000.0,,10417000000.0,16272000000.0,,38.824,-625000000.0,1015000000.0,1015000000.0,4441000000.0,215000000.0,2.526,0.552,4916000000.0,1079000000.0,3837000000.0,4916000000.0,0.0,417000000.0,0.0,0.015,0.15,439000000.0,856000000.0,0.161,856000000.0,439000000.0,382000000.0,0.49,0.48,0.49,17069000000.0,,17069000000.0,22096564677.0,10.0,5.886,263000000.0,0.598,1.0,884000000.0,0.166,6951000000.0,57000000.0,19515000000.0,,3781000000.0,0.0,0.0,0.0,9421000000.0,4124000000.0,5297000000.0,17958564677.0,8000000.0,0.0,81000000.0,-228000000.0,-66000000.0,-256000000.0,-625000000.0,0.0,888000000.0,1000000.0,214000000.0,214000000.0,214000000.0,0.0,1000000.0,0.04,444000000.0,440000000.0,1737000000.0,0.306,1.052,13.698,13.707,8707000000.0,0.0,40.848,0.841,0.841,4815000000.0,9609000000.0,5325000000.0,5325000000.0,127000000.0,,,,,115000000.0,317000000.0,1.0,439646900.0,439646900.0,,12.112,19738000000.0,266000000.0,168000000.0,971000000.0,44.895,6293000000.0
18,BHI,MRQ,2012-09-30,2012-09-30,2012-09-30,2019-04-16,-474000000.0,26756000000.0,,11280000000.0,15476000000.0,,38.386,-657000000.0,1007000000.0,1007000000.0,4396000000.0,284000000.0,2.489,0.574,5145000000.0,1306000000.0,3839000000.0,5145000000.0,0.0,408000000.0,0.0,0.013,0.15,481000000.0,889000000.0,0.166,889000000.0,481000000.0,432000000.0,0.63,0.63,0.63,16873000000.0,,16873000000.0,24121208340.0,11.0,6.346,166000000.0,0.378,1.0,959000000.0,0.179,6601000000.0,49000000.0,19761000000.0,,3879000000.0,0.0,0.0,0.0,9685000000.0,4532000000.0,5153000000.0,19881208340.0,215000000.0,0.0,0.0,113000000.0,-66000000.0,47000000.0,-657000000.0,0.0,823000000.0,2000000.0,279000000.0,279000000.0,279000000.0,0.0,5000000.0,0.052,473000000.0,486000000.0,1829000000.0,0.238,1.178,14.09,14.09,8225000000.0,0.0,45.23,0.915,0.915,5003000000.0,9461000000.0,5355000000.0,5355000000.0,118000000.0,,,,,0.0,355000000.0,1.0,439558000.0,439558000.0,,12.183,20155000000.0,252000000.0,153000000.0,807000000.0,45.853,6748000000.0
19,BHI,MRQ,2012-06-30,2012-06-30,2012-06-30,2019-04-16,-537000000.0,26188000000.0,,10447000000.0,15741000000.0,,37.778,-671000000.0,792000000.0,792000000.0,4254000000.0,438000000.0,2.466,0.569,5032000000.0,1191000000.0,3841000000.0,5032000000.0,0.0,380000000.0,0.0,0.015,0.15,640000000.0,1020000000.0,0.192,1020000000.0,640000000.0,590000000.0,1.0,1.0,1.0,16565000000.0,,16565000000.0,21759486900.0,8.0,5.454,-471000000.0,-1.074,1.0,1072000000.0,0.201,7033000000.0,50000000.0,19158000000.0,,3811000000.0,0.0,0.0,0.0,9429000000.0,4237000000.0,5192000000.0,18021486900.0,12000000.0,0.0,0.0,513000000.0,-66000000.0,484000000.0,-671000000.0,0.0,200000000.0,-1000000.0,439000000.0,439000000.0,439000000.0,0.0,-1000000.0,0.082,433000000.0,639000000.0,1859000000.0,0.15,1.088,9.805,9.786,8111000000.0,0.0,41.1,0.841,0.841,4985000000.0,9248000000.0,5326000000.0,5326000000.0,128000000.0,,,,,0.0,305000000.0,1.0,438479000.0,438479000.0,,12.147,19155000000.0,265000000.0,151000000.0,899000000.0,43.685,6210000000.0
20,BHI,MRQ,2012-03-31,2012-03-31,2012-03-31,2019-04-16,-487000000.0,25558000000.0,,10171000000.0,15387000000.0,,36.993,-568000000.0,780000000.0,780000000.0,4265000000.0,380000000.0,2.634,0.567,4518000000.0,675000000.0,3843000000.0,4518000000.0,0.0,363000000.0,0.0,0.014,0.15,626000000.0,989000000.0,0.185,989000000.0,626000000.0,572000000.0,0.86,0.86,0.86,16187000000.0,,16187000000.0,21370727740.0,8.0,5.45,-644000000.0,-1.472,1.0,1090000000.0,0.204,7068000000.0,54000000.0,18367000000.0,,3643000000.0,0.0,0.0,0.0,9176000000.0,3861000000.0,5315000000.0,18351727740.0,-270000000.0,0.0,0.0,449000000.0,-65000000.0,371000000.0,-568000000.0,0.0,-76000000.0,3000000.0,379000000.0,379000000.0,379000000.0,0.0,1000000.0,0.071,463000000.0,627000000.0,1932000000.0,0.174,1.134,10.565,10.538,7746000000.0,0.0,41.94,0.88,0.88,5046000000.0,8875000000.0,5355000000.0,5355000000.0,124000000.0,,,,,0.0,339000000.0,1.0,437571000.0,437571000.0,,12.238,18490000000.0,251000000.0,193000000.0,993000000.0,42.256,6310000000.0
21,BHI,MRQ,2011-12-31,2011-12-31,2011-12-31,2019-04-16,-555000000.0,24847000000.0,,9797000000.0,15050000000.0,,36.076,-741000000.0,1050000000.0,1050000000.0,4364000000.0,318000000.0,2.798,0.564,4069000000.0,224000000.0,3845000000.0,4069000000.0,0.0,370000000.0,0.0,0.012,0.15,533000000.0,903000000.0,0.159,903000000.0,533000000.0,476000000.0,0.72,0.72,0.72,15746000000.0,,15746000000.0,24326700744.0,10.0,6.275,84000000.0,0.192,1.0,1331000000.0,0.234,7099000000.0,57000000.0,17265000000.0,,3222000000.0,0.0,0.0,0.0,8883000000.0,3502000000.0,5381000000.0,21229700744.0,247000000.0,0.0,39000000.0,166000000.0,-66000000.0,134000000.0,-714000000.0,0.0,825000000.0,2000000.0,314000000.0,314000000.0,314000000.0,0.0,4000000.0,0.055,774000000.0,557000000.0,1810000000.0,0.208,1.348,12.208,12.19,7415000000.0,0.0,48.64,1.071,1.071,4878000000.0,8561000000.0,5695000000.0,5695000000.0,131000000.0,,,,,23000000.0,328000000.0,1.0,436465887.0,436465887.0,,13.048,17748000000.0,251000000.0,162000000.0,1099000000.0,40.663,6295000000.0
22,BHI,MRQ,2011-09-30,2011-09-30,2011-09-30,2019-04-16,-447000000.0,24351000000.0,,9341000000.0,15010000000.0,,35.64,-528000000.0,803000000.0,803000000.0,3843000000.0,706000000.0,3.116,0.552,3900000000.0,54000000.0,3846000000.0,3900000000.0,0.0,305000000.0,0.0,0.013,0.15,773000000.0,1078000000.0,0.213,1078000000.0,773000000.0,715000000.0,1.62,1.61,1.62,15546000000.0,,15546000000.0,22801555191.0,9.0,5.895,-243000000.0,-0.557,1.0,1221000000.0,0.241,7441000000.0,58000000.0,17009000000.0,,3053000000.0,0.0,0.0,0.0,8588000000.0,2998000000.0,5590000000.0,20130555191.0,-134000000.0,5000000.0,29000000.0,159000000.0,-65000000.0,131000000.0,-541000000.0,0.0,285000000.0,-9000000.0,706000000.0,706000000.0,706000000.0,0.0,0.0,0.139,416000000.0,805000000.0,1688000000.0,0.093,1.295,11.438,11.284,6966000000.0,0.0,46.15,1.073,1.073,4977000000.0,8313000000.0,5064000000.0,5064000000.0,115000000.0,,,,,32000000.0,301000000.0,1.0,436198379.0,436198379.0,,11.609,16910000000.0,254000000.0,9000000.0,1178000000.0,38.767,6343000000.0
23,BHI,MRQ,2011-06-30,2011-06-30,2011-06-30,2019-04-16,-337000000.0,23554000000.0,,8812000000.0,14742000000.0,,34.369,-527000000.0,937000000.0,937000000.0,3718000000.0,335000000.0,3.117,0.56,3608000000.0,59000000.0,3549000000.0,3608000000.0,0.0,331000000.0,0.0,0.008,0.15,620000000.0,951000000.0,0.201,951000000.0,620000000.0,566000000.0,0.78,0.77,0.78,14938000000.0,,14938000000.0,34234095719.0,15.0,9.815,-206000000.0,-0.474,1.0,1023000000.0,0.216,7477000000.0,54000000.0,15921000000.0,,2939000000.0,0.0,0.0,0.0,8364000000.0,2827000000.0,5537000000.0,31537095719.0,-207000000.0,-5000000.0,58000000.0,-235000000.0,-65000000.0,-255000000.0,-280000000.0,250000000.0,321000000.0,7000000.0,338000000.0,338000000.0,338000000.0,0.0,-3000000.0,0.071,406000000.0,617000000.0,1588000000.0,0.192,2.111,24.093,23.712,6700000000.0,0.0,72.56,1.775,1.775,4434000000.0,7672000000.0,4741000000.0,4741000000.0,114000000.0,,,,,24000000.0,292000000.0,1.0,434634726.0,434634726.0,,10.908,16077000000.0,254000000.0,228000000.0,1391000000.0,36.99,5985000000.0
24,BHI,MRQ,2011-03-31,2011-03-31,2011-03-31,2019-04-16,-355000000.0,23497000000.0,,9045000000.0,14452000000.0,,33.547,-354000000.0,1144000000.0,1144000000.0,3497000000.0,384000000.0,2.881,0.595,3841000000.0,296000000.0,3545000000.0,3841000000.0,0.0,315000000.0,0.0,0.008,0.15,637000000.0,952000000.0,0.21,952000000.0,637000000.0,585000000.0,0.88,0.87,0.88,14568000000.0,,14568000000.0,34316728248.0,19.0,11.326,-278000000.0,-0.64,1.0,1028000000.0,0.227,7484000000.0,52000000.0,15571000000.0,,2805000000.0,251000000.0,251000000.0,0.0,8674000000.0,3139000000.0,5535000000.0,31887728248.0,-312000000.0,0.0,57000000.0,-36000000.0,-65000000.0,-40000000.0,-356000000.0,0.0,76000000.0,8000000.0,381000000.0,381000000.0,381000000.0,0.0,3000000.0,0.084,388000000.0,640000000.0,1549000000.0,0.17,2.189,29.97,29.255,6432000000.0,0.0,73.43,1.944,1.944,4371000000.0,7399000000.0,4525000000.0,4525000000.0,106000000.0,,,,,29000000.0,282000000.0,1.0,434260224.0,434260224.0,,10.42,16013000000.0,234000000.0,204000000.0,1529000000.0,36.874,5906000000.0
25,BHI,MRQ,2010-12-31,2010-12-31,2010-12-31,2019-04-16,-420000000.0,22986000000.0,,8707000000.0,14279000000.0,,32.694,-430000000.0,1456000000.0,1456000000.0,3421000000.0,342000000.0,2.774,0.617,3885000000.0,331000000.0,3554000000.0,3885000000.0,0.0,326000000.0,0.0,0.01,0.15,561000000.0,887000000.0,0.201,887000000.0,561000000.0,513000000.0,0.81,0.81,0.81,14100000000.0,,14100000000.0,26895917772.0,19.0,10.823,-152000000.0,-0.352,1.0,1002000000.0,0.227,7438000000.0,48000000.0,14838000000.0,,2594000000.0,250000000.0,250000000.0,0.0,8700000000.0,3139000000.0,5561000000.0,24655917772.0,-150000000.0,-36000000.0,45000000.0,43000000.0,-66000000.0,22000000.0,-460000000.0,0.0,278000000.0,10000000.0,335000000.0,335000000.0,335000000.0,0.0,7000000.0,0.076,440000000.0,562000000.0,1496000000.0,0.185,1.749,30.364,27.752,6310000000.0,0.0,57.17,1.711,1.711,3942000000.0,7083000000.0,4423000000.0,4423000000.0,105000000.0,,,,,21000000.0,279000000.0,1.0,431273706.0,431273706.0,,10.256,15548000000.0,234000000.0,178000000.0,1579000000.0,36.051,5568000000.0
26,BHI,MRQ,2010-09-30,2010-09-30,2010-09-30,2019-04-16,-437000000.0,22462000000.0,,8710000000.0,13752000000.0,,31.912,-403000000.0,1606000000.0,1606000000.0,3189000000.0,255000000.0,2.869,0.633,3846000000.0,291000000.0,3555000000.0,3846000000.0,0.0,293000000.0,0.0,0.014,0.15,405000000.0,698000000.0,0.171,698000000.0,405000000.0,366000000.0,0.59,0.59,0.59,13757000000.0,,13757000000.0,20356383349.0,20.0,10.569,17000000.0,0.039,1.0,889000000.0,0.218,7226000000.0,39000000.0,14440000000.0,,2509000000.0,250000000.0,250000000.0,0.0,8705000000.0,3036000000.0,5669000000.0,18364383349.0,687000000.0,-18000000.0,1000000.0,933000000.0,-64000000.0,871000000.0,-632000000.0,-250000000.0,420000000.0,28000000.0,255000000.0,255000000.0,255000000.0,0.0,0.0,0.063,484000000.0,405000000.0,1371000000.0,0.254,1.335,32.735,28.4,6108000000.0,0.0,42.6,1.479,1.479,3763000000.0,6814000000.0,4078000000.0,4078000000.0,118000000.0,,,,,25000000.0,354000000.0,1.0,431088811.0,431088811.0,,9.46,15236000000.0,285000000.0,111000000.0,1412000000.0,35.343,5674000000.0
27,BHI,MRQ,2010-06-30,2010-06-30,2010-06-30,2019-04-16,-513000000.0,21145000000.0,,7597000000.0,13548000000.0,,31.381,-305000000.0,919000000.0,919000000.0,2662000000.0,93000000.0,2.264,0.57,2911000000.0,843000000.0,2068000000.0,2911000000.0,0.0,261000000.0,0.0,0.014,0.15,232000000.0,493000000.0,0.146,493000000.0,232000000.0,202000000.0,0.23,0.23,0.23,13464000000.0,,13464000000.0,18241441804.0,26.0,12.025,-152000000.0,-0.354,1.0,712000000.0,0.211,7215000000.0,30000000.0,12567000000.0,,2469000000.0,0.0,0.0,0.0,7681000000.0,3355000000.0,4326000000.0,17835441804.0,-695000000.0,-834000000.0,26000000.0,337000000.0,-64000000.0,299000000.0,-1139000000.0,0.0,153000000.0,-8000000.0,93000000.0,93000000.0,93000000.0,0.0,0.0,0.028,480000000.0,232000000.0,1301000000.0,0.652,1.325,49.406,38.138,5925000000.0,0.0,41.57,1.687,1.687,3505000000.0,6623000000.0,3374000000.0,3374000000.0,112000000.0,,,,,22000000.0,312000000.0,1.0,429045990.0,429045990.0,,7.864,13930000000.0,382000000.0,109000000.0,1667000000.0,32.467,4242000000.0
28,BHI,MRQ,2010-03-31,2010-03-31,2010-03-31,2019-04-16,-449000000.0,11630000000.0,,6521000000.0,5109000000.0,,23.555,-145000000.0,1614000000.0,1614000000.0,1912000000.0,129000000.0,3.639,0.583,2020000000.0,232000000.0,1788000000.0,2020000000.0,0.0,189000000.0,0.0,0.013,0.15,218000000.0,407000000.0,0.16,407000000.0,218000000.0,194000000.0,0.41,0.41,0.41,7347000000.0,,7347000000.0,14814607576.0,23.0,10.877,-140000000.0,-0.449,1.0,627000000.0,0.247,1604000000.0,24000000.0,8640000000.0,,1952000000.0,0.0,0.0,0.0,4283000000.0,1792000000.0,2491000000.0,14609607576.0,19000000.0,0.0,2000000.0,218000000.0,-47000000.0,174000000.0,-145000000.0,0.0,5000000.0,-15000000.0,129000000.0,129000000.0,129000000.0,0.0,0.0,0.051,409000000.0,218000000.0,858000000.0,0.366,1.989,41.154,41.088,3051000000.0,0.0,46.84,1.532,1.532,2464000000.0,6594000000.0,2539000000.0,2539000000.0,94000000.0,,,,,19000000.0,305000000.0,1.0,311904517.0,311904517.0,,8.14,10026000000.0,268000000.0,65000000.0,298000000.0,32.144,4729000000.0
29,BHI,MRQ,2009-12-31,2009-12-31,2009-12-31,2019-04-16,-414000000.0,11439000000.0,,6225000000.0,5214000000.0,,23.505,-263000000.0,1595000000.0,1595000000.0,1879000000.0,84000000.0,3.859,0.57,1800000000.0,15000000.0,1785000000.0,1800000000.0,0.0,179000000.0,0.0,0.015,0.15,149000000.0,328000000.0,0.135,328000000.0,149000000.0,122000000.0,0.27,0.27,0.27,7284000000.0,,7284000000.0,12863213009.0,17.0,8.89,89000000.0,0.287,1.0,549000000.0,0.226,1613000000.0,27000000.0,8418000000.0,,1836000000.0,0.0,0.0,0.0,4155000000.0,1613000000.0,2542000000.0,12544213009.0,108000000.0,-10000000.0,50000000.0,-8000000.0,-46000000.0,-4000000.0,-258000000.0,0.0,352000000.0,18000000.0,84000000.0,84000000.0,84000000.0,0.0,0.0,0.035,399000000.0,150000000.0,821000000.0,0.556,1.722,29.796,29.765,3161000000.0,0.0,40.48,1.298,1.298,2331000000.0,6512000000.0,2428000000.0,2428000000.0,98000000.0,,,,,20000000.0,283000000.0,1.0,309886685.0,309886685.0,,7.835,9826000000.0,268000000.0,38000000.0,404000000.0,31.708,4612000000.0
30,BHI,MRQ,2009-09-30,2009-09-30,2009-09-30,2019-04-16,-410000000.0,11183000000.0,,6092000000.0,5091000000.0,,23.187,-178000000.0,1487000000.0,1487000000.0,1761000000.0,55000000.0,4.193,0.556,1806000000.0,23000000.0,1783000000.0,1806000000.0,0.0,177000000.0,0.0,0.014,0.15,112000000.0,289000000.0,0.129,289000000.0,112000000.0,83000000.0,0.18,0.18,0.18,7185000000.0,,7185000000.0,13686339297.0,11.0,7.151,203000000.0,0.655,1.0,471000000.0,0.211,1609000000.0,29000000.0,8440000000.0,,1967000000.0,0.0,0.0,0.0,3998000000.0,1453000000.0,2545000000.0,13219339297.0,125000000.0,-13000000.0,0.0,-28000000.0,-47000000.0,-75000000.0,-191000000.0,0.0,381000000.0,10000000.0,55000000.0,55000000.0,55000000.0,0.0,0.0,0.025,360000000.0,111000000.0,661000000.0,0.833,1.84,17.19,17.064,3059000000.0,0.0,42.66,1.268,1.268,2220000000.0,6474000000.0,2232000000.0,2232000000.0,88000000.0,,,,,26000000.0,272000000.0,1.0,309876683.0,309876683.0,,7.203,9574000000.0,244000000.0,28000000.0,380000000.0,30.896,4639000000.0
31,BHI,MRQ,2009-06-30,2009-06-30,2009-06-30,2019-04-16,-447000000.0,11099000000.0,,6130000000.0,4969000000.0,,22.967,-248000000.0,1362000000.0,1362000000.0,1797000000.0,87000000.0,4.181,0.56,1829000000.0,52000000.0,1777000000.0,1829000000.0,0.0,182000000.0,0.0,0.016,0.15,156000000.0,338000000.0,0.145,338000000.0,156000000.0,122000000.0,0.28,0.28,0.28,7113000000.0,,7113000000.0,11919508303.0,7.0,4.979,224000000.0,0.723,1.0,539000000.0,0.231,1600000000.0,34000000.0,8500000000.0,,2024000000.0,0.0,0.0,0.0,3986000000.0,1466000000.0,2520000000.0,11285508303.0,183000000.0,-35000000.0,1000000.0,16000000.0,-46000000.0,-29000000.0,-283000000.0,0.0,472000000.0,23000000.0,87000000.0,87000000.0,87000000.0,0.0,0.0,0.037,386000000.0,153000000.0,737000000.0,0.536,1.587,9.874,9.796,3017000000.0,0.0,36.44,1.008,1.008,2313000000.0,6465000000.0,2336000000.0,2336000000.0,102000000.0,,,,,19000000.0,284000000.0,1.0,309701106.0,309701106.0,,7.543,9499000000.0,236000000.0,35000000.0,399000000.0,30.672,4664000000.0
32,BHI,MRQ,2009-03-31,2009-03-31,2009-03-31,2019-04-16,-537000000.0,11014000000.0,,6217000000.0,4797000000.0,,22.553,-234000000.0,1179000000.0,1179000000.0,1960000000.0,195000000.0,4.167,0.581,1813000000.0,37000000.0,1776000000.0,1813000000.0,0.0,173000000.0,0.0,0.02,0.15,319000000.0,492000000.0,0.184,492000000.0,319000000.0,284000000.0,0.63,0.63,0.63,6966000000.0,,6966000000.0,9196379366.0,4.0,3.309,-200000000.0,-0.648,1.0,708000000.0,0.265,1587000000.0,35000000.0,8569000000.0,,2104000000.0,0.0,0.0,0.0,4048000000.0,1492000000.0,2556000000.0,8818379366.0,-776000000.0,0.0,0.0,-521000000.0,-46000000.0,-567000000.0,-234000000.0,0.0,34000000.0,-9000000.0,195000000.0,195000000.0,195000000.0,0.0,0.0,0.073,390000000.0,318000000.0,728000000.0,0.238,1.266,6.145,6.1,2914000000.0,0.0,28.55,0.743,0.743,2521000000.0,6424000000.0,2668000000.0,2668000000.0,109000000.0,,,,,23000000.0,281000000.0,1.0,308874934.0,308874934.0,,8.638,9427000000.0,231000000.0,89000000.0,495000000.0,30.52,4725000000.0
33,BHI,MRQ,2008-12-31,2008-12-31,2008-12-31,2019-04-16,-523000000.0,11861000000.0,,7145000000.0,4716000000.0,,22.134,-383000000.0,1955000000.0,1955000000.0,2160000000.0,432000000.0,2.845,0.742,2333000000.0,558000000.0,1775000000.0,2333000000.0,0.0,177000000.0,0.0,0.017,0.15,618000000.0,795000000.0,0.25,795000000.0,618000000.0,609000000.0,1.41,1.41,1.41,6807000000.0,,6807000000.0,10366011890.0,4.0,3.435,266000000.0,0.865,1.0,1026000000.0,0.322,1587000000.0,9000000.0,8141000000.0,,2021000000.0,0.0,0.0,0.0,5054000000.0,2511000000.0,2543000000.0,9862511890.0,828000000.0,-39000000.0,20000000.0,703000000.0,-47000000.0,677000000.0,-422000000.0,0.0,649000000.0,-76000000.0,432000000.0,432000000.0,432000000.0,0.0,0.0,0.136,362000000.0,664000000.0,888000000.0,0.106,1.449,6.032,6.028,2833000000.0,0.0,32.07,0.831,0.831,2759000000.0,6276000000.0,3186000000.0,3186000000.0,114000000.0,,,,,13000000.0,248000000.0,1.0,307530773.0,307530773.0,,10.36,10274000000.0,231000000.0,177000000.0,656000000.0,33.408,4634000000.0
34,BHI,MRQ,2008-09-30,2008-09-30,2008-09-30,2019-04-16,-130200000.0,11007600000.0,,6298500000.0,4709100000.0,,22.015,-256000000.0,1127000000.0,1127000000.0,2028000000.0,429000000.0,2.715,0.622,1630500000.0,589100000.0,1041400000.0,1630500000.0,0.0,158000000.0,0.0,0.009,0.15,611000000.0,769000000.0,0.255,769000000.0,611000000.0,590000000.0,1.4,1.39,1.4,6785900000.0,,6785900000.0,19210010273.0,8.0,6.46,152000000.0,0.493,1.0,982000000.0,0.326,1577800000.0,21000000.0,7613200000.0,,1988800000.0,0.0,0.0,0.0,4221700000.0,2320100000.0,1901600000.0,18660510273.0,56000000.0,-9000000.0,-39000000.0,9000000.0,-45000000.0,-73000000.0,-265000000.0,0.0,408000000.0,-14000000.0,429000000.0,429000000.0,429000000.0,0.0,0.0,0.143,381000000.0,601000000.0,824800000.0,0.107,2.75,11.637,11.665,2623100000.0,0.0,60.54,1.634,1.634,2794600000.0,5894900000.0,3010000000.0,3010000000.0,103000000.0,,,,,18000000.0,278000000.0,1.0,308234395.0,308234395.0,,9.765,9429800000.0,212200000.0,161000000.0,565800000.0,30.593,3978400000.0
35,BHI,MRQ,2008-06-30,2008-06-30,2008-06-30,2019-04-16,-33900000.0,10708000000.0,,6062000000.0,4646000000.0,,21.185,-251000000.0,1071700000.0,1071700000.0,1997000000.0,379000000.0,2.654,0.641,1621200000.0,581400000.0,1039800000.0,1621200000.0,0.0,155000000.0,0.0,0.006,0.13,568000000.0,723000000.0,0.241,723000000.0,568000000.0,551000000.0,1.24,1.23,1.24,6525300000.0,,6525300000.0,27418499815.0,12.0,9.351,70000000.0,0.227,1.0,1001000000.0,0.334,1578900000.0,17000000.0,7394300000.0,,1906600000.0,0.0,0.0,0.0,4182700000.0,2284300000.0,1898400000.0,26902499815.0,41000000.0,-72000000.0,10000000.0,72000000.0,-40000000.0,43000000.0,-323000000.0,0.0,321000000.0,0.0,379000000.0,379000000.0,379000000.0,0.0,0.0,0.126,438000000.0,563000000.0,855500000.0,0.105,4.123,17.204,17.398,2536200000.0,0.0,87.34,2.427,2.427,2710900000.0,5512100000.0,2998000000.0,2998000000.0,106000000.0,,,,,14000000.0,270000000.0,1.0,308020378.0,308020378.0,,9.733,9129100000.0,197500000.0,172000000.0,547800000.0,29.638,3777700000.0
36,BHI,MRQ,2008-03-31,2008-03-31,2008-03-31,2019-04-16,-21300000.0,10077300000.0,,5623300000.0,4454000000.0,,19.921,-191000000.0,1030400000.0,1030400000.0,1769000000.0,395000000.0,2.788,0.635,1546400000.0,506700000.0,1039700000.0,1546400000.0,0.0,147000000.0,0.0,0.008,0.13,584000000.0,731000000.0,0.274,731000000.0,584000000.0,569000000.0,1.28,1.27,1.28,6163500000.0,,6163500000.0,21224159370.0,9.0,7.361,45000000.0,0.145,1.0,901000000.0,0.337,1524400000.0,15000000.0,7052000000.0,,1851900000.0,0.0,0.0,0.0,3913800000.0,2016900000.0,1896900000.0,21193759370.0,-24000000.0,31000000.0,-531000000.0,466000000.0,-41000000.0,-106000000.0,-160000000.0,0.0,236000000.0,6000000.0,395000000.0,395000000.0,395000000.0,0.0,0.0,0.148,353000000.0,548000000.0,688700000.0,0.102,3.439,13.813,14.037,2406900000.0,0.0,68.5,1.995,1.995,2424000000.0,5172800000.0,2670000000.0,2670000000.0,103000000.0,,,,,15000000.0,250000000.0,1.0,309397947.0,309397947.0,,8.63,8552900000.0,181500000.0,174000000.0,659400000.0,27.644,3606400000.0
37,BHI,MRQ,2007-12-31,2007-12-31,2007-12-31,2019-04-16,-44000000.0,9857000000.0,,5455000000.0,4402000000.0,,19.819,-283100000.0,1054000000.0,1054000000.0,1807500000.0,400600000.0,3.371,0.563,1084000000.0,15000000.0,1069000000.0,1084000000.0,0.0,140700000.0,0.0,0.006,0.13,610000000.0,750700000.0,0.274,750700000.0,610000000.0,593700000.0,1.27,1.26,1.27,6306000000.0,,6306000000.0,26033948024.0,11.0,9.154,402300000.0,1.264,1.0,932600000.0,0.34,1531000000.0,16300000.0,6738000000.0,,1714000000.0,0.0,0.0,0.0,3551000000.0,1618000000.0,1933000000.0,25804848024.0,208200000.0,10000000.0,-224800000.0,10800000.0,-42500000.0,-248600000.0,-246600000.0,26500000.0,685400000.0,18000000.0,400600000.0,400600000.0,400600000.0,0.0,0.0,0.146,334500000.0,598100000.0,704000000.0,0.102,4.092,17.044,17.038,2345000000.0,0.0,81.1,2.475,2.475,2383000000.0,4818000000.0,2740100000.0,2740100000.0,93600000.0,,,,,11000000.0,240900000.0,1.0,318185549.0,318185549.0,,8.612,8326000000.0,182000000.0,193100000.0,607000000.0,26.167,3837000000.0
38,BHI,MRQ,2007-09-30,2007-09-30,2007-09-30,2019-04-16,-108200000.0,9463800000.0,,5323700000.0,4140100000.0,,19.072,-217200000.0,845800000.0,845800000.0,1765800000.0,389100000.0,3.715,0.553,1074900000.0,4400000.0,1070500000.0,1074900000.0,0.0,134400000.0,0.0,0.006,0.13,593100000.0,727500000.0,0.272,727500000.0,593100000.0,576400000.0,1.23,1.22,1.23,6094500000.0,,6094500000.0,29297560849.0,13.0,10.778,256100000.0,0.801,1.0,911800000.0,0.341,1534400000.0,16700000.0,6725600000.0,,1728400000.0,62200000.0,62200000.0,0.0,3369300000.0,1432900000.0,1936400000.0,28878360849.0,191200000.0,0.0,-161400000.0,2100000.0,-41400000.0,-199900000.0,-94200000.0,123000000.0,473300000.0,12000000.0,389100000.0,389100000.0,389100000.0,0.0,0.0,0.145,329200000.0,582600000.0,635800000.0,0.106,4.738,20.06,19.818,2190300000.0,0.0,90.37,2.848,2.848,2355000000.0,4459500000.0,2677600000.0,2677600000.0,94200000.0,,,,,15900000.0,235000000.0,1.0,319556942.0,319556942.0,,8.379,7929400000.0,219100000.0,187300000.0,552700000.0,24.814,3890800000.0
39,BHI,MRQ,2007-06-30,2007-06-30,2007-06-30,2019-04-16,-146700000.0,8999300000.0,,4990300000.0,4009000000.0,,18.272,-235400000.0,654600000.0,654600000.0,1671600000.0,349600000.0,4.065,0.538,1073800000.0,2200000.0,1071600000.0,1073800000.0,0.0,126100000.0,0.0,0.006,0.13,548000000.0,674100000.0,0.266,674100000.0,548000000.0,531800000.0,1.1,1.09,1.1,5853200000.0,,5853200000.0,27312277126.0,13.0,10.356,25200000.0,0.079,1.0,865900000.0,0.341,1531700000.0,16200000.0,6659100000.0,,1698800000.0,185200000.0,185200000.0,0.0,3146100000.0,1227700000.0,1918400000.0,26949677126.0,-64100000.0,0.0,-71800000.0,-6300000.0,-41600000.0,-114400000.0,-223200000.0,12200000.0,260600000.0,12900000.0,349600000.0,349600000.0,349600000.0,0.0,0.0,0.138,328800000.0,537100000.0,579700000.0,0.118,4.604,19.125,18.991,2063100000.0,0.0,84.13,2.758,2.758,2158500000.0,4111800000.0,2537500000.0,2537500000.0,92700000.0,,,,,11500000.0,236100000.0,1.0,320333735.0,320333735.0,,7.921,7467600000.0,174900000.0,182200000.0,452200000.0,23.312,3762600000.0
40,BHI,MRQ,2007-03-31,2007-03-31,2007-03-31,2019-04-16,-181200000.0,8966700000.0,,5098900000.0,3867800000.0,,17.364,-212300000.0,718700000.0,718700000.0,1600100000.0,374700000.0,3.32,0.612,1081300000.0,8600000.0,1072700000.0,1081300000.0,0.0,119800000.0,0.0,0.008,0.13,571900000.0,691700000.0,0.28,691700000.0,571900000.0,555100000.0,1.17,1.17,1.17,5560800000.0,,5560800000.0,21502619343.0,6.0,4.96,-156600000.0,-0.489,1.0,872700000.0,0.353,1533500000.0,16800000.0,6260200000.0,,1662200000.0,197300000.0,197300000.0,0.0,3405900000.0,1535600000.0,1870300000.0,21177519343.0,-31300000.0,0.0,4000000.0,7400000.0,-41500000.0,-30100000.0,-56000000.0,156300000.0,55700000.0,-900000.0,374700000.0,374700000.0,374700000.0,0.0,0.0,0.152,312500000.0,560200000.0,643000000.0,0.111,3.808,8.628,8.841,1924100000.0,0.0,66.13,2.244,2.244,2241100000.0,3803800000.0,2472800000.0,2472800000.0,91600000.0,,,,,12600000.0,220900000.0,1.0,320240728.0,320240728.0,,7.722,7433200000.0,167800000.0,180400000.0,652000000.0,23.211,3563300000.0
41,BHI,MRQ,2006-12-31,2006-12-31,2006-12-31,2019-04-16,-187200000.0,8705700000.0,,4967800000.0,3737900000.0,,16.346,-287600000.0,750000000.0,750000000.0,1893800000.0,326200000.0,3.063,0.66,1075100000.0,1300000.0,1073800000.0,1075100000.0,0.0,118300000.0,0.0,0.007,0.13,506800000.0,625100000.0,0.255,625100000.0,506800000.0,489400000.0,1.06,1.05,1.06,5242900000.0,,5242900000.0,23978270112.0,6.0,5.629,3500000.0,0.011,1.0,558500000.0,0.228,1537400000.0,17400000.0,5871500000.0,,1528800000.0,353700000.0,353700000.0,0.0,3462800000.0,1621900000.0,1840900000.0,23946270112.0,-299100000.0,300000.0,-204100000.0,-5200000.0,-40900000.0,-243500000.0,-348800000.0,-61500000.0,291100000.0,2100000.0,326200000.0,326200000.0,326200000.0,400000.0,0.0,0.133,65600000.0,492900000.0,648800000.0,0.123,4.567,9.899,10.199,1800500000.0,0.0,74.66,2.653,2.653,2055100000.0,3509600000.0,2452300000.0,2452300000.0,90800000.0,,,,,10600000.0,-25200000.0,1.0,320737612.0,320737612.0,,7.646,7168300000.0,167800000.0,163200000.0,450200000.0,22.349,3345900000.0
42,BHI,MRQ,2006-09-30,2006-09-30,2006-09-30,2019-04-16,-147000000.0,8778000000.0,,5147100000.0,3630900000.0,,15.788,-191200000.0,1049100000.0,1049100000.0,1370500000.0,358600000.0,3.031,0.69,1081100000.0,6200000.0,1074900000.0,1081100000.0,0.0,111000000.0,0.0,0.008,0.13,535400000.0,646400000.0,0.28,646400000.0,535400000.0,517300000.0,1.1,1.09,1.1,5193400000.0,,5193400000.0,22001828700.0,6.0,5.322,-56900000.0,-0.173,1.0,938900000.0,0.407,1531500000.0,18100000.0,5580300000.0,,1452100000.0,311900000.0,292500000.0,19400000.0,3584600000.0,1698200000.0,1886400000.0,22434628700.0,-459900000.0,-6400000.0,-531600000.0,6500000.0,-42600000.0,-568600000.0,-25600000.0,172000000.0,134300000.0,0.0,358600000.0,358600000.0,358600000.0,0.0,0.0,0.155,426700000.0,512200000.0,665500000.0,0.118,4.32,9.544,9.743,1619200000.0,0.0,68.2,2.62,2.62,2067600000.0,3224900000.0,2309400000.0,2309400000.0,87800000.0,,,,,10900000.0,338900000.0,1.0,328953500.0,328953500.0,,7.02,7246500000.0,201600000.0,158700000.0,670400000.0,22.029,3448900000.0
43,BHI,MRQ,2006-06-30,2006-06-30,2006-06-30,2019-04-16,-159400000.0,8935600000.0,,5425500000.0,3510100000.0,,15.79,-177800000.0,1509000000.0,1509000000.0,1340600000.0,1395000000.0,3.215,0.661,1076200000.0,300000.0,1075900000.0,1076200000.0,0.0,104700000.0,0.0,0.006,0.13,2267500000.0,2372200000.0,1.077,2372200000.0,2267500000.0,2250500000.0,4.15,4.14,4.15,5380800000.0,,5380800000.0,28416588198.0,8.0,7.236,-122900000.0,-0.361,1.0,862700000.0,0.392,1531400000.0,17000000.0,5283900000.0,,1317300000.0,484000000.0,464500000.0,19500000.0,3554800000.0,1687500000.0,1867300000.0,27891388198.0,950800000.0,2455200000.0,-967000000.0,-7300000.0,-44100000.0,-1011400000.0,1896800000.0,-380600000.0,54900000.0,10500000.0,1395000000.0,1395000000.0,1395000000.0,0.0,0.0,0.633,374200000.0,488500000.0,573800000.0,0.031,5.184,12.598,12.496,1509600000.0,0.0,81.85,3.469,3.469,1890900000.0,2908800000.0,2203300000.0,2203300000.0,82000000.0,,,,,12700000.0,292200000.0,1.0,340762226.0,340762226.0,,6.466,7404200000.0,174800000.0,855500000.0,816200000.0,21.728,3738000000.0
44,BHI,MRQ,2006-03-31,2006-03-31,2006-03-31,2019-04-16,-188400000.0,8026100000.0,,3901200000.0,4124900000.0,,14.473,-130400000.0,558200000.0,558200000.0,1271100000.0,339200000.0,2.995,0.62,1083400000.0,6400000.0,1077000000.0,1083400000.0,0.0,100000000.0,0.0,0.007,0.13,516300000.0,616300000.0,0.299,616300000.0,516300000.0,499800000.0,0.99,0.99,0.99,4953600000.0,,4953600000.0,23802024839.0,15.0,12.072,-20700000.0,-0.06,1.0,790900000.0,0.384,1528400000.0,16500000.0,5720400000.0,,1214600000.0,804800000.0,83900000.0,720900000.0,3072500000.0,1302500000.0,1770000000.0,23411124839.0,-138800000.0,-9100000.0,-61300000.0,-3000000.0,-44400000.0,-102500000.0,-146400000.0,-6900000.0,109700000.0,400000.0,339200000.0,339200000.0,339200000.0,-20400000.0,0.0,0.165,350500000.0,440400000.0,580900000.0,0.131,4.726,22.558,22.426,1412200000.0,0.0,68.4,3.079,3.079,1789000000.0,1558000000.0,2062000000.0,2062000000.0,78400000.0,,,,,11800000.0,272100000.0,1.0,342267907.0,342267907.0,,6.025,6497700000.0,184100000.0,160600000.0,458200000.0,18.984,2598700000.0
45,BHI,MRQ,2005-12-31,2005-12-31,2005-12-31,2019-04-16,-188000000.0,7807400000.0,,3840100000.0,3967300000.0,,13.743,-137200000.0,697000000.0,697000000.0,1432300000.0,257900000.0,2.822,0.662,1087900000.0,9900000.0,1078000000.0,1087900000.0,0.0,99200000.0,0.0,0.008,0.13,399900000.0,499100000.0,0.251,499100000.0,399900000.0,381700000.0,0.76,0.75,0.76,4697800000.0,,4697800000.0,21133789990.0,16.0,12.161,166300000.0,0.486,1.0,557100000.0,0.28,1479200000.0,18200000.0,5358400000.0,,1126300000.0,755900000.0,77000000.0,678900000.0,3109600000.0,1360700000.0,1748900000.0,20777289990.0,-45100000.0,-31800000.0,-48500000.0,-11600000.0,-44300000.0,-104400000.0,-246000000.0,-77000000.0,303500000.0,1800000.0,257900000.0,257900000.0,257900000.0,-1400000.0,0.0,0.13,199500000.0,357600000.0,558100000.0,0.171,4.423,23.654,23.467,1355500000.0,0.0,60.78,2.892,2.892,1673400000.0,1263200000.0,1989400000.0,1989400000.0,299600000.0,,,,,2400000.0,-100100000.0,1.0,341844192.0,341844192.0,,5.82,6328200000.0,181200000.0,123800000.0,369600000.0,18.512,2479400000.0
46,BHI,MRQ,2005-09-30,2005-09-30,2005-09-30,2019-04-16,-159800000.0,7503100000.0,,3653600000.0,3849500000.0,,13.328,-95000000.0,742100000.0,742100000.0,1220000000.0,221900000.0,2.885,0.653,1098600000.0,19500000.0,1079100000.0,1098600000.0,0.0,97200000.0,0.0,0.008,0.115,342500000.0,439700000.0,0.246,439700000.0,342500000.0,323700000.0,0.65,0.65,0.65,4540400000.0,,4540400000.0,20946907216.0,17.0,12.974,194400000.0,0.571,1.0,564800000.0,0.316,1470900000.0,18800000.0,5122400000.0,,1145100000.0,665500000.0,0.0,665500000.0,2962700000.0,1266300000.0,1696400000.0,20331507216.0,264800000.0,28000000.0,75100000.0,3300000.0,-39100000.0,39300000.0,-67100000.0,0.0,289400000.0,3200000.0,221900000.0,221900000.0,221900000.0,-1300000.0,0.0,0.124,256000000.0,308800000.0,509000000.0,0.177,4.478,25.411,25.288,1318400000.0,0.0,59.68,2.968,2.968,1526300000.0,1049600000.0,1784800000.0,1784800000.0,0.0,,,,,2600000.0,256000000.0,1.0,340675389.0,340675389.0,,5.239,6032200000.0,191900000.0,101800000.0,340100000.0,17.707,2387300000.0
47,BHI,MRQ,2005-06-30,2005-06-30,2005-06-30,2019-04-16,-164500000.0,7135700000.0,,3294300000.0,3841400000.0,,12.619,-91000000.0,477300000.0,477300000.0,1215800000.0,218800000.0,2.864,0.669,1092700000.0,12500000.0,1080200000.0,1092700000.0,0.0,93600000.0,0.0,0.009,0.115,322900000.0,416500000.0,0.236,416500000.0,322900000.0,306200000.0,0.65,0.64,0.65,4275300000.0,,4275300000.0,18149082709.0,16.0,12.253,211200000.0,0.623,1.0,552600000.0,0.312,1414500000.0,16700000.0,5186400000.0,,1102600000.0,706800000.0,0.0,706800000.0,2860400000.0,1150200000.0,1710200000.0,17332882709.0,191200000.0,3700000.0,42400000.0,-12000000.0,-39000000.0,-14100000.0,-87300000.0,0.0,302200000.0,-9600000.0,218800000.0,218800000.0,218800000.0,-800000.0,0.0,0.124,252000000.0,300600000.0,475100000.0,0.177,4.054,24.218,24.132,1308300000.0,0.0,51.16,2.624,2.624,1472000000.0,866800000.0,1768400000.0,1768400000.0,0.0,,,,,2200000.0,252000000.0,1.0,338797551.0,338797551.0,,5.22,5721200000.0,188300000.0,87400000.0,354300000.0,16.887,2144100000.0
48,BHI,MRQ,2005-03-31,2005-03-31,2005-03-31,2019-04-16,-128600000.0,6848000000.0,,2995900000.0,3852100000.0,,12.085,-65000000.0,286100000.0,286100000.0,1155600000.0,179800000.0,2.819,0.676,1102300000.0,25500000.0,1076800000.0,1102300000.0,0.0,92400000.0,0.0,0.01,0.115,290200000.0,382600000.0,0.233,382600000.0,290200000.0,271600000.0,0.53,0.53,0.53,4087100000.0,,4087100000.0,15889171338.0,16.0,11.728,-4700000.0,-0.014,1.0,487300000.0,0.297,1418600000.0,18600000.0,5182900000.0,,1064200000.0,695800000.0,0.0,695800000.0,2760900000.0,1062700000.0,1698200000.0,15045871338.0,-32900000.0,0.0,60600000.0,-50800000.0,-38700000.0,-28900000.0,-65000000.0,0.0,60300000.0,700000.0,179800000.0,179800000.0,179800000.0,-1400000.0,0.0,0.109,220900000.0,266400000.0,444800000.0,0.217,3.681,24.513,24.445,1309500000.0,0.0,44.49,2.375,2.375,1408800000.0,687000000.0,1642900000.0,1642900000.0,0.0,,,,,2000000.0,220900000.0,1.0,338185465.0,338185465.0,,4.858,5429400000.0,183400000.0,91800000.0,350100000.0,16.055,1933200000.0
49,BHI,MRQ,2004-12-31,2004-12-31,2004-12-31,2019-04-16,-109800000.0,6821300000.0,,2968500000.0,3852800000.0,,11.612,-80800000.0,319000000.0,319000000.0,889200000.0,179600000.0,2.413,0.751,1162300000.0,76000000.0,1086300000.0,1162300000.0,0.0,95600000.0,0.0,0.013,0.115,280100000.0,375700000.0,0.227,375700000.0,280100000.0,258600000.0,0.53,0.54,0.53,3895400000.0,,3895400000.0,15329090947.0,18.0,12.418,184800000.0,0.551,1.0,765700000.0,0.463,1422100000.0,21500000.0,5012300000.0,,1025300000.0,678100000.0,0.0,678100000.0,2925900000.0,1230200000.0,1695700000.0,14314490947.0,212200000.0,-7100000.0,40700000.0,42000000.0,-38700000.0,44000000.0,-82400000.0,0.0,265600000.0,-15000000.0,179600000.0,179600000.0,179600000.0,-2700000.0,0.0,0.109,508000000.0,257700000.0,452100000.0,0.217,3.675,27.08,27.006,1332200000.0,0.0,42.67,2.355,2.355,1351200000.0,545900000.0,1654900000.0,1654900000.0,271700000.0,,,,,2500000.0,236300000.0,1.0,335469673.0,335469673.0,,4.933,5399200000.0,199700000.0,79000000.0,336700000.0,16.094,1738300000.0
50,BHI,MRQ,2004-09-30,2004-09-30,2004-09-30,2019-04-16,-156200000.0,6307600000.0,,2599600000.0,3708000000.0,,10.965,-35600000.0,106800000.0,106800000.0,1103800000.0,137500000.0,2.466,0.724,1121400000.0,24100000.0,1097300000.0,1121400000.0,0.0,91500000.0,0.0,0.013,0.115,214900000.0,306400000.0,0.199,306400000.0,214900000.0,198000000.0,0.41,0.41,0.41,3659600000.0,,3659600000.0,15856037846.0,21.0,14.005,215400000.0,0.645,1.0,434300000.0,0.282,1398100000.0,16900000.0,4869800000.0,,1045900000.0,685200000.0,0.0,685200000.0,2648000000.0,1054300000.0,1593700000.0,14591537846.0,59400000.0,28400000.0,48300000.0,-194500000.0,-38400000.0,-184600000.0,-8300000.0,0.0,251000000.0,1300000.0,137500000.0,137500000.0,137500000.0,-200000.0,0.0,0.089,229700000.0,204600000.0,420600000.0,0.28,3.987,32.382,32.627,1333200000.0,0.0,43.72,2.501,2.501,1259000000.0,405000000.0,1538100000.0,1538100000.0,0.0,,,,,0.0,229700000.0,1.0,333749722.0,333749722.0,,4.609,4909500000.0,150200000.0,60500000.0,0.0,14.71,1545300000.0
51,BHI,MRQ,2004-06-30,2004-06-30,2004-06-30,2019-04-16,-172600000.0,6269800000.0,,2541100000.0,3728700000.0,,10.483,-62800000.0,47400000.0,47400000.0,1071100000.0,116900000.0,2.14,0.796,1311900000.0,197600000.0,1114300000.0,1311900000.0,0.0,91200000.0,0.0,0.015,0.115,198900000.0,290100000.0,0.194,290100000.0,198900000.0,178300000.0,0.35,0.35,0.35,3491800000.0,,3491800000.0,13837280966.0,28.0,16.216,67000000.0,0.201,1.0,427900000.0,0.285,1398700000.0,20600000.0,4948400000.0,,1036100000.0,671200000.0,0.0,671200000.0,2778000000.0,1187200000.0,1590800000.0,12541080966.0,-108300000.0,-9300000.0,9500000.0,-131500000.0,-38300000.0,-160300000.0,-76800000.0,0.0,129800000.0,-1000000.0,116900000.0,116900000.0,116900000.0,-200000.0,0.0,0.078,233100000.0,194800000.0,425200000.0,0.329,3.592,58.521,59.762,1358500000.0,0.0,37.65,2.23,2.23,1234100000.0,305500000.0,1499000000.0,1499000000.0,0.0,,,,,0.0,233100000.0,1.0,333096440.0,333096440.0,,4.5,4871100000.0,149000000.0,61400000.0,0.0,14.624,1353900000.0
52,BHI,MRQ,2004-03-31,2004-03-31,2004-03-31,2019-04-16,-160200000.0,6340100000.0,,2601500000.0,3738600000.0,,10.27,-62100000.0,155700000.0,155700000.0,1015200000.0,94600000.0,1.979,0.856,1451900000.0,351700000.0,1100200000.0,1451900000.0,0.0,93300000.0,0.0,0.015,0.22,169600000.0,262900000.0,0.189,262900000.0,169600000.0,144300000.0,0.28,0.28,0.28,3415800000.0,,3415800000.0,13519343249.0,30.0,16.861,75200000.0,0.226,1.0,372400000.0,0.268,1398200000.0,25300000.0,4923700000.0,,1062500000.0,667100000.0,0.0,667100000.0,2924300000.0,1314400000.0,1609900000.0,12133343249.0,57300000.0,33000000.0,17400000.0,-30500000.0,-38200000.0,-51300000.0,-29300000.0,0.0,137300000.0,600000.0,94600000.0,94600000.0,94600000.0,-200000.0,0.0,0.068,213100000.0,159300000.0,432200000.0,0.786,3.552,67.784,70.154,1382600000.0,0.0,36.48,2.234,2.234,1152800000.0,227300000.0,1387600000.0,1387600000.0,0.0,,,,,0.0,213100000.0,1.0,332602611.0,332602611.0,,4.172,4941900000.0,175700000.0,49700000.0,0.0,14.858,1287100000.0
53,BHI,MRQ,2003-12-31,2003-12-31,2003-12-31,2019-04-16,-151100000.0,6416500000.0,,2533000000.0,3883500000.0,,10.006,-111600000.0,98400000.0,98400000.0,1008900000.0,101600000.0,1.913,0.915,1484400000.0,351400000.0,1133000000.0,1484400000.0,0.0,90300000.0,0.0,0.014,0.115,182500000.0,272800000.0,0.194,272800000.0,182500000.0,157500000.0,0.3,0.3,0.3,3350400000.0,,3350400000.0,12241477076.0,32.0,16.887,208200000.0,0.622,1.0,400000000.0,0.284,1402800000.0,25000000.0,5075300000.0,,1013400000.0,691300000.0,0.0,691300000.0,3066100000.0,1324400000.0,1741700000.0,10768677076.0,47000000.0,-600000.0,-84800000.0,-46400000.0,-38500000.0,-158300000.0,-112900000.0,0.0,319800000.0,-1600000.0,101600000.0,101600000.0,101600000.0,2300000.0,0.0,0.072,228900000.0,171100000.0,386400000.0,0.383,3.214,83.543,84.632,1395100000.0,0.0,32.16,2.058,2.058,1141800000.0,170900000.0,1408900000.0,1408900000.0,0.0,,,,,0.0,228900000.0,1.0,334846924.0,334846924.0,,4.208,5013700000.0,172600000.0,55900000.0,260500000.0,14.973,1208600000.0
54,BHI,MRQ,2003-09-30,2003-09-30,2003-09-30,2019-04-16,-178900000.0,6199400000.0,,2496600000.0,3702800000.0,,9.984,-87700000.0,51400000.0,51400000.0,967800000.0,-98800000.0,2.884,0.855,1524200000.0,0.0,1524200000.0,1524200000.0,0.0,88800000.0,0.0,0.016,0.115,-61300000.0,27500000.0,0.021,27500000.0,-61300000.0,-86400000.0,-0.3,-0.29,-0.3,3341700000.0,,3341700000.0,11438948781.0,44.0,18.67,103900000.0,0.31,1.0,361000000.0,0.272,1373600000.0,25100000.0,5433000000.0,,1060900000.0,704200000.0,0.0,704200000.0,2857700000.0,865600000.0,1992100000.0,9903648781.0,-19600000.0,-1500000.0,3300000.0,-86600000.0,-38500000.0,-121800000.0,-89000000.0,0.0,191600000.0,-400000.0,-98800000.0,-98800000.0,-98800000.0,38900000.0,0.0,-0.074,192800000.0,168200000.0,361400000.0,-0.383,2.964,383.862,493.167,1350800000.0,0.0,29.59,1.959,1.959,1163900000.0,107800000.0,1328800000.0,1328800000.0,0.0,,,,,0.0,193900000.0,1.0,334695802.0,334695802.0,,3.97,4825800000.0,0.0,12400000.0,121700000.0,14.418,1631000000.0
55,BHI,MRQ,2003-06-30,2003-06-30,2003-06-30,2019-04-16,-194700000.0,6437400000.0,,2536300000.0,3901100000.0,,10.277,-63100000.0,71000000.0,71000000.0,939600000.0,81600000.0,2.731,0.861,1606300000.0,34700000.0,1571600000.0,1606300000.0,0.0,84000000.0,0.0,0.014,0.115,154600000.0,238600000.0,0.183,238600000.0,154600000.0,130000000.0,0.24,0.24,0.24,3459800000.0,,3459800000.0,12766698935.0,28.0,15.992,49900000.0,0.148,1.0,366100000.0,0.28,1376800000.0,24600000.0,5667200000.0,,1081400000.0,899500000.0,0.0,899500000.0,2977600000.0,928700000.0,2048900000.0,11301198935.0,19300000.0,-20200000.0,-58700000.0,74600000.0,-38700000.0,-7300000.0,-84100000.0,0.0,113000000.0,-2300000.0,81600000.0,81600000.0,81600000.0,800000.0,0.0,0.062,207600000.0,158500000.0,396300000.0,0.479,3.266,59.7,61.036,1362400000.0,0.0,33.57,2.27,2.27,1174100000.0,245100000.0,1305700000.0,1305700000.0,0.0,,,,,0.0,207600000.0,1.0,336645783.0,336645783.0,,3.879,5060600000.0,0.0,48400000.0,117000000.0,15.032,1607600000.0
56,BHI,MRQ,2003-03-31,2003-03-31,2003-03-31,2019-04-16,-244900000.0,6287300000.0,,2449900000.0,3837400000.0,,10.167,-74700000.0,51700000.0,51700000.0,899400000.0,44500000.0,2.607,0.836,1517200000.0,93800000.0,1423400000.0,1517200000.0,0.0,84200000.0,0.0,0.015,0.115,102100000.0,186300000.0,0.155,186300000.0,102100000.0,73800000.0,0.13,0.13,0.13,3425200000.0,,3425200000.0,11487206828.0,26.0,14.905,-43000000.0,-0.128,1.0,300700000.0,0.251,1364000000.0,28300000.0,5449200000.0,,1053800000.0,870800000.0,0.0,870800000.0,2862100000.0,939600000.0,1922500000.0,10083306828.0,-92200000.0,-1300000.0,20600000.0,-30400000.0,-38600000.0,-48400000.0,-76200000.0,0.0,31700000.0,700000.0,44500000.0,44500000.0,44500000.0,0.0,0.0,0.037,195200000.0,105500000.0,382000000.0,0.885,2.944,55.987,57.558,1342600000.0,0.0,29.93,2.051,2.051,1133500000.0,202200000.0,1200100000.0,1200100000.0,0.0,,,,,0.0,195200000.0,1.0,336896319.0,336896319.0,,3.562,4923300000.0,0.0,29300000.0,151500000.0,14.614,1510300000.0
57,BHI,MRQ,2002-12-31,2002-12-31,2002-12-31,2019-04-16,-246500000.0,6400800000.0,,2568300000.0,3832500000.0,,10.12,-131500000.0,143900000.0,143900000.0,879500000.0,-1500000.0,2.376,0.884,1547800000.0,123500000.0,1424300000.0,1547800000.0,0.0,97400000.0,0.0,0.014,0.115,62900000.0,160300000.0,0.131,160300000.0,62900000.0,34700000.0,-0.01,0.0,-0.01,3397200000.0,,3397200000.0,12272316968.0,28.0,16.178,67500000.0,0.201,1.0,341600000.0,0.28,1362100000.0,28200000.0,5361800000.0,,996500000.0,872000000.0,0.0,872000000.0,3003600000.0,1080800000.0,1922800000.0,10805816968.0,67100000.0,52500000.0,-11000000.0,-800000.0,-38500000.0,-50300000.0,-79900000.0,0.0,199000000.0,-1700000.0,-1500000.0,-1500000.0,-1500000.0,-300000.0,0.0,-0.001,190300000.0,151300000.0,377100000.0,-11.5,3.181,63.978,64.38,1343200000.0,0.0,32.19,2.223,2.223,1101900000.0,196300000.0,1221100000.0,1221100000.0,0.0,,,,,0.0,190300000.0,1.0,335688629.0,335688629.0,,3.638,5038700000.0,134200000.0,36200000.0,166700000.0,15.01,1487500000.0
58,BHI,MRQ,2002-09-30,2002-09-30,2002-09-30,2019-04-16,-242600000.0,6582800000.0,,2650200000.0,3932600000.0,,10.224,-47800000.0,81600000.0,81600000.0,885100000.0,64700000.0,2.131,0.908,1548100000.0,101800000.0,1446300000.0,1548100000.0,0.0,74400000.0,0.0,0.016,0.115,138700000.0,213100000.0,0.17,213100000.0,138700000.0,111500000.0,0.19,0.19,0.19,3449800000.0,,3449800000.0,11409424567.0,19.0,12.539,229800000.0,0.681,1.0,366000000.0,0.293,1362500000.0,27200000.0,5442900000.0,,1047100000.0,956800000.0,0.0,956800000.0,3133000000.0,1243900000.0,1889100000.0,9795224567.0,45000000.0,-3400000.0,-34800000.0,-114400000.0,-39000000.0,-172400000.0,-52800000.0,0.0,277600000.0,-7400000.0,64700000.0,64700000.0,64700000.0,24100000.0,0.0,0.052,206200000.0,159800000.0,531000000.0,0.605,2.839,33.047,32.989,1363000000.0,0.0,29.03,2.014,2.014,1204300000.0,236300000.0,1251100000.0,1251100000.0,0.0,,,,,0.0,206200000.0,1.0,337417312.0,337417312.0,,3.708,5220300000.0,0.0,46800000.0,178700000.0,15.471,1406300000.0
59,BHI,MRQ,2002-06-30,2002-06-30,2002-06-30,2019-04-16,-257500000.0,6621300000.0,,2642600000.0,3978700000.0,,10.207,-54200000.0,35400000.0,35400000.0,901200000.0,72400000.0,2.462,0.923,1649600000.0,8300000.0,1641300000.0,1649600000.0,0.0,74200000.0,0.0,0.014,0.115,136800000.0,211000000.0,0.169,211000000.0,136800000.0,109400000.0,0.21,0.21,0.21,3443300000.0,,3443300000.0,12960983215.0,19.0,12.786,162200000.0,0.481,1.0,343900000.0,0.276,1383000000.0,27400000.0,5779000000.0,,1086000000.0,956000000.0,0.0,956000000.0,3178000000.0,1073500000.0,2104500000.0,11229883215.0,-4700000.0,-9400000.0,1800000.0,-125000000.0,-38700000.0,-161900000.0,-63600000.0,0.0,216400000.0,4400000.0,72400000.0,72400000.0,72400000.0,-3800000.0,0.0,0.058,217900000.0,126000000.0,573800000.0,0.548,3.261,30.45,30.264,1384700000.0,0.0,33.29,2.247,2.247,1291200000.0,210600000.0,1245100000.0,1245100000.0,0.0,,,,,0.0,219800000.0,1.0,337335032.0,337335032.0,,3.691,5238300000.0,0.0,37000000.0,205500000.0,15.528,1569100000.0
60,BHI,MRQ,2002-03-31,2002-03-31,2002-03-31,2019-04-16,-311200000.0,6615200000.0,,2663000000.0,3952200000.0,,9.961,-44700000.0,41500000.0,41500000.0,875200000.0,33300000.0,2.551,0.972,1772600000.0,13700000.0,1758900000.0,1772600000.0,0.0,73600000.0,0.0,0.012,0.115,99700000.0,173300000.0,0.144,173300000.0,99700000.0,71300000.0,0.1,0.1,0.1,3354200000.0,,3354200000.0,14529644307.0,19.0,13.559,-31300000.0,-0.093,1.0,327800000.0,0.272,1384100000.0,28400000.0,5918400000.0,,1062000000.0,953300000.0,0.0,953300000.0,3261000000.0,1043800000.0,2217200000.0,12880444307.0,-2200000.0,-41900000.0,33200000.0,77800000.0,-38700000.0,72300000.0,-86800000.0,0.0,13400000.0,-1100000.0,33300000.0,33300000.0,33300000.0,-5200000.0,0.0,0.028,205000000.0,122800000.0,539900000.0,1.15,3.84,32.185,31.875,1366900000.0,0.0,38.25,2.528,2.528,1321400000.0,176900000.0,1203000000.0,1203000000.0,0.0,,,,,0.0,205000000.0,1.0,336743642.0,336743642.0,,3.572,5231100000.0,0.0,38000000.0,200700000.0,15.534,1619200000.0
61,BHI,MRQ,2001-12-31,2001-12-31,2001-12-31,2019-04-16,-309800000.0,6676200000.0,,2806700000.0,3869500000.0,,9.908,-100700000.0,38700000.0,38700000.0,811600000.0,126000000.0,2.303,1.006,1694600000.0,12200000.0,1682400000.0,1694600000.0,0.0,91500000.0,0.0,0.013,0.115,221000000.0,312500000.0,0.268,312500000.0,221000000.0,191400000.0,0.38,0.38,0.38,3327800000.0,,3327800000.0,14047047902.0,18.0,12.46,190500000.0,0.567,1.0,353400000.0,0.303,1384800000.0,29600000.0,5728700000.0,,1031900000.0,929000000.0,0.0,929000000.0,3348400000.0,1218600000.0,2129800000.0,12249347902.0,11700000.0,9000000.0,5000000.0,-140000000.0,-38700000.0,-173700000.0,-107300000.0,0.0,291200000.0,1500000.0,126000000.0,126000000.0,126000000.0,-7400000.0,0.0,0.108,155800000.0,197600000.0,537200000.0,0.303,3.681,27.967,27.84,1297000000.0,0.0,36.47,2.432,2.432,0.0,182300000.0,1165000000.0,1165000000.0,0.0,,,,,0.0,166000000.0,1.0,335874634.0,335874634.0,,3.469,5291400000.0,0.0,65400000.0,204400000.0,15.754,1588100000.0
62,BHI,MRQ,2001-09-30,2001-09-30,2001-09-30,2019-04-16,-274600000.0,6722000000.0,,2788300000.0,3933700000.0,,9.724,-44000000.0,37200000.0,37200000.0,967900000.0,137100000.0,2.339,1.059,1834900000.0,12800000.0,1822100000.0,1834900000.0,0.0,81000000.0,0.0,0.016,0.115,235900000.0,316900000.0,0.229,316900000.0,235900000.0,205500000.0,0.41,0.41,0.41,3265000000.0,,3265000000.0,11641975855.0,20.0,12.274,167900000.0,0.5,1.0,416500000.0,0.301,1461800000.0,30400000.0,5865600000.0,,1073800000.0,897800000.0,0.0,897800000.0,3457000000.0,1192300000.0,2264700000.0,9720275855.0,-5000000.0,0.0,500000.0,-130600000.0,-38600000.0,-168700000.0,-45100000.0,0.0,211900000.0,-3100000.0,137100000.0,137100000.0,137100000.0,-700000.0,0.0,0.099,201900000.0,214600000.0,589100000.0,0.28,2.977,35.868,35.741,1340300000.0,0.0,28.95,1.926,1.926,1415800000.0,95000000.0,1384400000.0,1384400000.0,0.0,,,,,0.0,205300000.0,1.0,335760824.0,335760824.0,,4.123,5260200000.0,0.0,68400000.0,245500000.0,15.667,1596000000.0
63,BHI,MRQ,2001-06-30,2001-06-30,2001-06-30,2019-04-16,-290700000.0,6569300000.0,,2618000000.0,3951300000.0,,9.384,-51000000.0,42200000.0,42200000.0,961800000.0,103800000.0,2.41,1.086,1963900000.0,14300000.0,1949600000.0,1963900000.0,0.0,79700000.0,0.0,0.014,0.115,189200000.0,268900000.0,0.2,268900000.0,189200000.0,156900000.0,0.31,0.31,0.31,3149600000.0,,3149600000.0,13243174199.0,26.0,14.075,130400000.0,0.389,1.0,380200000.0,0.283,1469200000.0,32300000.0,5935500000.0,,1014400000.0,883600000.0,0.0,883600000.0,3419700000.0,1086300000.0,2333400000.0,11244174199.0,6700000.0,-15300000.0,2400000.0,-71800000.0,-38600000.0,-108000000.0,-66300000.0,0.0,181400000.0,-400000.0,103800000.0,103800000.0,103800000.0,0.0,0.0,0.077,198700000.0,181500000.0,521400000.0,0.371,3.57,56.475,55.833,1355500000.0,0.0,33.5,2.242,2.242,1315600000.0,-3500000.0,1342000000.0,1342000000.0,0.0,,,,,0.0,198700000.0,1.0,335646991.0,335646991.0,,3.998,5100100000.0,0.0,53100000.0,173700000.0,15.195,1531700000.0
64,BHI,MRQ,2001-03-31,2001-03-31,2001-03-31,2019-04-16,-283800000.0,6459400000.0,,2486400000.0,3973000000.0,,9.221,-52700000.0,35500000.0,35500000.0,890000000.0,71100000.0,2.515,1.092,2034500000.0,12000000.0,2022500000.0,2034500000.0,0.0,87300000.0,0.0,0.013,0.115,141000000.0,228300000.0,0.186,228300000.0,141000000.0,106900000.0,0.21,0.21,0.21,3087400000.0,,3087400000.0,14185321541.0,31.0,14.893,10900000.0,0.033,1.0,338500000.0,0.276,1481100000.0,34100000.0,5988700000.0,,972300000.0,878200000.0,0.0,878200000.0,3372000000.0,988600000.0,2383400000.0,12157021541.0,900000.0,15300000.0,42200000.0,-27300000.0,-38500000.0,-23600000.0,-37400000.0,0.0,63600000.0,-1700000.0,71100000.0,71100000.0,71100000.0,0.0,0.0,0.058,210200000.0,128300000.0,467800000.0,0.548,3.938,76.943,75.646,1339200000.0,0.0,36.31,2.466,2.466,1257000000.0,-68700000.0,1228500000.0,1228500000.0,0.0,,,,,0.0,203200000.0,1.0,334811940.0,334811940.0,,3.669,4978300000.0,0.0,35800000.0,152000000.0,14.869,1497800000.0
65,BHI,MRQ,2000-12-31,2000-12-31,2000-12-31,2019-04-16,-251400000.0,6489100000.0,,2486600000.0,4002500000.0,,9.176,67300000.0,34600000.0,34600000.0,846600000.0,-41000000.0,2.517,1.13,2062900000.0,13300000.0,2049600000.0,2062900000.0,0.0,108000000.0,0.0,0.011,0.115,26400000.0,134400000.0,0.123,134400000.0,26400000.0,-21500000.0,-0.12,-0.12,-0.12,3046700000.0,,3046700000.0,16395173137.0,43.0,17.082,225400000.0,0.679,1.0,245500000.0,0.225,1498100000.0,47900000.0,6031500000.0,,898500000.0,869300000.0,0.0,869300000.0,3442400000.0,987800000.0,2454600000.0,13798873137.0,-18100000.0,0.0,35200000.0,-468400000.0,-38100000.0,-95600000.0,-75300000.0,0.0,158100000.0,-5300000.0,-41000000.0,-41000000.0,-41000000.0,-40600000.0,0.0,-0.038,255700000.0,-10200000.0,469300000.0,-0.958,4.529,134.886,134.065,1378700000.0,0.0,41.56,2.792,2.792,1310400000.0,-101300000.0,1092100000.0,1092100000.0,0.0,,,,,0.0,155400000.0,1.0,332022934.0,332022934.0,,3.289,4991000000.0,0.0,19500000.0,158600000.0,15.032,1498800000.0
66,BHI,MRQ,2000-09-30,2000-09-30,2000-09-30,2019-04-16,-261400000.0,7002100000.0,,2445200000.0,4556900000.0,,9.301,-203900000.0,53200000.0,53200000.0,1019500000.0,65200000.0,2.589,1.276,2649500000.0,8900000.0,2640600000.0,2649500000.0,268000000.0,163100000.0,0.0,0.012,0.115,146200000.0,309300000.0,0.228,309300000.0,146200000.0,102400000.0,0.2,0.2,0.2,3076000000.0,,3076000000.0,15111588486.0,53.0,15.899,7200000.0,0.022,1.0,334200000.0,0.247,2647300000.0,43800000.0,6006700000.0,,833000000.0,0.0,0.0,0.0,3926100000.0,944400000.0,2981700000.0,12279188486.0,-6500000.0,-31400000.0,20600000.0,-237700000.0,-38100000.0,-137500000.0,-79900000.0,14100000.0,211100000.0,-200000.0,65200000.0,65200000.0,65200000.0,0.0,0.0,0.048,186400000.0,147800000.0,399100000.0,0.575,3.992,243.152,265.214,1909600000.0,0.0,37.13,2.298,2.298,1128400000.0,-19500000.0,1353700000.0,1353700000.0,0.0,,,,,0.0,188100000.0,1.0,330708012.0,330708012.0,,4.093,4354800000.0,0.0,37200000.0,73100000.0,13.168,1500800000.0
67,BHI,MRQ,2000-06-30,2000-06-30,2000-06-30,2019-04-16,-231100000.0,7047400000.0,,2392200000.0,4655200000.0,,9.232,-80400000.0,56100000.0,56100000.0,968600000.0,62700000.0,2.71,1.312,2888500000.0,90400000.0,2798100000.0,2888500000.0,218300000.0,143600000.0,0.0,0.014,0.115,136900000.0,280500000.0,0.223,280500000.0,136900000.0,92900000.0,0.19,0.18,0.19,3048600000.0,,3048600000.0,13444657440.0,67.0,14.843,16600000.0,0.05,1.0,286900000.0,0.229,2654200000.0,44000000.0,6342900000.0,,808300000.0,0.0,0.0,0.0,3998800000.0,882700000.0,3116100000.0,10566757440.0,21600000.0,31400000.0,10700000.0,-23600000.0,-37900000.0,-50800000.0,-24700000.0,24300000.0,97000000.0,100000.0,62700000.0,62700000.0,62700000.0,0.0,0.0,0.05,161900000.0,125000000.0,335900000.0,0.605,3.466,-7044.505,-1600.0,2001000000.0,0.0,32.0,2.069,2.069,1055700000.0,-48200000.0,1255500000.0,1255500000.0,0.0,,,,,0.0,185600000.0,1.0,330211170.0,330211170.0,,3.802,4393200000.0,0.0,30200000.0,99700000.0,13.304,1509500000.0
68,BHI,MRQ,2000-03-31,2000-03-31,2000-03-31,2019-04-16,-204200000.0,7115200000.0,,2414300000.0,4700900000.0,,9.239,-167900000.0,30400000.0,30400000.0,988700000.0,15400000.0,2.443,1.339,2908300000.0,113200000.0,2795100000.0,2908300000.0,239000000.0,168100000.0,0.0,0.015,0.115,67500000.0,235600000.0,0.19,235600000.0,67500000.0,23300000.0,0.04,0.04,0.04,3041500000.0,,3041500000.0,12813578300.0,69.0,13.568,-76900000.0,-0.234,1.0,252100000.0,0.203,2650100000.0,44200000.0,6354800000.0,,804300000.0,0.0,0.0,0.0,4073700000.0,988200000.0,3085500000.0,9958578300.0,15700000.0,0.0,4400000.0,94300000.0,-38000000.0,60700000.0,-133600000.0,34300000.0,91000000.0,-2400000.0,15400000.0,15400000.0,15400000.0,0.0,0.0,0.012,192200000.0,59900000.0,368800000.0,2.875,3.274,2315.948,,2050800000.0,0.0,30.25,2.007,2.007,1085700000.0,-71100000.0,1240800000.0,1240800000.0,0.0,,,,,0.0,192200000.0,1.0,329209200.0,329209200.0,,3.769,4465100000.0,0.0,7900000.0,51400000.0,13.563,1426100000.0
69,BHI,MRQ,1999-12-31,1999-12-31,1999-12-31,2019-04-16,-188300000.0,7182100000.0,,2286400000.0,4895700000.0,,9.329,-114900000.0,15600000.0,15600000.0,1306000000.0,-92800000.0,2.027,1.339,2818600000.0,112600000.0,2706000000.0,2818600000.0,241700000.0,190100000.0,0.0,0.022,0.115,-65000000.0,125100000.0,0.084,125100000.0,-65000000.0,-113000000.0,-0.29,-0.29,-0.29,3071100000.0,,3071100000.0,9788145752.0,43.0,9.635,41400000.0,0.126,1.0,187700000.0,0.126,2801800000.0,48000000.0,6055100000.0,,861500000.0,40200000.0,0.0,40200000.0,4111000000.0,1128200000.0,2982800000.0,6933145752.0,-15900000.0,0.0,9400000.0,-65600000.0,-37800000.0,-97400000.0,-74900000.0,0.0,156300000.0,100000.0,-92800000.0,-92800000.0,-92800000.0,-7700000.0,0.0,-0.062,299300000.0,-111600000.0,474600000.0,-0.397,2.258,208.203,210.6,2053700000.0,0.0,21.06,1.404,1.404,1184300000.0,-51500000.0,1493700000.0,1493700000.0,0.0,,,,,0.0,256600000.0,1.0,329209200.0,329209200.0,,4.537,4380300000.0,0.0,-20200000.0,35100000.0,13.306,1158200000.0
70,BHI,MRQ,1999-09-30,1999-09-30,1999-09-30,2019-04-16,-166600000.0,7237200000.0,,2372100000.0,4865100000.0,,9.76,-223300000.0,34800000.0,34800000.0,896400000.0,13200000.0,2.69,1.255,2885800000.0,109200000.0,2776600000.0,2885800000.0,259200000.0,202000000.0,0.0,0.016,0.115,62600000.0,264600000.0,0.237,264600000.0,62600000.0,22500000.0,0.04,0.04,0.04,3209700000.0,,3209700000.0,12395650000.0,36.0,10.69,-107600000.0,-0.327,1.0,221200000.0,0.198,2725300000.0,40100000.0,6481200000.0,,841100000.0,0.0,0.0,0.0,4027500000.0,881700000.0,3145800000.0,9536650000.0,9800000.0,0.0,28900000.0,1500000.0,-37800000.0,-4000000.0,-104400000.0,0.0,115700000.0,2500000.0,13200000.0,13200000.0,13200000.0,3400000.0,0.0,0.012,156400000.0,64800000.0,343600000.0,2.875,2.971,71.489,69.048,2139800000.0,0.0,29.0,1.82,1.82,1009700000.0,79100000.0,1117600000.0,1117600000.0,0.0,,,,,0.0,162600000.0,1.0,328850000.0,328850000.0,,3.399,4511900000.0,0.0,9300000.0,110000000.0,13.72,1490400000.0
71,BHI,MRQ,1999-06-30,1999-06-30,1999-06-30,2019-04-16,-158200000.0,7337600000.0,,2442100000.0,4895500000.0,,9.815,-85900000.0,25000000.0,25000000.0,870300000.0,68500000.0,2.875,1.283,2882800000.0,32100000.0,2850700000.0,2882800000.0,313600000.0,198000000.0,0.0,0.014,0.115,121100000.0,319100000.0,0.287,319100000.0,121100000.0,80900000.0,0.21,0.21,0.21,3213700000.0,,3213700000.0,13860385250.0,-44.0,27.894,39400000.0,0.12,1.0,240500000.0,0.217,2722700000.0,40200000.0,6623400000.0,,871100000.0,0.0,0.0,0.0,4123900000.0,849300000.0,3274600000.0,10968285250.0,-4800000.0,0.0,6500000.0,-11300000.0,-37700000.0,-42500000.0,-89300000.0,0.0,125300000.0,1700000.0,68500000.0,68500000.0,68500000.0,2900000.0,0.0,0.062,117800000.0,122700000.0,361900000.0,0.548,3.413,-26.532,-26.378,2172800000.0,0.0,33.5,1.966,1.966,1062400000.0,103700000.0,1110800000.0,1110800000.0,0.0,,,,,0.0,151100000.0,1.0,327411500.0,327411500.0,,3.393,4614900000.0,0.0,12400000.0,110300000.0,14.095,1592800000.0
72,BHI,MRQ,1999-03-31,1999-03-31,1999-03-31,2019-04-16,-175100000.0,7474800000.0,,2564300000.0,4910500000.0,,9.664,-216300000.0,29800000.0,29800000.0,937100000.0,44400000.0,2.765,1.366,2892100000.0,42700000.0,2849400000.0,2892100000.0,386600000.0,200600000.0,0.0,0.019,0.115,106500000.0,307100000.0,0.253,307100000.0,106500000.0,67800000.0,0.14,0.14,0.14,3159600000.0,,3159600000.0,10701855816.0,-48.0,18.448,-70400000.0,-0.215,1.0,277300000.0,0.228,2695000000.0,38700000.0,6714700000.0,,930700000.0,0.0,0.0,0.0,4315200000.0,927400000.0,3387800000.0,7947755816.0,10300000.0,0.0,2800000.0,120100000.0,-37600000.0,85300000.0,-217600000.0,0.0,145900000.0,-3300000.0,44400000.0,44400000.0,44400000.0,1400000.0,0.0,0.037,171600000.0,105700000.0,389100000.0,0.821,2.515,-21.859,-21.901,2215500000.0,0.0,24.31,1.324,1.324,1139000000.0,72900000.0,1214400000.0,1214400000.0,0.0,,,,,0.0,171600000.0,1.0,326933600.0,326933600.0,,3.715,4779800000.0,0.0,23400000.0,151800000.0,14.62,1636900000.0
73,BHI,MRQ,1998-12-31,1998-12-31,1998-12-31,2019-04-16,-159900000.0,7632900000.0,,2753200000.0,4879700000.0,,9.681,-333200000.0,19500000.0,19500000.0,1423700000.0,7300000.0,2.327,1.412,2770700000.0,44400000.0,2726300000.0,2770700000.0,405300000.0,212700000.0,0.0,0.026,0.115,56100000.0,268800000.0,0.15,268800000.0,56100000.0,11000000.0,0.03,0.03,0.03,3165100000.0,,3165100000.0,8453639368.0,-66.0,13.427,-27300000.0,-0.084,1.0,373600000.0,0.208,2639000000.0,45100000.0,6561800000.0,,994300000.0,0.0,0.0,0.0,4467800000.0,1183300000.0,3284500000.0,5763839368.0,-10400000.0,-30900000.0,-8700000.0,80100000.0,-37600000.0,33800000.0,-350000000.0,0.0,305900000.0,-100000.0,7300000.0,7300000.0,7300000.0,-14600000.0,0.0,0.004,339400000.0,34200000.0,487900000.0,3.833,1.821,-19.466,-19.163,2240700000.0,0.0,17.63,0.913,0.913,1258200000.0,66100000.0,1797300000.0,1797300000.0,0.0,,,,,0.0,261700000.0,1.0,326933600.0,326933600.0,,5.497,4993900000.0,0.0,3700000.0,152900000.0,15.275,1569900000.0
74,BHI,MRQ,1998-09-30,1998-09-30,1998-09-30,2019-04-16,-144600000.0,7873900000.0,,2862800000.0,5011100000.0,,18.971,-282700000.0,0.0,0.0,1410900000.0,-533600000.0,1.376,1.425,2689800000.0,806400000.0,1883400000.0,2689800000.0,417600000.0,200000000.0,0.0,0.022,0.115,-598100000.0,-398100000.0,-0.273,-398100000.0,-598100000.0,-636900000.0,-1.65,-1.65,-1.65,3235200000.0,,3235200000.0,4737332900.0,218.0,6.682,-250600000.0,-1.469,1.0,46100000.0,0.032,0.0,38800000.0,8482900000.0,,1082100000.0,0.0,0.0,0.0,4608700000.0,2080800000.0,2527900000.0,3581232900.0,-57800000.0,34600000.0,16800000.0,207800000.0,-19600000.0,205000000.0,-253400000.0,0.0,32100000.0,1000000.0,-533600000.0,-533600000.0,-533600000.0,25700000.0,0.0,-0.366,619500000.0,-573400000.0,584100000.0,-0.07,1.107,-18.908,-36.842,2213900000.0,0.0,21.0,0.588,0.588,1513500000.0,131900000.0,1457000000.0,1457000000.0,0.0,,,,,0.0,262300000.0,1.0,170534900.0,170534900.0,,8.544,7873900000.0,0.0,-103300000.0,226900000.0,46.172,782000000.0
75,BHI,MRQ,1998-06-30,1998-06-30,1998-06-30,2019-04-16,-124100000.0,5206300000.0,,2435700000.0,2770600000.0,,16.265,-319900000.0,11600000.0,11600000.0,1158800000.0,118300000.0,2.407,0.886,1167700000.0,203700000.0,964000000.0,1167700000.0,0.0,188600000.0,0.0,0.013,0.115,213700000.0,402300000.0,0.263,402300000.0,213700000.0,178200000.0,0.37,0.36,0.37,2760300000.0,,2760300000.0,7037552682.0,12.0,4.567,-43900000.0,-0.259,1.0,373600000.0,0.244,1079000000.0,35500000.0,4271500000.0,,1187700000.0,0.0,0.0,0.0,2446000000.0,1011900000.0,1434100000.0,5865152682.0,53200000.0,-413800000.0,10000000.0,483500000.0,-19700000.0,473800000.0,-739200000.0,0.0,276000000.0,100000.0,118300000.0,118300000.0,118300000.0,-5000000.0,0.0,0.077,165200000.0,208400000.0,390400000.0,0.311,2.125,29.592,,1187200000.0,0.0,34.56,0.795,0.795,1081400000.0,465600000.0,1532400000.0,1532400000.0,0.0,,,,,0.0,165200000.0,1.0,169709279.0,169709279.0,,9.03,4127300000.0,88200000.0,59900000.0,358400000.0,24.32,1423800000.0
76,BHI,MRQ,1998-03-31,1998-03-31,1998-03-31,2019-04-16,-127700000.0,5133600000.0,,2453800000.0,2679800000.0,,15.882,-282400000.0,9300000.0,9300000.0,1145000000.0,111900000.0,2.298,0.907,1181700000.0,219900000.0,961800000.0,1181700000.0,0.0,157000000.0,0.0,0.011,0.115,199600000.0,356600000.0,0.234,356600000.0,199600000.0,170000000.0,0.35,0.35,0.35,2691700000.0,,2691700000.0,7793077425.0,15.0,6.032,-86500000.0,-0.51,1.0,378900000.0,0.249,1069800000.0,29600000.0,4168600000.0,,1197200000.0,0.0,0.0,0.0,2441900000.0,1067600000.0,1374300000.0,6821477425.0,-10100000.0,-47500000.0,9000000.0,136400000.0,-19400000.0,126000000.0,-333200000.0,0.0,195900000.0,1200000.0,111900000.0,111900000.0,111900000.0,-6100000.0,0.0,0.073,187100000.0,191800000.0,443400000.0,0.329,2.534,42.004,,1129600000.0,0.0,40.25,1.009,1.009,1105700000.0,403400000.0,1523900000.0,1523900000.0,0.0,,,,,0.0,187100000.0,1.0,169477700.0,169477700.0,,8.992,4063800000.0,75800000.0,58100000.0,290300000.0,23.978,1386200000.0
77,BHI,MRQ,1997-12-31,1997-12-31,1997-12-31,2019-04-16,-125900000.0,7230600000.0,,2919800000.0,4310800000.0,,20.764,-276100000.0,41900000.0,41900000.0,1045700000.0,114000000.0,2.06,1.055,1782600000.0,177300000.0,1605300000.0,1782600000.0,405400000.0,141700000.0,0.0,0.011,0.115,206500000.0,348200000.0,0.221,348200000.0,206500000.0,182000000.0,0.36,0.35,0.36,3519000000.0,,3519000000.0,,,,-124500000.0,-0.735,1.0,527200000.0,0.335,2331800000.0,24500000.0,5222400000.0,,1145000000.0,0.0,0.0,0.0,3711600000.0,1417100000.0,2294500000.0,7394312051.0,-200000.0,-43100000.0,13600000.0,-50400000.0,-19500000.0,186800000.0,-319800000.0,0.0,151600000.0,-1500000.0,114000000.0,114000000.0,114000000.0,-2800000.0,0.0,0.072,324600000.0,202600000.0,601500000.0,0.319,2.101,68.15,,1979000000.0,0.0,43.63,1.214,1.214,1519400000.0,494100000.0,1572900000.0,1572900000.0,0.0,,,,,0.0,324600000.0,1.0,169477700.0,169477700.0,,9.281,4898800000.0,0.0,68000000.0,283800000.0,28.905,1502700000.0
78,BHI,MRQ,1997-09-30,1997-09-30,1997-09-30,2019-04-16,-84200000.0,4756300000.0,,2220500000.0,2535800000.0,,,-816000000.0,8600000.0,8600000.0,2094600000.0,-146000000.0,2.372,0.826,781400000.0,9600000.0,771800000.0,781400000.0,0.0,451300000.0,0.0,0.01,0.115,-17400000.0,433900000.0,0.158,433900000.0,-17400000.0,-72800000.0,,-1.07,,2604600000.0,,2604600000.0,,,,-263500000.0,,1.0,654900000.0,0.238,1055400000.0,55400000.0,3537400000.0,,1030500000.0,0.0,0.0,0.0,2151700000.0,936300000.0,1215400000.0,,14300000.0,-42200000.0,53100000.0,325700000.0,-19500000.0,679300000.0,-1216000000.0,48500000.0,552500000.0,-1500000.0,-146000000.0,-146000000.0,-146000000.0,154900000.0,0.0,-0.053,519600000.0,135300000.0,499700000.0,,,,398.909,982900000.0,0.0,43.88,,,1047100000.0,283700000.0,2749500000.0,2749500000.0,0.0,,,,,0.0,363400000.0,1.0,,,,,3700900000.0,83800000.0,73200000.0,324500000.0,,1284200000.0
79,BHI,MRQ,1997-06-30,1997-06-30,1997-06-30,2019-04-16,,,,,,,,-70100000.0,,,555500000.0,82500000.0,,,,,,,,37000000.0,,0.012,0.115,116200000.0,153200000.0,0.167,153200000.0,116200000.0,104200000.0,,0.54,,,,,,,,27600000.0,,1.0,361700000.0,0.394,,12000000.0,,,,,,,,,,,4400000.0,0.0,3500000.0,-9200000.0,-16700000.0,-22400000.0,-70100000.0,0.0,97700000.0,-800000.0,82500000.0,82500000.0,82500000.0,0.0,0.0,0.09,246000000.0,115700000.0,,,,,,,0.0,38.75,,,,,917200000.0,917200000.0,0.0,,,,,0.0,239000000.0,1.0,,,,,,,21700000.0,,,
80,BHI,MRQ,1997-03-31,1997-03-31,1997-03-31,2019-04-16,,,,,,,,-53900000.0,,,521100000.0,58000000.0,,,,,,,,34200000.0,,0.011,0.115,105000000.0,139200000.0,0.164,139200000.0,105000000.0,92900000.0,,0.38,,,,,,,,24600000.0,,1.0,329100000.0,0.387,,12100000.0,,,,,,,,,,,-11800000.0,0.0,10800000.0,-30500000.0,-16700000.0,-36400000.0,-53900000.0,0.0,78500000.0,0.0,58000000.0,58000000.0,58000000.0,0.0,0.0,0.068,224400000.0,104700000.0,,,,,,,0.0,38.38,,,,,850200000.0,850200000.0,0.0,,,,,0.0,216700000.0,1.0,,,,,,,34900000.0,,,
81,BHI,MRQ,1996-12-31,1996-12-31,1996-12-31,2019-04-16,,,,,,,,-41400000.0,,,505700000.0,39400000.0,,,,,,,,32400000.0,,0.012,0.115,84700000.0,117100000.0,0.142,117100000.0,84700000.0,72900000.0,0.27,0.26,0.27,,,,,,,-44500000.0,,1.0,321000000.0,0.388,,11800000.0,,,,,,,,,,,11200000.0,3300000.0,12600000.0,56300000.0,-16700000.0,52200000.0,-38100000.0,0.0,-3100000.0,200000.0,39400000.0,39400000.0,39400000.0,0.0,0.0,0.048,224700000.0,96300000.0,,0.426,,,,,0.0,34.5,,,,,826700000.0,826700000.0,0.0,,,,,0.0,217100000.0,1.0,,,,,,,33500000.0,,,
0,BHI,MRT,2017-03-31,2017-03-31,2017-03-31,2019-04-16,-1011000000.0,18676000000.0,19380000000.0,8964000000.0,9712000000.0,0.487,29.321,-56000000.0,4222000000.0,4222000000.0,9203000000.0,-1885000000.0,4.208,0.491,3018000000.0,134000000.0,2884000000.0,3018000000.0,0.0,1030000000.0,0.0,0.011,0.68,-1352000000.0,-322000000.0,-0.034,-322000000.0,-1352000000.0,-1510000000.0,-4.38,-4.38,-4.38,12471000000.0,13042250000.0,12471000000.0,23888977392.0,-18.0,-74.189,4109000000.0,9.661,1.0,230000000.0,0.024,4384000000.0,158000000.0,10958000000.0,11521750000.0,1907000000.0,0.0,0.0,0.0,6125000000.0,2130000000.0,3995000000.0,25442977392.0,2030000000.0,128000000.0,-672000000.0,-1196000000.0,-293000000.0,-2202000000.0,66000000.0,-26000000.0,4165000000.0,1000000.0,-1886000000.0,-1886000000.0,-1886000000.0,0.0,1000000.0,-0.2,1324000000.0,-1094000000.0,1088000000.0,-0.155,2.04,-13.49,-13.658,4128000000.0,0.0,59.82,2.697,2.697,2162000000.0,6380000000.0,9433000000.0,9433000000.0,381000000.0,-0.097,-0.145,-0.117,-0.143,0.0,792000000.0,1.0,425325600.0,425325600.0,,22.178,14292000000.0,0.0,376000000.0,409000000.0,33.602,6834000000.0
1,BHI,MRT,2016-12-31,2016-12-31,2016-12-31,2019-04-16,-1033000000.0,19034000000.0,20445000000.0,9167000000.0,9867000000.0,0.481,29.934,-49000000.0,4572000000.0,4572000000.0,9973000000.0,-2736000000.0,3.979,0.498,3018000000.0,132000000.0,2886000000.0,3018000000.0,0.0,1166000000.0,0.0,0.01,0.68,-1864000000.0,-698000000.0,-0.071,-698000000.0,-1864000000.0,-2042000000.0,-6.31,-6.31,-6.31,12656000000.0,13754250000.0,12656000000.0,26754927934.0,-14.0,-38.331,4180000000.0,9.887,1.0,-132000000.0,-0.013,4402000000.0,178000000.0,10774000000.0,12708750000.0,1809000000.0,0.0,0.0,0.0,6297000000.0,2304000000.0,3993000000.0,27468927934.0,2248000000.0,128000000.0,-672000000.0,-1195000000.0,-293000000.0,-2185000000.0,203000000.0,104000000.0,4229000000.0,1000000.0,-2738000000.0,-2738000000.0,-2738000000.0,0.0,2000000.0,-0.278,1491000000.0,-1623000000.0,1027000000.0,-0.108,2.17,-10.032,-10.296,4271000000.0,0.0,64.97,2.791,2.791,2251000000.0,6583000000.0,9841000000.0,9841000000.0,384000000.0,-0.134,-0.199,-0.147,-0.189,0.0,815000000.0,1.0,422794027.0,422794027.0,,23.276,14632000000.0,0.0,696000000.0,406000000.0,34.608,6863000000.0
2,BHI,MRT,2016-09-30,2016-09-30,2016-09-30,2019-04-16,-939000000.0,19491000000.0,21706500000.0,9002000000.0,10489000000.0,0.499,30.752,-122000000.0,3736000000.0,3736000000.0,10943000000.0,-3358000000.0,4.048,0.475,3022000000.0,127000000.0,2895000000.0,3022000000.0,0.0,1337000000.0,0.0,0.013,0.68,-2963000000.0,-1626000000.0,-0.15,-1626000000.0,-2963000000.0,-3160000000.0,-7.66,-7.66,-7.66,13159000000.0,14664750000.0,13159000000.0,20712184314.0,-7.0,-12.738,4006000000.0,9.362,1.0,-118000000.0,-0.011,4623000000.0,197000000.0,11930000000.0,14107500000.0,1966000000.0,0.0,0.0,0.0,6254000000.0,2224000000.0,4030000000.0,21596184314.0,1693000000.0,0.0,-647000000.0,-1199000000.0,-296000000.0,-2202000000.0,-220000000.0,-94000000.0,4128000000.0,-13000000.0,-3352000000.0,-3352000000.0,-3352000000.0,0.0,-6000000.0,-0.31,2709000000.0,-2827000000.0,951000000.0,-0.089,1.641,-6.443,-6.589,4874000000.0,0.0,50.47,1.995,1.995,2207000000.0,7072000000.0,10825000000.0,10825000000.0,392000000.0,-0.154,-0.229,-0.21,-0.274,0.0,852000000.0,1.0,427901413.0,427901413.0,,25.298,14868000000.0,159000000.0,192000000.0,513000000.0,34.746,6778000000.0
3,BHI,MRT,2016-06-30,2016-06-30,2016-06-30,2019-04-16,-951000000.0,20319000000.0,23187750000.0,9399000000.0,10920000000.0,0.529,31.703,-192000000.0,3910000000.0,3910000000.0,12259000000.0,-3084000000.0,4.02,0.458,3026000000.0,139000000.0,2887000000.0,3026000000.0,0.0,1507000000.0,0.0,0.015,0.68,-2747000000.0,-1240000000.0,-0.101,-1240000000.0,-2747000000.0,-2960000000.0,-7.02,-7.02,-7.02,13883000000.0,15728500000.0,13883000000.0,21618046635.0,-8.0,-17.434,4245000000.0,9.694,1.0,-1000000.0,0.0,4672000000.0,213000000.0,12425000000.0,15550750000.0,1992000000.0,0.0,0.0,0.0,6353000000.0,2338000000.0,4015000000.0,19763046635.0,1937000000.0,0.0,-384000000.0,-1152000000.0,-297000000.0,-1900000000.0,-581000000.0,-382000000.0,4437000000.0,-19000000.0,-3082000000.0,-3082000000.0,-3082000000.0,0.0,-2000000.0,-0.251,2606000000.0,-2607000000.0,1023000000.0,-0.097,1.424,-6.412,-6.429,5229000000.0,0.0,45.13,1.612,1.612,2262000000.0,7574000000.0,12258000000.0,12258000000.0,411000000.0,-0.133,-0.196,-0.177,-0.224,0.0,860000000.0,1.0,437913730.0,437913730.0,,27.992,15647000000.0,196000000.0,122000000.0,527000000.0,35.731,7061000000.0
4,BHI,MRT,2016-03-31,2016-03-31,2016-03-31,2019-04-16,-938000000.0,22936000000.0,24612500000.0,8771000000.0,14165000000.0,0.561,34.987,-347000000.0,2192000000.0,2192000000.0,12731000000.0,-2362000000.0,3.563,0.492,4047000000.0,162000000.0,3885000000.0,4047000000.0,0.0,1636000000.0,0.0,0.016,0.68,-2178000000.0,-542000000.0,-0.039,-542000000.0,-2178000000.0,-2396000000.0,-5.37,-5.37,-5.37,15319000000.0,16682000000.0,15319000000.0,20908136393.0,-10.0,-38.576,1094000000.0,2.499,1.0,1087000000.0,0.079,6623000000.0,218000000.0,15706000000.0,16978000000.0,2789000000.0,0.0,0.0,0.0,7534000000.0,2462000000.0,5072000000.0,19191136393.0,586000000.0,0.0,116000000.0,4000000.0,-296000000.0,-231000000.0,-607000000.0,-245000000.0,1441000000.0,-17000000.0,-2359000000.0,-2359000000.0,-2359000000.0,0.0,-3000000.0,-0.171,3268000000.0,-2181000000.0,1153000000.0,-0.127,1.253,-8.135,-8.162,6323000000.0,0.0,43.83,1.389,1.389,2800000000.0,8559000000.0,13818000000.0,13818000000.0,430000000.0,-0.096,-0.141,-0.128,-0.158,0.0,902000000.0,1.0,437853899.0,437853899.0,,31.558,16313000000.0,208000000.0,-37000000.0,551000000.0,37.257,6309000000.0
5,BHI,MRT,2015-12-31,2015-12-31,2015-12-31,2019-04-16,-1005000000.0,24080000000.0,25610000000.0,9268000000.0,14812000000.0,0.615,37.373,-577000000.0,2324000000.0,2324000000.0,14415000000.0,-1974000000.0,3.34,0.472,4041000000.0,151000000.0,3890000000.0,4041000000.0,0.0,1742000000.0,0.0,0.015,0.68,-2389000000.0,-647000000.0,-0.041,-647000000.0,-2389000000.0,-2606000000.0,-4.49,-4.49,-4.49,16298000000.0,17305250000.0,16298000000.0,22134400051.0,-9.0,-34.211,1219000000.0,2.795,1.0,1327000000.0,0.084,6653000000.0,217000000.0,16369000000.0,17748250000.0,2917000000.0,0.0,0.0,0.0,7698000000.0,2775000000.0,4923000000.0,20125400051.0,584000000.0,0.0,116000000.0,-45000000.0,-297000000.0,-282000000.0,-905000000.0,-310000000.0,1796000000.0,-25000000.0,-1967000000.0,-1967000000.0,-1967000000.0,0.0,-7000000.0,-0.125,3723000000.0,-2396000000.0,1409000000.0,-0.151,1.235,-10.232,-10.278,6693000000.0,0.0,46.15,1.278,1.278,3217000000.0,9614000000.0,15742000000.0,15742000000.0,466000000.0,-0.077,-0.114,-0.135,-0.152,0.0,969000000.0,1.0,436086675.0,436086675.0,,36.098,17427000000.0,0.0,-639000000.0,307000000.0,39.962,6493000000.0
6,BHI,MRT,2015-09-30,2015-09-30,2015-09-30,2019-04-16,-925000000.0,25416000000.0,26796750000.0,9586000000.0,15830000000.0,0.708,39.951,-843000000.0,2043000000.0,2043000000.0,16475000000.0,-272000000.0,3.285,0.454,4052000000.0,156000000.0,3896000000.0,4052000000.0,0.0,1794000000.0,0.0,0.013,0.68,-5000000.0,1789000000.0,0.094,1789000000.0,-5000000.0,-224000000.0,-0.63,-0.62,-0.63,17414000000.0,17887000000.0,17414000000.0,24753315673.0,-4951.0,13.836,1621000000.0,3.719,1.0,2508000000.0,0.132,6804000000.0,219000000.0,17703000000.0,18578500000.0,3262000000.0,0.0,0.0,0.0,7911000000.0,2918000000.0,4993000000.0,22683315673.0,834000000.0,-1000000.0,216000000.0,-337000000.0,-296000000.0,-544000000.0,-1066000000.0,-217000000.0,2464000000.0,-20000000.0,-273000000.0,-273000000.0,-273000000.0,0.0,1000000.0,-0.014,2512000000.0,-4000000.0,1480000000.0,-1.079,1.303,-83.089,-82.603,8026000000.0,0.0,52.04,1.195,1.195,3518000000.0,10720000000.0,18983000000.0,18983000000.0,518000000.0,-0.01,-0.015,0.0,0.0,0.0,1118000000.0,1.0,435882315.0,435882315.0,,43.551,18612000000.0,332000000.0,49000000.0,374000000.0,42.7,6668000000.0
7,BHI,MRT,2015-06-30,2015-06-30,2015-06-30,2019-04-16,-839000000.0,26018000000.0,27603250000.0,9938000000.0,16080000000.0,0.777,40.713,-1096000000.0,1973000000.0,1973000000.0,18207000000.0,253000000.0,3.191,0.465,4043000000.0,139000000.0,3904000000.0,4043000000.0,0.0,1817000000.0,0.0,0.011,0.68,766000000.0,2583000000.0,0.12,2583000000.0,766000000.0,543000000.0,0.59,0.6,0.59,17697000000.0,18054250000.0,17697000000.0,29268483286.0,38.0,11.331,1998000000.0,4.597,1.0,3240000000.0,0.151,6840000000.0,223000000.0,18134000000.0,19141000000.0,3535000000.0,0.0,0.0,0.0,8221000000.0,3114000000.0,5107000000.0,26819483286.0,810000000.0,-314000000.0,16000000.0,-490000000.0,-296000000.0,-881000000.0,-1386000000.0,0.0,3094000000.0,-17000000.0,261000000.0,261000000.0,261000000.0,0.0,-8000000.0,0.012,2482000000.0,758000000.0,1785000000.0,1.153,1.515,102.757,104.576,8366000000.0,0.0,61.7,1.251,1.251,3684000000.0,10953000000.0,21447000000.0,21447000000.0,567000000.0,0.009,0.014,0.04,0.036,0.0,1230000000.0,1.0,434675580.0,434675580.0,,49.34,19178000000.0,420000000.0,282000000.0,481000000.0,44.12,6824000000.0
8,BHI,MRT,2015-03-31,2015-03-31,2015-03-31,2019-04-16,-913000000.0,26926000000.0,28168000000.0,10705000000.0,16221000000.0,0.831,40.992,-1249000000.0,1606000000.0,1606000000.0,19368000000.0,802000000.0,2.868,0.506,4055000000.0,149000000.0,3906000000.0,4055000000.0,0.0,1837000000.0,0.0,0.01,0.66,1533000000.0,3370000000.0,0.144,3370000000.0,1533000000.0,1304000000.0,1.83,1.83,1.83,17812000000.0,18139250000.0,17812000000.0,30020185015.0,20.0,8.908,1657000000.0,3.813,1.0,4046000000.0,0.173,6855000000.0,229000000.0,18787000000.0,19667750000.0,3843000000.0,0.0,0.0,0.0,9013000000.0,3733000000.0,5280000000.0,27627185015.0,406000000.0,-314000000.0,-184000000.0,-416000000.0,-288000000.0,-947000000.0,-1532000000.0,0.0,2906000000.0,-21000000.0,802000000.0,802000000.0,802000000.0,0.0,0.0,0.034,2513000000.0,1533000000.0,2149000000.0,0.361,1.551,34.448,34.743,8559000000.0,0.0,63.58,1.18,1.18,4455000000.0,11214000000.0,23414000000.0,23414000000.0,608000000.0,0.028,0.044,0.078,0.065,0.0,1304000000.0,1.0,434526345.0,434526345.0,,53.884,20071000000.0,431000000.0,502000000.0,676000000.0,46.191,6972000000.0
9,BHI,MRT,2014-12-31,2014-12-31,2014-12-31,2019-04-16,-749000000.0,28827000000.0,28410500000.0,12045000000.0,16782000000.0,0.864,43.054,-1354000000.0,1740000000.0,1740000000.0,19746000000.0,1731000000.0,2.598,0.542,4133000000.0,220000000.0,3913000000.0,4133000000.0,0.0,1814000000.0,0.0,0.011,0.64,2847000000.0,4661000000.0,0.19,4661000000.0,2847000000.0,2615000000.0,3.93,3.92,3.93,18625000000.0,18135500000.0,18625000000.0,27459825257.0,10.0,5.891,1599000000.0,3.696,1.0,4805000000.0,0.196,6893000000.0,232000000.0,19690000000.0,19924500000.0,4074000000.0,0.0,0.0,0.0,10097000000.0,4637000000.0,5460000000.0,24255825257.0,341000000.0,-314000000.0,-384000000.0,-248000000.0,-279000000.0,-939000000.0,-1659000000.0,0.0,2953000000.0,-14000000.0,1719000000.0,1719000000.0,1719000000.0,0.0,12000000.0,0.07,1946000000.0,2859000000.0,2807000000.0,0.163,1.302,14.11,14.267,9063000000.0,0.0,56.07,0.988,0.988,5418000000.0,11878000000.0,24551000000.0,24551000000.0,613000000.0,0.061,0.095,0.143,0.116,0.0,1333000000.0,1.0,432598988.0,432598988.0,,56.752,21934000000.0,418000000.0,896000000.0,1005000000.0,50.703,7408000000.0
10,BHI,MRT,2014-09-30,2014-09-30,2014-09-30,2019-04-16,-616000000.0,28642000000.0,28187250000.0,11811000000.0,16831000000.0,0.844,41.566,-1347000000.0,1209000000.0,1209000000.0,19458000000.0,1314000000.0,2.38,0.573,4413000000.0,519000000.0,3894000000.0,4413000000.0,0.0,1782000000.0,0.0,0.01,0.62,2316000000.0,4098000000.0,0.172,4098000000.0,2316000000.0,2080000000.0,2.98,2.96,2.98,18083000000.0,17907500000.0,18083000000.0,31697880664.0,14.0,7.735,1410000000.0,3.241,1.0,4318000000.0,0.182,6931000000.0,236000000.0,19953000000.0,19874250000.0,4150000000.0,0.0,0.0,0.0,10358000000.0,4962000000.0,5396000000.0,28303880664.0,-159000000.0,-313000000.0,-899000000.0,-188000000.0,-272000000.0,-1238000000.0,-1665000000.0,0.0,2757000000.0,-13000000.0,1304000000.0,1304000000.0,1304000000.0,0.0,10000000.0,0.055,1992000000.0,2326000000.0,2745000000.0,0.208,1.565,21.705,21.832,9081000000.0,0.0,65.06,1.19,1.19,5539000000.0,11289000000.0,23776000000.0,23776000000.0,617000000.0,0.046,0.073,0.117,0.097,115000000.0,1313000000.0,1.0,435042740.0,435042740.0,,54.652,21711000000.0,426000000.0,776000000.0,1110000000.0,49.905,6849000000.0
11,BHI,MRT,2014-06-30,2014-06-30,2014-06-30,2019-04-16,-509000000.0,28277000000.0,28045250000.0,11547000000.0,16730000000.0,0.831,41.371,-1432000000.0,1163000000.0,1163000000.0,19101000000.0,1285000000.0,2.513,0.556,4557000000.0,657000000.0,3900000000.0,4557000000.0,0.0,1750000000.0,0.0,0.008,0.6,2226000000.0,3976000000.0,0.171,3976000000.0,2226000000.0,1991000000.0,2.89,2.87,2.89,18037000000.0,17835750000.0,18037000000.0,35761492713.0,16.0,8.994,1347000000.0,3.09,1.0,4212000000.0,0.181,6835000000.0,235000000.0,20241000000.0,19811000000.0,4075000000.0,0.0,0.0,0.0,10026000000.0,4595000000.0,5431000000.0,32458492713.0,40000000.0,-22000000.0,-692000000.0,-393000000.0,-266000000.0,-1245000000.0,-1487000000.0,0.0,2779000000.0,-7000000.0,1270000000.0,1270000000.0,1270000000.0,0.0,15000000.0,0.054,1971000000.0,2241000000.0,2536000000.0,0.208,1.8,25.558,25.761,9087000000.0,0.0,74.45,1.392,1.392,5361000000.0,10988000000.0,23313000000.0,23313000000.0,600000000.0,0.045,0.071,0.112,0.095,115000000.0,1309000000.0,1.0,435977068.0,435977068.0,,53.473,21442000000.0,392000000.0,721000000.0,1079000000.0,49.181,6952000000.0
12,BHI,MRT,2014-03-31,2014-03-31,2014-03-31,2019-04-16,-534000000.0,27896000000.0,27813500000.0,11266000000.0,16630000000.0,0.822,40.708,-1573000000.0,1200000000.0,1200000000.0,18947000000.0,1171000000.0,2.489,0.556,4503000000.0,625000000.0,3878000000.0,4503000000.0,0.0,1720000000.0,0.0,0.009,0.6,2032000000.0,3752000000.0,0.164,3752000000.0,2032000000.0,1796000000.0,2.62,2.61,2.62,17797000000.0,17683500000.0,17797000000.0,31408189900.0,15.0,8.371,1505000000.0,3.442,1.0,3918000000.0,0.171,6859000000.0,236000000.0,19814000000.0,19685750000.0,3995000000.0,0.0,0.0,0.0,9895000000.0,4526000000.0,5369000000.0,28426189900.0,99000000.0,-22000000.0,-449000000.0,-633000000.0,-267000000.0,-1341000000.0,-1631000000.0,0.0,3078000000.0,-7000000.0,1157000000.0,1157000000.0,1157000000.0,0.0,14000000.0,0.051,1872000000.0,2046000000.0,2486000000.0,0.229,1.597,24.569,24.817,9055000000.0,0.0,65.02,1.243,1.243,5267000000.0,10700000000.0,22865000000.0,22865000000.0,572000000.0,0.042,0.065,0.103,0.089,115000000.0,1300000000.0,1.0,437191478.0,437191478.0,,52.3,21037000000.0,364000000.0,639000000.0,1028000000.0,48.119,6740000000.0
13,BHI,MRT,2013-12-31,2013-12-31,2013-12-31,2019-04-16,-504000000.0,27934000000.0,27628000000.0,11295000000.0,16639000000.0,0.809,39.964,-1630000000.0,1399000000.0,1399000000.0,18553000000.0,1103000000.0,2.467,0.566,4381000000.0,499000000.0,3882000000.0,4381000000.0,0.0,1698000000.0,0.0,0.011,0.6,1942000000.0,3640000000.0,0.163,3640000000.0,1942000000.0,1708000000.0,2.47,2.47,2.47,17713000000.0,17540250000.0,17713000000.0,27699653398.0,14.0,7.61,1531000000.0,3.454,1.0,3811000000.0,0.17,6849000000.0,234000000.0,19489000000.0,19664750000.0,3884000000.0,0.0,0.0,0.0,10022000000.0,4578000000.0,5444000000.0,24492653398.0,384000000.0,-22000000.0,-249000000.0,-571000000.0,-267000000.0,-1103000000.0,-1663000000.0,0.0,3161000000.0,-11000000.0,1096000000.0,1096000000.0,1096000000.0,0.0,7000000.0,0.049,1862000000.0,1949000000.0,2574000000.0,0.243,1.383,22.347,22.372,9076000000.0,0.0,55.26,1.095,1.095,5138000000.0,10438000000.0,22364000000.0,22364000000.0,556000000.0,0.04,0.062,0.099,0.087,115000000.0,1306000000.0,1.0,443225722.0,443225722.0,,50.457,21085000000.0,380000000.0,612000000.0,1034000000.0,47.572,6717000000.0
14,BHI,MRT,2013-09-30,2013-09-30,2013-09-30,2019-04-16,-518000000.0,28074000000.0,27316750000.0,11507000000.0,16567000000.0,0.799,40.168,-1901000000.0,1368000000.0,1368000000.0,18108000000.0,1068000000.0,2.449,0.566,4575000000.0,737000000.0,3838000000.0,4575000000.0,0.0,1679000000.0,0.0,0.012,0.6,1901000000.0,3580000000.0,0.164,3580000000.0,1901000000.0,1671000000.0,2.4,2.39,2.4,17796000000.0,17379250000.0,17796000000.0,25539404279.0,13.0,7.134,1145000000.0,2.584,1.0,3721000000.0,0.17,6882000000.0,230000000.0,19700000000.0,19671250000.0,3960000000.0,0.0,0.0,0.0,10081000000.0,4699000000.0,5382000000.0,21753404279.0,361000000.0,-22000000.0,131000000.0,-560000000.0,-266000000.0,-755000000.0,-1929000000.0,0.0,3046000000.0,-1000000.0,1062000000.0,1062000000.0,1062000000.0,0.0,6000000.0,0.049,1814000000.0,1907000000.0,2474000000.0,0.25,1.222,20.483,20.458,8964000000.0,0.0,49.1,0.997,0.997,5343000000.0,10257000000.0,21829000000.0,21829000000.0,527000000.0,0.039,0.061,0.097,0.087,115000000.0,1287000000.0,1.0,443042857.0,443042857.0,,49.271,21192000000.0,373000000.0,609000000.0,1024000000.0,47.833,6808000000.0
15,BHI,MRT,2013-06-30,2013-06-30,2013-06-30,2019-04-16,-576000000.0,27350000000.0,26987250000.0,10930000000.0,16420000000.0,0.793,39.445,-2140000000.0,1123000000.0,1123000000.0,17754000000.0,1012000000.0,2.425,0.558,4909000000.0,1068000000.0,3841000000.0,4909000000.0,0.0,1664000000.0,0.0,0.013,0.6,1805000000.0,3469000000.0,0.162,3469000000.0,1805000000.0,1584000000.0,2.26,2.25,2.26,17428000000.0,17148500000.0,17428000000.0,24372499853.0,14.0,7.026,649000000.0,1.469,1.0,3643000000.0,0.17,6888000000.0,221000000.0,19740000000.0,19686500000.0,3838000000.0,0.0,0.0,0.0,9723000000.0,4508000000.0,5215000000.0,20381499853.0,331000000.0,0.0,124000000.0,-115000000.0,-264000000.0,-312000000.0,-2144000000.0,0.0,2789000000.0,-2000000.0,1000000000.0,1000000000.0,1000000000.0,0.0,12000000.0,0.047,1826000000.0,1817000000.0,2211000000.0,0.265,1.169,20.381,20.412,8855000000.0,0.0,46.13,0.953,0.953,5197000000.0,9984000000.0,21397000000.0,21397000000.0,503000000.0,0.037,0.058,0.092,0.084,115000000.0,1323000000.0,1.0,441827441.0,441827441.0,,48.428,20462000000.0,299000000.0,584000000.0,868000000.0,46.312,6422000000.0
16,BHI,MRT,2013-03-31,2013-03-31,2013-03-31,2019-04-16,-546000000.0,27154000000.0,26696750000.0,10835000000.0,16319000000.0,0.795,38.985,-2349000000.0,1101000000.0,1101000000.0,17417000000.0,1205000000.0,2.41,0.565,5092000000.0,1248000000.0,3844000000.0,5092000000.0,0.0,1620000000.0,0.0,0.013,0.6,2014000000.0,3634000000.0,0.171,3634000000.0,2014000000.0,1803000000.0,2.72,2.71,2.72,17224000000.0,16932750000.0,17224000000.0,24405313921.0,12.0,6.716,-52000000.0,-0.118,1.0,3819000000.0,0.18,6919000000.0,211000000.0,19730000000.0,19541000000.0,3880000000.0,0.0,0.0,0.0,9736000000.0,4496000000.0,5240000000.0,20504313921.0,321000000.0,0.0,81000000.0,574000000.0,-264000000.0,375000000.0,-2349000000.0,0.0,2297000000.0,-2000000.0,1199000000.0,1199000000.0,1199000000.0,0.0,6000000.0,0.056,1799000000.0,2020000000.0,2024000000.0,0.221,1.19,17.101,17.063,8753000000.0,0.0,46.41,0.966,0.966,5096000000.0,9810000000.0,21236000000.0,21236000000.0,500000000.0,0.045,0.071,0.103,0.095,115000000.0,1299000000.0,1.0,441808100.0,441808100.0,,48.066,20235000000.0,266000000.0,604000000.0,914000000.0,45.8,6339000000.0
17,BHI,MRT,2012-12-31,2012-12-31,2012-12-31,2019-04-16,-476000000.0,26689000000.0,26297750000.0,10417000000.0,16272000000.0,0.812,38.824,-2521000000.0,1015000000.0,1015000000.0,17356000000.0,1317000000.0,2.526,0.552,4916000000.0,1079000000.0,3837000000.0,4916000000.0,0.0,1568000000.0,0.0,0.015,0.6,2186000000.0,3754000000.0,0.176,3754000000.0,2186000000.0,1976000000.0,2.98,2.97,2.98,17069000000.0,16673500000.0,17069000000.0,22096564677.0,10.0,5.886,-686000000.0,-1.56,1.0,4005000000.0,0.187,6951000000.0,210000000.0,19515000000.0,19200250000.0,3781000000.0,0.0,0.0,0.0,9421000000.0,4124000000.0,5297000000.0,17958564677.0,-35000000.0,0.0,81000000.0,847000000.0,-263000000.0,646000000.0,-2521000000.0,0.0,1835000000.0,5000000.0,1311000000.0,1311000000.0,1311000000.0,0.0,6000000.0,0.061,1813000000.0,2192000000.0,1737000000.0,0.201,1.052,13.698,13.707,8707000000.0,0.0,40.848,0.841,0.841,4815000000.0,9609000000.0,21361000000.0,21361000000.0,497000000.0,0.05,0.079,0.114,0.102,115000000.0,1316000000.0,1.0,439646900.0,439646900.0,,48.587,19738000000.0,266000000.0,665000000.0,971000000.0,44.895,6293000000.0
18,BHI,MRT,2012-09-30,2012-09-30,2012-09-30,2019-04-16,-474000000.0,26756000000.0,25837250000.0,11280000000.0,15476000000.0,0.841,38.386,-2637000000.0,1007000000.0,1007000000.0,17279000000.0,1420000000.0,2.489,0.574,5145000000.0,1306000000.0,3839000000.0,5145000000.0,0.0,1521000000.0,0.0,0.013,0.6,2280000000.0,3801000000.0,0.175,3801000000.0,2280000000.0,2070000000.0,3.21,3.21,3.21,16873000000.0,16342750000.0,16873000000.0,24121208340.0,11.0,6.346,-865000000.0,-1.968,1.0,4452000000.0,0.205,6601000000.0,210000000.0,19761000000.0,18637750000.0,3879000000.0,0.0,0.0,0.0,9685000000.0,4532000000.0,5153000000.0,19881208340.0,204000000.0,0.0,39000000.0,1241000000.0,-263000000.0,1036000000.0,-2610000000.0,0.0,1772000000.0,6000000.0,1411000000.0,1411000000.0,1411000000.0,0.0,9000000.0,0.065,2143000000.0,2309000000.0,1829000000.0,0.187,1.178,14.09,14.09,8225000000.0,0.0,45.23,0.915,0.915,5003000000.0,9461000000.0,21731000000.0,21731000000.0,501000000.0,0.055,0.086,0.122,0.105,23000000.0,1327000000.0,1.0,439558000.0,439558000.0,,49.438,20155000000.0,252000000.0,659000000.0,807000000.0,45.853,6748000000.0
19,BHI,MRT,2012-06-30,2012-06-30,2012-06-30,2019-04-16,-537000000.0,26188000000.0,25236000000.0,10447000000.0,15741000000.0,0.85,37.778,-2508000000.0,792000000.0,792000000.0,16726000000.0,1842000000.0,2.466,0.569,5032000000.0,1191000000.0,3841000000.0,5032000000.0,0.0,1418000000.0,0.0,0.015,0.6,2572000000.0,3990000000.0,0.186,3990000000.0,2572000000.0,2353000000.0,4.2,4.19,4.2,16565000000.0,16011000000.0,16565000000.0,21759486900.0,8.0,5.454,-1274000000.0,-2.905,1.0,4714000000.0,0.22,7033000000.0,219000000.0,19158000000.0,17949750000.0,3811000000.0,0.0,0.0,0.0,9429000000.0,4237000000.0,5192000000.0,18021486900.0,-145000000.0,5000000.0,68000000.0,1287000000.0,-262000000.0,1120000000.0,-2494000000.0,0.0,1234000000.0,-5000000.0,1838000000.0,1838000000.0,1838000000.0,0.0,4000000.0,0.086,2086000000.0,2628000000.0,1859000000.0,0.143,1.088,9.805,9.786,8111000000.0,0.0,41.1,0.841,0.841,4985000000.0,9248000000.0,21440000000.0,21440000000.0,498000000.0,0.073,0.115,0.143,0.12,55000000.0,1273000000.0,1.0,438479000.0,438479000.0,,48.896,19155000000.0,265000000.0,515000000.0,899000000.0,43.685,6210000000.0
20,BHI,MRT,2012-03-31,2012-03-31,2012-03-31,2019-04-16,-487000000.0,25558000000.0,24577500000.0,10171000000.0,15387000000.0,0.849,36.993,-2364000000.0,780000000.0,780000000.0,16190000000.0,1739000000.0,2.634,0.567,4518000000.0,675000000.0,3843000000.0,4518000000.0,0.0,1369000000.0,0.0,0.014,0.6,2552000000.0,3921000000.0,0.188,3921000000.0,2552000000.0,2329000000.0,3.98,3.96,3.98,16187000000.0,15604250000.0,16187000000.0,21370727740.0,8.0,5.45,-1009000000.0,-2.306,1.0,4665000000.0,0.224,7068000000.0,223000000.0,18367000000.0,17140500000.0,3643000000.0,0.0,0.0,0.0,9176000000.0,3861000000.0,5315000000.0,18351727740.0,-364000000.0,0.0,126000000.0,539000000.0,-261000000.0,381000000.0,-2103000000.0,250000000.0,1355000000.0,3000000.0,1737000000.0,1737000000.0,1737000000.0,0.0,2000000.0,0.083,2059000000.0,2606000000.0,1932000000.0,0.151,1.134,10.565,10.538,7746000000.0,0.0,41.94,0.88,0.88,5046000000.0,8875000000.0,20855000000.0,20855000000.0,484000000.0,0.071,0.111,0.149,0.122,79000000.0,1260000000.0,1.0,437571000.0,437571000.0,,47.661,18490000000.0,251000000.0,592000000.0,993000000.0,42.256,6310000000.0
21,BHI,MRT,2011-12-31,2011-12-31,2011-12-31,2019-04-16,-555000000.0,24847000000.0,24062250000.0,9797000000.0,15050000000.0,0.824,36.076,-2150000000.0,1050000000.0,1050000000.0,15264000000.0,1743000000.0,2.798,0.564,4069000000.0,224000000.0,3845000000.0,4069000000.0,0.0,1321000000.0,0.0,0.012,0.6,2556000000.0,3877000000.0,0.196,3877000000.0,2556000000.0,2335000000.0,3.99,3.97,3.99,15746000000.0,15199500000.0,15746000000.0,24326700744.0,10.0,6.275,-643000000.0,-1.473,1.0,4567000000.0,0.23,7099000000.0,221000000.0,17265000000.0,16441500000.0,3222000000.0,0.0,0.0,0.0,8883000000.0,3502000000.0,5381000000.0,21229700744.0,-406000000.0,0.0,183000000.0,54000000.0,-261000000.0,-30000000.0,-1891000000.0,250000000.0,1507000000.0,8000000.0,1739000000.0,1739000000.0,1739000000.0,0.0,4000000.0,0.088,1967000000.0,2600000000.0,1810000000.0,0.15,1.348,12.208,12.19,7415000000.0,0.0,48.64,1.071,1.071,4878000000.0,8561000000.0,19831000000.0,19831000000.0,462000000.0,0.072,0.114,0.155,0.129,108000000.0,1190000000.0,1.0,436465887.0,436465887.0,,45.435,17748000000.0,251000000.0,596000000.0,1099000000.0,40.663,6295000000.0
22,BHI,MRT,2011-09-30,2011-09-30,2011-09-30,2019-04-16,-447000000.0,24351000000.0,23597000000.0,9341000000.0,15010000000.0,0.795,35.64,-1839000000.0,803000000.0,803000000.0,14479000000.0,1767000000.0,3.116,0.552,3900000000.0,54000000.0,3846000000.0,3900000000.0,0.0,1277000000.0,0.0,0.013,0.6,2591000000.0,3868000000.0,0.206,3868000000.0,2591000000.0,2379000000.0,4.09,4.06,4.09,15546000000.0,14788000000.0,15546000000.0,22801555191.0,9.0,5.895,-879000000.0,-2.015,1.0,4274000000.0,0.228,7441000000.0,212000000.0,17009000000.0,15834750000.0,3053000000.0,0.0,0.0,0.0,8588000000.0,2998000000.0,5590000000.0,20130555191.0,-803000000.0,-36000000.0,189000000.0,-69000000.0,-261000000.0,-142000000.0,-1637000000.0,250000000.0,960000000.0,16000000.0,1760000000.0,1760000000.0,1760000000.0,0.0,7000000.0,0.094,1650000000.0,2624000000.0,1688000000.0,0.147,1.295,11.438,11.284,6966000000.0,0.0,46.15,1.073,1.073,4977000000.0,8313000000.0,18753000000.0,18753000000.0,440000000.0,0.075,0.119,0.164,0.138,106000000.0,1154000000.0,1.0,436198379.0,436198379.0,,42.992,16910000000.0,254000000.0,619000000.0,1178000000.0,38.767,6343000000.0
23,BHI,MRT,2011-06-30,2011-06-30,2011-06-30,2019-04-16,-337000000.0,23554000000.0,23124750000.0,8812000000.0,14742000000.0,0.768,34.369,-1714000000.0,937000000.0,937000000.0,13825000000.0,1316000000.0,3.117,0.56,3608000000.0,59000000.0,3549000000.0,3608000000.0,0.0,1265000000.0,0.0,0.008,0.6,2223000000.0,3488000000.0,0.196,3488000000.0,2223000000.0,2030000000.0,3.06,3.04,3.06,14938000000.0,14340750000.0,14938000000.0,34234095719.0,15.0,9.815,-619000000.0,-1.424,1.0,3942000000.0,0.222,7477000000.0,193000000.0,15921000000.0,15192500000.0,2939000000.0,0.0,0.0,0.0,8364000000.0,2827000000.0,5537000000.0,31537095719.0,18000000.0,-59000000.0,161000000.0,705000000.0,-260000000.0,598000000.0,-1728000000.0,0.0,1095000000.0,53000000.0,1309000000.0,1309000000.0,1309000000.0,0.0,7000000.0,0.074,1718000000.0,2224000000.0,1588000000.0,0.196,2.111,24.093,23.712,6700000000.0,0.0,72.56,1.775,1.775,4434000000.0,7672000000.0,17767000000.0,17767000000.0,443000000.0,0.057,0.091,0.146,0.125,99000000.0,1207000000.0,1.0,434634726.0,434634726.0,,40.878,16077000000.0,254000000.0,721000000.0,1391000000.0,36.99,5985000000.0
24,BHI,MRT,2011-03-31,2011-03-31,2011-03-31,2019-04-16,-355000000.0,23497000000.0,22522500000.0,9045000000.0,14452000000.0,0.728,33.547,-1492000000.0,1144000000.0,1144000000.0,12769000000.0,1074000000.0,2.881,0.595,3841000000.0,296000000.0,3545000000.0,3841000000.0,0.0,1195000000.0,0.0,0.008,0.6,1835000000.0,3030000000.0,0.185,3030000000.0,1835000000.0,1666000000.0,2.51,2.5,2.51,14568000000.0,13972250000.0,14568000000.0,34316728248.0,19.0,11.326,-565000000.0,-1.301,1.0,3631000000.0,0.221,7484000000.0,169000000.0,15571000000.0,14354000000.0,2805000000.0,251000000.0,251000000.0,0.0,8674000000.0,3139000000.0,5535000000.0,31887728248.0,-470000000.0,-888000000.0,129000000.0,1277000000.0,-259000000.0,1152000000.0,-2587000000.0,-250000000.0,927000000.0,38000000.0,1064000000.0,1064000000.0,1064000000.0,0.0,10000000.0,0.065,1792000000.0,1839000000.0,1549000000.0,0.239,2.189,29.97,29.255,6432000000.0,0.0,73.43,1.944,1.944,4371000000.0,7399000000.0,16400000000.0,16400000000.0,441000000.0,0.047,0.076,0.128,0.112,97000000.0,1227000000.0,1.0,434260224.0,434260224.0,,37.765,16013000000.0,234000000.0,602000000.0,1529000000.0,36.874,5906000000.0
25,BHI,MRT,2010-12-31,2010-12-31,2010-12-31,2019-04-16,-420000000.0,22986000000.0,19555750000.0,8707000000.0,14279000000.0,0.737,32.694,-1283000000.0,1456000000.0,1456000000.0,11184000000.0,819000000.0,2.774,0.617,3885000000.0,331000000.0,3554000000.0,3885000000.0,0.0,1069000000.0,0.0,0.01,0.6,1416000000.0,2485000000.0,0.172,2485000000.0,1416000000.0,1275000000.0,2.06,2.06,2.06,14100000000.0,12167000000.0,14100000000.0,26895917772.0,19.0,10.823,-427000000.0,-0.99,1.0,3230000000.0,0.224,7438000000.0,141000000.0,14838000000.0,12621250000.0,2594000000.0,250000000.0,250000000.0,0.0,8700000000.0,3139000000.0,5561000000.0,24655917772.0,-139000000.0,-888000000.0,74000000.0,1531000000.0,-241000000.0,1366000000.0,-2376000000.0,-250000000.0,856000000.0,15000000.0,812000000.0,812000000.0,812000000.0,0.0,7000000.0,0.056,1813000000.0,1417000000.0,1496000000.0,0.291,1.749,30.364,27.752,6310000000.0,0.0,57.17,1.711,1.711,3942000000.0,7083000000.0,14414000000.0,14414000000.0,429000000.0,0.042,0.067,0.112,0.098,87000000.0,1250000000.0,1.0,431273706.0,431273706.0,,33.422,15548000000.0,234000000.0,463000000.0,1579000000.0,36.051,5568000000.0
26,BHI,MRT,2010-09-30,2010-09-30,2010-09-30,2019-04-16,-437000000.0,22462000000.0,16669000000.0,8710000000.0,13752000000.0,0.745,31.912,-1116000000.0,1606000000.0,1606000000.0,9642000000.0,561000000.0,2.869,0.633,3846000000.0,291000000.0,3555000000.0,3846000000.0,0.0,922000000.0,0.0,0.014,0.6,1004000000.0,1926000000.0,0.155,1926000000.0,1004000000.0,884000000.0,1.5,1.5,1.5,13757000000.0,10463000000.0,13757000000.0,20356383349.0,20.0,10.569,-186000000.0,-0.431,1.0,2777000000.0,0.224,7226000000.0,120000000.0,14440000000.0,11016250000.0,2509000000.0,250000000.0,250000000.0,0.0,8705000000.0,3036000000.0,5669000000.0,18364383349.0,119000000.0,-862000000.0,79000000.0,1480000000.0,-221000000.0,1340000000.0,-2174000000.0,-250000000.0,930000000.0,23000000.0,561000000.0,561000000.0,561000000.0,0.0,0.0,0.045,1772000000.0,1005000000.0,1371000000.0,0.4,1.335,32.735,28.4,6108000000.0,0.0,42.6,1.479,1.479,3763000000.0,6814000000.0,12419000000.0,12419000000.0,422000000.0,0.034,0.054,0.091,0.081,86000000.0,1254000000.0,1.0,431088811.0,431088811.0,,28.808,15236000000.0,285000000.0,323000000.0,1412000000.0,35.343,5674000000.0
27,BHI,MRT,2010-06-30,2010-06-30,2010-06-30,2019-04-16,-513000000.0,21145000000.0,13849250000.0,7597000000.0,13548000000.0,0.763,31.381,-891000000.0,919000000.0,919000000.0,8214000000.0,361000000.0,2.264,0.57,2911000000.0,843000000.0,2068000000.0,2911000000.0,0.0,806000000.0,0.0,0.014,0.6,711000000.0,1517000000.0,0.143,1517000000.0,711000000.0,601000000.0,1.09,1.09,1.09,13464000000.0,8820000000.0,13464000000.0,18241441804.0,26.0,12.025,0.0,0.0,1.0,2359000000.0,0.223,7215000000.0,110000000.0,12567000000.0,9516250000.0,2469000000.0,0.0,0.0,0.0,7681000000.0,3355000000.0,4326000000.0,17835441804.0,-443000000.0,-857000000.0,78000000.0,519000000.0,-204000000.0,394000000.0,-1733000000.0,0.0,891000000.0,5000000.0,361000000.0,361000000.0,361000000.0,0.0,0.0,0.034,1648000000.0,711000000.0,1301000000.0,0.55,1.325,49.406,38.138,5925000000.0,0.0,41.57,1.687,1.687,3505000000.0,6623000000.0,10573000000.0,10573000000.0,392000000.0,0.026,0.041,0.075,0.067,87000000.0,1172000000.0,1.0,429045990.0,429045990.0,,24.643,13930000000.0,382000000.0,240000000.0,1667000000.0,32.467,4242000000.0
28,BHI,MRT,2010-03-31,2010-03-31,2010-03-31,2019-04-16,-449000000.0,11630000000.0,11337750000.0,6521000000.0,5109000000.0,0.841,23.555,-834000000.0,1614000000.0,1614000000.0,7349000000.0,355000000.0,3.639,0.583,2020000000.0,232000000.0,1788000000.0,2020000000.0,0.0,727000000.0,0.0,0.013,0.6,635000000.0,1362000000.0,0.143,1362000000.0,635000000.0,521000000.0,1.14,1.14,1.14,7347000000.0,7232250000.0,7347000000.0,14814607576.0,23.0,10.877,376000000.0,1.205,1.0,2186000000.0,0.229,1604000000.0,114000000.0,8640000000.0,8499500000.0,1952000000.0,0.0,0.0,0.0,4283000000.0,1792000000.0,2491000000.0,14609607576.0,435000000.0,-58000000.0,53000000.0,198000000.0,-186000000.0,66000000.0,-877000000.0,0.0,1210000000.0,36000000.0,355000000.0,355000000.0,355000000.0,0.0,0.0,0.037,1554000000.0,632000000.0,858000000.0,0.526,1.989,41.154,41.088,3051000000.0,0.0,46.84,1.532,1.532,2464000000.0,6594000000.0,9535000000.0,9535000000.0,382000000.0,0.031,0.049,0.075,0.067,84000000.0,1144000000.0,1.0,311904517.0,311904517.0,,30.57,10026000000.0,268000000.0,166000000.0,298000000.0,32.144,4729000000.0
29,BHI,MRT,2009-12-31,2009-12-31,2009-12-31,2019-04-16,-414000000.0,11439000000.0,11183750000.0,6225000000.0,5214000000.0,0.864,23.505,-923000000.0,1595000000.0,1595000000.0,7397000000.0,421000000.0,3.859,0.57,1800000000.0,15000000.0,1785000000.0,1800000000.0,0.0,711000000.0,0.0,0.015,0.6,736000000.0,1447000000.0,0.15,1447000000.0,736000000.0,611000000.0,1.36,1.36,1.36,7284000000.0,7137000000.0,7284000000.0,12863213009.0,17.0,8.89,316000000.0,1.02,1.0,2267000000.0,0.235,1613000000.0,125000000.0,8418000000.0,8481750000.0,1836000000.0,0.0,0.0,0.0,4155000000.0,1613000000.0,2542000000.0,12544213009.0,-360000000.0,-58000000.0,51000000.0,-541000000.0,-185000000.0,-675000000.0,-966000000.0,0.0,1239000000.0,42000000.0,421000000.0,421000000.0,421000000.0,0.0,0.0,0.044,1535000000.0,732000000.0,821000000.0,0.441,1.722,29.796,29.765,3161000000.0,0.0,40.48,1.298,1.298,2331000000.0,6512000000.0,9664000000.0,9664000000.0,397000000.0,0.038,0.059,0.087,0.076,88000000.0,1120000000.0,1.0,309886685.0,309886685.0,,31.186,9826000000.0,268000000.0,190000000.0,404000000.0,31.708,4612000000.0
30,BHI,MRT,2009-09-30,2009-09-30,2009-09-30,2019-04-16,-410000000.0,11183000000.0,11289250000.0,6092000000.0,5091000000.0,0.923,23.187,-1043000000.0,1487000000.0,1487000000.0,7678000000.0,769000000.0,4.193,0.556,1806000000.0,23000000.0,1783000000.0,1806000000.0,0.0,709000000.0,0.0,0.014,0.6,1205000000.0,1914000000.0,0.184,1914000000.0,1205000000.0,1098000000.0,2.5,2.5,2.5,7185000000.0,7017750000.0,7185000000.0,13686339297.0,11.0,7.151,493000000.0,1.591,1.0,2744000000.0,0.263,1609000000.0,107000000.0,8440000000.0,8412500000.0,1967000000.0,0.0,0.0,0.0,3998000000.0,1453000000.0,2545000000.0,13219339297.0,360000000.0,-87000000.0,21000000.0,170000000.0,-186000000.0,6000000.0,-1130000000.0,0.0,1536000000.0,-52000000.0,769000000.0,769000000.0,769000000.0,0.0,0.0,0.074,1498000000.0,1246000000.0,661000000.0,0.24,1.84,17.19,17.064,3059000000.0,0.0,42.66,1.268,1.268,2220000000.0,6474000000.0,10422000000.0,10422000000.0,413000000.0,0.068,0.11,0.143,0.116,81000000.0,1085000000.0,1.0,309876683.0,309876683.0,,33.633,9574000000.0,244000000.0,329000000.0,380000000.0,30.896,4639000000.0
31,BHI,MRT,2009-06-30,2009-06-30,2009-06-30,2019-04-16,-447000000.0,11099000000.0,11245400000.0,6130000000.0,4969000000.0,0.996,22.967,-1121000000.0,1362000000.0,1362000000.0,7945000000.0,1143000000.0,4.181,0.56,1829000000.0,52000000.0,1777000000.0,1829000000.0,0.0,690000000.0,0.0,0.016,0.6,1704000000.0,2394000000.0,0.214,2394000000.0,1704000000.0,1605000000.0,3.72,3.71,3.72,7113000000.0,6917975000.0,7113000000.0,11919508303.0,7.0,4.979,442000000.0,1.427,1.0,3255000000.0,0.291,1600000000.0,99000000.0,8500000000.0,8205800000.0,2024000000.0,0.0,0.0,0.0,3986000000.0,1466000000.0,2520000000.0,11285508303.0,291000000.0,-83000000.0,-18000000.0,207000000.0,-184000000.0,8000000.0,-1204000000.0,0.0,1563000000.0,-76000000.0,1143000000.0,1143000000.0,1143000000.0,0.0,0.0,0.102,1519000000.0,1736000000.0,737000000.0,0.161,1.587,9.874,9.796,3017000000.0,0.0,36.44,1.008,1.008,2313000000.0,6465000000.0,11200000000.0,11200000000.0,428000000.0,0.102,0.165,0.208,0.152,73000000.0,1091000000.0,1.0,309701106.0,309701106.0,,36.164,9499000000.0,236000000.0,462000000.0,399000000.0,30.672,4664000000.0
32,BHI,MRT,2009-03-31,2009-03-31,2009-03-31,2019-04-16,-537000000.0,11014000000.0,11147650000.0,6217000000.0,4797000000.0,1.064,22.553,-1124000000.0,1179000000.0,1179000000.0,8145000000.0,1435000000.0,4.167,0.581,1813000000.0,37000000.0,1776000000.0,1813000000.0,0.0,663000000.0,0.0,0.02,0.58,2116000000.0,2779000000.0,0.234,2779000000.0,2116000000.0,2034000000.0,4.68,4.66,4.68,6966000000.0,6771050000.0,6966000000.0,9196379366.0,4.0,3.309,288000000.0,0.932,1.0,3717000000.0,0.313,1587000000.0,82000000.0,8569000000.0,7929375000.0,2104000000.0,0.0,0.0,0.0,4048000000.0,1492000000.0,2556000000.0,8818379366.0,149000000.0,-120000000.0,-9000000.0,263000000.0,-178000000.0,80000000.0,-1244000000.0,0.0,1412000000.0,-99000000.0,1435000000.0,1435000000.0,1435000000.0,0.0,0.0,0.121,1571000000.0,2146000000.0,728000000.0,0.124,1.266,6.145,6.1,2914000000.0,0.0,28.55,0.743,0.743,2521000000.0,6424000000.0,11862000000.0,11862000000.0,432000000.0,0.129,0.212,0.267,0.178,68000000.0,1077000000.0,1.0,308874934.0,308874934.0,,38.404,9427000000.0,231000000.0,599000000.0,495000000.0,30.52,4725000000.0
33,BHI,MRT,2008-12-31,2008-12-31,2008-12-31,2019-04-16,-523000000.0,11861000000.0,10913475000.0,7145000000.0,4716000000.0,1.087,22.134,-1081000000.0,1955000000.0,1955000000.0,7954000000.0,1635000000.0,2.845,0.742,2333000000.0,558000000.0,1775000000.0,2333000000.0,0.0,637000000.0,0.0,0.017,0.56,2381000000.0,3018000000.0,0.254,3018000000.0,2381000000.0,2319000000.0,5.32,5.3,5.32,6807000000.0,6570425000.0,6807000000.0,10366011890.0,4.0,3.435,533000000.0,1.733,1.0,3910000000.0,0.33,1587000000.0,62000000.0,8141000000.0,7550125000.0,2021000000.0,0.0,0.0,0.0,5054000000.0,2511000000.0,2543000000.0,9862511890.0,901000000.0,-89000000.0,-540000000.0,1250000000.0,-173000000.0,541000000.0,-1170000000.0,0.0,1614000000.0,-84000000.0,1635000000.0,1635000000.0,1635000000.0,0.0,0.0,0.138,1534000000.0,2376000000.0,888000000.0,0.105,1.449,6.032,6.028,2833000000.0,0.0,32.07,0.831,0.831,2759000000.0,6276000000.0,11864000000.0,11864000000.0,426000000.0,0.15,0.249,0.315,0.201,60000000.0,1046000000.0,1.0,307530773.0,307530773.0,,38.578,10274000000.0,231000000.0,684000000.0,656000000.0,33.408,4634000000.0
34,BHI,MRT,2008-09-30,2008-09-30,2008-09-30,2019-04-16,-130200000.0,11007600000.0,10412475000.0,6298500000.0,4709100000.0,1.097,22.015,-981100000.0,1127000000.0,1127000000.0,7601500000.0,1603600000.0,2.715,0.622,1630500000.0,589100000.0,1041400000.0,1630500000.0,0.0,600700000.0,0.0,0.009,0.54,2373000000.0,2973700000.0,0.26,2973700000.0,2373000000.0,2303700000.0,5.19,5.15,5.19,6785900000.0,6445175000.0,6785900000.0,19210010273.0,8.0,6.46,669300000.0,2.171,1.0,3816600000.0,0.334,1577800000.0,69300000.0,7613200000.0,7199375000.0,1988800000.0,0.0,0.0,0.0,4221700000.0,2320100000.0,1901600000.0,18660510273.0,281200000.0,-40000000.0,-784800000.0,557800000.0,-168500000.0,-384600000.0,-994600000.0,26500000.0,1650400000.0,10000000.0,1603600000.0,1603600000.0,1603600000.0,0.0,0.0,0.14,1506500000.0,2310100000.0,824800000.0,0.104,2.75,11.637,11.665,2623100000.0,0.0,60.54,1.634,1.634,2794600000.0,5894900000.0,11418100000.0,11418100000.0,405600000.0,0.154,0.249,0.33,0.208,58000000.0,1038900000.0,1.0,308234395.0,308234395.0,,37.044,9429800000.0,212200000.0,700100000.0,565800000.0,30.593,3978400000.0
35,BHI,MRT,2008-06-30,2008-06-30,2008-06-30,2019-04-16,-33900000.0,10708000000.0,10026525000.0,6062000000.0,4646000000.0,1.106,21.185,-942300000.0,1071700000.0,1071700000.0,7339300000.0,1563700000.0,2.654,0.641,1621200000.0,581400000.0,1039800000.0,1621200000.0,0.0,577100000.0,0.0,0.006,0.52,2355100000.0,2932200000.0,0.265,2932200000.0,2355100000.0,2290100000.0,5.02,4.98,5.02,6525300000.0,6272325000.0,6525300000.0,27418499815.0,12.0,9.351,773400000.0,2.511,1.0,3746400000.0,0.338,1578900000.0,65000000.0,7394300000.0,6977475000.0,1906600000.0,0.0,0.0,0.0,4182700000.0,2284300000.0,1898400000.0,26902499815.0,416400000.0,-31000000.0,-907200000.0,550900000.0,-164900000.0,-511500000.0,-823800000.0,149500000.0,1715700000.0,36000000.0,1563700000.0,1563700000.0,1563700000.0,0.0,0.0,0.141,1454700000.0,2291700000.0,855500000.0,0.104,4.123,17.204,17.398,2536200000.0,0.0,87.34,2.427,2.427,2710900000.0,5512100000.0,11085700000.0,11085700000.0,396800000.0,0.156,0.249,0.338,0.212,55900000.0,995900000.0,1.0,308020378.0,308020378.0,,35.99,9129100000.0,197500000.0,726400000.0,547800000.0,29.638,3777700000.0
36,BHI,MRT,2008-03-31,2008-03-31,2008-03-31,2019-04-16,-21300000.0,10077300000.0,9599350000.0,5623300000.0,4454000000.0,1.107,19.921,-926700000.0,1030400000.0,1030400000.0,7013900000.0,1534300000.0,2.788,0.635,1546400000.0,506700000.0,1039700000.0,1546400000.0,0.0,548200000.0,0.0,0.008,0.52,2335100000.0,2883300000.0,0.271,2883300000.0,2335100000.0,2270900000.0,4.88,4.84,4.88,6163500000.0,6104300000.0,6163500000.0,21224159370.0,9.0,7.361,728600000.0,2.355,1.0,3611300000.0,0.34,1524400000.0,64200000.0,7052000000.0,6793675000.0,1851900000.0,0.0,0.0,0.0,3913800000.0,2016900000.0,1896900000.0,21193759370.0,311300000.0,41000000.0,-989000000.0,472600000.0,-166500000.0,-668900000.0,-724000000.0,161700000.0,1655300000.0,48900000.0,1534300000.0,1534300000.0,1534300000.0,0.0,0.0,0.144,1345500000.0,2265800000.0,688700000.0,0.107,3.439,13.813,14.037,2406900000.0,0.0,68.5,1.995,1.995,2424000000.0,5172800000.0,10625200000.0,10625200000.0,383500000.0,0.16,0.251,0.344,0.22,53400000.0,962000000.0,1.0,309397947.0,309397947.0,,34.342,8552900000.0,181500000.0,736600000.0,659400000.0,27.644,3606400000.0
37,BHI,MRT,2007-12-31,2007-12-31,2007-12-31,2019-04-16,-44000000.0,9857000000.0,9321700000.0,5455000000.0,4402000000.0,1.119,19.819,-948000000.0,1054000000.0,1054000000.0,6845000000.0,1514000000.0,3.371,0.563,1084000000.0,15000000.0,1069000000.0,1084000000.0,0.0,521000000.0,0.0,0.006,0.52,2323000000.0,2844000000.0,0.273,2844000000.0,2323000000.0,2257000000.0,4.76,4.73,4.76,6306000000.0,5953625000.0,6306000000.0,26033948024.0,11.0,9.154,527000000.0,1.656,1.0,3583000000.0,0.344,1531000000.0,66000000.0,6738000000.0,6595725000.0,1714000000.0,0.0,0.0,0.0,3551000000.0,1618000000.0,1933000000.0,25804848024.0,304000000.0,10000000.0,-454000000.0,14000000.0,-167000000.0,-593000000.0,-620000000.0,318000000.0,1475000000.0,42000000.0,1514000000.0,1514000000.0,1514000000.0,0.0,0.0,0.145,1305000000.0,2278000000.0,704000000.0,0.109,4.092,17.044,17.038,2345000000.0,0.0,81.1,2.475,2.475,2383000000.0,4818000000.0,10428000000.0,10428000000.0,372000000.0,0.162,0.254,0.352,0.223,51000000.0,933000000.0,1.0,318185549.0,318185549.0,,32.773,8326000000.0,182000000.0,743000000.0,607000000.0,26.167,3837000000.0
38,BHI,MRT,2007-09-30,2007-09-30,2007-09-30,2019-04-16,-108200000.0,9463800000.0,9033875000.0,5323700000.0,4140100000.0,1.122,19.072,-952500000.0,845800000.0,845800000.0,6931300000.0,1439600000.0,3.715,0.553,1074900000.0,4400000.0,1070500000.0,1074900000.0,0.0,498600000.0,0.0,0.006,0.52,2219800000.0,2718400000.0,0.268,2718400000.0,2219800000.0,2152700000.0,4.56,4.53,4.56,6094500000.0,5687850000.0,6094500000.0,29297560849.0,13.0,10.778,128200000.0,0.401,1.0,3208900000.0,0.316,1534400000.0,67100000.0,6725600000.0,6379100000.0,1728400000.0,62200000.0,62200000.0,0.0,3369300000.0,1432900000.0,1936400000.0,28878360849.0,-203300000.0,300000.0,-433300000.0,-2000000.0,-165400000.0,-587900000.0,-722200000.0,230000000.0,1080700000.0,26100000.0,1439600000.0,1439600000.0,1439600000.0,400000.0,0.0,0.142,1036100000.0,2172800000.0,635800000.0,0.114,4.738,20.06,19.818,2190300000.0,0.0,90.37,2.848,2.848,2355000000.0,4459500000.0,10140200000.0,10140200000.0,369300000.0,0.159,0.253,0.348,0.219,50600000.0,666800000.0,1.0,319556942.0,319556942.0,,31.732,7929400000.0,219100000.0,713100000.0,552700000.0,24.814,3890800000.0
39,BHI,MRT,2007-06-30,2007-06-30,2007-06-30,2019-04-16,-146700000.0,8999300000.0,8862425000.0,4990300000.0,4009000000.0,1.103,18.272,-926500000.0,654600000.0,654600000.0,6536000000.0,1409100000.0,4.065,0.538,1073800000.0,2200000.0,1071600000.0,1073800000.0,0.0,475200000.0,0.0,0.006,0.52,2162100000.0,2637300000.0,0.27,2637300000.0,2162100000.0,2093600000.0,4.43,4.4,4.43,5853200000.0,5462575000.0,5853200000.0,27312277126.0,13.0,10.356,-184800000.0,-0.577,1.0,3236000000.0,0.331,1531700000.0,68500000.0,6659100000.0,6092775000.0,1698800000.0,185200000.0,185200000.0,0.0,3146100000.0,1227700000.0,1918400000.0,26949677126.0,-854400000.0,-6100000.0,-803500000.0,2400000.0,-166600000.0,-956600000.0,-653600000.0,279000000.0,741700000.0,14100000.0,1409100000.0,1409100000.0,1409100000.0,400000.0,0.0,0.144,1133600000.0,2102400000.0,579700000.0,0.117,4.604,19.125,18.991,2063100000.0,0.0,84.13,2.758,2.758,2158500000.0,4111800000.0,9772000000.0,9772000000.0,362900000.0,0.159,0.258,0.355,0.221,45600000.0,770700000.0,1.0,320333735.0,320333735.0,,30.506,7467600000.0,174900000.0,684500000.0,452200000.0,23.312,3762600000.0
40,BHI,MRT,2007-03-31,2007-03-31,2007-03-31,2019-04-16,-181200000.0,8966700000.0,8846500000.0,5098900000.0,3867800000.0,1.067,17.364,-868900000.0,718700000.0,718700000.0,6205000000.0,2454500000.0,3.32,0.612,1081300000.0,8600000.0,1072700000.0,1081300000.0,0.0,453800000.0,0.0,0.008,0.52,3881600000.0,4335400000.0,0.459,4335400000.0,3881600000.0,3812300000.0,7.48,7.45,7.48,5560800000.0,5344475000.0,5560800000.0,21502619343.0,6.0,4.96,-332900000.0,-1.04,1.0,3232800000.0,0.343,1533500000.0,69300000.0,6260200000.0,5748975000.0,1662200000.0,197300000.0,197300000.0,0.0,3405900000.0,1535600000.0,1870300000.0,21177519343.0,160500000.0,2449100000.0,-1698700000.0,1400000.0,-169100000.0,-1853600000.0,1466400000.0,-113800000.0,536000000.0,11700000.0,2454500000.0,2454500000.0,2454500000.0,400000.0,0.0,0.26,1179000000.0,2053800000.0,643000000.0,0.07,3.808,8.628,8.841,1924100000.0,0.0,66.13,2.244,2.244,2241100000.0,3803800000.0,9437800000.0,9437800000.0,352200000.0,0.277,0.459,0.675,0.411,46800000.0,826800000.0,1.0,320240728.0,320240728.0,,29.471,7433200000.0,167800000.0,1357800000.0,652000000.0,23.211,3563300000.0
41,BHI,MRT,2006-12-31,2006-12-31,2006-12-31,2019-04-16,-187200000.0,8705700000.0,8611350000.0,4967800000.0,3737900000.0,1.048,16.346,-787000000.0,750000000.0,750000000.0,5876000000.0,2419000000.0,3.063,0.66,1075100000.0,1300000.0,1073800000.0,1075100000.0,0.0,434000000.0,0.0,0.007,0.52,3826000000.0,4260000000.0,0.472,4260000000.0,3826000000.0,3757000000.0,7.32,7.27,7.32,5242900000.0,5192675000.0,5242900000.0,23978270112.0,6.0,5.629,-197000000.0,-0.614,1.0,3151000000.0,0.349,1537400000.0,69000000.0,5871500000.0,5614025000.0,1528800000.0,353700000.0,353700000.0,0.0,3462800000.0,1621900000.0,1840900000.0,23946270112.0,53000000.0,2440000000.0,-1764000000.0,-9000000.0,-172000000.0,-1926000000.0,1376000000.0,-277000000.0,590000000.0,13000000.0,2419000000.0,2419000000.0,2419000000.0,-20000000.0,0.0,0.268,1217000000.0,1934000000.0,648800000.0,0.071,4.567,9.899,10.199,1800500000.0,0.0,74.66,2.653,2.653,2055100000.0,3509600000.0,9027000000.0,9027000000.0,339000000.0,0.281,0.466,0.682,0.424,46000000.0,878000000.0,1.0,320737612.0,320737612.0,,28.145,7168300000.0,167800000.0,1338000000.0,450200000.0,22.349,3345900000.0
42,BHI,MRT,2006-09-30,2006-09-30,2006-09-30,2019-04-16,-147000000.0,8778000000.0,8386775000.0,5147100000.0,3630900000.0,1.021,15.788,-636600000.0,1049100000.0,1049100000.0,5414500000.0,2350700000.0,3.031,0.69,1081100000.0,6200000.0,1074900000.0,1081100000.0,0.0,414900000.0,0.0,0.008,0.52,3719100000.0,4134000000.0,0.483,4134000000.0,3719100000.0,3649300000.0,7.0,6.97,7.0,5193400000.0,5056400000.0,5193400000.0,22001828700.0,6.0,5.322,-34200000.0,-0.104,1.0,3149600000.0,0.368,1531500000.0,69800000.0,5580300000.0,5485750000.0,1452100000.0,311900000.0,292500000.0,19400000.0,3584600000.0,1698200000.0,1886400000.0,22434628700.0,307000000.0,2407900000.0,-1608400000.0,-15400000.0,-175400000.0,-1786900000.0,1478800000.0,-292500000.0,602400000.0,12700000.0,2350700000.0,2350700000.0,2350700000.0,-21800000.0,0.0,0.274,1350900000.0,1798700000.0,665500000.0,0.074,4.32,9.544,9.743,1619200000.0,0.0,68.2,2.62,2.62,2067600000.0,3224900000.0,8564100000.0,8564100000.0,547800000.0,0.28,0.465,0.678,0.434,37800000.0,803100000.0,1.0,328953500.0,328953500.0,,26.034,7246500000.0,201600000.0,1298600000.0,670400000.0,22.029,3448900000.0
43,BHI,MRT,2006-06-30,2006-06-30,2006-06-30,2019-04-16,-159400000.0,8935600000.0,8068050000.0,5425500000.0,3510100000.0,0.996,15.79,-540400000.0,1509000000.0,1509000000.0,5264000000.0,2214000000.0,3.215,0.661,1076200000.0,300000.0,1075900000.0,1076200000.0,0.0,401100000.0,0.0,0.006,0.505,3526200000.0,3927300000.0,0.489,3927300000.0,3526200000.0,3455700000.0,6.55,6.53,6.55,5380800000.0,4893150000.0,5380800000.0,28416588198.0,8.0,7.236,217100000.0,0.637,1.0,2775500000.0,0.345,1531400000.0,70500000.0,5283900000.0,5371275000.0,1317300000.0,484000000.0,464500000.0,19500000.0,3554800000.0,1687500000.0,1867300000.0,27891388198.0,1031700000.0,2442300000.0,-1001700000.0,-18600000.0,-171900000.0,-1179000000.0,1437300000.0,-464500000.0,757500000.0,15900000.0,2214000000.0,2214000000.0,2214000000.0,-23100000.0,0.0,0.275,1180200000.0,1595300000.0,573800000.0,0.077,5.184,12.598,12.496,1509600000.0,0.0,81.85,3.469,3.469,1890900000.0,2908800000.0,8039500000.0,8039500000.0,460000000.0,0.274,0.452,0.656,0.439,29500000.0,720200000.0,1.0,340762226.0,340762226.0,,23.593,7404200000.0,174800000.0,1241700000.0,816200000.0,21.728,3738000000.0
44,BHI,MRT,2006-03-31,2006-03-31,2006-03-31,2019-04-16,-188400000.0,8026100000.0,7618075000.0,3901200000.0,4124900000.0,0.998,14.473,-453600000.0,558200000.0,558200000.0,5139200000.0,1037800000.0,2.995,0.62,1083400000.0,6400000.0,1077000000.0,1083400000.0,0.0,390000000.0,0.0,0.007,0.49,1581600000.0,1971600000.0,0.259,1971600000.0,1581600000.0,1511400000.0,3.05,3.03,3.05,4953600000.0,4616775000.0,4953600000.0,23802024839.0,15.0,12.072,551200000.0,1.61,1.0,2465400000.0,0.324,1528400000.0,70200000.0,5720400000.0,5346900000.0,1214600000.0,804800000.0,83900000.0,720900000.0,3072500000.0,1302500000.0,1770000000.0,23411124839.0,272100000.0,-9200000.0,7700000.0,-23300000.0,-166800000.0,-181700000.0,-546800000.0,-83900000.0,1004800000.0,-4200000.0,1037800000.0,1037800000.0,1037800000.0,-23900000.0,0.0,0.136,1058000000.0,1407400000.0,580900000.0,0.161,4.726,22.558,22.426,1412200000.0,0.0,68.4,3.079,3.079,1789000000.0,1558000000.0,7604600000.0,7604600000.0,378000000.0,0.136,0.225,0.296,0.208,19000000.0,680000000.0,1.0,342267907.0,342267907.0,,22.218,6497700000.0,184100000.0,473600000.0,458200000.0,18.984,2598700000.0
45,BHI,MRT,2005-12-31,2005-12-31,2005-12-31,2019-04-16,-188000000.0,7807400000.0,7323550000.0,3840100000.0,3967300000.0,0.981,13.743,-388200000.0,697000000.0,697000000.0,5023700000.0,878400000.0,2.822,0.662,1087900000.0,9900000.0,1078000000.0,1087900000.0,0.0,382400000.0,0.0,0.008,0.475,1355500000.0,1737900000.0,0.242,1737900000.0,1355500000.0,1283200000.0,2.59,2.57,2.59,4697800000.0,4400150000.0,4697800000.0,21133789990.0,16.0,12.161,567200000.0,1.659,1.0,2161800000.0,0.301,1479200000.0,72300000.0,5358400000.0,5212525000.0,1126300000.0,755900000.0,77000000.0,678900000.0,3109600000.0,1360700000.0,1748900000.0,20777289990.0,378000000.0,-100000.0,129600000.0,-71100000.0,-161100000.0,-108100000.0,-465400000.0,-77000000.0,955400000.0,-3900000.0,878400000.0,878400000.0,878400000.0,-4900000.0,0.0,0.122,928400000.0,1233400000.0,558100000.0,0.183,4.423,23.654,23.467,1355500000.0,0.0,60.78,2.892,2.892,1673400000.0,1263200000.0,7185500000.0,7185500000.0,299600000.0,0.12,0.2,0.26,0.189,9200000.0,628800000.0,1.0,341844192.0,341844192.0,,21.02,6328200000.0,181200000.0,404800000.0,369600000.0,18.512,2479400000.0
46,BHI,MRT,2005-09-30,2005-09-30,2005-09-30,2019-04-16,-159800000.0,7503100000.0,7077025000.0,3653600000.0,3849500000.0,0.968,13.328,-331800000.0,742100000.0,742100000.0,4480600000.0,800100000.0,2.885,0.653,1098600000.0,19500000.0,1079100000.0,1098600000.0,0.0,378800000.0,0.0,0.008,0.46,1235700000.0,1614500000.0,0.236,1614500000.0,1235700000.0,1160100000.0,2.36,2.36,2.36,4540400000.0,4199550000.0,4540400000.0,20946907216.0,17.0,12.974,585700000.0,1.719,1.0,2370400000.0,0.346,1470900000.0,75600000.0,5122400000.0,5126000000.0,1145100000.0,665500000.0,0.0,665500000.0,2962700000.0,1266300000.0,1696400000.0,20331507216.0,635300000.0,24600000.0,218800000.0,-17500000.0,-155500000.0,40300000.0,-301800000.0,0.0,917500000.0,-20700000.0,800100000.0,800100000.0,800100000.0,-6200000.0,0.0,0.117,1236900000.0,1133500000.0,509000000.0,0.195,4.478,25.411,25.288,1318400000.0,0.0,59.68,2.968,2.968,1526300000.0,1049600000.0,6851000000.0,6851000000.0,271700000.0,0.113,0.191,0.241,0.18,9300000.0,965200000.0,1.0,340675389.0,340675389.0,,20.11,6032200000.0,191900000.0,360000000.0,340100000.0,17.707,2387300000.0
47,BHI,MRT,2005-06-30,2005-06-30,2005-06-30,2019-04-16,-164500000.0,7135700000.0,6778150000.0,3294300000.0,3841400000.0,0.974,12.619,-272400000.0,477300000.0,477300000.0,4364400000.0,715700000.0,2.864,0.669,1092700000.0,12500000.0,1080200000.0,1092700000.0,0.0,373100000.0,0.0,0.009,0.46,1108100000.0,1481200000.0,0.224,1481200000.0,1108100000.0,1034400000.0,2.12,2.12,2.12,4275300000.0,3979350000.0,4275300000.0,18149082709.0,16.0,12.253,606700000.0,1.791,1.0,2239900000.0,0.339,1414500000.0,73700000.0,5186400000.0,5062850000.0,1102600000.0,706800000.0,0.0,706800000.0,2860400000.0,1150200000.0,1710200000.0,17332882709.0,429900000.0,25000000.0,192000000.0,-215300000.0,-154800000.0,-183600000.0,-243000000.0,0.0,879100000.0,-22600000.0,715700000.0,715700000.0,715700000.0,-5100000.0,0.0,0.108,1210600000.0,1029300000.0,475100000.0,0.217,4.054,24.218,24.132,1308300000.0,0.0,51.16,2.624,2.624,1472000000.0,866800000.0,6604300000.0,6604300000.0,271700000.0,0.106,0.18,0.219,0.168,6700000.0,938900000.0,1.0,338797551.0,338797551.0,,19.493,5721200000.0,188300000.0,318700000.0,354300000.0,16.887,2144100000.0
48,BHI,MRT,2005-03-31,2005-03-31,2005-03-31,2019-04-16,-128600000.0,6848000000.0,6561675000.0,2995900000.0,3852100000.0,0.965,12.085,-244200000.0,286100000.0,286100000.0,4219700000.0,613800000.0,2.819,0.676,1102300000.0,25500000.0,1076800000.0,1102300000.0,0.0,370700000.0,0.0,0.01,0.46,984100000.0,1354800000.0,0.214,1354800000.0,984100000.0,906500000.0,1.82,1.83,1.82,4087100000.0,3783475000.0,4087100000.0,15889171338.0,16.0,11.728,462500000.0,1.368,1.0,2115200000.0,0.334,1418600000.0,77600000.0,5182900000.0,5003350000.0,1064200000.0,695800000.0,0.0,695800000.0,2760900000.0,1062700000.0,1698200000.0,15045871338.0,130400000.0,12000000.0,159100000.0,-334800000.0,-154100000.0,-329800000.0,-232500000.0,0.0,706700000.0,-14000000.0,613800000.0,613800000.0,613800000.0,-4500000.0,0.0,0.097,1191700000.0,923500000.0,444800000.0,0.253,3.681,24.513,24.445,1309500000.0,0.0,44.49,2.375,2.375,1408800000.0,687000000.0,6334900000.0,6334900000.0,271700000.0,0.094,0.162,0.197,0.155,4500000.0,920000000.0,1.0,338185465.0,338185465.0,,18.732,5429400000.0,183400000.0,292700000.0,350100000.0,16.055,1933200000.0
49,BHI,MRT,2004-12-31,2004-12-31,2004-12-31,2019-04-16,-109800000.0,6821300000.0,6434700000.0,2968500000.0,3852800000.0,0.945,11.612,-241300000.0,319000000.0,319000000.0,4079300000.0,528600000.0,2.413,0.751,1162300000.0,76000000.0,1086300000.0,1162300000.0,0.0,371600000.0,0.0,0.013,0.565,862800000.0,1234400000.0,0.203,1234400000.0,862800000.0,779200000.0,1.58,1.58,1.58,3895400000.0,3615650000.0,3895400000.0,15329090947.0,18.0,12.418,542400000.0,1.617,1.0,2000300000.0,0.329,1422100000.0,83600000.0,5012300000.0,4938550000.0,1025300000.0,678100000.0,0.0,678100000.0,2925900000.0,1230200000.0,1695700000.0,14314490947.0,220600000.0,45000000.0,115900000.0,-314500000.0,-153600000.0,-352200000.0,-196800000.0,0.0,783700000.0,-14100000.0,528600000.0,528600000.0,528600000.0,-3300000.0,0.0,0.087,1183900000.0,816400000.0,452100000.0,0.358,3.675,27.08,27.006,1332200000.0,0.0,42.67,2.355,2.355,1351200000.0,545900000.0,6079600000.0,6079600000.0,271700000.0,0.082,0.146,0.175,0.142,2500000.0,912200000.0,1.0,335469673.0,335469673.0,,18.123,5399200000.0,199700000.0,250600000.0,336700000.0,16.094,1738300000.0
50,BHI,MRT,2004-09-30,2004-09-30,2004-09-30,2019-04-16,-156200000.0,6307600000.0,6333500000.0,2599600000.0,3708000000.0,0.921,10.965,-272100000.0,106800000.0,106800000.0,4199000000.0,450600000.0,2.466,0.724,1121400000.0,24100000.0,1097300000.0,1121400000.0,0.0,366300000.0,0.0,0.013,0.565,765900000.0,1132200000.0,0.194,1132200000.0,765900000.0,678100000.0,1.34,1.34,1.34,3659600000.0,3479400000.0,3659600000.0,15856037846.0,21.0,14.005,565800000.0,1.695,1.0,1634600000.0,0.28,1398100000.0,87800000.0,4869800000.0,4954300000.0,1045900000.0,685200000.0,0.0,685200000.0,2648000000.0,1054300000.0,1593700000.0,14591537846.0,55400000.0,51500000.0,-9600000.0,-402900000.0,-153400000.0,-554500000.0,-227300000.0,0.0,837900000.0,-700000.0,450600000.0,450600000.0,450600000.0,1700000.0,0.0,0.077,904800000.0,729800000.0,420600000.0,0.422,3.987,32.382,32.627,1333200000.0,0.0,43.72,2.501,2.501,1259000000.0,405000000.0,5833600000.0,5833600000.0,0.0,0.071,0.13,0.155,0.131,0.0,904800000.0,1.0,333749722.0,333749722.0,,17.479,4909500000.0,150200000.0,227500000.0,0.0,14.71,1545300000.0
51,BHI,MRT,2004-06-30,2004-06-30,2004-06-30,2019-04-16,-172600000.0,6269800000.0,6306450000.0,2541100000.0,3728700000.0,0.892,10.483,-324200000.0,47400000.0,47400000.0,4063000000.0,214300000.0,2.14,0.796,1311900000.0,197600000.0,1114300000.0,1311900000.0,0.0,363600000.0,0.0,0.015,0.565,489700000.0,853300000.0,0.152,853300000.0,489700000.0,393700000.0,0.63,0.64,0.63,3491800000.0,3399925000.0,3491800000.0,13837280966.0,28.0,16.216,454300000.0,1.364,1.0,1561300000.0,0.278,1398700000.0,96000000.0,4948400000.0,5095100000.0,1036100000.0,671200000.0,0.0,671200000.0,2778000000.0,1187200000.0,1590800000.0,12541080966.0,-23600000.0,21600000.0,-54600000.0,-295000000.0,-153500000.0,-491700000.0,-308000000.0,0.0,778500000.0,-2400000.0,214300000.0,214300000.0,214300000.0,40800000.0,0.0,0.038,867900000.0,693400000.0,425200000.0,0.897,3.592,58.521,59.762,1358500000.0,0.0,37.65,2.23,2.23,1234100000.0,305500000.0,5624300000.0,5624300000.0,0.0,0.034,0.063,0.096,0.087,0.0,869000000.0,1.0,333096440.0,333096440.0,,16.885,4871100000.0,149000000.0,179400000.0,0.0,14.624,1353900000.0
52,BHI,MRT,2004-03-31,2004-03-31,2004-03-31,2019-04-16,-160200000.0,6340100000.0,6348350000.0,2601500000.0,3738600000.0,0.855,10.27,-324500000.0,155700000.0,155700000.0,3931500000.0,179000000.0,1.979,0.856,1451900000.0,351700000.0,1100200000.0,1451900000.0,0.0,356400000.0,0.0,0.015,0.565,445400000.0,801800000.0,0.148,801800000.0,445400000.0,345400000.0,0.52,0.53,0.52,3415800000.0,3391925000.0,3415800000.0,13519343249.0,30.0,16.861,437200000.0,1.314,1.0,1499500000.0,0.276,1398200000.0,100000000.0,4923700000.0,5274800000.0,1062500000.0,667100000.0,0.0,667100000.0,2924300000.0,1314400000.0,1609900000.0,12133343249.0,104000000.0,10700000.0,-122800000.0,-88900000.0,-153900000.0,-338700000.0,-315300000.0,0.0,761700000.0,-3700000.0,179000000.0,179000000.0,179000000.0,41800000.0,0.0,0.033,842400000.0,657100000.0,432200000.0,1.087,3.552,67.784,70.154,1382600000.0,0.0,36.48,2.234,2.234,1152800000.0,227300000.0,5431000000.0,5431000000.0,0.0,0.028,0.053,0.084,0.082,0.0,843500000.0,1.0,332602611.0,332602611.0,,16.329,4941900000.0,175700000.0,166400000.0,0.0,14.858,1287100000.0
53,BHI,MRT,2003-12-31,2003-12-31,2003-12-31,2019-04-16,-151100000.0,6416500000.0,6335150000.0,2533000000.0,3883500000.0,0.826,10.006,-337100000.0,98400000.0,98400000.0,3807500000.0,128900000.0,1.913,0.915,1484400000.0,351400000.0,1133000000.0,1484400000.0,0.0,347300000.0,0.0,0.014,0.46,377600000.0,724900000.0,0.139,724900000.0,377600000.0,274500000.0,0.38,0.38,0.38,3350400000.0,3394275000.0,3350400000.0,12241477076.0,32.0,16.887,319000000.0,0.953,1.0,1425800000.0,0.272,1402800000.0,103100000.0,5075300000.0,5406175000.0,1013400000.0,691300000.0,0.0,691300000.0,3066100000.0,1324400000.0,1741700000.0,10768677076.0,-45500000.0,-23600000.0,-119600000.0,-88800000.0,-154300000.0,-335800000.0,-362200000.0,0.0,656100000.0,-3600000.0,128900000.0,128900000.0,128900000.0,41300000.0,0.0,0.025,823500000.0,602300000.0,386400000.0,1.211,3.214,83.543,84.632,1395100000.0,0.0,32.16,2.058,2.058,1141800000.0,170900000.0,5233300000.0,5233300000.0,0.0,0.02,0.038,0.07,0.072,0.0,824600000.0,1.0,334846924.0,334846924.0,,15.629,5013700000.0,172600000.0,145600000.0,260500000.0,14.973,1208600000.0
54,BHI,MRT,2003-09-30,2003-09-30,2003-09-30,2019-04-16,-178900000.0,6199400000.0,6331225000.0,2496600000.0,3702800000.0,0.799,9.984,-357000000.0,51400000.0,51400000.0,3686300000.0,25800000.0,2.884,0.855,1524200000.0,0.0,1524200000.0,1524200000.0,0.0,354400000.0,0.0,0.016,0.46,258300000.0,612700000.0,0.121,612700000.0,258300000.0,152100000.0,0.06,0.08,0.06,3341700000.0,3405975000.0,3341700000.0,11438948781.0,44.0,18.67,178300000.0,0.533,1.0,1369400000.0,0.271,1373600000.0,106200000.0,5433000000.0,5477800000.0,1060900000.0,704200000.0,0.0,704200000.0,2857700000.0,865600000.0,1992100000.0,9903648781.0,-25400000.0,29500000.0,-45800000.0,-43200000.0,-154300000.0,-227800000.0,-329200000.0,0.0,535300000.0,-3700000.0,25800000.0,25800000.0,25800000.0,39400000.0,0.0,0.005,785900000.0,583500000.0,361400000.0,7.667,2.964,383.862,493.167,1350800000.0,0.0,29.59,1.959,1.959,1163900000.0,107800000.0,5055700000.0,5055700000.0,0.0,0.004,0.008,0.047,0.051,0.0,787000000.0,1.0,334695802.0,334695802.0,,15.105,4825800000.0,0.0,126300000.0,121700000.0,14.418,1631000000.0
55,BHI,MRT,2003-06-30,2003-06-30,2003-06-30,2019-04-16,-194700000.0,6437400000.0,6427075000.0,2536300000.0,3901100000.0,0.775,10.277,-317100000.0,71000000.0,71000000.0,3603600000.0,189300000.0,2.731,0.861,1606300000.0,34700000.0,1571600000.0,1606300000.0,0.0,340000000.0,0.0,0.014,0.46,458300000.0,798300000.0,0.16,798300000.0,458300000.0,350000000.0,0.55,0.56,0.55,3459800000.0,3433000000.0,3459800000.0,12766698935.0,28.0,15.992,304200000.0,0.904,1.0,1374400000.0,0.276,1376800000.0,108300000.0,5667200000.0,5480275000.0,1081400000.0,899500000.0,0.0,899500000.0,2977600000.0,928700000.0,2048900000.0,11301198935.0,39200000.0,27600000.0,-83900000.0,-71000000.0,-154800000.0,-278400000.0,-293000000.0,0.0,621300000.0,-10700000.0,189300000.0,189300000.0,189300000.0,24600000.0,0.0,0.038,799300000.0,575100000.0,396300000.0,0.836,3.266,59.7,61.036,1362400000.0,0.0,33.57,2.27,2.27,1174100000.0,245100000.0,4978000000.0,4978000000.0,0.0,0.029,0.055,0.084,0.092,0.0,799300000.0,1.0,336645783.0,336645783.0,,14.787,5060600000.0,0.0,160700000.0,117000000.0,15.032,1607600000.0
56,BHI,MRT,2003-03-31,2003-03-31,2003-03-31,2019-04-16,-244900000.0,6287300000.0,6473050000.0,2449900000.0,3837400000.0,0.76,10.167,-308200000.0,51700000.0,51700000.0,3565200000.0,180100000.0,2.607,0.836,1517200000.0,93800000.0,1423400000.0,1517200000.0,0.0,330200000.0,0.0,0.015,0.46,440500000.0,770700000.0,0.157,770700000.0,440500000.0,329400000.0,0.52,0.53,0.52,3425200000.0,3428875000.0,3425200000.0,11487206828.0,26.0,14.905,416500000.0,1.236,1.0,1352200000.0,0.275,1364000000.0,111100000.0,5449200000.0,5508225000.0,1053800000.0,870800000.0,0.0,870800000.0,2862100000.0,939600000.0,1922500000.0,10083306828.0,15200000.0,38400000.0,-23400000.0,-270600000.0,-154800000.0,-433000000.0,-272500000.0,0.0,724700000.0,-4000000.0,180100000.0,180100000.0,180100000.0,20000000.0,0.0,0.037,809600000.0,542600000.0,382000000.0,0.885,2.944,55.987,57.558,1342600000.0,0.0,29.93,2.051,2.051,1133500000.0,202200000.0,4917400000.0,4917400000.0,0.0,0.028,0.053,0.08,0.09,0.0,811500000.0,1.0,336896319.0,336896319.0,,14.596,4923300000.0,0.0,149300000.0,151500000.0,14.614,1510300000.0
57,BHI,MRT,2002-12-31,2002-12-31,2002-12-31,2019-04-16,-246500000.0,6400800000.0,6555025000.0,2568300000.0,3832500000.0,0.741,10.12,-278200000.0,143900000.0,143900000.0,3490100000.0,168900000.0,2.376,0.884,1547800000.0,123500000.0,1424300000.0,1547800000.0,0.0,319600000.0,0.0,0.014,0.46,439000000.0,758600000.0,0.156,758600000.0,439000000.0,327900000.0,0.5,0.5,0.5,3397200000.0,3411125000.0,3397200000.0,12272316968.0,28.0,16.178,428200000.0,1.276,1.0,1370100000.0,0.282,1362100000.0,111100000.0,5361800000.0,5625525000.0,996500000.0,872000000.0,0.0,872000000.0,3003600000.0,1080800000.0,1922800000.0,10805816968.0,105200000.0,-2200000.0,-10800000.0,-162400000.0,-154900000.0,-312300000.0,-283100000.0,0.0,706400000.0,-5800000.0,168900000.0,168900000.0,168900000.0,16400000.0,0.0,0.035,807700000.0,562400000.0,377100000.0,0.92,3.181,63.978,64.38,1343200000.0,0.0,32.19,2.223,2.223,1101900000.0,196300000.0,4860200000.0,4860200000.0,0.0,0.026,0.05,0.078,0.09,0.0,807700000.0,1.0,335688629.0,335688629.0,,14.478,5038700000.0,134200000.0,159000000.0,166700000.0,15.01,1487500000.0
58,BHI,MRT,2002-09-30,2002-09-30,2002-09-30,2019-04-16,-242600000.0,6582800000.0,6623875000.0,2650200000.0,3932600000.0,0.734,10.224,-247400000.0,81600000.0,81600000.0,3473100000.0,296400000.0,2.131,0.908,1548100000.0,101800000.0,1446300000.0,1548100000.0,0.0,313700000.0,0.0,0.016,0.46,596200000.0,909900000.0,0.187,909900000.0,596200000.0,483600000.0,0.88,0.88,0.88,3449800000.0,3393775000.0,3449800000.0,11409424567.0,19.0,12.539,551200000.0,1.634,1.0,1391100000.0,0.286,1362500000.0,112600000.0,5442900000.0,5717250000.0,1047100000.0,956800000.0,0.0,956800000.0,3133000000.0,1243900000.0,1889100000.0,9795224567.0,49800000.0,-45700000.0,5200000.0,-301600000.0,-155100000.0,-435700000.0,-310500000.0,0.0,798600000.0,-2600000.0,296400000.0,296400000.0,296400000.0,7700000.0,0.0,0.061,784900000.0,606200000.0,531000000.0,0.523,2.839,33.047,32.989,1363000000.0,0.0,29.03,2.014,2.014,1204300000.0,236300000.0,4864200000.0,4864200000.0,0.0,0.045,0.087,0.104,0.123,0.0,797000000.0,1.0,337417312.0,337417312.0,,14.416,5220300000.0,0.0,187200000.0,178700000.0,15.471,1406300000.0
59,BHI,MRT,2002-06-30,2002-06-30,2002-06-30,2019-04-16,-257500000.0,6621300000.0,6658675000.0,2642600000.0,3978700000.0,0.751,10.207,-243600000.0,35400000.0,35400000.0,3555900000.0,368800000.0,2.462,0.923,1649600000.0,8300000.0,1641300000.0,1649600000.0,0.0,320300000.0,0.0,0.014,0.46,693400000.0,1013700000.0,0.203,1013700000.0,693400000.0,577600000.0,1.1,1.1,1.1,3443300000.0,3347575000.0,3443300000.0,12960983215.0,19.0,12.786,489300000.0,1.45,1.0,1441600000.0,0.288,1383000000.0,115800000.0,5779000000.0,5822925000.0,1086000000.0,956000000.0,0.0,956000000.0,3178000000.0,1073500000.0,2104500000.0,11229883215.0,-200000.0,-42300000.0,40500000.0,-317800000.0,-154700000.0,-432000000.0,-302800000.0,0.0,732900000.0,1700000.0,368800000.0,368800000.0,368800000.0,-17100000.0,0.0,0.074,780600000.0,661000000.0,573800000.0,0.418,3.261,30.45,30.264,1384700000.0,0.0,33.29,2.247,2.247,1291200000.0,210600000.0,4997500000.0,4997500000.0,0.0,0.055,0.11,0.119,0.139,0.0,796100000.0,1.0,337335032.0,337335032.0,,14.815,5238300000.0,0.0,208800000.0,205500000.0,15.528,1569100000.0
60,BHI,MRT,2002-03-31,2002-03-31,2002-03-31,2019-04-16,-311200000.0,6615200000.0,6645675000.0,2663000000.0,3952200000.0,0.767,9.961,-240400000.0,41500000.0,41500000.0,3616500000.0,400200000.0,2.551,0.972,1772600000.0,13700000.0,1758900000.0,1772600000.0,0.0,325800000.0,0.0,0.012,0.46,745800000.0,1071600000.0,0.21,1071600000.0,745800000.0,625100000.0,1.2,1.2,1.2,3354200000.0,3274150000.0,3354200000.0,14529644307.0,19.0,13.559,457500000.0,1.359,1.0,1477900000.0,0.29,1384100000.0,120700000.0,5918400000.0,5862050000.0,1062000000.0,953300000.0,0.0,953300000.0,3261000000.0,1043800000.0,2217200000.0,12880444307.0,11200000.0,-48200000.0,41100000.0,-264600000.0,-154600000.0,-378100000.0,-305500000.0,0.0,697900000.0,-3100000.0,400200000.0,400200000.0,400200000.0,-13300000.0,0.0,0.079,761400000.0,716500000.0,539900000.0,0.383,3.84,32.185,31.875,1366900000.0,0.0,38.25,2.528,2.528,1321400000.0,176900000.0,5094400000.0,5094400000.0,0.0,0.06,0.122,0.127,0.146,0.0,775000000.0,1.0,336743642.0,336743642.0,,15.128,5231100000.0,0.0,224900000.0,200700000.0,15.534,1619200000.0
61,BHI,MRT,2001-12-31,2001-12-31,2001-12-31,2019-04-16,-309800000.0,6676200000.0,6606725000.0,2806700000.0,3869500000.0,0.762,9.908,-248400000.0,38700000.0,38700000.0,3564500000.0,438000000.0,2.303,1.006,1694600000.0,12200000.0,1682400000.0,1694600000.0,0.0,339500000.0,0.0,0.013,0.46,787900000.0,1127400000.0,0.224,1127400000.0,787900000.0,661600000.0,1.31,1.3,1.31,3327800000.0,3207450000.0,3327800000.0,14047047902.0,18.0,12.46,499700000.0,1.488,1.0,1473100000.0,0.292,1384800000.0,126300000.0,5728700000.0,5879625000.0,1031900000.0,929000000.0,0.0,929000000.0,3348400000.0,1218600000.0,2129800000.0,12249347902.0,14300000.0,9000000.0,50100000.0,-369700000.0,-154400000.0,-474000000.0,-256100000.0,0.0,748100000.0,-3700000.0,438000000.0,438000000.0,438000000.0,-6300000.0,0.0,0.087,748500000.0,724600000.0,537200000.0,0.351,3.681,27.967,27.84,1297000000.0,0.0,36.47,2.432,2.432,0.0,182300000.0,5037600000.0,5037600000.0,0.0,0.066,0.137,0.134,0.156,0.0,755100000.0,1.0,335874634.0,335874634.0,,14.998,5291400000.0,0.0,223600000.0,204400000.0,15.754,1588100000.0
62,BHI,MRT,2001-09-30,2001-09-30,2001-09-30,2019-04-16,-274600000.0,6722000000.0,6559950000.0,2788300000.0,3933700000.0,0.769,9.724,-80400000.0,37200000.0,37200000.0,3666300000.0,271000000.0,2.339,1.059,1834900000.0,12800000.0,1822100000.0,1834900000.0,0.0,356000000.0,0.0,0.016,0.46,592500000.0,948500000.0,0.188,948500000.0,592500000.0,447800000.0,0.81,0.81,0.81,3265000000.0,3137175000.0,3265000000.0,11641975855.0,20.0,12.274,534600000.0,1.592,1.0,1380700000.0,0.274,1461800000.0,144700000.0,5865600000.0,5955325000.0,1073800000.0,897800000.0,0.0,897800000.0,3457000000.0,1192300000.0,2264700000.0,9720275855.0,-15500000.0,0.0,80300000.0,-698100000.0,-153800000.0,-395900000.0,-224100000.0,0.0,615000000.0,-10500000.0,271000000.0,271000000.0,271000000.0,-41300000.0,0.0,0.054,866500000.0,514200000.0,589100000.0,0.568,2.977,35.868,35.741,1340300000.0,0.0,28.95,1.926,1.926,1415800000.0,95000000.0,5047000000.0,5047000000.0,0.0,0.041,0.086,0.099,0.117,0.0,762600000.0,1.0,335760824.0,335760824.0,,15.032,5260200000.0,0.0,176800000.0,245500000.0,15.667,1596000000.0
63,BHI,MRT,2001-06-30,2001-06-30,2001-06-30,2019-04-16,-290700000.0,6569300000.0,6629975000.0,2618000000.0,3951300000.0,0.757,9.384,-240300000.0,42200000.0,42200000.0,3717900000.0,199100000.0,2.41,1.086,1963900000.0,14300000.0,1949600000.0,1963900000.0,0.0,438100000.0,0.0,0.014,0.46,502800000.0,940900000.0,0.188,940900000.0,502800000.0,344700000.0,0.6,0.6,0.6,3149600000.0,3089925000.0,3149600000.0,13243174199.0,26.0,14.075,373900000.0,1.114,1.0,1298400000.0,0.259,1469200000.0,158100000.0,5935500000.0,5990600000.0,1014400000.0,883600000.0,0.0,883600000.0,3419700000.0,1086300000.0,2333400000.0,11244174199.0,-17000000.0,-31400000.0,100400000.0,-805200000.0,-153300000.0,-364700000.0,-258900000.0,14100000.0,614200000.0,-7600000.0,199100000.0,199100000.0,199100000.0,-40600000.0,0.0,0.04,851000000.0,447400000.0,521400000.0,0.767,3.57,56.475,55.833,1355500000.0,0.0,33.5,2.242,2.242,1315600000.0,-3500000.0,5016300000.0,5016300000.0,0.0,0.03,0.064,0.084,0.1,0.0,745400000.0,1.0,335646991.0,335646991.0,,14.945,5100100000.0,0.0,145600000.0,173700000.0,15.195,1531700000.0
64,BHI,MRT,2001-03-31,2001-03-31,2001-03-31,2019-04-16,-283800000.0,6459400000.0,6749500000.0,2486400000.0,3973000000.0,0.73,9.221,-269700000.0,35500000.0,35500000.0,3724700000.0,158000000.0,2.515,1.092,2034500000.0,12000000.0,2022500000.0,2034500000.0,0.0,502000000.0,0.0,0.013,0.46,450500000.0,952500000.0,0.193,952500000.0,450500000.0,280700000.0,0.48,0.47,0.48,3087400000.0,3064675000.0,3087400000.0,14185321541.0,31.0,14.893,260100000.0,0.777,1.0,1205100000.0,0.244,1481100000.0,169800000.0,5988700000.0,6092450000.0,972300000.0,878200000.0,0.0,878200000.0,3372000000.0,988600000.0,2383400000.0,12157021541.0,-2100000.0,15300000.0,108700000.0,-757000000.0,-152600000.0,-307500000.0,-217300000.0,38400000.0,529800000.0,-7100000.0,158000000.0,158000000.0,158000000.0,-40600000.0,0.0,0.032,814200000.0,390900000.0,467800000.0,0.958,3.938,76.943,75.646,1339200000.0,0.0,36.31,2.466,2.466,1257000000.0,-68700000.0,4929800000.0,4929800000.0,0.0,0.023,0.052,0.074,0.091,0.0,732300000.0,1.0,334811940.0,334811940.0,,14.724,4978300000.0,0.0,122700000.0,152000000.0,14.869,1497800000.0
65,BHI,MRT,2000-12-31,2000-12-31,2000-12-31,2019-04-16,-251400000.0,6489100000.0,6913450000.0,2486600000.0,4002500000.0,0.715,9.176,-384900000.0,34600000.0,34600000.0,3823400000.0,102300000.0,2.517,1.13,2062900000.0,13300000.0,2049600000.0,2062900000.0,0.0,582800000.0,0.0,0.011,0.46,377000000.0,959800000.0,0.194,959800000.0,377000000.0,197100000.0,0.31,0.31,0.31,3046700000.0,3053200000.0,3046700000.0,16395173137.0,43.0,17.082,172300000.0,0.519,1.0,1118700000.0,0.226,1498100000.0,179900000.0,6031500000.0,6183975000.0,898500000.0,869300000.0,0.0,869300000.0,3442400000.0,987800000.0,2454600000.0,13798873137.0,12700000.0,0.0,70900000.0,-635400000.0,-152100000.0,-223200000.0,-313500000.0,72700000.0,557200000.0,-7800000.0,102300000.0,102300000.0,102300000.0,-40600000.0,0.0,0.021,796200000.0,322500000.0,469300000.0,1.484,4.529,134.886,134.065,1378700000.0,0.0,41.56,2.792,2.792,1310400000.0,-101300000.0,4942100000.0,4942100000.0,0.0,0.015,0.034,0.061,0.076,0.0,721300000.0,1.0,332022934.0,332022934.0,,14.885,4991000000.0,0.0,94800000.0,158600000.0,15.032,1498800000.0
66,BHI,MRT,2000-09-30,2000-09-30,2000-09-30,2019-04-16,-261400000.0,7002100000.0,7086700000.0,2445200000.0,4556900000.0,0.754,9.301,-567100000.0,53200000.0,53200000.0,4282800000.0,50500000.0,2.589,1.276,2649500000.0,8900000.0,2640600000.0,2649500000.0,268000000.0,664900000.0,0.0,0.012,0.46,285600000.0,950500000.0,0.178,950500000.0,285600000.0,105600000.0,0.14,0.13,0.14,3076000000.0,3059300000.0,3076000000.0,15111588486.0,53.0,15.899,-11700000.0,-0.035,1.0,1060900000.0,0.199,2647300000.0,180000000.0,6006700000.0,6189875000.0,833000000.0,0.0,0.0,0.0,3926100000.0,944400000.0,2981700000.0,12279188486.0,14900000.0,0.0,45100000.0,-232600000.0,-151800000.0,-225000000.0,-313100000.0,72700000.0,555400000.0,-2400000.0,50500000.0,50500000.0,50500000.0,-7700000.0,0.0,0.009,839800000.0,221100000.0,399100000.0,3.286,3.992,243.152,265.214,1909600000.0,0.0,37.13,2.298,2.298,1128400000.0,-19500000.0,5343700000.0,5343700000.0,0.0,0.007,0.017,0.046,0.053,0.0,822500000.0,1.0,330708012.0,330708012.0,,16.158,4354800000.0,0.0,55100000.0,73100000.0,13.168,1500800000.0
67,BHI,MRT,2000-06-30,2000-06-30,2000-06-30,2019-04-16,-231100000.0,7047400000.0,7145475000.0,2392200000.0,4655200000.0,0.715,9.232,-586500000.0,56100000.0,56100000.0,4159700000.0,-1500000.0,2.71,1.312,2888500000.0,90400000.0,2798100000.0,2888500000.0,218300000.0,703800000.0,0.0,0.014,0.46,202000000.0,905800000.0,0.177,905800000.0,202000000.0,25700000.0,-0.02,-0.03,-0.02,3048600000.0,3092725000.0,3048600000.0,13444657440.0,67.0,14.843,-126500000.0,-0.383,1.0,947900000.0,0.186,2654200000.0,176300000.0,6342900000.0,6308500000.0,808300000.0,0.0,0.0,0.0,3998800000.0,882700000.0,3116100000.0,10566757440.0,31200000.0,31400000.0,53400000.0,6600000.0,-151500000.0,-91500000.0,-337600000.0,58600000.0,460000000.0,300000.0,-1500000.0,-1500000.0,-1500000.0,-4300000.0,0.0,0.0,809800000.0,138100000.0,335900000.0,-23.0,3.466,-7044.505,-1600.0,2001000000.0,0.0,32.0,2.069,2.069,1055700000.0,-48200000.0,5107600000.0,5107600000.0,0.0,0.0,0.0,0.032,0.04,0.0,797000000.0,1.0,330211170.0,330211170.0,,15.468,4393200000.0,0.0,27200000.0,99700000.0,13.304,1509500000.0
68,BHI,MRT,2000-03-31,2000-03-31,2000-03-31,2019-04-16,-204200000.0,7115200000.0,7218025000.0,2414300000.0,4700900000.0,0.688,9.239,-592000000.0,30400000.0,30400000.0,4061400000.0,4300000.0,2.443,1.339,2908300000.0,113200000.0,2795100000.0,2908300000.0,239000000.0,758200000.0,0.0,0.015,0.46,186200000.0,944400000.0,0.19,944400000.0,186200000.0,13700000.0,0.0,0.0,0.0,3041500000.0,3134000000.0,3041500000.0,12813578300.0,69.0,13.568,-103700000.0,-0.315,1.0,901500000.0,0.182,2650100000.0,172500000.0,6354800000.0,6378625000.0,804300000.0,0.0,0.0,0.0,4073700000.0,988200000.0,3085500000.0,9958578300.0,4800000.0,0.0,49200000.0,18900000.0,-151300000.0,-83200000.0,-402200000.0,34300000.0,488300000.0,1900000.0,4300000.0,4300000.0,4300000.0,-1400000.0,0.0,0.001,765700000.0,135800000.0,368800000.0,,3.274,2315.948,,2050800000.0,0.0,30.25,2.007,2.007,1085700000.0,-71100000.0,4962900000.0,4962900000.0,0.0,0.001,0.001,0.029,0.038,0.0,762500000.0,1.0,329209200.0,329209200.0,,15.075,4465100000.0,0.0,9400000.0,51400000.0,13.563,1426100000.0
69,BHI,MRT,1999-12-31,1999-12-31,1999-12-31,2019-04-16,-188300000.0,7182100000.0,7307925000.0,2286400000.0,4895700000.0,0.675,9.329,-640400000.0,15600000.0,15600000.0,4009800000.0,33300000.0,2.027,1.339,2818600000.0,112600000.0,2706000000.0,2818600000.0,241700000.0,790700000.0,0.0,0.022,0.46,225200000.0,1015900000.0,0.206,1015900000.0,225200000.0,58200000.0,0.1,0.1,0.1,3071100000.0,3163525000.0,3071100000.0,9788145752.0,43.0,9.635,-97200000.0,-0.295,1.0,926700000.0,0.188,2801800000.0,167000000.0,6055100000.0,6468600000.0,861500000.0,40200000.0,0.0,40200000.0,4111000000.0,1128200000.0,2982800000.0,6933145752.0,-600000.0,0.0,47600000.0,44700000.0,-150900000.0,-58600000.0,-486200000.0,0.0,543200000.0,1000000.0,33300000.0,33300000.0,33300000.0,0.0,0.0,0.007,745100000.0,181600000.0,474600000.0,4.6,2.258,208.203,210.6,2053700000.0,0.0,21.06,1.404,1.404,1184300000.0,-51500000.0,4936500000.0,4936500000.0,0.0,0.005,0.011,0.035,0.046,0.0,741900000.0,1.0,329209200.0,329209200.0,,14.995,4380300000.0,0.0,24900000.0,35100000.0,13.306,1158200000.0
70,BHI,MRT,1999-09-30,1999-09-30,1999-09-30,2019-04-16,-166600000.0,7237200000.0,7420625000.0,2372100000.0,4865100000.0,0.706,9.76,-858700000.0,34800000.0,34800000.0,4127500000.0,133400000.0,2.69,1.255,2885800000.0,109200000.0,2776600000.0,2885800000.0,259200000.0,813300000.0,0.0,0.016,0.46,346300000.0,1159600000.0,0.221,1159600000.0,346300000.0,182200000.0,0.42,0.42,0.42,3209700000.0,3187025000.0,3209700000.0,12395650000.0,36.0,10.69,-165900000.0,-0.504,1.0,1112600000.0,0.212,2725300000.0,164100000.0,6481200000.0,6595275000.0,841100000.0,0.0,0.0,0.0,4027500000.0,881700000.0,3145800000.0,9536650000.0,4900000.0,-30900000.0,29500000.0,190400000.0,-150700000.0,72600000.0,-761300000.0,0.0,692800000.0,800000.0,133400000.0,133400000.0,133400000.0,-6900000.0,0.0,0.025,785200000.0,327400000.0,343600000.0,1.095,2.971,71.489,69.048,2139800000.0,0.0,29.0,1.82,1.82,1009700000.0,79100000.0,5240100000.0,5240100000.0,0.0,0.018,0.042,0.053,0.066,0.0,747000000.0,1.0,328850000.0,328850000.0,,15.935,4511900000.0,0.0,48800000.0,110000000.0,13.72,1490400000.0
71,BHI,MRT,1999-06-30,1999-06-30,1999-06-30,2019-04-16,-158200000.0,7337600000.0,7579800000.0,2442100000.0,4895500000.0,0.736,9.815,-918100000.0,25000000.0,25000000.0,4642000000.0,-413400000.0,2.875,1.283,2882800000.0,32100000.0,2850700000.0,2882800000.0,313600000.0,811300000.0,0.0,0.014,0.46,-314400000.0,496900000.0,0.089,496900000.0,-314400000.0,-477200000.0,-1.27,-1.27,-1.27,3213700000.0,3193400000.0,3213700000.0,13860385250.0,-44.0,27.894,-308900000.0,-0.943,1.0,937500000.0,0.168,2722700000.0,162800000.0,6623400000.0,7095700000.0,871100000.0,0.0,0.0,0.0,4123900000.0,849300000.0,3274600000.0,10968285250.0,-62700000.0,3700000.0,17400000.0,396700000.0,-132500000.0,281600000.0,-910300000.0,0.0,609200000.0,-700000.0,-413400000.0,-413400000.0,-413400000.0,15400000.0,0.0,-0.074,1248300000.0,-310800000.0,361900000.0,-0.362,3.413,-26.532,-26.378,2172800000.0,0.0,33.5,1.966,1.966,1062400000.0,103700000.0,5579500000.0,5579500000.0,0.0,-0.055,-0.129,-0.044,-0.056,0.0,846700000.0,1.0,327411500.0,327411500.0,,17.041,4614900000.0,0.0,-63800000.0,110300000.0,14.095,1592800000.0
72,BHI,MRT,1999-03-31,1999-03-31,1999-03-31,2019-04-16,-175100000.0,7474800000.0,7046975000.0,2564300000.0,4910500000.0,0.852,9.664,-1152100000.0,29800000.0,29800000.0,4930500000.0,-363600000.0,2.765,1.366,2892100000.0,42700000.0,2849400000.0,2892100000.0,386600000.0,801900000.0,0.0,0.019,0.46,-221800000.0,580100000.0,0.097,580100000.0,-221800000.0,-379900000.0,-1.11,-1.12,-1.11,3159600000.0,3080050000.0,3159600000.0,10701855816.0,-48.0,18.448,-392200000.0,-1.2,1.0,1070600000.0,0.178,2695000000.0,158100000.0,6714700000.0,6507725000.0,930700000.0,0.0,0.0,0.0,4315200000.0,927400000.0,3387800000.0,7947755816.0,-4700000.0,-410100000.0,20900000.0,891500000.0,-114500000.0,797900000.0,-1560200000.0,0.0,759900000.0,-2300000.0,-363600000.0,-363600000.0,-363600000.0,7500000.0,0.0,-0.061,1295700000.0,-225100000.0,389100000.0,-0.414,2.515,-21.859,-21.901,2215500000.0,0.0,24.31,1.324,1.324,1139000000.0,72900000.0,6001100000.0,6001100000.0,0.0,-0.052,-0.118,-0.034,-0.037,0.0,860800000.0,1.0,326933600.0,326933600.0,,18.356,4779800000.0,0.0,-16300000.0,151800000.0,14.62,1636900000.0
73,BHI,MRT,1998-12-31,1998-12-31,1998-12-31,2019-04-16,-159900000.0,7632900000.0,6461675000.0,2753200000.0,4879700000.0,0.977,9.681,-1218200000.0,19500000.0,19500000.0,5138400000.0,-296100000.0,2.327,1.412,2770700000.0,44400000.0,2726300000.0,2770700000.0,405300000.0,758300000.0,0.0,0.026,0.46,-128700000.0,629600000.0,0.1,629600000.0,-128700000.0,-277700000.0,-0.92,-0.92,-0.92,3165100000.0,2963075000.0,3165100000.0,8453639368.0,-66.0,13.427,-408300000.0,-1.249,1.0,1172200000.0,0.186,2639000000.0,149000000.0,6561800000.0,5871200000.0,994300000.0,0.0,0.0,0.0,4467800000.0,1183300000.0,3284500000.0,5763839368.0,-25100000.0,-457600000.0,27100000.0,907800000.0,-96300000.0,838600000.0,-1675800000.0,0.0,809900000.0,2200000.0,-296100000.0,-296100000.0,-296100000.0,0.0,0.0,-0.047,1311200000.0,-139000000.0,487900000.0,-0.5,1.821,-19.466,-19.163,2240700000.0,0.0,17.63,0.913,0.913,1258200000.0,66100000.0,6310600000.0,6310600000.0,0.0,-0.046,-0.1,-0.022,-0.02,0.0,876300000.0,1.0,326933600.0,326933600.0,,19.302,4993900000.0,0.0,18400000.0,152900000.0,15.275,1569900000.0
74,BHI,MRT,1998-09-30,1998-09-30,1998-09-30,2019-04-16,-144600000.0,7873900000.0,6361100000.0,2862800000.0,5011100000.0,0.957,18.971,-1161100000.0,0.0,0.0,4760400000.0,-189400000.0,1.376,1.425,2689800000.0,806400000.0,1883400000.0,2689800000.0,417600000.0,687300000.0,0.0,0.022,0.46,21700000.0,709000000.0,0.116,709000000.0,21700000.0,-106700000.0,-0.57,-0.59,-0.57,3235200000.0,3051550000.0,3235200000.0,4737332900.0,218.0,6.682,-505500000.0,-2.964,1.0,1325800000.0,0.218,0.0,128400000.0,8482900000.0,5536350000.0,1082100000.0,0.0,0.0,0.0,4608700000.0,2080800000.0,2527900000.0,3581232900.0,-14900000.0,-469800000.0,49400000.0,777300000.0,-78200000.0,991600000.0,-1645600000.0,0.0,655600000.0,800000.0,-189400000.0,-189400000.0,-189400000.0,11800000.0,0.0,-0.031,1296400000.0,29400000.0,584100000.0,-0.807,1.107,-18.908,-36.842,2213900000.0,0.0,21.0,0.588,0.588,1513500000.0,131900000.0,6086200000.0,6086200000.0,0.0,-0.03,-0.062,0.004,0.004,0.0,939200000.0,1.0,170534900.0,170534900.0,,35.689,7873900000.0,0.0,82700000.0,226900000.0,46.172,782000000.0
75,BHI,MRT,1998-06-30,1998-06-30,1998-06-30,2019-04-16,-124100000.0,5206300000.0,5581700000.0,2435700000.0,2770600000.0,1.322,16.265,-1694400000.0,11600000.0,11600000.0,5444100000.0,198200000.0,2.407,0.886,1167700000.0,203700000.0,964000000.0,1167700000.0,0.0,938600000.0,0.0,0.013,0.46,602400000.0,1541000000.0,0.209,1541000000.0,602400000.0,457400000.0,,-0.01,,2760300000.0,2893900000.0,2760300000.0,7037552682.0,12.0,4.567,-518400000.0,-3.055,1.0,1934600000.0,0.262,1079000000.0,145000000.0,4271500000.0,4299975000.0,1187700000.0,0.0,0.0,0.0,2446000000.0,1011900000.0,1434100000.0,5865152682.0,57200000.0,-546600000.0,85700000.0,895200000.0,-78100000.0,1465900000.0,-2608200000.0,48500000.0,1176000000.0,-1700000.0,198200000.0,198200000.0,198200000.0,141000000.0,0.0,0.027,1196500000.0,738100000.0,390400000.0,,2.125,29.592,,1187200000.0,0.0,34.56,0.795,0.795,1081400000.0,465600000.0,7378700000.0,7378700000.0,0.0,0.036,0.068,0.14,0.082,0.0,1040300000.0,1.0,169709279.0,169709279.0,,43.478,4127300000.0,88200000.0,259200000.0,358400000.0,24.32,1423800000.0
76,BHI,MRT,1998-03-31,1998-03-31,1998-03-31,2019-04-16,-127700000.0,5133600000.0,,2453800000.0,2679800000.0,,15.882,-1444600000.0,9300000.0,9300000.0,4840800000.0,162400000.0,2.298,0.907,1181700000.0,219900000.0,961800000.0,1181700000.0,0.0,787000000.0,0.0,0.011,0.46,504900000.0,1291900000.0,0.191,1291900000.0,504900000.0,383400000.0,,0.17,,2691700000.0,,2691700000.0,7793077425.0,15.0,6.032,-446900000.0,-2.637,1.0,1922700000.0,0.284,1069800000.0,121500000.0,4168600000.0,,1197200000.0,0.0,0.0,0.0,2441900000.0,1067600000.0,1374300000.0,6821477425.0,8400000.0,-132800000.0,79200000.0,402500000.0,-75100000.0,969700000.0,-1939100000.0,48500000.0,997700000.0,-2600000.0,162400000.0,162400000.0,162400000.0,146000000.0,0.0,0.024,1277300000.0,645400000.0,443400000.0,,2.534,42.004,,1129600000.0,0.0,40.25,1.009,1.009,1105700000.0,403400000.0,6763500000.0,6763500000.0,0.0,,,,0.075,0.0,1114100000.0,1.0,169477700.0,169477700.0,,39.908,4063800000.0,75800000.0,221000000.0,290300000.0,23.978,1386200000.0
77,BHI,MRT,1997-12-31,1997-12-31,1997-12-31,2019-04-16,-125900000.0,7230600000.0,,2919800000.0,4310800000.0,,20.764,-1216100000.0,41900000.0,41900000.0,4216900000.0,108500000.0,2.06,1.055,1782600000.0,177300000.0,1605300000.0,1782600000.0,405400000.0,664200000.0,0.0,0.011,0.46,410300000.0,1074500000.0,0.176,1074500000.0,410300000.0,306300000.0,,0.2,,3519000000.0,,3519000000.0,,,,-335800000.0,-1.981,1.0,1872900000.0,0.308,2331800000.0,104000000.0,5222400000.0,,1145000000.0,0.0,0.0,0.0,3711600000.0,1417100000.0,2294500000.0,7394312051.0,6700000.0,-85300000.0,81000000.0,235600000.0,-72400000.0,807300000.0,-1659800000.0,48500000.0,880300000.0,-3800000.0,108500000.0,108500000.0,108500000.0,152100000.0,0.0,0.018,1314600000.0,558300000.0,601500000.0,,2.101,68.15,,1979000000.0,0.0,43.63,1.214,1.214,1519400000.0,494100000.0,6089800000.0,6089800000.0,0.0,,,,0.067,0.0,1143700000.0,1.0,169477700.0,169477700.0,,35.933,4898800000.0,0.0,197800000.0,283800000.0,28.905,1502700000.0
78,BHI,MRT,1997-09-30,1997-09-30,1997-09-30,2019-04-16,-84200000.0,4756300000.0,,2220500000.0,2535800000.0,,,-981400000.0,8600000.0,8600000.0,3676900000.0,33900000.0,2.372,0.826,781400000.0,9600000.0,771800000.0,781400000.0,0.0,554900000.0,0.0,0.01,0.46,288700000.0,843600000.0,0.158,843600000.0,288700000.0,197300000.0,0.11,0.11,0.11,2604600000.0,,2604600000.0,,,,-255800000.0,,1.0,1666700000.0,0.312,1055400000.0,91400000.0,3537400000.0,,1030500000.0,0.0,0.0,0.0,2151700000.0,936300000.0,1215400000.0,,18100000.0,-38900000.0,80000000.0,342300000.0,-69600000.0,672700000.0,-1378100000.0,48500000.0,725600000.0,-2100000.0,33900000.0,33900000.0,33900000.0,154900000.0,0.0,0.006,1214600000.0,452100000.0,499700000.0,4.182,,,398.909,982900000.0,0.0,43.88,,,1047100000.0,283700000.0,5343600000.0,5343600000.0,0.0,,,,0.054,0.0,1036100000.0,1.0,,,,,3700900000.0,83800000.0,163400000.0,324500000.0,,1284200000.0
79,BHI,MRT,1997-06-30,1997-06-30,1997-06-30,2019-04-16,,,,,,,,,,,,,,,,,,,,,,0.012,0.46,,,,,,,,,,,,,,,,,,1.0,,,,,,,,,,,,,,,,,,,,,,,,,,,,,,,,,,,,,,,,38.75,,,,,,,,,,,,,,1.0,,,,,,,,,,
80,BHI,MRT,1997-03-31,1997-03-31,1997-03-31,2019-04-16,,,,,,,,,,,,,,,,,,,,,,0.011,0.43,,,,,,,,,,,,,,,,,,1.0,,,,,,,,,,,,,,,,,,,,,,,,,,,,,,,,,,,,,,,,38.38,,,,,,,,,,,,,,1.0,,,,,,,,,,
81,BHI,MRT,1996-12-31,1996-12-31,1996-12-31,2019-04-16,,,,,,,,,,,,,,,,,,,,,,0.012,0.43,,,,,,,,,,,,,,,,,,1.0,,,,,,,,,,,,,,,,,,,,,,,,,,,,,,,,,,,,,,,,34.5,,,,,,,,,,,,,,1.0,,,,,,,,,,
82,BHI,MRT,1996-09-30,1996-09-30,1996-09-30,2019-04-16,,,,,,,,-559400000.0,,,3062800000.0,302100000.0,,,,,,,,465000000.0,,0.014,0.43,559100000.0,1024100000.0,0.23,1024100000.0,559100000.0,471200000.0,1.05,1.04,1.05,,,,,,,99500000.0,,1.0,1383000000.0,0.311,,87900000.0,,,,,,,,,,,4000000.0,-21500000.0,60100000.0,-131000000.0,-65900000.0,-178400000.0,-475800000.0,95500000.0,658900000.0,-700000.0,302100000.0,302100000.0,302100000.0,-55700000.0,0.0,0.068,928800000.0,454200000.0,,0.41,,,28.933,,0.0,30.38,,,,,4445800000.0,4445800000.0,0.0,,,,0.126,0.0,889200000.0,,,,,,,,169100000.0,,,
