None,ticker,dimension,calendardate,datekey,reportperiod,lastupdated,accoci,assets,assetsavg,assetsc,assetsnc,assetturnover,bvps,capex,cashneq,cashnequsd,cor,consolinc,currentratio,de,debt,debtc,debtnc,debtusd,deferredrev,depamor,deposits,divyield,dps,ebit,ebitda,ebitdamargin,ebitdausd,ebitusd,ebt,eps,epsdil,epsusd,equity,equityavg,equityusd,ev,evebit,evebitda,fcf,fcfps,fxusd,gp,grossmargin,intangibles,intexp,invcap,invcapavg,inventory,investments,investmentsc,investmentsnc,liabilities,liabilitiesc,liabilitiesnc,marketcap,ncf,ncfbus,ncfcommon,ncfdebt,ncfdiv,ncff,ncfi,ncfinv,ncfo,ncfx,netinc,netinccmn,netinccmnusd,netincdis,netincnci,netmargin,opex,opinc,payables,payoutratio,pb,pe,pe1,ppnenet,prefdivis,price,ps,ps1,receivables,retearn,revenue,revenueusd,rnd,roa,roe,roic,ros,sbcomp,sgna,sharefactor,sharesbas,shareswa,shareswadil,sps,tangibles,taxassets,taxexp,taxliabilities,tbvps,workingcapital
0,ICE,ARY,2020-12-31,2021-02-04,2020-12-31,2021-07-29,-192000000,126200000000,129310250000.0,87219000000,38981000000,0.064,35.322,-410000000.0,1991000000,1991000000,2208000000.0,2108000000.0,0.991,5.466,16857000000,2411000000,14446000000,16857000000,158000000,751000000.0,84083000000,0.01,1.2,3104000000.0,3855000000.0,0.468,3855000000.0,3104000000.0,2747000000.0,3.79,3.77,3.79,19498000000,18102750000.0,19498000000,79209492863.0,26.0,20.547,2471000000.0,4.476,1.0,6036000000.0,0.732,35699000000,357000000.0,17368000000,13619500000.0,0,0,0,0,106573000000,87999000000,18574000000,64343492863.0,-197000000.0,-9446000000.0,-1321000000.0,8696000000.0,-669000000.0,6744000000.0,-9830000000.0,4000000.0,2881000000.0,8000000.0,2089000000.0,2089000000.0,2089000000.0,0.0,19000000.0,0.253,3003000000.0,3033000000.0,639000000,0.317,3.3,30.801,30.224,1713000000,0.0,114.55,7.805,7.67,1230000000,11039000000,8244000000.0,8244000000.0,0.0,0.016,0.115,0.228,0.377,139000000.0,2252000000.0,1.0,561706616,552000000.0,555000000.0,14.935,90501000000,0,658000000.0,3563000000,163.951,-780000000
1,ICE,ARY,2019-12-31,2020-02-06,2019-12-31,2021-07-29,-243000000,94493000000,93654750000.0,67979000000,26514000000,0.07,30.758,-305000000.0,2188000000,2188000000,1345000000.0,1960000000.0,0.988,4.47,8100000000,2569000000,5531000000,8100000000,129000000,662000000.0,64987000000,0.012,1.1,2739000000.0,3401000000.0,0.519,3401000000.0,2739000000.0,2454000000.0,3.44,3.42,3.44,17255000000,17159250000.0,17255000000,55783389953.0,20.0,16.402,2354000000.0,4.196,1.0,5202000000.0,0.795,23600000000,285000000.0,7989000000,8894000000.0,0,0,0,0,77129000000,68816000000,8313000000,49871389953.0,316000000.0,-352000000.0,-1525000000.0,370000000.0,-621000000.0,-1753000000.0,-594000000.0,69000000.0,2659000000.0,4000000.0,1933000000.0,1933000000.0,1933000000.0,0.0,27000000.0,0.295,2529000000.0,2673000000.0,505000000,0.32,2.89,25.8,26.195,1536000000,0.0,90.11,7.617,7.721,988000000,9629000000,6547000000.0,6547000000.0,0.0,0.021,0.113,0.308,0.418,139000000.0,1867000000.0,1.0,553450116,561000000.0,565000000.0,11.67,70893000000,0,521000000.0,2314000000,126.369,-837000000
2,ICE,ARY,2018-12-31,2019-02-07,2018-12-31,2021-07-29,-315000000,92791000000,86235500000.0,66692000000,26099000000,0.073,29.915,-280000000.0,1872000000,1872000000,1297000000.0,2020000000.0,1.009,4.389,7441000000,951000000,6490000000,7441000000,135000000,586000000.0,63955000000,0.013,0.96,2732000000.0,3318000000.0,0.529,3318000000.0,2732000000.0,2488000000.0,3.46,3.43,3.46,17201000000,16954000000.0,17201000000,48519029642.0,18.0,14.623,2253000000.0,3.918,1.0,4979000000.0,0.793,23547000000,244000000.0,8705000000,7629750000.0,0,0,0,0,75489000000,66108000000,9381000000,42950029642.0,304000000.0,-1246000000.0,-1278000000.0,1330000000.0,-555000000.0,-463000000.0,-1755000000.0,-229000000.0,2533000000.0,-11000000.0,1988000000.0,1988000000.0,1988000000.0,0.0,32000000.0,0.317,2396000000.0,2583000000.0,521000000,0.277,2.497,21.605,21.835,1241000000,0.0,75.55,6.844,6.922,953000000,8317000000,6276000000.0,6276000000.0,0.0,0.023,0.117,0.358,0.435,130000000.0,1810000000.0,1.0,568498076,575000000.0,579000000.0,10.915,69244000000,0,500000000.0,2337000000,120.424,584000000
3,ICE,ARY,2017-12-31,2018-02-07,2017-12-31,2021-07-29,-223000000,78264000000,79292250000.0,53562000000,24702000000,0.074,28.733,-357000000.0,1568000000,1568000000,1205000000.0,2542000000.0,0.989,3.623,6100000000,1833000000,4267000000,6100000000,121000000,535000000.0,51222000000,0.014,1.0,2676000000.0,3211000000.0,0.55,3211000000.0,2676000000.0,2489000000.0,4.27,4.23,4.27,16924000000,16142250000.0,16924000000,45711853391.0,17.0,14.236,1728000000.0,2.934,1.0,4629000000.0,0.793,22485000000,187000000.0,6140000000,6385500000.0,0,16000000,16000000,0,61312000000,54171000000,7141000000,41179853391.0,218000000.0,776000000.0,-1037000000.0,-275000000.0,-476000000.0,-1971000000.0,92000000.0,-327000000.0,2085000000.0,12000000.0,2514000000.0,2514000000.0,2514000000.0,0.0,28000000.0,0.431,2250000000.0,2379000000.0,462000000,0.234,2.433,16.38,16.562,1246000000,0.0,70.72,7.059,7.14,903000000,6825000000,5834000000.0,5834000000.0,0.0,0.032,0.156,0.419,0.459,135000000.0,1715000000.0,1.0,582294307,589000000.0,594000000.0,9.905,55779000000,0,-25000000.0,2283000000,94.701,-609000000
4,ICE,ARY,2016-12-31,2017-02-07,2016-12-31,2021-07-29,-344000000,82003000000,78170750000.0,57133000000,24870000000,0.076,26.415,-365000000.0,1086000000,1086000000,1459000000.0,1449000000.0,0.975,4.213,6364000000,2493000000,3871000000,6364000000,114000000,610000000.0,0,0.011,0.68,2180000000.0,2790000000.0,0.468,2790000000.0,2180000000.0,2002000000.0,2.39,2.37,2.39,15717000000,15392250000.0,15717000000,40956806746.0,19.0,14.68,1784000000.0,2.998,1.0,4499000000.0,0.755,22711000000,178000000.0,5953000000,6460250000.0,0,719000000,23000000,696000000,66213000000,58617000000,7596000000,35678806746.0,-220000000.0,-425000000.0,-104000000.0,-949000000.0,-409000000.0,-1462000000.0,-898000000.0,-38000000.0,2149000000.0,-9000000.0,1422000000.0,1422000000.0,1422000000.0,0.0,27000000.0,0.239,2332000000.0,2167000000.0,388000000,0.285,2.27,25.091,25.075,1129000000,0.0,59.93,5.988,5.985,777000000,4789000000,5958000000.0,5958000000.0,0.0,0.018,0.092,0.337,0.366,124000000.0,1722000000.0,1.0,595341344,595000000.0,599000000.0,10.013,59292000000,0,580000000.0,2958000000,99.65,-1484000000
5,ICE,ARY,2015-12-31,2016-02-04,2015-12-31,2021-07-29,-188000000,77987000000,68343750000.0,53313000000,24674000000,0.069,26.681,-277000000.0,1284000000,1284000000,1344000000.0,1295000000.0,0.974,4.262,7308000000,2591000000,4717000000,7308000000,98000000,374000000.0,0,0.012,0.58,1729000000.0,2103000000.0,0.449,2103000000.0,1729000000.0,1632000000.0,2.29,2.278,2.29,14808000000,12963750000.0,14808000000,35281073109.0,20.0,16.777,1034000000.0,1.863,1.0,3338000000.0,0.713,22837000000,97000000.0,6431000000,4546250000.0,0,591000000,29000000,562000000,63112000000,54743000000,8369000000,29257073109.0,-25000000.0,-3751000000.0,-686000000.0,3130000000.0,-331000000.0,1976000000.0,-3298000000.0,730000000.0,1311000000.0,-14000000.0,1274000000.0,1274000000.0,1274000000.0,0.0,21000000.0,0.272,1588000000.0,1750000000.0,398000000,0.253,1.976,22.965,21.493,1037000000,0.0,49.218,6.249,5.834,700000000,4148000000,4682000000.0,4682000000.0,0.0,0.019,0.098,0.38,0.369,111000000.0,1214000000.0,1.0,594438480,555000000.0,560000000.0,8.436,55150000000,0,358000000.0,2837000000,99.369,-1430000000
6,ICE,ARY,2014-12-31,2015-02-05,2014-12-31,2021-07-29,-46000000,68279000000,67492000000.0,50245000000,18034000000,0.063,21.684,-250000000.0,981000000,981000000,1129000000.0,1016000000.0,0.994,4.508,4289000000,2042000000,2247000000,4289000000,69000000,333000000.0,0,0.012,0.52,1479000000.0,1812000000.0,0.429,1812000000.0,1479000000.0,1383000000.0,1.72,1.71,1.72,12360000000,12783000000.0,12360000000,28605182285.0,19.0,15.787,1264000000.0,2.218,1.0,3092000000.0,0.733,16315000000,96000000.0,4733000000,4680750000.0,0,1876000000,1200000000,676000000,55722000000,50539000000,5183000000,25297182285.0,-309000000.0,1697000000.0,-677000000.0,-552000000.0,-299000000.0,-1673000000.0,-468000000.0,-1411000000.0,1514000000.0,-21000000.0,981000000.0,981000000.0,981000000.0,-11000000.0,35000000.0,0.232,1644000000.0,1448000000.0,337000000,0.302,2.047,25.787,26.262,874000000,0.0,45.17,5.993,6.1,471000000,3210000000,4221000000.0,4221000000.0,0.0,0.015,0.077,0.316,0.35,97000000.0,1311000000.0,1.0,560043885,570000000.0,575000000.0,7.405,51964000000,0,402000000.0,1938000000,91.165,-294000000
7,ICE,ARY,2013-12-31,2014-02-14,2013-12-31,2021-07-29,359000000,64818000000,48293793500.0,44259000000,20559000000,0.037,32.264,-181000000.0,1238000000,1238000000,121000000.0,270000000.0,0.998,4.123,5058000000,1135000000,3923000000,5058000000,0,161000000.0,0,0.003,0.13,540000000.0,701000000.0,0.391,701000000.0,540000000.0,484000000.0,0.648,0.642,0.648,12583000000,6048125500.0,12583000000,28519375577.0,53.0,40.684,554000000.0,1.421,1.0,1674000000.0,0.933,18905000000,56000000.0,5391000000,2368321250.0,0,559000000,74000000,485000000,51881000000,44342000000,7539000000,24699375577.0,-651000000.0,-2241000000.0,-64000000.0,1320000000.0,-75000000.0,1119000000.0,-2523000000.0,-101000000.0,735000000.0,18000000.0,254000000.0,254000000.0,254000000.0,0.0,16000000.0,0.142,884000000.0,790000000.0,343000000,0.201,1.963,97.242,66.312,891000000,0.0,42.97,13.76,9.336,482000000,2482000000,1795000000.0,1795000000.0,0.0,0.005,0.042,0.228,0.301,56000000.0,723000000.0,1.0,574805110,390000000.0,395000000.0,4.603,45913000000,0,230000000.0,2771000000,117.726,-83000000
8,ICE,ARY,2012-12-31,2013-02-06,2012-12-31,2021-07-29,-52591000,37214842000,37595948750.0,33750087000,3464755000,0.036,10.021,-67809000.0,1699018000,1699018000,0.0,561737000.0,1.047,9.205,1132500000,163000000,969500000,1132500000,0,130502000.0,0,0.0,0.0,818433000.0,948935000.0,0.696,948935000.0,818433000.0,779531000.0,1.518,1.504,1.518,3643377000,3491905000.0,3643377000,9984073258.0,12.0,10.521,665145000.0,1.83,1.0,1362965000.0,1.0,2736937000,38902000.0,1665690000,1588544000.0,0,554212000,0,554212000,33538284000,32245697000,1292587000,10550591258.0,789246000.0,-18250000.0,-65184000.0,245000000.0,0.0,172363000.0,-117867000.0,43000.0,732954000.0,1796000.0,551576000.0,551576000.0,551576000.0,0.0,10161000.0,0.405,535950000.0,827015000.0,70206000,0.0,2.896,19.128,19.133,143392000,0.0,29.044,7.741,7.747,127260000,2508672000,1362965000.0,1362965000.0,0.0,0.015,0.158,0.515,0.6,43587000.0,386089000.0,1.0,363262335,363560000.0,366830000.0,3.749,34477905000,0,227955000.0,245425000,94.834,1504390000
9,ICE,ARY,2011-12-31,2012-02-08,2011-12-31,2021-07-29,-21253000,36147864000,33619489500.0,32605391000,3542473000,0.039,8.535,-87635000.0,875931000,875931000,0.0,521741000.0,1.025,10.567,887500000,50000000,837500000,887500000,0,132252000.0,0,0.0,0.0,783268000.0,915520000.0,0.69,915520000.0,783268000.0,747171000.0,1.394,1.38,1.394,3121525000,3020479750.0,3121525000,9454112883.0,12.0,10.326,625135000.0,1.709,1.0,1327491000.0,1.0,2757358000,36097000.0,1601761000,901958000.0,0,615632000,0,615632000,32985523000,31800314000,1185209000,9442543883.0,201157000.0,-9795000.0,-181304000.0,309000000.0,0.0,105111000.0,-614856000.0,-515894000.0,712770000.0,-1868000.0,509673000.0,509673000.0,509673000.0,0.0,12068000.0,0.384,534158000.0,793333000.0,65964000,0.0,3.025,18.527,18.663,130962000,0.0,26.016,7.113,7.167,136331000,1957096000,1327491000.0,1327491000.0,0.0,0.015,0.169,0.868,0.59,48617000.0,386282000.0,1.0,362951410,365725000.0,369475000.0,3.63,33390506000,0,237498000.0,258503000,91.299,805077000
10,ICE,ARY,2010-12-31,2011-02-09,2010-12-31,2021-07-29,37740000,26642259000,26531039000.0,23575778000,3066481000,0.043,7.545,-47768000.0,696905000,696905000,0.0,407767000.0,1.019,8.578,578500000,252750000,325750000,578500000,0,121209000.0,0,0.0,0.0,630438000.0,751647000.0,0.654,751647000.0,630438000.0,600673000.0,1.082,1.07,1.082,2777550000,2652416750.0,2777550000,8917444492.0,14.0,11.864,485990000.0,1.32,1.0,1149944000.0,1.0,2806873000,29765000.0,589597000,574144500.0,0,146173000,1999000,144174000,23825494000,23127384000,698110000,9035849492.0,69327000.0,-568061000.0,-91434000.0,271000000.0,0.0,169520000.0,-633082000.0,1315000.0,533758000.0,-869000.0,398298000.0,398298000.0,398298000.0,0.0,9469000.0,0.346,497695000.0,652249000.0,65162000,0.0,3.253,22.686,22.76,94503000,0.0,24.626,7.858,7.883,114456000,1447423000,1149944000.0,1149944000.0,0.0,0.015,0.15,1.098,0.548,41343000.0,366490000.0,1.0,366923150,368120000.0,372380000.0,3.124,23835386000,0,202375000.0,274556000,64.749,448394000
11,ICE,ARY,2009-12-31,2010-02-10,2009-12-31,2021-07-29,24558000,21884875000,19483885000.0,19459851000,2425024000,0.051,6.576,-44742000.0,634435000,634435000,0.0,314154000.0,1.026,8.106,307500000,99000000,208500000,307500000,0,111357000.0,0,0.0,0.0,518461000.0,629818000.0,0.633,629818000.0,518461000.0,495539000.0,0.866,0.854,0.866,2399732000,2246915000.0,2399732000,6715811273.0,13.0,10.663,441851000.0,1.211,1.0,994788000.0,1.0,2168291000,22922000.0,421817000,513615500.0,0,156821000,2005000,154816000,19451228000,18967832000,483396000,7042746273.0,268943000.0,-37792000.0,634000.0,-73726000.0,0.0,-75112000.0,-142275000.0,3901000.0,486593000.0,-263000.0,315988000.0,315988000.0,315988000.0,0.0,-1834000.0,0.318,482169000.0,512619000.0,57288000,0.0,2.935,22.288,22.097,91735000,0.0,19.136,7.08,7.02,109068000,1049125000,994788000.0,994788000.0,0.0,0.016,0.141,1.009,0.521,44885000.0,364673000.0,1.0,368036490,364925000.0,370450000.0,2.726,19716584000,0,179551000.0,204429000,54.029,492019000
12,ICE,ARY,2008-12-31,2009-02-11,2008-12-31,2021-07-29,19890000,14959581000,6292361250.0,12552588000,2406993000,0.129,5.637,-48812000.0,314246000,314246000,0.0,300972000.0,1.02,6.453,379375000,46875000,332500000,379375000,0,62247000.0,0,0.0,0.0,493069000.0,555316000.0,0.683,555316000.0,493069000.0,473496000.0,0.846,0.834,0.846,2006231000,1813317750.0,2006231000,4631857083.0,9.0,8.341,326300000.0,0.917,1.0,813078000.0,1.0,2163671000,19573000.0,549397000,418431250.0,0,141883000,3419000,138464000,12946333000,12311642000,634691000,4566728083.0,163925000.0,-44606000.0,-340798000.0,157118000.0,0.0,-141119000.0,-69746000.0,131983000.0,375112000.0,-322000.0,300972000.0,300972000.0,300972000.0,0.0,0.0,0.37,319544000.0,493534000.0,49663000,0.0,2.276,15.173,14.861,88952000,0.0,12.572,5.617,5.503,81248000,732752000,813078000.0,813078000.0,0.0,0.048,0.166,1.178,0.606,-7698000.0,257297000.0,1.0,363245950,355920000.0,360820000.0,2.284,12795910000,0,172524000.0,212009000,35.952,240946000
13,ICE,ARY,2007-12-31,2008-02-13,2007-12-31,2021-07-29,30655000,2796345000,2580934750.0,1142094000,1654251000,0.223,4.282,-29997000.0,139221000,139221000,0.0,240612000.0,1.254,0.893,221875000,37500000,184375000,221875000,0,32701000.0,0,0.0,0.0,377075000.0,409776000.0,0.714,409776000.0,377075000.0,358434000.0,0.698,0.678,0.698,1476856000,1352326000.0,1476856000,9738975038.0,26.0,23.767,257784000.0,0.747,1.0,574293000.0,1.0,1547409000,18641000.0,420629000,402104750.0,0,179733000,140955000,38778000,1319489000,910961000,408528000,9656321038.0,-84660000.0,-480114000.0,-15553000.0,221875000.0,0.0,264759000.0,-637388000.0,-59626000.0,287781000.0,188000.0,240612000.0,240612000.0,240612000.0,0.0,0.0,0.419,220730000.0,353563000.0,27811000,0.0,6.538,40.132,39.45,63524000,0.0,27.536,16.814,16.538,52018000,431708000,574293000.0,574293000.0,0.0,0.093,0.178,0.938,0.657,-37217000.0,175203000.0,1.0,350679875,344925000.0,354900000.0,1.665,1248936000,4908000,117822000.0,120426000,3.621,231133000
14,ICE,ARY,2006-12-31,2007-02-26,2006-12-31,2021-07-29,27411000,493211000,388994250.0,340917000,152294000,0.807,1.609,-19815000.0,220450000,220450000,0.0,143268000.0,8.995,0.085,0,0,0,0,2637000,13714000.0,0,0.0,0.0,212774000.0,226488000.0,0.722,226488000.0,212774000.0,212543000.0,0.508,0.48,0.508,454468000,351801250.0,454468000,10603142036.0,50.0,46.815,126109000.0,0.447,1.0,313799000.0,1.0,81126000,231000.0,153736000,178245500.0,0,116092000,77354000,38738000,38743000,37899000,844000,10823592036.0,184255000.0,0.0,22108000.0,0.0,0.0,63104000.0,-27628000.0,-74000.0,145924000.0,2855000.0,143268000.0,143268000.0,143268000.0,0.0,0.0,0.457,109164000.0,204635000.0,1406000,0.0,23.816,75.548,61.894,26280000,0.0,31.442,34.492,28.293,32121000,191179000,313799000.0,313799000.0,0.0,0.368,0.407,1.194,0.678,-32171000.0,86411000.0,1.0,344239935,282370000.0,297995000.0,1.111,412085000,127000,69275000.0,3899000,1.459,303018000
15,ICE,ARY,2005-12-31,2006-03-10,2005-12-31,2021-07-29,18979000,265770000,,164015000,101755000,,0.874,-13733000.0,32580000,32580000,0.0,40410000.0,6.214,0.142,0,0,0,0,1197000,15083000.0,0,0.0,0.0,60608000.0,75691000.0,0.486,75691000.0,60608000.0,59995000.0,-0.078,-0.078,-0.078,232623000,,232623000,3694856289.0,61.0,48.815,36079000.0,0.136,1.0,155865000.0,1.0,76054000,613000.0,130742000,,0,113477000,111181000,2296000,33147000,26394000,6753000,3727436289.0,-41197000.0,0.0,56005000.0,-25676000.0,0.0,30329000.0,-117120000.0,-107820000.0,49812000.0,-4218000.0,40410000.0,-20909000.0,-20909000.0,0.0,0.0,-0.134,99660000.0,56205000.0,1697000,0.0,16.024,-178.269,-172.154,20348000,61319000.0,13.428,23.915,22.924,14773000,47911000,155865000.0,155865000.0,0.0,,,,0.389,2025000.0,64763000.0,1.0,277586855,266090000.0,266090000.0,0.586,189716000,0,19585000.0,14638000,0.713,137621000
0,ICE,ARQ,2021-06-30,2021-07-29,2021-06-30,2021-07-29,-174000000,134190000000,,96066000000,38124000000,,37.442,-124000000.0,2046000000,2046000000,427000000.0,1253000000.0,1.019,5.36,14740000000,318000000,14422000000,14740000000,428000000,251000000.0,92080000000,0.01,0.33,2037000000.0,2288000000.0,1.072,2288000000.0,2037000000.0,1931000000.0,2.23,2.22,2.23,21080000000,,21080000000,81015988379.0,18.0,15.092,749000000.0,1.33,1.0,1707000000.0,0.8,35413000000,106000000.0,17221000000,,0,0,0,0,112985000000,94250000000,18735000000,68321988379.0,21000000.0,1231000000.0,-2000000.0,-1749000000.0,-187000000.0,-1935000000.0,1082000000.0,-23000000.0,873000000.0,1000000.0,1252000000.0,1252000000.0,1252000000.0,0.0,1000000.0,0.587,908000000.0,799000000.0,636000000,0.148,3.241,24.279,24.119,1745000000,0.0,121.32,7.83,7.828,1300000000,12563000000,2134000000.0,2134000000.0,0.0,,,,,37000000.0,657000000.0,1.0,563155196,563000000.0,565000000.0,3.79,98777000000,0,679000000.0,3711000000,175.448,1816000000
1,ICE,ARQ,2021-03-31,2021-04-29,2021-03-31,2021-07-29,-184000000,128045000000,,89175000000,38870000000,,35.521,-116000000.0,2025000000,2025000000,632000000.0,650000000.0,0.997,5.408,16505000000,2068000000,14437000000,16505000000,523000000,255000000.0,85608000000,0.01,0.33,936000000.0,1191000000.0,0.49,1191000000.0,936000000.0,829000000.0,1.15,1.14,1.15,19963000000,,19963000000,80706274048.0,26.0,20.232,618000000.0,1.1,1.0,1797000000.0,0.74,35546000000,107000000.0,17577000000,,0,0,0,0,107960000000,89402000000,18558000000,66226274048.0,34000000.0,0.0,-65000000.0,-343000000.0,-187000000.0,-583000000.0,-116000000.0,0.0,734000000.0,-1000000.0,646000000.0,646000000.0,646000000.0,0.0,4000000.0,0.266,905000000.0,892000000.0,673000000,0.287,3.317,31.763,31.298,1731000000,0.0,117.68,7.739,7.728,1530000000,11498000000,2429000000.0,2429000000.0,0.0,,,,,36000000.0,650000000.0,1.0,562765755,562000000.0,565000000.0,4.322,92499000000,0,183000000.0,3527000000,164.589,-227000000
2,ICE,ARQ,2020-12-31,2021-02-04,2020-12-31,2021-07-29,-192000000,126200000000,,87219000000,38981000000,,34.756,-142000000.0,1991000000,1991000000,562000000.0,528000000.0,0.991,5.466,16857000000,2411000000,14446000000,16857000000,158000000,257000000.0,84083000000,0.01,0.3,784000000.0,1041000000.0,0.466,1041000000.0,784000000.0,672000000.0,0.94,0.94,0.94,19498000000,,19498000000,79209492863.0,26.0,20.547,924000000.0,1.647,1.0,1671000000.0,0.748,35699000000,112000000.0,17368000000,,0,0,0,0,106573000000,87999000000,18574000000,64343492863.0,-20000000.0,-7000000.0,-2000000.0,-801000000.0,-169000000.0,-965000000.0,-128000000.0,-1000000.0,1066000000.0,7000000.0,526000000.0,526000000.0,526000000.0,0.0,2000000.0,0.236,891000000.0,780000000.0,639000000,0.319,3.3,30.801,30.224,1713000000,0.0,114.55,7.805,7.67,1230000000,11039000000,2233000000.0,2233000000.0,0.0,,,,,34000000.0,634000000.0,1.0,561706616,561000000.0,564000000.0,3.98,90501000000,0,146000000.0,3563000000,161.321,-780000000
3,ICE,ARQ,2020-09-30,2020-10-29,2020-09-30,2021-07-29,-273000000,128080000000,,89137000000,38943000000,,34.71,-124000000.0,2011000000,2011000000,519000000.0,394000000.0,0.994,5.727,17647000000,2463000000,15184000000,17647000000,267000000,180000000.0,85900000000,0.012,0.3,668000000.0,848000000.0,0.439,848000000.0,668000000.0,579000000.0,0.71,0.71,0.71,19021000000,,19021000000,69350856980.0,23.0,18.969,313000000.0,0.571,1.0,1411000000.0,0.731,35750000000,89000000.0,18280000000,,0,0,0,0,108934000000,89686000000,19248000000,53714856980.0,-270000000.0,-9188000000.0,-148000000.0,8915000000.0,-170000000.0,8598000000.0,-9310000000.0,2000000.0,437000000.0,5000000.0,390000000.0,390000000.0,390000000.0,0.0,4000000.0,0.202,784000000.0,627000000.0,594000000,0.423,2.824,26.711,26.219,1693000000,0.0,95.7,6.996,6.83,1310000000,10682000000,1930000000.0,1930000000.0,0.0,,,,,32000000.0,604000000.0,1.0,561283772,548000000.0,551000000.0,3.522,92330000000,0,189000000.0,3567000000,168.485,-549000000
4,ICE,ARQ,2020-06-30,2020-07-30,2020-06-30,2021-07-29,-321000000,124060000000,,97435000000,26625000000,,31.049,-85000000.0,2281000000,2281000000,571000000.0,528000000.0,1.013,6.31,8682000000,705000000,7977000000,8682000000,383000000,157000000.0,93960000000,0.012,0.3,752000000.0,909000000.0,0.462,909000000.0,752000000.0,668000000.0,0.96,0.95,0.96,16953000000,,16953000000,57670019442.0,19.0,15.714,773000000.0,1.416,1.0,1395000000.0,0.71,23683000000,84000000.0,10585000000,,0,0,0,0,106971000000,96193000000,10778000000,51269019442.0,295000000.0,-2000000.0,-403000000.0,79000000.0,-164000000.0,-478000000.0,-90000000.0,-3000000.0,858000000.0,5000000.0,523000000.0,523000000.0,523000000.0,0.0,5000000.0,0.266,651000000.0,744000000.0,520000000,0.312,3.024,23.846,24.26,1510000000,0.0,94.37,6.918,6.953,1279000000,10462000000,1966000000.0,1966000000.0,0.0,,,,,32000000.0,494000000.0,1.0,543276671,546000000.0,549000000.0,3.601,100377000000,0,145000000.0,2317000000,183.841,1242000000
5,ICE,ARQ,2020-03-31,2020-04-30,2020-03-31,2021-07-29,-333000000,138901000000,,112253000000,26648000000,,30.687,-59000000.0,1986000000,1986000000,556000000.0,658000000.0,0.989,7.193,8595000000,3071000000,5524000000,8595000000,504000000,157000000.0,108863000000,0.013,0.3,900000000.0,1057000000.0,0.5,1057000000.0,900000000.0,828000000.0,1.18,1.17,1.18,16939000000,,16939000000,55557991173.0,19.0,15.386,461000000.0,0.835,1.0,1559000000.0,0.737,23739000000,72000000.0,8245000000,,0,0,0,0,121839000000,113526000000,8313000000,48948991173.0,-202000000.0,-249000000.0,-768000000.0,503000000.0,-166000000.0,-411000000.0,-302000000.0,6000000.0,520000000.0,-9000000.0,650000000.0,650000000.0,650000000.0,0.0,8000000.0,0.307,677000000.0,882000000.0,548000000,0.254,2.89,23.32,23.727,1503000000,0.0,89.45,6.915,6.975,1569000000,10103000000,2115000000.0,2115000000.0,0.0,,,,,41000000.0,520000000.0,1.0,547221813,552000000.0,555000000.0,3.832,115162000000,0,178000000.0,2312000000,208.627,-1273000000
6,ICE,ARQ,2019-12-31,2020-02-06,2019-12-31,2021-07-29,-243000000,94493000000,,67979000000,26514000000,,31.09,-102000000.0,2188000000,2188000000,369000000.0,453000000.0,0.988,4.47,8100000000,2569000000,5531000000,8100000000,129000000,189000000.0,64987000000,0.012,0.275,653000000.0,842000000.0,0.505,842000000.0,653000000.0,582000000.0,0.8,0.8,0.8,17255000000,,17255000000,55783389953.0,20.0,16.402,675000000.0,1.216,1.0,1298000000.0,0.779,23600000000,71000000.0,7989000000,,0,0,0,0,77129000000,68816000000,8313000000,49871389953.0,199000000.0,0.0,-341000000.0,-8000000.0,-154000000.0,-502000000.0,-82000000.0,25000000.0,777000000.0,6000000.0,448000000.0,448000000.0,448000000.0,0.0,5000000.0,0.269,676000000.0,622000000.0,505000000,0.344,2.89,25.8,26.195,1536000000,0.0,90.11,7.617,7.721,988000000,9629000000,1667000000.0,1667000000.0,0.0,,,,,39000000.0,487000000.0,1.0,553450116,555000000.0,562000000.0,3.004,70893000000,0,134000000.0,2314000000,127.735,-837000000
7,ICE,ARQ,2019-09-30,2019-10-31,2019-09-30,2021-07-29,-348000000,95339000000,,68871000000,26468000000,,30.699,-69000000.0,1989000000,1989000000,327000000.0,537000000.0,1.005,4.55,8112000000,1329000000,6783000000,8112000000,247000000,158000000.0,65988000000,0.011,0.275,704000000.0,862000000.0,0.518,862000000.0,704000000.0,632000000.0,0.95,0.94,0.95,17161000000,,17161000000,58645045878.0,20.0,16.675,431000000.0,0.771,1.0,1336000000.0,0.803,23640000000,72000000.0,9288000000,,0,0,0,0,78082000000,68534000000,9548000000,52522045878.0,-82000000.0,0.0,-344000000.0,31000000.0,-155000000.0,-469000000.0,-110000000.0,-40000000.0,500000000.0,-3000000.0,529000000.0,529000000.0,529000000.0,0.0,8000000.0,0.318,630000000.0,706000000.0,543000000,0.289,3.061,25.058,25.423,1505000000,0.0,94.32,8.01,8.041,1056000000,9335000000,1663000000.0,1663000000.0,0.0,,,,,36000000.0,472000000.0,1.0,556849511,559000000.0,563000000.0,2.975,71699000000,0,103000000.0,2281000000,128.263,337000000
8,ICE,ARQ,2019-06-30,2019-08-01,2019-06-30,2021-07-29,-309000000,90930000000,,64372000000,26558000000,,30.4,-69000000.0,2071000000,2071000000,336000000.0,478000000.0,1.004,4.307,8095000000,1303000000,6792000000,8095000000,360000000,157000000.0,61353000000,0.012,0.275,693000000.0,850000000.0,0.52,850000000.0,693000000.0,622000000.0,0.84,0.84,0.84,17115000000,,17115000000,56012996146.0,20.0,16.397,659000000.0,1.171,1.0,1298000000.0,0.794,23754000000,71000000.0,9069000000,,0,0,0,0,73712000000,64131000000,9581000000,49988996146.0,180000000.0,-333000000.0,-343000000.0,293000000.0,-155000000.0,-186000000.0,-362000000.0,40000000.0,728000000.0,0.0,472000000.0,472000000.0,472000000.0,0.0,6000000.0,0.289,618000000.0,680000000.0,518000000,0.327,2.921,24.686,25.056,1525000000,0.0,89.2,7.864,7.9,1062000000,8961000000,1634000000.0,1634000000.0,0.0,,,,,35000000.0,461000000.0,1.0,560414755,563000000.0,566000000.0,2.902,67176000000,0,150000000.0,2296000000,119.318,241000000
9,ICE,ARQ,2019-03-31,2019-05-02,2019-03-31,2021-07-29,-290000000,93857000000,,67485000000,26372000000,,30.116,-65000000.0,1891000000,1891000000,313000000.0,492000000.0,1.007,4.481,7803000000,1005000000,6798000000,7803000000,479000000,158000000.0,64564000000,0.012,0.275,689000000.0,847000000.0,0.535,847000000.0,689000000.0,618000000.0,0.85,0.85,0.85,17106000000,,17106000000,50863319076.0,18.0,15.102,589000000.0,1.037,1.0,1270000000.0,0.802,23504000000,71000000.0,9230000000,,0,0,0,0,76656000000,67035000000,9621000000,44951319076.0,19000000.0,-19000000.0,-497000000.0,54000000.0,-157000000.0,-596000000.0,-40000000.0,44000000.0,654000000.0,1000000.0,484000000.0,484000000.0,484000000.0,0.0,8000000.0,0.306,605000000.0,665000000.0,509000000,0.324,2.628,22.386,22.712,1538000000,0.0,79.72,7.159,7.211,1181000000,8644000000,1583000000.0,1583000000.0,0.0,,,,,29000000.0,447000000.0,1.0,563865016,568000000.0,570000000.0,2.787,70353000000,0,134000000.0,2308000000,123.861,450000000
10,ICE,ARQ,2018-12-31,2019-02-07,2018-12-31,2021-07-29,-315000000,92791000000,,66692000000,26099000000,,30.23,-119000000.0,1872000000,1872000000,369000000.0,619000000.0,1.009,4.389,7441000000,951000000,6490000000,7441000000,135000000,157000000.0,63955000000,0.013,0.24,801000000.0,958000000.0,0.571,958000000.0,801000000.0,730000000.0,1.07,1.06,1.07,17201000000,,17201000000,48519029642.0,18.0,14.623,679000000.0,1.193,1.0,1308000000.0,0.78,23547000000,71000000.0,8705000000,,0,0,0,0,75489000000,66108000000,9381000000,42950029642.0,210000000.0,-95000000.0,-141000000.0,-248000000.0,-138000000.0,-444000000.0,-138000000.0,76000000.0,798000000.0,-6000000.0,611000000.0,611000000.0,611000000.0,0.0,8000000.0,0.364,632000000.0,676000000.0,521000000,0.224,2.497,21.605,21.835,1241000000,0.0,75.55,6.844,6.922,953000000,8317000000,1677000000.0,1677000000.0,0.0,,,,,37000000.0,475000000.0,1.0,568498076,569000000.0,573000000.0,2.947,69244000000,0,119000000.0,2337000000,121.694,584000000
11,ICE,ARQ,2018-09-30,2018-10-31,2018-09-30,2021-07-29,-274000000,87242000000,,61295000000,25947000000,,29.427,-53000000.0,1662000000,1662000000,263000000.0,465000000.0,1.004,4.182,7686000000,1198000000,6488000000,7686000000,249000000,148000000.0,58764000000,0.012,0.24,613000000.0,761000000.0,0.52,761000000.0,613000000.0,547000000.0,0.8,0.79,0.8,16832000000,,16832000000,49904747970.0,19.0,15.576,446000000.0,0.78,1.0,1200000000.0,0.82,23379000000,66000000.0,8822000000,,0,0,0,0,70388000000,61065000000,9323000000,43880747970.0,-18000000.0,-746000000.0,-302000000.0,766000000.0,-138000000.0,282000000.0,-799000000.0,0.0,499000000.0,0.0,458000000.0,458000000.0,458000000.0,0.0,7000000.0,0.313,598000000.0,602000000.0,486000000,0.3,2.607,16.864,17.196,1206000000,0.0,77.04,7.267,7.298,1020000000,7818000000,1463000000.0,1463000000.0,0.0,,,,,32000000.0,450000000.0,1.0,569583956,572000000.0,576000000.0,2.558,63863000000,0,89000000.0,2275000000,111.649,230000000
12,ICE,ARQ,2018-06-30,2018-08-02,2018-06-30,2021-07-29,-265000000,82847000000,,57560000000,25287000000,,29.074,-57000000.0,1680000000,1680000000,310000000.0,462000000.0,0.977,3.928,6916000000,2645000000,4271000000,6916000000,372000000,143000000.0,54991000000,0.015,0.24,659000000.0,802000000.0,0.515,802000000.0,659000000.0,604000000.0,0.79,0.78,0.79,16805000000,,16805000000,47033789546.0,18.0,14.828,606000000.0,1.048,1.0,1246000000.0,0.801,22707000000,55000000.0,6482000000,,0,0,0,0,66007000000,58894000000,7113000000,41797789546.0,22000000.0,-5000000.0,-463000000.0,23000000.0,-139000000.0,-571000000.0,-63000000.0,-1000000.0,663000000.0,-7000000.0,455000000.0,455000000.0,455000000.0,0.0,7000000.0,0.292,591000000.0,655000000.0,405000000,0.304,2.487,16.633,16.912,1220000000,0.0,72.89,6.958,7.014,1049000000,7498000000,1556000000.0,1556000000.0,0.0,,,,,32000000.0,448000000.0,1.0,573436542,578000000.0,581000000.0,2.692,60140000000,0,149000000.0,2284000000,104.048,-1334000000
13,ICE,ARQ,2018-03-31,2018-05-03,2018-03-31,2021-07-29,-190000000,82062000000,,56634000000,25428000000,,29.172,-51000000.0,1658000000,1658000000,355000000.0,474000000.0,0.977,3.832,6892000000,2623000000,4269000000,6892000000,468000000,138000000.0,53979000000,0.015,0.24,659000000.0,797000000.0,0.504,797000000.0,659000000.0,607000000.0,0.8,0.79,0.8,16978000000,,16978000000,45861054796.0,18.0,14.727,522000000.0,0.897,1.0,1225000000.0,0.775,22840000000,52000000.0,6510000000,,0,0,0,0,65056000000,57946000000,7110000000,40627054796.0,90000000.0,-400000000.0,-372000000.0,789000000.0,-140000000.0,270000000.0,-755000000.0,-304000000.0,573000000.0,2000000.0,464000000.0,464000000.0,464000000.0,0.0,10000000.0,0.294,575000000.0,650000000.0,476000000,0.3,2.393,16.408,16.582,1235000000,0.0,70.14,6.834,6.867,1167000000,7182000000,1580000000.0,1580000000.0,0.0,,,,,29000000.0,437000000.0,1.0,579228041,582000000.0,586000000.0,2.715,59222000000,0,143000000.0,2292000000,101.756,-1312000000
14,ICE,ARQ,2017-12-31,2018-02-07,2017-12-31,2021-07-29,-223000000,78264000000,,53562000000,24702000000,,29.029,-117000000.0,1568000000,1568000000,295000000.0,1231000000.0,0.989,3.623,6100000000,1833000000,4267000000,6100000000,121000000,131000000.0,51222000000,0.014,0.2,713000000.0,844000000.0,0.587,844000000.0,713000000.0,663000000.0,2.09,2.06,2.09,16924000000,,16924000000,45711853391.0,17.0,14.236,558000000.0,0.957,1.0,1144000000.0,0.795,22485000000,50000000.0,6140000000,,0,16000000,16000000,0,61312000000,54171000000,7141000000,41179853391.0,206000000.0,329000000.0,-243000000.0,35000000.0,-118000000.0,-437000000.0,-35000000.0,-247000000.0,675000000.0,3000000.0,1225000000.0,1225000000.0,1225000000.0,0.0,6000000.0,0.851,552000000.0,592000000.0,462000000,0.096,2.433,16.38,16.562,1246000000,0.0,70.72,7.059,7.14,903000000,6825000000,1439000000.0,1439000000.0,0.0,,,,,33000000.0,421000000.0,1.0,582294307,583000000.0,591000000.0,2.468,55779000000,0,-562000000.0,2283000000,95.676,-609000000
15,ICE,ARQ,2017-09-30,2017-11-02,2017-09-30,2021-07-29,-322000000,79118000000,,55239000000,23879000000,,27.197,-90000000.0,1181000000,1181000000,289000000.0,375000000.0,1.012,3.946,6062000000,1197000000,4865000000,6062000000,228000000,128000000.0,0,0.014,0.4,601000000.0,729000000.0,0.509,729000000.0,601000000.0,554000000.0,0.63,0.62,0.63,15992000000,,15992000000,45054747506.0,18.0,14.657,222000000.0,0.378,1.0,1143000000.0,0.798,22072000000,47000000.0,7327000000,,0,280000000,16000000,264000000,63099000000,54600000000,8499000000,40173747506.0,21000000.0,-1000000.0,-244000000.0,159000000.0,-119000000.0,-213000000.0,-82000000.0,9000000.0,312000000.0,4000000.0,369000000.0,369000000.0,369000000.0,0.0,6000000.0,0.258,547000000.0,596000000.0,427000000,0.635,2.512,24.481,24.773,1192000000,0.0,68.67,6.833,6.868,897000000,5718000000,1432000000.0,1432000000.0,0.0,,,,,34000000.0,419000000.0,1.0,585026176,588000000.0,592000000.0,2.435,57046000000,0,185000000.0,2989000000,97.017,639000000
16,ICE,ARQ,2017-06-30,2017-08-03,2017-06-30,2021-07-29,-367000000,80324000000,,56448000000,23876000000,,26.9,-84000000.0,1167000000,1167000000,316000000.0,426000000.0,0.993,4.05,5897000000,2023000000,3874000000,5897000000,338000000,142000000.0,0,0.011,0.2,602000000.0,744000000.0,0.498,744000000.0,602000000.0,557000000.0,0.71,0.7,0.71,15898000000,,15898000000,43070290610.0,18.0,14.323,403000000.0,0.682,1.0,1178000000.0,0.788,22104000000,45000000.0,6131000000,,0,281000000,17000000,264000000,64391000000,56819000000,7572000000,38340290610.0,38000000.0,426000000.0,-244000000.0,-352000000.0,-119000000.0,-770000000.0,317000000.0,-25000000.0,487000000.0,4000000.0,418000000.0,418000000.0,418000000.0,0.0,8000000.0,0.28,569000000.0,609000000.0,415000000,0.282,2.412,23.725,23.97,1161000000,0.0,65.15,6.539,6.567,912000000,5468000000,1494000000.0,1494000000.0,0.0,,,,,34000000.0,427000000.0,1.0,588492565,591000000.0,595000000.0,2.528,58220000000,0,139000000.0,2915000000,98.511,-371000000
17,ICE,ARQ,2017-03-31,2017-05-03,2017-03-31,2021-07-29,-427000000,79463000000,,55073000000,24390000000,,26.524,-66000000.0,1103000000,1103000000,305000000.0,510000000.0,0.983,4.039,6248000000,2376000000,3872000000,6248000000,440000000,134000000.0,0,0.012,0.2,760000000.0,894000000.0,0.609,894000000.0,760000000.0,715000000.0,0.84,0.84,0.84,15755000000,,15755000000,40864381055.0,17.0,13.792,545000000.0,0.918,1.0,1164000000.0,0.792,22658000000,45000000.0,5944000000,,0,285000000,21000000,264000000,63639000000,56006000000,7633000000,35719381055.0,-47000000.0,22000000.0,-306000000.0,-117000000.0,-120000000.0,-551000000.0,-108000000.0,-64000000.0,611000000.0,1000000.0,502000000.0,502000000.0,502000000.0,0.0,8000000.0,0.342,582000000.0,582000000.0,451000000,0.238,2.267,22.971,23.133,1132000000,0.0,60.33,6.082,6.102,999000000,5171000000,1469000000.0,1469000000.0,0.0,,,,,34000000.0,448000000.0,1.0,592066651,594000000.0,599000000.0,2.473,56805000000,0,213000000.0,2985000000,95.631,-933000000
18,ICE,ARQ,2016-12-31,2017-02-07,2016-12-31,2021-07-29,-344000000,82003000000,,57133000000,24870000000,,26.415,-111000000.0,1086000000,1086000000,346000000.0,359000000.0,0.975,4.213,6364000000,2493000000,3871000000,6364000000,114000000,140000000.0,0,0.011,0.17,567000000.0,707000000.0,0.476,707000000.0,567000000.0,523000000.0,0.592,0.584,0.592,15717000000,,15717000000,40956806746.0,19.0,14.68,530000000.0,0.891,1.0,1138000000.0,0.767,22711000000,44000000.0,5953000000,,0,719000000,23000000,696000000,66213000000,58617000000,7596000000,35678806746.0,-51000000.0,-425000000.0,-53000000.0,57000000.0,-102000000.0,-96000000.0,-592000000.0,-56000000.0,641000000.0,-4000000.0,352000000.0,352000000.0,352000000.0,0.0,7000000.0,0.237,580000000.0,558000000.0,388000000,0.287,2.27,25.091,25.075,1129000000,0.0,59.93,5.988,5.985,777000000,4789000000,1484000000.0,1484000000.0,0.0,,,,,34000000.0,440000000.0,1.0,595341344,595000000.0,596000000.0,2.494,59292000000,0,171000000.0,2958000000,99.65,-1484000000
19,ICE,ARQ,2016-09-30,2016-11-01,2016-09-30,2021-07-29,-316000000,76296000000,,51844000000,24452000000,,26.071,-97000000.0,1087000000,1087000000,338000000.0,350000000.0,0.99,3.914,6305000000,1585000000,4720000000,6305000000,217000000,181000000.0,0,0.013,0.17,481000000.0,662000000.0,0.468,662000000.0,481000000.0,437000000.0,0.576,0.572,0.576,15512000000,,15512000000,36556518569.0,18.0,14.066,308000000.0,0.518,1.0,1078000000.0,0.761,22368000000,44000000.0,6792000000,,0,702000000,24000000,678000000,60718000000,52354000000,8364000000,31338518569.0,68000000.0,0.0,-3000000.0,-225000000.0,-102000000.0,-335000000.0,-4000000.0,93000000.0,405000000.0,2000000.0,344000000.0,344000000.0,344000000.0,0.0,6000000.0,0.243,604000000.0,474000000.0,383000000,0.295,2.02,21.763,21.386,1080000000,0.0,52.61,5.426,5.419,789000000,4911000000,1416000000.0,1416000000.0,0.0,,,,,30000000.0,423000000.0,1.0,595676080,595000000.0,600000000.0,2.38,53928000000,0,93000000.0,2841000000,90.635,-510000000
20,ICE,ARQ,2016-06-30,2016-08-03,2016-06-30,2021-07-29,-258000000,75224000000,,50630000000,24594000000,,25.701,-101000000.0,1112000000,1112000000,375000000.0,363000000.0,0.984,3.915,6530000000,1811000000,4719000000,6530000000,330000000,146000000.0,0,0.012,0.17,554000000.0,700000000.0,0.465,700000000.0,554000000.0,510000000.0,0.6,0.596,0.6,15292000000,,15292000000,38539589363.0,19.0,15.597,405000000.0,0.681,1.0,1129000000.0,0.751,22539000000,44000000.0,6665000000,,0,713000000,24000000,689000000,59861000000,51438000000,8423000000,33121589363.0,-78000000.0,0.0,-1000000.0,-238000000.0,-103000000.0,-334000000.0,-243000000.0,-72000000.0,506000000.0,-7000000.0,357000000.0,357000000.0,357000000.0,0.0,6000000.0,0.237,578000000.0,551000000.0,350000000,0.283,2.166,23.625,22.807,1048000000,0.0,55.604,6.01,6.003,862000000,4669000000,1504000000.0,1504000000.0,0.0,,,,,31000000.0,432000000.0,1.0,595669185,595000000.0,600000000.0,2.528,52685000000,0,153000000.0,2903000000,88.546,-808000000
21,ICE,ARQ,2016-03-31,2016-05-04,2016-03-31,2021-07-29,-208000000,79160000000,,54554000000,24606000000,,25.291,-56000000.0,1125000000,1125000000,400000000.0,377000000.0,0.981,4.256,6766000000,2048000000,4718000000,6766000000,429000000,143000000.0,0,0.012,0.17,578000000.0,721000000.0,0.464,721000000.0,578000000.0,532000000.0,0.62,0.616,0.62,15048000000,,15048000000,36413107742.0,20.0,15.978,541000000.0,0.909,1.0,1154000000.0,0.743,22734000000,46000000.0,6431000000,,0,639000000,25000000,614000000,64046000000,55636000000,8410000000,30772107742.0,-159000000.0,0.0,-47000000.0,-543000000.0,-102000000.0,-697000000.0,-59000000.0,-3000000.0,597000000.0,0.0,369000000.0,369000000.0,369000000.0,0.0,8000000.0,0.237,570000000.0,584000000.0,399000000,0.274,2.045,23.172,22.018,1018000000,0.0,51.698,6.058,6.055,941000000,4415000000,1554000000.0,1554000000.0,0.0,,,,,29000000.0,427000000.0,1.0,595228205,595000000.0,600000000.0,2.612,56426000000,0,163000000.0,2893000000,94.834,-1082000000
22,ICE,ARQ,2015-12-31,2016-02-04,2015-12-31,2021-07-29,-188000000,77987000000,,53313000000,24674000000,,26.681,-85000000.0,1284000000,1284000000,427000000.0,373000000.0,0.974,4.262,7308000000,2591000000,4717000000,7308000000,98000000,98000000.0,0,0.012,0.15,418000000.0,516000000.0,0.396,516000000.0,418000000.0,388000000.0,0.664,0.658,0.664,14808000000,,14808000000,35281073109.0,20.0,16.777,336000000.0,0.605,1.0,875000000.0,0.672,22837000000,30000000.0,6431000000,,0,591000000,29000000,562000000,63112000000,54743000000,8369000000,29257073109.0,-60000000.0,-3751000000.0,-53000000.0,3811000000.0,-89000000.0,3668000000.0,-4144000000.0,-308000000.0,421000000.0,-5000000.0,370000000.0,370000000.0,370000000.0,0.0,3000000.0,0.284,457000000.0,418000000.0,398000000,0.226,1.976,22.965,21.493,1037000000,0.0,49.218,6.249,5.834,700000000,4148000000,1302000000.0,1302000000.0,0.0,,,,,32000000.0,359000000.0,1.0,594438480,555000000.0,560000000.0,2.346,55150000000,0,18000000.0,2837000000,99.369,-1430000000
23,ICE,ARQ,2015-09-30,2015-10-28,2015-09-30,2021-07-29,-191000000,65856000000,,48052000000,17804000000,,22.436,-56000000.0,1045000000,1045000000,335000000.0,310000000.0,0.992,4.331,3500000000,1253000000,2247000000,3500000000,186000000,94000000.0,0,0.011,0.15,440000000.0,534000000.0,0.464,534000000.0,440000000.0,419000000.0,0.554,0.552,0.554,12340000000,,12340000000,30732538332.0,18.0,14.6,64000000.0,0.116,1.0,816000000.0,0.709,16160000000,21000000.0,3693000000,,0,529000000,21000000,508000000,53446000000,48458000000,4988000000,28277538332.0,9000000.0,0.0,-205000000.0,237000000.0,-84000000.0,-57000000.0,-53000000.0,3000000.0,120000000.0,-1000000.0,306000000.0,306000000.0,306000000.0,0.0,4000000.0,0.266,376000000.0,440000000.0,297000000,0.271,2.292,23.723,24.126,904000000,0.0,51.534,6.251,6.265,490000000,3863000000,1151000000.0,1151000000.0,0.0,,,,,32000000.0,282000000.0,1.0,548716155,550000000.0,555000000.0,2.093,49696000000,0,113000000.0,1870000000,90.356,-406000000
24,ICE,ARQ,2015-06-30,2015-08-05,2015-06-30,2021-07-29,-68000000,63104000000,,45133000000,17971000000,,22.36,-76000000.0,1039000000,1039000000,276000000.0,289000000.0,0.99,4.079,3263000000,1016000000,2247000000,3263000000,294000000,93000000.0,0,0.011,0.15,415000000.0,508000000.0,0.473,508000000.0,415000000.0,392000000.0,0.51,0.508,0.51,12410000000,,12410000000,28469453493.0,18.0,14.437,229000000.0,0.413,1.0,797000000.0,0.743,16232000000,23000000.0,3516000000,,0,618000000,22000000,596000000,50621000000,45580000000,5041000000,26245453493.0,-74000000.0,0.0,-200000000.0,-953000000.0,-85000000.0,-1367000000.0,985000000.0,1061000000.0,305000000.0,3000000.0,283000000.0,283000000.0,283000000.0,0.0,6000000.0,0.264,367000000.0,430000000.0,324000000,0.294,2.115,24.034,24.438,911000000,0.0,47.508,5.993,6.021,541000000,3641000000,1073000000.0,1073000000.0,0.0,,,,,23000000.0,274000000.0,1.0,552442820,555000000.0,560000000.0,1.933,46872000000,0,109000000.0,1902000000,84.454,-447000000
25,ICE,ARQ,2015-03-31,2015-05-05,2015-03-31,2021-07-29,-153000000,66428000000,,48486000000,17942000000,,21.959,-60000000.0,1050000000,1050000000,306000000.0,323000000.0,0.994,4.386,4193000000,1946000000,2247000000,4193000000,367000000,89000000.0,0,0.011,0.13,456000000.0,545000000.0,0.471,545000000.0,456000000.0,433000000.0,0.562,0.56,0.562,12297000000,,12297000000,28985740081.0,19.0,15.426,405000000.0,0.723,1.0,850000000.0,0.735,16228000000,23000000.0,4545000000,,0,1677000000,1073000000,604000000,53934000000,48798000000,5136000000,25842740081.0,100000000.0,0.0,-228000000.0,35000000.0,-73000000.0,-268000000.0,-86000000.0,-26000000.0,465000000.0,-11000000.0,315000000.0,315000000.0,315000000.0,0.0,8000000.0,0.272,388000000.0,462000000.0,392000000,0.231,2.102,24.969,25.429,879000000,0.0,46.434,5.986,6.023,608000000,3441000000,1156000000.0,1156000000.0,0.0,,,,,24000000.0,299000000.0,1.0,556547790,560000000.0,560000000.0,2.064,50200000000,0,118000000.0,1913000000,89.643,-312000000
26,ICE,ARQ,2014-12-31,2015-02-05,2014-12-31,2021-07-29,-46000000,68279000000,,50245000000,18034000000,,22.27,-89000000.0,981000000,981000000,344000000.0,294000000.0,0.994,4.508,4289000000,2042000000,2247000000,4289000000,69000000,89000000.0,0,0.012,0.13,429000000.0,518000000.0,0.453,518000000.0,429000000.0,406000000.0,0.51,0.506,0.51,12360000000,,12360000000,28605182285.0,19.0,15.787,452000000.0,0.814,1.0,800000000.0,0.699,16315000000,23000000.0,4733000000,,0,1876000000,1200000000,676000000,55722000000,50539000000,5183000000,25297182285.0,14000000.0,-308000000.0,-200000000.0,216000000.0,-74000000.0,-55000000.0,-453000000.0,-56000000.0,541000000.0,-19000000.0,288000000.0,288000000.0,288000000.0,0.0,6000000.0,0.252,400000000.0,400000000.0,337000000,0.255,2.047,25.787,26.262,874000000,0.0,45.17,5.993,6.1,471000000,3210000000,1144000000.0,1144000000.0,0.0,,,,,47000000.0,311000000.0,1.0,560043885,555000000.0,575000000.0,2.061,51964000000,0,118000000.0,1938000000,93.629,-294000000
27,ICE,ARQ,2014-09-30,2014-11-04,2014-09-30,2021-07-29,244000000,67286000000,,49378000000,17908000000,,22.13,-63000000.0,952000000,952000000,261000000.0,213000000.0,1.001,4.321,4136000000,1889000000,2247000000,4136000000,139000000,83000000.0,0,0.012,0.13,318000000.0,401000000.0,0.399,401000000.0,318000000.0,296000000.0,0.362,0.36,0.362,12614000000,,12614000000,27700073842.0,28.0,21.622,19000000.0,0.033,1.0,745000000.0,0.741,16225000000,22000000.0,4908000000,,0,1967000000,1241000000,726000000,54499000000,49337000000,5162000000,24516073842.0,-1419000000.0,171000000.0,-445000000.0,322000000.0,-74000000.0,-333000000.0,-1162000000.0,-1270000000.0,82000000.0,-6000000.0,206000000.0,206000000.0,206000000.0,10000000.0,7000000.0,0.205,415000000.0,330000000.0,282000000,0.359,1.944,47.336,64.355,839000000,0.0,43.504,6.209,6.28,446000000,3000000000,1006000000.0,1006000000.0,0.0,,,,,19000000.0,332000000.0,1.0,563536085,570000000.0,570000000.0,1.765,51061000000,0,90000000.0,2137000000,89.581,41000000
28,ICE,ARQ,2014-06-30,2014-08-07,2014-06-30,2021-07-29,582000000,68482000000,,50191000000,18291000000,,23.031,-47000000.0,2375000000,2375000000,261000000.0,235000000.0,1.01,4.149,3931000000,1683000000,2248000000,3931000000,271000000,73000000.0,0,0.01,0.13,342000000.0,415000000.0,0.41,415000000.0,342000000.0,319000000.0,0.392,0.39,0.392,13243000000,,13243000000,22922822737.0,27.0,20.592,325000000.0,0.565,1.0,750000000.0,0.742,16540000000,23000000.0,3828000000,,0,812000000,26000000,786000000,54942000000,49670000000,5272000000,21366822737.0,1093000000.0,1976000000.0,2000000.0,-929000000.0,-75000000.0,-1019000000.0,1396000000.0,-29000000.0,372000000.0,5000000.0,226000000.0,226000000.0,226000000.0,-8000000.0,9000000.0,0.224,423000000.0,327000000.0,293000000,0.332,1.613,47.143,53.661,845000000,0.0,37.67,6.513,6.603,432000000,2878000000,1011000000.0,1011000000.0,0.0,,,,,23000000.0,342000000.0,1.0,567210585,575000000.0,580000000.0,1.758,51942000000,0,93000000.0,2197000000,90.334,521000000
29,ICE,ARQ,2014-03-31,2014-05-08,2014-03-31,2021-07-29,464000000,65921000000,,45254000000,20667000000,,22.461,-51000000.0,1253000000,1253000000,266000000.0,275000000.0,0.997,4.079,4881000000,1297000000,3584000000,4881000000,348000000,88000000.0,0,0.007,0.13,396000000.0,484000000.0,0.404,484000000.0,396000000.0,369000000.0,0.456,0.454,0.456,12915000000,,12915000000,25754254067.0,35.0,27.001,468000000.0,0.814,1.0,932000000.0,0.778,18892000000,27000000.0,5254000000,,0,653000000,57000000,596000000,52685000000,45403000000,7282000000,22126254067.0,3000000.0,-142000000.0,-34000000.0,-161000000.0,-76000000.0,-266000000.0,-249000000.0,-56000000.0,519000000.0,-1000000.0,262000000.0,262000000.0,262000000.0,-2000000.0,13000000.0,0.219,523000000.0,409000000.0,357000000,0.285,1.713,58.142,52.497,898000000,0.0,38.428,8.378,8.366,544000000,2704000000,1198000000.0,1198000000.0,0.0,,,,,8000000.0,435000000.0,1.0,575784690,575000000.0,580000000.0,2.083,47029000000,0,107000000.0,2809000000,81.79,-149000000
30,ICE,ARQ,2013-12-31,2014-02-14,2013-12-31,2021-07-29,359000000,64818000000,,44259000000,20559000000,,32.264,-77091000.0,1238000000,1238000000,121000000.0,-170086000.0,0.998,4.123,5058000000,1135000000,3923000000,5058000000,0,61375000.0,0,0.003,0.13,-80290000.0,-18915000.0,-0.026,-18915000.0,-80290000.0,-106539000.0,-0.534,-0.53,-0.534,12583000000,,12583000000,28519375577.0,53.0,40.684,96075000.0,0.246,1.0,612623000.0,0.835,18905000000,26249000.0,5391000000,,0,559000000,74000000,485000000,51881000000,44342000000,7539000000,24699375577.0,-576071000.0,-2191799000.0,-50894000.0,1661911000.0,-75000000.0,1494749000.0,-2263885000.0,5005000.0,173166000.0,19899000.0,-176080000.0,-176080000.0,-176080000.0,0.0,5994000.0,-0.24,449539000.0,163084000.0,343000000,-0.243,1.963,97.242,66.312,891000000,0.0,42.97,13.76,9.336,482000000,2482000000,733623000.0,733623000.0,0.0,,,,,20202000.0,420551000.0,1.0,574805110,390000000.0,395000000.0,1.881,45913000000,0,69541000.0,2771000000,117.726,-83000000
31,ICE,ARQ,2013-09-30,2013-11-05,2013-09-30,2021-07-29,-117452000,48884910000,,45389607000,3495303000,,11.094,-53954000.0,1698911000,1698911000,0.0,145044000.0,1.028,11.084,790589000,448824000,341765000,790589000,0,34391000.0,0,0.0,0.0,198728000.0,233119000.0,0.69,233119000.0,198728000.0,188826000.0,0.388,0.384,0.388,4041869000,,4041869000,13524182362.0,17.0,14.333,126058000.0,0.346,1.0,337871000.0,1.0,2765521000,9902000.0,1065258000,,0,527237000,36524000,490713000,44798852000,44145809000,653043000,14432504362.0,80218000.0,0.0,-1608000.0,-12205000.0,0.0,-22056000.0,-77232000.0,-23278000.0,180012000.0,-506000.0,141315000.0,141315000.0,141315000.0,0.0,3729000.0,0.418,135725000.0,202146000.0,94530000,0.0,3.571,25.793,25.71,201673000,0.0,39.594,10.422,10.417,175826000,2938752000,337871000.0,337871000.0,0.0,,,,,10923000.0,95261000.0,1.0,364512410,364335000.0,367625000.0,0.927,46119389000,0,47511000.0,253692000,126.585,1243798000
32,ICE,ARQ,2013-06-30,2013-08-06,2013-06-30,2021-07-29,-158448000,40613727000,,37185206000,3428521000,,10.568,-25323000.0,1595345000,1595345000,0.0,157861000.0,1.043,9.544,802795000,48824000,753971000,802795000,0,33068000.0,0,0.0,0.0,222565000.0,255633000.0,0.688,255633000.0,222565000.0,212636000.0,0.422,0.418,0.422,3847228000,,3847228000,12816253699.0,16.0,13.716,206245000.0,0.567,1.0,371609000.0,1.0,2737117000,9929000.0,1439262000,,0,526827000,36529000,490298000,36719683000,35644798000,1074885000,13608803699.0,66212000.0,-5160000.0,4458000.0,-107706000.0,0.0,-101252000.0,-65668000.0,-82727000.0,231568000.0,1564000.0,153323000.0,153323000.0,153323000.0,0.0,4538000.0,0.413,146917000.0,224692000.0,108948000,0.0,3.537,24.774,24.712,164901000,0.0,37.364,9.933,9.929,185784000,2797437000,371609000.0,371609000.0,0.0,,,,,12920000.0,105435000.0,1.0,364222345,364060000.0,367025000.0,1.021,37876610000,0,59313000.0,256413000,104.039,1540408000
33,ICE,ARQ,2013-03-31,2013-05-08,2013-03-31,2021-07-29,-110439000,38858537000,,35375181000,3483356000,,10.238,-24632000.0,1527199000,1527199000,0.0,137181000.0,1.043,9.433,910500000,48824000,861676000,910500000,0,32166000.0,0,0.0,0.0,198997000.0,231163000.0,0.657,231163000.0,198997000.0,189077000.0,0.372,0.37,0.372,3720405000,,3720405000,11875102368.0,15.0,12.84,125622000.0,0.346,1.0,351897000.0,1.0,2754443000,9920000.0,1577765000,,0,536546000,0,536546000,35095854000,33909630000,1186224000,12491801368.0,-221359000.0,-44041000.0,-15956000.0,-222000000.0,0.0,-252441000.0,-116215000.0,0.0,150254000.0,-2957000.0,135442000.0,135442000.0,135442000.0,0.0,1739000.0,0.385,151819000.0,200078000.0,95277000,0.0,3.358,23.169,23.135,154824000,0.0,34.332,9.255,9.244,186955000,2644114000,351897000.0,351897000.0,0.0,,,,,11955000.0,101753000.0,1.0,363853005,363385000.0,365875000.0,0.968,36104094000,0,53635000.0,264165000,99.355,1465551000
34,ICE,ARQ,2012-12-31,2013-02-06,2012-12-31,2021-07-29,-52591000,37214842000,,33750087000,3464755000,,10.028,-17859000.0,1699018000,1699018000,0.0,132553000.0,1.047,9.205,1132500000,163000000,969500000,1132500000,0,33547000.0,0,0.0,0.0,190103000.0,223650000.0,0.692,223650000.0,190103000.0,180313000.0,0.358,0.352,0.358,3643377000,,3643377000,9984073258.0,12.0,10.521,142381000.0,0.392,1.0,323371000.0,1.0,2736937000,9790000.0,1665690000,,0,554212000,0,554212000,33538284000,32245697000,1292587000,10550591258.0,371019000.0,0.0,-52046000.0,282500000.0,0.0,233094000.0,-22053000.0,0.0,160240000.0,-262000.0,129472000.0,129472000.0,129472000.0,0.0,3081000.0,0.4,131005000.0,192366000.0,70206000,0.0,2.896,19.128,19.133,143392000,0.0,29.044,7.741,7.747,127260000,2508672000,323371000.0,323371000.0,0.0,,,,,9491000.0,88093000.0,1.0,363262335,363305000.0,367235000.0,0.89,34477905000,0,50841000.0,245425000,94.901,1504390000
35,ICE,ARQ,2012-09-30,2012-11-05,2012-09-30,2021-07-29,-27104000,37540084000,,34034495000,3505589000,,9.825,-16926000.0,1321746000,1321746000,0.0,134107000.0,1.037,9.49,850000000,50000000,800000000,850000000,0,32864000.0,0,0.0,0.0,191079000.0,223943000.0,0.693,223943000.0,191079000.0,181634000.0,0.36,0.358,0.36,3575859000,,3575859000,9220207800.0,11.0,9.707,190219000.0,0.523,1.0,323187000.0,1.0,2753422000,9445000.0,1504574000,,0,579479000,0,579479000,33934125000,32810342000,1123783000,9691953800.0,159158000.0,-18250000.0,-205000.0,-12500000.0,0.0,-15057000.0,-34435000.0,0.0,207145000.0,1505000.0,131082000.0,131082000.0,131082000.0,0.0,3025000.0,0.406,129136000.0,194051000.0,83725000,0.0,2.71,17.658,17.63,140926000,0.0,26.656,7.091,7.098,148897000,2379200000,323187000.0,323187000.0,0.0,,,,,9526000.0,93987000.0,1.0,363593705,363945000.0,367055000.0,0.888,34786662000,0,50552000.0,252906000,95.582,1224153000
36,ICE,ARQ,2012-06-30,2012-08-01,2012-06-30,2021-07-29,-81481000,39504768000,,36058454000,3446314000,,9.28,-17851000.0,1163395000,1163395000,0.0,145298000.0,1.032,10.693,862500000,50000000,812500000,862500000,0,32108000.0,0,0.0,0.0,214022000.0,246130000.0,0.701,246130000.0,214022000.0,204423000.0,0.394,0.39,0.394,3375748000,,3375748000,9114474932.0,11.0,9.5,162074000.0,0.446,1.0,351213000.0,1.0,2729785000,9599000.0,1518539000,,0,545669000,0,545669000,36097441000,34955549000,1141892000,9415369932.0,113633000.0,0.0,-4000000.0,-12500000.0,0.0,-19850000.0,-45506000.0,43000.0,179925000.0,-936000.0,143157000.0,143157000.0,143157000.0,0.0,2141000.0,0.408,135797000.0,215416000.0,73604000,0.0,2.789,17.106,17.094,137678000,0.0,25.88,6.801,6.8,175186000,2248118000,351213000.0,351213000.0,0.0,,,,,13399000.0,99443000.0,1.0,363808730,363775000.0,366715000.0,0.965,36774983000,0,61266000.0,256590000,101.093,1102905000
37,ICE,ARQ,2012-03-31,2012-05-02,2012-03-31,2021-07-29,70948000,36124101000,,32506784000,3617317000,,9.286,-15173000.0,1022096000,1022096000,0.0,149779000.0,1.03,9.7,875000000,50000000,825000000,875000000,0,31983000.0,0,0.0,0.0,223229000.0,255212000.0,0.699,255212000.0,223229000.0,213161000.0,0.408,0.404,0.408,3372636000,,3372636000,9153860837.0,11.0,9.795,170471000.0,0.469,1.0,365194000.0,1.0,2761131000,10068000.0,1665373000,,0,687760000,0,687760000,32716204000,31550501000,1165703000,9300956837.0,145436000.0,0.0,-8933000.0,-12500000.0,0.0,-25824000.0,-15873000.0,0.0,185644000.0,1489000.0,147865000.0,147865000.0,147865000.0,0.0,1914000.0,0.405,140012000.0,225182000.0,76821000,0.0,2.758,17.594,17.634,133247000,0.0,25.57,6.847,6.837,178844000,2104961000,365194000.0,365194000.0,0.0,,,,,11171000.0,104566000.0,1.0,363744890,363205000.0,366260000.0,1.005,33362970000,0,65296000.0,297949000,91.857,956283000
38,ICE,ARQ,2011-12-31,2012-02-08,2011-12-31,2021-07-29,-21253000,36147864000,,32605391000,3542473000,,8.602,-45044000.0,875931000,875931000,0.0,130267000.0,1.025,10.567,887500000,50000000,837500000,887500000,0,33189000.0,0,0.0,0.0,191394000.0,224583000.0,0.686,224583000.0,191394000.0,180118000.0,0.35,0.346,0.35,3121525000,,3121525000,9454112883.0,12.0,10.326,126941000.0,0.35,1.0,327215000.0,1.0,2757358000,11276000.0,1601761000,,0,615632000,0,615632000,32985523000,31800314000,1185209000,9442543883.0,325646000.0,-6595000.0,-51219000.0,286000000.0,0.0,219794000.0,-64372000.0,-3000.0,171985000.0,-1761000.0,126773000.0,126773000.0,126773000.0,0.0,3494000.0,0.387,132407000.0,194808000.0,65964000,0.0,3.025,18.527,18.663,130962000,0.0,26.016,7.113,7.167,136331000,1957096000,327215000.0,327215000.0,0.0,,,,,10992000.0,98354000.0,1.0,362951410,362875000.0,367045000.0,0.902,33390506000,0,53345000.0,258503000,92.017,805077000
39,ICE,ARQ,2011-09-30,2011-11-02,2011-09-30,2021-07-29,-74671000,38666730000,,35222949000,3443781000,,8.132,-12762000.0,560680000,560680000,0.0,136948000.0,1.008,11.99,601500000,231500000,370000000,601500000,0,33095000.0,0,0.0,0.0,200382000.0,233477000.0,0.685,233477000.0,200382000.0,192138000.0,0.362,0.36,0.362,2973810000,,2973810000,8949571692.0,12.0,10.175,206956000.0,0.566,1.0,340778000.0,1.0,2774278000,8244000.0,1004572000,,0,545897000,0,545897000,35655598000,34928700000,726898000,8908751692.0,-259371000.0,0.0,-99198000.0,144250000.0,0.0,39982000.0,-518878000.0,-514244000.0,219718000.0,-193000.0,132631000.0,132631000.0,132631000.0,0.0,4317000.0,0.389,136729000.0,204049000.0,79480000,0.0,2.996,18.482,18.664,99114000,0.0,24.524,6.931,6.978,159219000,1830323000,340778000.0,340778000.0,0.0,,,,,14365000.0,98188000.0,1.0,363266665,365695000.0,369180000.0,0.932,35892452000,0,59507000.0,290150000,98.149,294249000
40,ICE,ARQ,2011-06-30,2011-08-03,2011-06-30,2021-07-29,58078000,31040873000,,27931554000,3109319000,,8.304,-17368000.0,827394000,827394000,0.0,124372000.0,1.02,9.168,457250000,267250000,190000000,457250000,0,32837000.0,0,0.0,0.0,188432000.0,221269000.0,0.68,221269000.0,188432000.0,180061000.0,0.33,0.328,0.33,3049203000,,3049203000,8226610706.0,12.0,9.923,148343000.0,0.404,1.0,325218000.0,1.0,2838571000,8371000.0,459123000,,0,146495000,0,146495000,27954343000,27373035000,581308000,8596754706.0,62417000.0,0.0,-23935000.0,-65750000.0,0.0,-87781000.0,-13745000.0,-2246000.0,165711000.0,-1768000.0,121365000.0,121365000.0,121365000.0,0.0,3007000.0,0.373,134340000.0,190878000.0,82086000,0.0,2.819,19.288,19.278,99458000,0.0,23.404,6.98,6.977,165758000,1697692000,325218000.0,325218000.0,0.0,,,,,11266000.0,95626000.0,1.0,367319890,367185000.0,370690000.0,0.886,28202302000,0,58696000.0,291984000,76.807,558519000
41,ICE,ARQ,2011-03-31,2011-05-04,2011-03-31,2021-07-29,60274000,28622491000,,25506922000,3115569000,,8.0,-12461000.0,769555000,769555000,0.0,130154000.0,1.021,8.733,523000000,263000000,260000000,523000000,0,33131000.0,0,0.0,0.0,203060000.0,236191000.0,0.707,236191000.0,203060000.0,194854000.0,0.352,0.348,0.352,2937381000,,2937381000,8197562698.0,12.0,10.271,142895000.0,0.389,1.0,334280000.0,1.0,2847899000,8206000.0,542376000,,0,147787000,0,147787000,25650790000,24985661000,665129000,8444117698.0,72465000.0,-3200000.0,-6952000.0,-55500000.0,0.0,-66884000.0,-17861000.0,599000.0,155356000.0,1854000.0,128904000.0,128904000.0,128904000.0,0.0,1250000.0,0.386,130682000.0,203598000.0,68802000,0.0,2.875,19.82,19.836,94782000,0.0,22.97,7.022,7.013,165244000,1576327000,334280000.0,334280000.0,0.0,,,,,11994000.0,94114000.0,1.0,367615050,367165000.0,371005000.0,0.91,25774592000,0,65950000.0,320278000,70.199,521261000
42,ICE,ARQ,2010-12-31,2011-02-09,2010-12-31,2021-07-29,37740000,26642259000,,23575778000,3066481000,,7.589,-10741000.0,696905000,696905000,0.0,101809000.0,1.019,8.578,578500000,252750000,325750000,578500000,0,33342000.0,0,0.0,0.0,155315000.0,188657000.0,0.662,188657000.0,155315000.0,147673000.0,0.27,0.268,0.27,2777550000,,2777550000,8917444492.0,14.0,11.864,144446000.0,0.395,1.0,285023000.0,1.0,2806873000,7642000.0,589597000,,0,146173000,1999000,144174000,23825494000,23127384000,698110000,9035849492.0,82594000.0,-23000.0,-11375000.0,-55500000.0,0.0,-56395000.0,-14532000.0,1174000.0,155187000.0,-1666000.0,99132000.0,99132000.0,99132000.0,0.0,2677000.0,0.348,126442000.0,158581000.0,65162000,0.0,3.253,22.686,22.76,94503000,0.0,24.626,7.858,7.883,114456000,1447423000,285023000.0,285023000.0,0.0,,,,,8691000.0,92166000.0,1.0,366923150,366005000.0,370865000.0,0.779,23835386000,0,48541000.0,274556000,65.123,448394000
43,ICE,ARQ,2010-09-30,2010-11-01,2010-09-30,2021-07-29,54340000,28218225000,,25152034000,3066191000,,7.289,-12753000.0,618643000,618643000,0.0,99913000.0,1.015,9.497,634000000,242500000,391500000,634000000,0,31739000.0,0,0.0,0.0,151154000.0,182893000.0,0.637,182893000.0,151154000.0,143643000.0,0.262,0.258,0.262,2684619000,,2684619000,8374320399.0,14.0,11.493,106499000.0,0.289,1.0,287146000.0,1.0,2812637000,7511000.0,641300000,,0,137217000,1998000,135219000,25497068000,24779645000,717423000,8358963399.0,232090000.0,-552958000.0,-89879000.0,155984000.0,0.0,55929000.0,55224000.0,140000.0,119252000.0,1685000.0,96315000.0,96315000.0,96315000.0,0.0,3598000.0,0.335,135588000.0,151558000.0,74100000,0.0,3.114,21.801,21.975,95341000,0.0,22.854,7.454,7.505,134507000,1348291000,287146000.0,287146000.0,0.0,,,,,11454000.0,96830000.0,1.0,365754940,368295000.0,372215000.0,0.78,25405588000,31925000,47328000.0,273817000,68.982,372389000
44,ICE,ARQ,2010-06-30,2010-08-04,2010-06-30,2021-07-29,24978000,27449881000,,25061916000,2387965000,,7.134,-13526000.0,1017947000,1017947000,0.0,102527000.0,1.037,9.392,479500000,112250000,367250000,479500000,0,27914000.0,0,0.0,0.0,162479000.0,190393000.0,0.643,190393000.0,162479000.0,154977000.0,0.274,0.272,0.274,2637972000,,2637972000,7629307811.0,13.0,10.656,144233000.0,0.39,1.0,296155000.0,1.0,2123002000,7502000.0,629688000,,0,158828000,2005000,156823000,24775694000,24158744000,616950000,8167754811.0,-305186000.0,-15080000.0,2852000.0,194577000.0,0.0,199646000.0,-662472000.0,0.0,157759000.0,-119000.0,101688000.0,101688000.0,101688000.0,0.0,839000.0,0.343,117860000.0,178295000.0,63068000,0.0,3.096,21.806,21.672,93549000,0.0,22.062,7.489,7.481,135942000,1251976000,296155000.0,296155000.0,0.0,,,,,11335000.0,88448000.0,1.0,370218240,369800000.0,373815000.0,0.801,25326879000,0,53289000.0,173485000,68.488,903172000
45,ICE,ARQ,2010-03-31,2010-05-05,2010-03-31,2021-07-29,18468000,23813791000,,21418140000,2395651000,,6.812,-10748000.0,693123000,693123000,0.0,103518000.0,1.028,8.475,285000000,102000000,183000000,285000000,0,28214000.0,0,0.0,0.0,161490000.0,189704000.0,0.674,189704000.0,161490000.0,154380000.0,0.274,0.272,0.274,2509526000,,2509526000,8386832738.0,15.0,12.372,90812000.0,0.247,1.0,281620000.0,1.0,2140513000,7110000.0,435993000,,0,150575000,2005000,148570000,21268889000,20829162000,439727000,8794955738.0,59829000.0,0.0,6968000.0,-24061000.0,0.0,-29660000.0,-11302000.0,1000.0,101560000.0,-769000.0,101163000.0,101163000.0,101163000.0,0.0,2355000.0,0.359,117805000.0,163815000.0,51272000,0.0,3.505,25.498,25.253,91091000,0.0,23.788,8.417,8.387,140578000,1150288000,281620000.0,281620000.0,0.0,,,,,9863000.0,89046000.0,1.0,369722370,368380000.0,372635000.0,0.764,21673278000,0,53217000.0,204816000,58.834,588978000
46,ICE,ARQ,2009-12-31,2010-02-10,2009-12-31,2021-07-29,24558000,21884875000,,19459851000,2425024000,,6.55,-16177000.0,634435000,634435000,0.0,82992000.0,1.026,8.106,307500000,99000000,208500000,307500000,0,28607000.0,0,0.0,0.0,137051000.0,165658000.0,0.646,165658000.0,137051000.0,130663000.0,0.23,0.228,0.23,2399732000,,2399732000,6715811273.0,13.0,10.663,179088000.0,0.489,1.0,256554000.0,1.0,2168291000,6388000.0,421817000,,0,156821000,2005000,154816000,19451228000,18967832000,483396000,7042746273.0,160836000.0,2000.0,-179000.0,-22536000.0,0.0,-34279000.0,-834000.0,16501000.0,195265000.0,684000.0,84254000.0,84254000.0,84254000.0,0.0,-1262000.0,0.328,132684000.0,123870000.0,57288000,0.0,2.935,22.288,22.097,91735000,0.0,19.136,7.08,7.02,109068000,1049125000,256554000.0,256554000.0,0.0,,,,,29012000.0,97938000.0,1.0,368036490,366395000.0,372565000.0,0.7,19716584000,0,46409000.0,204429000,53.812,492019000
47,ICE,ARQ,2009-09-30,2009-11-03,2009-09-30,2021-07-29,29321000,19561738000,,17094590000,2467148000,,6.296,-10144000.0,468031000,468031000,0.0,86882000.0,1.024,7.481,330000000,96000000,234000000,330000000,0,27868000.0,0,0.0,0.0,142352000.0,170220000.0,0.664,170220000.0,142352000.0,137978000.0,0.24,0.236,0.24,2302284000,,2302284000,7283635467.0,16.0,12.616,109836000.0,0.3,1.0,256264000.0,1.0,2195075000,4374000.0,541246000,,0,175938000,2004000,173934000,17224277000,16687386000,536891000,7421666467.0,91170000.0,47000.0,615000.0,-22596000.0,0.0,-18598000.0,-9749000.0,7356000.0,119980000.0,-463000.0,87454000.0,87454000.0,87454000.0,0.0,-572000.0,0.341,116275000.0,139989000.0,59772000,0.0,3.224,26.45,26.314,86590000,0.0,20.262,7.85,7.837,132559000,964871000,256264000.0,256264000.0,0.0,,,,,10547000.0,88407000.0,1.0,366284990,365685000.0,371020000.0,0.701,17366663000,37419000,50524000.0,243610000,47.491,407204000
48,ICE,ARQ,2009-06-30,2009-08-05,2009-06-30,2021-07-29,28705000,20864021000,,18384748000,2479273000,,6.023,-10492000.0,386257000,386257000,0.0,72058000.0,1.017,8.488,352500000,93000000,259500000,352500000,0,27579000.0,0,0.0,0.0,124728000.0,152307000.0,0.608,152307000.0,124728000.0,117822000.0,0.198,0.194,0.198,2195141000,,2195141000,6810452458.0,15.0,12.514,93136000.0,0.256,1.0,250417000.0,1.0,2208976000,6906000.0,544839000,,0,170851000,4788000,166063000,18633131000,18076449000,556682000,6844209458.0,70863000.0,2001000.0,6568000.0,-17651000.0,0.0,-7171000.0,-26077000.0,-23327000.0,103628000.0,483000.0,72058000.0,72058000.0,72058000.0,0.0,0.0,0.288,115456000.0,134961000.0,52159000,0.0,3.118,25.529,25.281,87080000,0.0,18.708,7.684,7.655,119613000,877417000,250417000.0,250417000.0,0.0,,,,,-2205000.0,87877000.0,1.0,365843995,364460000.0,370370000.0,0.687,18655045000,0,45764000.0,203433000,51.185,308299000
49,ICE,ARQ,2009-03-31,2009-05-06,2009-03-31,2021-07-29,18030000,15624906000,,13137885000,2487021000,,5.753,-7929000.0,307423000,307423000,0.0,72222000.0,1.018,6.457,370000000,90000000,280000000,370000000,0,27303000.0,0,0.0,0.0,114330000.0,141633000.0,0.612,141633000.0,114330000.0,109076000.0,0.198,0.196,0.198,2090503000,,2090503000,7183836612.0,16.0,13.342,59791000.0,0.165,1.0,231553000.0,1.0,2229707000,5254000.0,546560000,,0,161399000,3086000,158313000,13498804000,12911216000,587588000,7121259612.0,-53926000.0,-39842000.0,-6370000.0,-10943000.0,0.0,-15064000.0,-105615000.0,3371000.0,67720000.0,-967000.0,72222000.0,72222000.0,72222000.0,0.0,0.0,0.312,117754000.0,113799000.0,46239000,0.0,3.406,25.351,25.008,86905000,0.0,19.556,8.504,8.485,110647000,805359000,231553000.0,231553000.0,0.0,,,,,7531000.0,90451000.0,1.0,364147045,363355000.0,368030000.0,0.637,13395199000,0,36854000.0,226071000,36.865,226669000
50,ICE,ARQ,2008-12-31,2009-02-11,2008-12-31,2021-07-29,19890000,14959581000,,12552588000,2406993000,,5.551,-19193000.0,314246000,314246000,0.0,48855000.0,1.02,6.453,379375000,46875000,332500000,379375000,0,26056000.0,0,0.0,0.0,87115000.0,113171000.0,0.546,113171000.0,87115000.0,81156000.0,0.134,0.132,0.134,2006231000,,2006231000,4631857083.0,9.0,8.341,56497000.0,0.156,1.0,207260000.0,1.0,2163671000,5959000.0,549397000,,0,141883000,3419000,138464000,12946333000,12311642000,634691000,4566728083.0,41795000.0,-7276000.0,-44897000.0,-9633000.0,0.0,-8992000.0,-24370000.0,-2012000.0,75690000.0,-533000.0,48855000.0,48855000.0,48855000.0,0.0,0.0,0.236,109933000.0,97327000.0,49663000,0.0,2.276,15.173,14.861,88952000,0.0,12.572,5.617,5.503,81248000,732752000,207260000.0,207260000.0,0.0,,,,,9142000.0,83877000.0,1.0,363245950,361440000.0,367360000.0,0.573,12795910000,0,32301000.0,212009000,35.403,240946000
51,ICE,ARQ,2008-09-30,2008-10-30,2008-09-30,2021-07-29,27228000,4160871000,,1748273000,2412598000,,5.469,-14551000.0,376773000,376773000,0.0,74963000.0,1.122,1.126,388750000,43750000,345000000,388750000,0,14401000.0,0,0.0,0.0,122720000.0,137121000.0,0.681,137121000.0,122720000.0,118282000.0,0.21,0.208,0.21,1954575000,,1954575000,6297235102.0,12.0,11.382,93319000.0,0.261,1.0,201444000.0,1.0,2172704000,4438000.0,441831000,,0,57176000,3751000,53425000,2200484000,1558313000,642171000,6285258102.0,-121131000.0,-7718000.0,-299508000.0,185501000.0,0.0,-113467000.0,-115753000.0,10647000.0,107870000.0,219000.0,74963000.0,74963000.0,74963000.0,0.0,0.0,0.372,82302000.0,119142000.0,47349000,0.0,3.216,19.842,19.376,76242000,0.0,17.4,8.215,8.128,98694000,683825000,201444000.0,201444000.0,0.0,,,,,5330000.0,67901000.0,1.0,361221730,357415000.0,362120000.0,0.564,1988167000,0,43319000.0,213676000,5.563,189960000
52,ICE,ARQ,2008-06-30,2008-08-04,2008-06-30,2021-07-29,29060000,2996058000,,1278853000,1717205000,,4.81,-8669000.0,386749000,386749000,0.0,84864000.0,1.401,0.764,203125000,40625000,162500000,203125000,0,10844000.0,0,0.0,0.0,135680000.0,146524000.0,0.743,146524000.0,135680000.0,131639000.0,0.24,0.238,0.24,1697979000,,1697979000,5855445055.0,12.0,11.062,103538000.0,0.293,1.0,197160000.0,1.0,1595298000,4041000.0,304641000,,0,56352000,11514000,44838000,1298079000,912495000,385584000,6039069055.0,146981000.0,0.0,1617000.0,-9375000.0,0.0,-3404000.0,38146000.0,52559000.0,112207000.0,32000.0,84864000.0,84864000.0,84864000.0,0.0,0.0,0.43,64375000.0,132785000.0,30980000,0.0,3.557,19.576,19.418,64376000,0.0,17.088,8.441,8.431,78376000,608862000,197160000.0,197160000.0,0.0,,,,,2628000.0,53531000.0,1.0,353409940,352980000.0,357015000.0,0.559,1400760000,0,46775000.0,129540000,3.968,366358000
53,ICE,ARQ,2008-03-31,2008-05-02,2008-03-31,2021-07-29,28630000,3052935000,,1334340000,1718595000,,4.532,-6399000.0,234023000,234023000,0.0,92290000.0,1.265,0.915,212500000,37500000,175000000,212500000,0,10946000.0,0,0.0,0.0,147553000.0,158499000.0,0.765,158499000.0,147553000.0,142419000.0,0.262,0.258,0.262,1594486000,,1594486000,11348366092.0,26.0,24.14,72946000.0,0.207,1.0,207214000.0,1.0,1599016000,5134000.0,377856000,,0,108929000,60776000,48153000,1458449000,1054540000,403909000,11369889092.0,96280000.0,-29612000.0,1990000.0,-9375000.0,0.0,-15256000.0,32231000.0,70789000.0,79345000.0,-40000.0,92290000.0,92290000.0,92290000.0,0.0,0.0,0.445,62934000.0,144280000.0,25073000,0.0,7.131,41.0,40.482,62683000,0.0,32.224,17.361,17.31,74524000,523998000,207214000.0,207214000.0,0.0,,,,,-24798000.0,51988000.0,1.0,352839160,351805000.0,356740000.0,0.589,1453919000,0,50129000.0,132868000,4.133,279800000
54,ICE,ARQ,2007-12-31,2008-02-13,2007-12-31,2021-07-29,30655000,2796345000,,1142094000,1654251000,,4.235,-8954000.0,139221000,139221000,0.0,64652000.0,1.254,0.893,221875000,37500000,184375000,221875000,0,9546000.0,0,0.0,0.0,101591000.0,111137000.0,0.698,111137000.0,101591000.0,96089000.0,0.186,0.18,0.186,1476856000,,1476856000,9738975038.0,26.0,23.767,93238000.0,0.267,1.0,159296000.0,1.0,1547409000,5502000.0,420629000,,0,179733000,140955000,38778000,1319489000,910961000,408528000,9656321038.0,26772000.0,-24400000.0,-1316000.0,-9375000.0,0.0,2491000.0,-78024000.0,-40752000.0,102192000.0,113000.0,64652000.0,64652000.0,64652000.0,0.0,0.0,0.406,62769000.0,96527000.0,27811000,0.0,6.538,40.132,39.45,63524000,0.0,27.536,16.814,16.538,52018000,431708000,159296000.0,159296000.0,0.0,,,,,-2333000.0,53190000.0,1.0,350679875,348720000.0,357855000.0,0.457,1248936000,4908000,31437000.0,120426000,3.581,231133000
55,ICE,ARQ,2007-09-30,2007-10-26,2007-09-30,2021-07-29,28685000,2684216000,,1046739000,1637477000,,3.993,-9349000.0,109787000,109787000,0.0,66681000.0,1.199,0.936,231250000,37500000,193750000,231250000,0,8898000.0,0,0.0,0.0,104289000.0,113187000.0,0.746,113187000.0,104289000.0,99274000.0,0.192,0.186,0.192,1386389000,,1386389000,11964317058.0,35.0,32.337,81436000.0,0.235,1.0,151735000.0,1.0,1526316000,5015000.0,406655000,,0,139012000,100254000,38758000,1297827000,872708000,425119000,11842854058.0,-28027000.0,-63594000.0,-19691000.0,-9375000.0,0.0,-2574000.0,-116321000.0,10925000.0,90785000.0,83000.0,66681000.0,66681000.0,66681000.0,0.0,0.0,0.439,50871000.0,100864000.0,33447000,0.0,8.542,52.646,49.781,60768000,0.0,34.05,23.209,23.168,58814000,367056000,151735000.0,151735000.0,0.0,,,,,-2502000.0,41829000.0,1.0,347807755,347195000.0,356735000.0,0.437,1157900000,12737000,32593000.0,134963000,3.335,174031000
56,ICE,ARQ,2007-06-30,2007-07-27,2007-06-30,2021-07-29,27469000,2548245000,,1042880000,1505365000,,3.774,-12222000.0,138021000,138021000,0.0,53693000.0,1.196,0.951,240625000,37500000,203125000,240625000,0,7748000.0,0,0.0,0.0,79536000.0,87284000.0,0.639,87284000.0,79536000.0,75207000.0,0.156,0.15,0.156,1305962000,,1305962000,10592881083.0,35.0,32.266,51751000.0,0.15,1.0,136654000.0,1.0,1399814000,4329000.0,379073000,,0,149122000,110377000,38745000,1242283000,871962000,370321000,10490277083.0,5988000.0,150000.0,2074000.0,-9375000.0,0.0,-1639000.0,-56341000.0,-47817000.0,63973000.0,-5000.0,53693000.0,53693000.0,53693000.0,0.0,0.0,0.393,60125000.0,76529000.0,39576000,0.0,8.033,51.953,46.873,57199000,0.0,30.28,23.148,23.12,58277000,300375000,136654000.0,136654000.0,0.0,,,,,-3739000.0,41433000.0,1.0,346442440,346025000.0,356140000.0,0.395,1148431000,23559000,21514000.0,65666000,3.319,170918000
57,ICE,ARQ,2007-03-31,2007-05-04,2007-03-31,2021-07-29,27395000,2294933000,,942438000,1352495000,,3.673,528000.0,132648000,132648000,0.0,55586000.0,1.242,0.851,250000000,37500000,212500000,250000000,0,6509000.0,0,0.0,0.0,91659000.0,98168000.0,0.775,98168000.0,91659000.0,87864000.0,0.164,0.16,0.164,1240097000,,1240097000,9854078350.0,36.0,33.672,31359000.0,0.093,1.0,126608000.0,1.0,1251406000,3795000.0,402062000,,0,101189000,62444000,38745000,1054836000,758817000,296019000,9736726350.0,-89393000.0,-392270000.0,3380000.0,250000000.0,0.0,266481000.0,-386702000.0,18018000.0,30831000.0,-3000.0,55586000.0,55586000.0,55586000.0,0.0,0.0,0.439,46965000.0,79643000.0,41667000,0.0,7.852,54.337,46.133,50691000,0.0,27.68,24.958,23.958,48400000,246668000,126608000.0,126608000.0,0.0,,,,,-28643000.0,38751000.0,1.0,351760345,337670000.0,348790000.0,0.375,1043527000,29453000,32278000.0,67824000,3.09,183621000
58,ICE,ARQ,2006-12-31,2007-02-26,2006-12-31,2021-07-29,27411000,493211000,,340917000,152294000,,1.576,-6725000.0,220450000,220450000,0.0,48992000.0,8.995,0.085,0,0,0,0,2637000,3890000.0,0,0.0,0.0,67456000.0,71346000.0,0.749,71346000.0,67456000.0,67400000.0,0.172,0.162,0.172,454468000,,454468000,10603142036.0,50.0,46.815,55085000.0,0.191,1.0,95265000.0,1.0,81126000,56000.0,153736000,,0,116092000,77354000,38738000,38743000,37899000,844000,10823592036.0,134075000.0,0.0,7386000.0,0.0,0.0,23225000.0,49046000.0,60424000.0,61810000.0,-6000.0,48992000.0,48992000.0,48992000.0,0.0,0.0,0.514,31080000.0,64185000.0,1406000,0.0,23.816,75.548,61.894,26280000,0.0,31.442,34.492,28.293,32121000,191179000,95265000.0,95265000.0,0.0,,,,,-13688000.0,24514000.0,1.0,344239935,288430000.0,302945000.0,0.33,412085000,127000,18408000.0,3899000,1.429,303018000
59,ICE,ARQ,2006-09-30,2006-11-06,2006-09-30,2021-07-29,27266000,420850000,,311391000,109459000,,1.336,-5514000.0,85846000,85846000,0.0,43646000.0,8.817,0.109,0,0,0,0,2817000,3327000.0,0,0.0,0.0,68169000.0,71496000.0,0.755,71496000.0,68169000.0,68113000.0,0.154,0.146,0.154,379433000,,379433000,4790724930.0,29.0,26.506,39916000.0,0.141,1.0,94662000.0,1.0,81159000,56000.0,218529000,,0,178028000,178028000,0,41417000,35316000,6101000,4876570930.0,16088000.0,0.0,7577000.0,0.0,0.0,19512000.0,-50920000.0,-42948000.0,45430000.0,2066000.0,43646000.0,43646000.0,43646000.0,0.0,0.0,0.461,29280000.0,65382000.0,799000,0.0,12.852,71.215,67.381,22395000,0.0,16.98,18.771,18.559,36699000,142187000,94662000.0,94662000.0,0.0,,,,,-10052000.0,22802000.0,1.0,287194990,283960000.0,298060000.0,0.333,339691000,0,24467000.0,11815000,1.196,276075000
60,ICE,ARQ,2006-06-30,2006-07-28,2006-06-30,2021-07-29,28068000,350220000,,242433000,107787000,,1.133,-4258000.0,68272000,68272000,0.0,30967000.0,9.436,0.106,0,0,0,0,1961000,3309000.0,0,0.0,0.0,48326000.0,51635000.0,0.702,51635000.0,48326000.0,48269000.0,0.11,0.104,0.11,316643000,,316643000,3266582044.0,,,17350000.0,0.062,1.0,73591000.0,1.0,81192000,57000.0,175064000,,0,134461000,134461000,0,33577000,25692000,7885000,3334854044.0,45896000.0,0.0,6213000.0,0.0,0.0,17906000.0,5521000.0,10191000.0,21608000.0,861000.0,30967000.0,30967000.0,30967000.0,0.0,0.0,0.421,26175000.0,47416000.0,1204000,0.0,10.532,,,23887000,0.0,11.794,,,29604000,98542000,73591000.0,73591000.0,0.0,,,,,-9120000.0,22866000.0,1.0,282758525,279355000.0,296045000.0,0.263,269028000,0,17302000.0,12438000,0.963,216741000
61,ICE,ARQ,2006-03-31,2006-07-14,2006-03-31,2021-07-29,20203000,291696000,,181935000,109761000,,0.924,-3318000.0,21140000,21140000,0.0,19664000.0,6.44,0.137,0,0,0,0,1430000,3188000.0,0,0.0,0.0,28824000.0,32012000.0,0.637,32012000.0,28824000.0,28761000.0,0.07,0.066,0.07,256661000,,256661000,3291011919.0,,,13758000.0,0.05,1.0,50282000.0,1.0,76654000,63000.0,165653000,,0,142511000,133893000,8618000,35035000,28249000,6786000,3312151919.0,-11804000.0,0.0,932000.0,0.0,0.0,2461000.0,-31275000.0,-27741000.0,17076000.0,-66000.0,19664000.0,19664000.0,19664000.0,0.0,0.0,0.391,22629000.0,27653000.0,2719000,0.0,12.905,,,21556000,0.0,11.922,,,20757000,67575000,50282000.0,50282000.0,0.0,,,,,689000.0,19441000.0,1.0,277818480,277665000.0,294860000.0,0.181,215042000,0,9097000.0,19543000,0.774,153686000
62,ICE,ARQ,2006-03-31,2006-05-02,2006-03-31,2021-07-29,20203000,291696000,,181935000,109761000,,0.924,-3318000.0,21140000,21140000,0.0,19664000.0,6.44,0.137,0,0,0,0,1430000,3188000.0,0,0.0,0.0,28824000.0,32012000.0,0.637,32012000.0,28824000.0,28761000.0,0.07,0.066,0.07,256661000,,256661000,3740522219.0,,,13758000.0,0.05,1.0,50282000.0,1.0,76654000,63000.0,165653000,,0,142511000,133893000,8618000,35035000,28249000,6786000,3761662219.0,-11804000.0,0.0,932000.0,0.0,0.0,2461000.0,-31275000.0,-27741000.0,17076000.0,-66000.0,19664000.0,19664000.0,19664000.0,0.0,0.0,0.391,22629000.0,27653000.0,2719000,0.0,14.656,,,21556000,0.0,13.54,,,20757000,67575000,50282000.0,50282000.0,0.0,,,,,689000.0,19441000.0,1.0,277818480,277665000.0,294860000.0,0.181,215042000,0,9097000.0,19543000,0.774,153686000
63,ICE,ARQ,2005-12-31,2006-03-10,2005-12-31,2021-07-29,18979000,265770000,,164015000,101755000,,0.874,-4945000.0,32580000,32580000,-989000.0,14860000.0,6.214,0.142,0,0,0,0,1197000,3655000.0,0,0.0,0.0,21945000.0,25600000.0,0.62,25600000.0,21945000.0,21819000.0,-0.082,-0.082,-0.082,232623000,,232623000,3694856289.0,61.0,48.815,15377000.0,0.058,1.0,42251000.0,1.024,76054000,126000.0,130742000,,0,113477000,111181000,2296000,33147000,26394000,6753000,3727436289.0,-14232000.0,0.0,58639000.0,-13194000.0,0.0,45445000.0,-79049000.0,-73228000.0,20322000.0,-950000.0,14860000.0,-25800000.0,-25800000.0,0.0,0.0,-0.625,21343000.0,20908000.0,1697000,0.0,16.024,-178.269,-172.154,20348000,40660000.0,13.428,23.915,22.924,14773000,47911000,41262000.0,41262000.0,0.0,,,,,795000.0,17688000.0,1.0,277586855,266090000.0,266090000.0,0.155,189716000,0,6959000.0,14638000,0.713,137621000
64,ICE,ARQ,2005-09-30,2005-11-15,2005-09-30,2021-07-29,22040000,212092000,,86205000,125887000,,0.456,,46332000,46332000,,,3.233,0.375,13000000,0,13000000,13000000,1374000,,0,,0.0,,,,,,,,,,126393000,,126393000,,,,,,1.0,,,78602000,,73497000,,0,38949000,11998000,26951000,47457000,26661000,20796000,,,,,,,,,,,,,,,,,,,,1774000,,,,,18518000,,,,,16554000,73711000,,,,,,,,,,1.0,277333765,277333765.0,,,133490000,0,,15535000,0.481,59544000
0,ICE,ART,2021-06-30,2021-07-29,2021-06-30,2021-07-29,-174000000,134190000000,129128750000.0,96066000000,38124000000,0.068,37.442,-506000000.0,2046000000,2046000000,2140000000.0,2825000000.0,1.019,5.36,14740000000,318000000,14422000000,14740000000,428000000,943000000.0,92080000000,0.01,1.26,4425000000.0,5368000000.0,0.615,5368000000.0,4425000000.0,4011000000.0,5.03,5.01,5.03,21080000000,19890500000.0,21080000000,81015988379.0,18.0,15.092,2604000000.0,4.625,1.0,6586000000.0,0.755,35413000000,414000000.0,17221000000,17611500000.0,0,0,0,0,112985000000,94250000000,18735000000,68321988379.0,-235000000.0,-7964000000.0,-217000000.0,6022000000.0,-713000000.0,5115000000.0,-8472000000.0,-22000000.0,3110000000.0,12000000.0,2814000000.0,2814000000.0,2814000000.0,0.0,11000000.0,0.322,3488000000.0,3098000000.0,636000000,0.25,3.241,24.279,24.119,1745000000,0.0,121.32,7.83,7.828,1300000000,12563000000,8726000000.0,8726000000.0,0.0,0.022,0.141,0.251,0.507,139000000.0,2545000000.0,1.0,563155196,563000000.0,565000000.0,15.499,98777000000,0,1197000000.0,3711000000,175.448,1816000000
1,ICE,ART,2021-03-31,2021-04-29,2021-03-31,2021-07-29,-184000000,128045000000,126596250000.0,89175000000,38870000000,0.068,35.521,-467000000.0,2025000000,2025000000,2284000000.0,2100000000.0,0.997,5.408,16505000000,2068000000,14437000000,16505000000,523000000,849000000.0,85608000000,0.01,1.23,3140000000.0,3989000000.0,0.466,3989000000.0,3140000000.0,2748000000.0,3.76,3.74,3.76,19963000000,18858750000.0,19963000000,80706274048.0,26.0,20.232,2628000000.0,4.676,1.0,6274000000.0,0.733,35546000000,392000000.0,17577000000,15952500000.0,0,0,0,0,107960000000,89402000000,18558000000,66226274048.0,39000000.0,-9197000000.0,-618000000.0,7850000000.0,-690000000.0,6572000000.0,-9644000000.0,-2000000.0,3095000000.0,16000000.0,2085000000.0,2085000000.0,2085000000.0,0.0,15000000.0,0.244,3231000000.0,3043000000.0,673000000,0.327,3.317,31.763,31.298,1731000000,0.0,117.68,7.739,7.728,1530000000,11498000000,8558000000.0,8558000000.0,0.0,0.016,0.111,0.197,0.367,134000000.0,2382000000.0,1.0,562765755,562000000.0,565000000.0,15.228,92499000000,0,663000000.0,3527000000,164.589,-227000000
2,ICE,ART,2020-12-31,2021-02-04,2020-12-31,2021-07-29,-192000000,126200000000,129310250000.0,87219000000,38981000000,0.064,35.322,-410000000.0,1991000000,1991000000,2208000000.0,2108000000.0,0.991,5.466,16857000000,2411000000,14446000000,16857000000,158000000,751000000.0,84083000000,0.01,1.2,3104000000.0,3855000000.0,0.468,3855000000.0,3104000000.0,2747000000.0,3.79,3.77,3.79,19498000000,18102750000.0,19498000000,79209492863.0,26.0,20.547,2471000000.0,4.476,1.0,6036000000.0,0.732,35699000000,357000000.0,17368000000,13619500000.0,0,0,0,0,106573000000,87999000000,18574000000,64343492863.0,-197000000.0,-9446000000.0,-1321000000.0,8696000000.0,-669000000.0,6744000000.0,-9830000000.0,4000000.0,2881000000.0,8000000.0,2089000000.0,2089000000.0,2089000000.0,0.0,19000000.0,0.253,3003000000.0,3033000000.0,639000000,0.317,3.3,30.801,30.224,1713000000,0.0,114.55,7.805,7.67,1230000000,11039000000,8244000000.0,8244000000.0,0.0,0.016,0.115,0.228,0.377,139000000.0,2252000000.0,1.0,561706616,552000000.0,555000000.0,14.935,90501000000,0,658000000.0,3563000000,163.951,-780000000
3,ICE,ART,2020-09-30,2020-10-29,2020-09-30,2021-07-29,-273000000,128080000000,121383500000.0,89137000000,38943000000,0.063,34.71,-370000000.0,2011000000,2011000000,2015000000.0,2033000000.0,0.994,5.727,17647000000,2463000000,15184000000,17647000000,267000000,683000000.0,85900000000,0.012,1.175,2973000000.0,3656000000.0,0.476,3656000000.0,2973000000.0,2657000000.0,3.65,3.63,3.65,19021000000,17542000000.0,19021000000,69350856980.0,23.0,18.969,2222000000.0,4.055,1.0,5663000000.0,0.738,35750000000,316000000.0,18280000000,11274750000.0,0,0,0,0,108934000000,89686000000,19248000000,53714856980.0,22000000.0,-9439000000.0,-1660000000.0,9489000000.0,-654000000.0,7207000000.0,-9784000000.0,30000000.0,2592000000.0,7000000.0,2011000000.0,2011000000.0,2011000000.0,0.0,22000000.0,0.262,2788000000.0,2875000000.0,594000000,0.322,2.824,26.711,26.219,1693000000,0.0,95.7,6.996,6.83,1310000000,10682000000,7678000000.0,7678000000.0,0.0,0.017,0.115,0.264,0.387,144000000.0,2105000000.0,1.0,561283772,548000000.0,551000000.0,14.011,92330000000,0,646000000.0,3567000000,168.485,-549000000
4,ICE,ART,2020-06-30,2020-07-30,2020-06-30,2021-07-29,-321000000,124060000000,113198250000.0,97435000000,26625000000,0.065,31.049,-315000000.0,2281000000,2281000000,1823000000.0,2176000000.0,1.013,6.31,8682000000,705000000,7977000000,8682000000,383000000,661000000.0,93960000000,0.012,1.15,3009000000.0,3670000000.0,0.495,3670000000.0,3009000000.0,2710000000.0,3.89,3.86,3.89,16953000000,17077000000.0,16953000000,57670019442.0,19.0,15.714,2340000000.0,4.286,1.0,5588000000.0,0.754,23683000000,299000000.0,10585000000,9026750000.0,0,0,0,0,106971000000,96193000000,10778000000,51269019442.0,210000000.0,-251000000.0,-1856000000.0,605000000.0,-639000000.0,-1860000000.0,-584000000.0,-12000000.0,2655000000.0,-1000000.0,2150000000.0,2150000000.0,2150000000.0,0.0,26000000.0,0.29,2634000000.0,2954000000.0,520000000,0.296,3.024,23.846,24.26,1510000000,0.0,94.37,6.918,6.953,1279000000,10462000000,7411000000.0,7411000000.0,0.0,0.019,0.126,0.333,0.406,148000000.0,1973000000.0,1.0,543276671,546000000.0,549000000.0,13.573,100377000000,0,560000000.0,2317000000,183.841,1242000000
5,ICE,ART,2020-03-31,2020-04-30,2020-03-31,2021-07-29,-333000000,138901000000,104915750000.0,112253000000,26648000000,0.067,30.687,-299000000.0,1986000000,1986000000,1588000000.0,2126000000.0,0.989,7.193,8595000000,3071000000,5524000000,8595000000,504000000,661000000.0,108863000000,0.013,1.125,2950000000.0,3611000000.0,0.51,3611000000.0,2950000000.0,2664000000.0,3.77,3.75,3.77,16939000000,17117500000.0,16939000000,55557991173.0,19.0,15.386,2226000000.0,4.033,1.0,5491000000.0,0.776,23739000000,286000000.0,8245000000,8647750000.0,0,0,0,0,121839000000,113526000000,8313000000,48948991173.0,95000000.0,-582000000.0,-1796000000.0,819000000.0,-630000000.0,-1568000000.0,-856000000.0,31000000.0,2525000000.0,-6000000.0,2099000000.0,2099000000.0,2099000000.0,0.0,27000000.0,0.297,2601000000.0,2890000000.0,548000000,0.298,2.89,23.32,23.727,1503000000,0.0,89.45,6.915,6.975,1569000000,10103000000,7079000000.0,7079000000.0,0.0,0.02,0.123,0.341,0.417,151000000.0,1940000000.0,1.0,547221813,552000000.0,555000000.0,12.824,115162000000,0,565000000.0,2312000000,208.627,-1273000000
6,ICE,ART,2019-12-31,2020-02-06,2019-12-31,2021-07-29,-243000000,94493000000,93654750000.0,67979000000,26514000000,0.07,30.758,-305000000.0,2188000000,2188000000,1345000000.0,1960000000.0,0.988,4.47,8100000000,2569000000,5531000000,8100000000,129000000,662000000.0,64987000000,0.012,1.1,2739000000.0,3401000000.0,0.519,3401000000.0,2739000000.0,2454000000.0,3.44,3.42,3.44,17255000000,17159250000.0,17255000000,55783389953.0,20.0,16.402,2354000000.0,4.196,1.0,5202000000.0,0.795,23600000000,285000000.0,7989000000,8894000000.0,0,0,0,0,77129000000,68816000000,8313000000,49871389953.0,316000000.0,-352000000.0,-1525000000.0,370000000.0,-621000000.0,-1753000000.0,-594000000.0,69000000.0,2659000000.0,4000000.0,1933000000.0,1933000000.0,1933000000.0,0.0,27000000.0,0.295,2529000000.0,2673000000.0,505000000,0.32,2.89,25.8,26.195,1536000000,0.0,90.11,7.617,7.721,988000000,9629000000,6547000000.0,6547000000.0,0.0,0.021,0.113,0.308,0.418,139000000.0,1867000000.0,1.0,553450116,561000000.0,565000000.0,11.67,70893000000,0,521000000.0,2314000000,126.369,-837000000
7,ICE,ART,2019-09-30,2019-10-31,2019-09-30,2021-07-29,-348000000,95339000000,93229250000.0,68871000000,26468000000,0.07,30.699,-322000000.0,1989000000,1989000000,1345000000.0,2126000000.0,1.005,4.55,8112000000,1329000000,6783000000,8112000000,247000000,630000000.0,65988000000,0.011,1.065,2887000000.0,3517000000.0,0.536,3517000000.0,2887000000.0,2602000000.0,3.71,3.69,3.71,17161000000,17145750000.0,17161000000,58645045878.0,20.0,16.675,2358000000.0,4.218,1.0,5212000000.0,0.795,23640000000,285000000.0,9288000000,9073000000.0,0,0,0,0,78082000000,68534000000,9548000000,52522045878.0,327000000.0,-447000000.0,-1325000000.0,130000000.0,-605000000.0,-1695000000.0,-650000000.0,120000000.0,2680000000.0,-8000000.0,2096000000.0,2096000000.0,2096000000.0,0.0,30000000.0,0.32,2485000000.0,2727000000.0,543000000,0.287,3.061,25.058,25.423,1505000000,0.0,94.32,8.01,8.041,1056000000,9335000000,6557000000.0,6557000000.0,0.0,0.022,0.122,0.318,0.44,137000000.0,1855000000.0,1.0,556849511,559000000.0,563000000.0,11.73,71699000000,0,506000000.0,2281000000,128.263,337000000
8,ICE,ART,2019-06-30,2019-08-01,2019-06-30,2021-07-29,-309000000,90930000000,91205000000.0,64372000000,26558000000,0.07,30.4,-306000000.0,2071000000,2071000000,1281000000.0,2054000000.0,1.004,4.307,8095000000,1303000000,6792000000,8095000000,360000000,620000000.0,61353000000,0.012,1.03,2796000000.0,3416000000.0,0.537,3416000000.0,2796000000.0,2517000000.0,3.56,3.54,3.56,17115000000,17063500000.0,17115000000,56012996146.0,20.0,16.397,2373000000.0,4.215,1.0,5076000000.0,0.798,23754000000,279000000.0,9069000000,8956500000.0,0,0,0,0,73712000000,64131000000,9581000000,49988996146.0,391000000.0,-1193000000.0,-1283000000.0,865000000.0,-588000000.0,-944000000.0,-1339000000.0,160000000.0,2679000000.0,-5000000.0,2025000000.0,2025000000.0,2025000000.0,0.0,29000000.0,0.319,2453000000.0,2623000000.0,518000000,0.289,2.921,24.686,25.056,1525000000,0.0,89.2,7.864,7.9,1062000000,8961000000,6357000000.0,6357000000.0,0.0,0.022,0.119,0.312,0.44,133000000.0,1833000000.0,1.0,560414755,563000000.0,566000000.0,11.291,67176000000,0,492000000.0,2296000000,119.318,241000000
9,ICE,ART,2019-03-31,2019-05-02,2019-03-31,2021-07-29,-290000000,93857000000,89184250000.0,67485000000,26372000000,0.07,30.116,-294000000.0,1891000000,1891000000,1255000000.0,2038000000.0,1.007,4.481,7803000000,1005000000,6798000000,7803000000,479000000,606000000.0,64564000000,0.012,0.995,2762000000.0,3368000000.0,0.536,3368000000.0,2762000000.0,2499000000.0,3.51,3.48,3.51,17106000000,16986000000.0,17106000000,50863319076.0,18.0,15.102,2320000000.0,4.085,1.0,5024000000.0,0.8,23504000000,263000000.0,9230000000,8309750000.0,0,0,0,0,76656000000,67035000000,9621000000,44951319076.0,233000000.0,-865000000.0,-1403000000.0,595000000.0,-572000000.0,-1329000000.0,-1040000000.0,119000000.0,2614000000.0,-12000000.0,2008000000.0,2008000000.0,2008000000.0,0.0,30000000.0,0.32,2426000000.0,2598000000.0,509000000,0.283,2.628,22.386,22.712,1538000000,0.0,79.72,7.159,7.211,1181000000,8644000000,6279000000.0,6279000000.0,0.0,0.023,0.118,0.332,0.44,130000000.0,1820000000.0,1.0,563865016,568000000.0,570000000.0,11.055,70353000000,0,491000000.0,2308000000,123.861,450000000
10,ICE,ART,2018-12-31,2019-02-07,2018-12-31,2021-07-29,-315000000,92791000000,86235500000.0,66692000000,26099000000,0.073,29.915,-280000000.0,1872000000,1872000000,1297000000.0,2020000000.0,1.009,4.389,7441000000,951000000,6490000000,7441000000,135000000,586000000.0,63955000000,0.013,0.96,2732000000.0,3318000000.0,0.529,3318000000.0,2732000000.0,2488000000.0,3.46,3.43,3.46,17201000000,16954000000.0,17201000000,48519029642.0,18.0,14.623,2253000000.0,3.918,1.0,4979000000.0,0.793,23547000000,244000000.0,8705000000,7629750000.0,0,0,0,0,75489000000,66108000000,9381000000,42950029642.0,304000000.0,-1246000000.0,-1278000000.0,1330000000.0,-555000000.0,-463000000.0,-1755000000.0,-229000000.0,2533000000.0,-11000000.0,1988000000.0,1988000000.0,1988000000.0,0.0,32000000.0,0.317,2396000000.0,2583000000.0,521000000,0.277,2.497,21.605,21.835,1241000000,0.0,75.55,6.844,6.922,953000000,8317000000,6276000000.0,6276000000.0,0.0,0.023,0.117,0.358,0.435,130000000.0,1810000000.0,1.0,568498076,575000000.0,579000000.0,10.915,69244000000,0,500000000.0,2337000000,120.424,584000000
11,ICE,ART,2018-09-30,2018-10-31,2018-09-30,2021-07-29,-274000000,87242000000,82603750000.0,61295000000,25947000000,0.073,29.427,-278000000.0,1662000000,1662000000,1223000000.0,2632000000.0,1.004,4.182,7686000000,1198000000,6488000000,7686000000,249000000,560000000.0,58764000000,0.012,0.92,2644000000.0,3204000000.0,0.531,3204000000.0,2644000000.0,2421000000.0,4.48,4.42,4.48,16832000000,16884750000.0,16832000000,49904747970.0,19.0,15.576,2132000000.0,3.727,1.0,4815000000.0,0.797,23379000000,223000000.0,8822000000,6988500000.0,0,0,0,0,70388000000,61065000000,9323000000,43880747970.0,300000000.0,-822000000.0,-1380000000.0,1613000000.0,-535000000.0,-456000000.0,-1652000000.0,-552000000.0,2410000000.0,-2000000.0,2602000000.0,2602000000.0,2602000000.0,0.0,30000000.0,0.431,2316000000.0,2499000000.0,486000000,0.205,2.607,16.864,17.196,1206000000,0.0,77.04,7.267,7.298,1020000000,7818000000,6038000000.0,6038000000.0,0.0,0.031,0.154,0.378,0.438,126000000.0,1756000000.0,1.0,569583956,572000000.0,576000000.0,10.556,63863000000,0,-181000000.0,2275000000,111.649,230000000
12,ICE,ART,2018-06-30,2018-08-02,2018-06-30,2021-07-29,-265000000,82847000000,80572750000.0,57560000000,25287000000,0.075,29.074,-315000000.0,1680000000,1680000000,1249000000.0,2542000000.0,0.977,3.928,6916000000,2645000000,4271000000,6916000000,372000000,540000000.0,54991000000,0.015,1.08,2632000000.0,3172000000.0,0.528,3172000000.0,2632000000.0,2428000000.0,4.31,4.25,4.31,16805000000,16674750000.0,16805000000,47033789546.0,18.0,14.828,1908000000.0,3.301,1.0,4758000000.0,0.792,22707000000,204000000.0,6482000000,6614750000.0,0,0,0,0,66007000000,58894000000,7113000000,41797789546.0,339000000.0,-77000000.0,-1322000000.0,1006000000.0,-516000000.0,-951000000.0,-935000000.0,-543000000.0,2223000000.0,2000000.0,2513000000.0,2513000000.0,2513000000.0,0.0,29000000.0,0.418,2265000000.0,2493000000.0,405000000,0.251,2.487,16.633,16.912,1220000000,0.0,72.89,6.958,7.014,1049000000,7498000000,6007000000.0,6007000000.0,0.0,0.031,0.151,0.398,0.438,128000000.0,1725000000.0,1.0,573436542,578000000.0,581000000.0,10.393,60140000000,0,-85000000.0,2284000000,104.048,-1334000000
13,ICE,ART,2018-03-31,2018-05-03,2018-03-31,2021-07-29,-190000000,82062000000,79942000000.0,56634000000,25428000000,0.074,29.172,-342000000.0,1658000000,1658000000,1255000000.0,2506000000.0,0.977,3.832,6892000000,2623000000,4269000000,6892000000,468000000,539000000.0,53979000000,0.015,1.04,2575000000.0,3114000000.0,0.524,3114000000.0,2575000000.0,2381000000.0,4.23,4.17,4.23,16978000000,16448000000.0,16978000000,45861054796.0,18.0,14.727,1705000000.0,2.93,1.0,4690000000.0,0.789,22840000000,194000000.0,6510000000,6527000000.0,0,0,0,0,65056000000,57946000000,7110000000,40627054796.0,355000000.0,354000000.0,-1103000000.0,631000000.0,-496000000.0,-1150000000.0,-555000000.0,-567000000.0,2047000000.0,13000000.0,2476000000.0,2476000000.0,2476000000.0,0.0,30000000.0,0.416,2243000000.0,2447000000.0,476000000,0.246,2.393,16.408,16.582,1235000000,0.0,70.14,6.834,6.867,1167000000,7182000000,5945000000.0,5945000000.0,0.0,0.031,0.151,0.395,0.433,130000000.0,1704000000.0,1.0,579228041,582000000.0,586000000.0,10.215,59222000000,0,-95000000.0,2292000000,101.756,-1312000000
14,ICE,ART,2017-12-31,2018-02-07,2017-12-31,2021-07-29,-223000000,78264000000,79292250000.0,53562000000,24702000000,0.074,28.733,-357000000.0,1568000000,1568000000,1205000000.0,2542000000.0,0.989,3.623,6100000000,1833000000,4267000000,6100000000,121000000,535000000.0,51222000000,0.014,1.0,2676000000.0,3211000000.0,0.55,3211000000.0,2676000000.0,2489000000.0,4.27,4.23,4.27,16924000000,16142250000.0,16924000000,45711853391.0,17.0,14.236,1728000000.0,2.934,1.0,4629000000.0,0.793,22485000000,187000000.0,6140000000,6385500000.0,0,16000000,16000000,0,61312000000,54171000000,7141000000,41179853391.0,218000000.0,776000000.0,-1037000000.0,-275000000.0,-476000000.0,-1971000000.0,92000000.0,-327000000.0,2085000000.0,12000000.0,2514000000.0,2514000000.0,2514000000.0,0.0,28000000.0,0.431,2250000000.0,2379000000.0,462000000,0.234,2.433,16.38,16.562,1246000000,0.0,70.72,7.059,7.14,903000000,6825000000,5834000000.0,5834000000.0,0.0,0.032,0.156,0.419,0.459,135000000.0,1715000000.0,1.0,582294307,589000000.0,594000000.0,9.905,55779000000,0,-25000000.0,2283000000,94.701,-609000000
15,ICE,ART,2017-09-30,2017-11-02,2017-09-30,2021-07-29,-322000000,79118000000,80227000000.0,55239000000,23879000000,0.073,27.197,-351000000.0,1181000000,1181000000,1256000000.0,1670000000.0,1.012,3.946,6062000000,1197000000,4865000000,6062000000,228000000,544000000.0,0,0.014,0.97,2530000000.0,3074000000.0,0.523,3074000000.0,2530000000.0,2349000000.0,2.772,2.744,2.772,15992000000,15840500000.0,15992000000,45054747506.0,18.0,14.657,1700000000.0,2.891,1.0,4623000000.0,0.786,22072000000,181000000.0,7327000000,6338750000.0,0,280000000,16000000,264000000,63099000000,54600000000,8499000000,40173747506.0,-39000000.0,22000000.0,-847000000.0,-253000000.0,-460000000.0,-1630000000.0,-465000000.0,-136000000.0,2051000000.0,5000000.0,1641000000.0,1641000000.0,1641000000.0,0.0,29000000.0,0.279,2278000000.0,2345000000.0,427000000,0.35,2.512,24.481,24.773,1192000000,0.0,68.67,6.833,6.868,897000000,5718000000,5879000000.0,5879000000.0,0.0,0.02,0.104,0.399,0.43,136000000.0,1734000000.0,1.0,585026176,588000000.0,592000000.0,9.998,57046000000,0,708000000.0,2989000000,97.017,639000000
16,ICE,ART,2017-06-30,2017-08-03,2017-06-30,2021-07-29,-367000000,80324000000,79521500000.0,56448000000,23876000000,0.074,26.9,-358000000.0,1167000000,1167000000,1305000000.0,1645000000.0,0.993,4.05,5897000000,2023000000,3874000000,5897000000,338000000,597000000.0,0,0.011,0.74,2410000000.0,3007000000.0,0.513,3007000000.0,2410000000.0,2232000000.0,2.718,2.696,2.718,15898000000,15720500000.0,15898000000,43070290610.0,18.0,14.323,1786000000.0,3.022,1.0,4558000000.0,0.777,22104000000,178000000.0,6131000000,6205000000.0,0,281000000,17000000,264000000,64391000000,56819000000,7572000000,38340290610.0,8000000.0,23000000.0,-606000000.0,-637000000.0,-443000000.0,-1752000000.0,-387000000.0,-52000000.0,2144000000.0,3000000.0,1616000000.0,1616000000.0,1616000000.0,0.0,29000000.0,0.276,2335000000.0,2223000000.0,415000000,0.272,2.412,23.725,23.97,1161000000,0.0,65.15,6.539,6.567,912000000,5468000000,5863000000.0,5863000000.0,0.0,0.02,0.103,0.388,0.411,132000000.0,1738000000.0,1.0,588492565,591000000.0,595000000.0,9.92,58220000000,0,616000000.0,2915000000,98.511,-371000000
17,ICE,ART,2017-03-31,2017-05-03,2017-03-31,2021-07-29,-427000000,79463000000,78246500000.0,55073000000,24390000000,0.075,26.524,-375000000.0,1103000000,1103000000,1364000000.0,1582000000.0,0.983,4.039,6248000000,2376000000,3872000000,6248000000,440000000,601000000.0,0,0.012,0.71,2362000000.0,2963000000.0,0.505,2963000000.0,2362000000.0,2185000000.0,2.608,2.592,2.608,15755000000,15569000000.0,15755000000,40864381055.0,17.0,13.792,1788000000.0,3.01,1.0,4509000000.0,0.768,22658000000,177000000.0,5944000000,6338500000.0,0,285000000,21000000,264000000,63639000000,56006000000,7633000000,35719381055.0,-108000000.0,-403000000.0,-363000000.0,-523000000.0,-427000000.0,-1316000000.0,-947000000.0,-99000000.0,2163000000.0,-8000000.0,1555000000.0,1555000000.0,1555000000.0,0.0,27000000.0,0.265,2344000000.0,2165000000.0,451000000,0.272,2.267,22.971,23.133,1132000000,0.0,60.33,6.082,6.102,999000000,5171000000,5873000000.0,5873000000.0,0.0,0.02,0.1,0.373,0.402,129000000.0,1743000000.0,1.0,592066651,594000000.0,599000000.0,9.887,56805000000,0,630000000.0,2985000000,95.631,-933000000
18,ICE,ART,2016-12-31,2017-02-07,2016-12-31,2021-07-29,-344000000,82003000000,78170750000.0,57133000000,24870000000,0.076,26.415,-365000000.0,1086000000,1086000000,1459000000.0,1449000000.0,0.975,4.213,6364000000,2493000000,3871000000,6364000000,114000000,610000000.0,0,0.011,0.68,2180000000.0,2790000000.0,0.468,2790000000.0,2180000000.0,2002000000.0,2.39,2.37,2.39,15717000000,15392250000.0,15717000000,40956806746.0,19.0,14.68,1784000000.0,2.998,1.0,4499000000.0,0.755,22711000000,178000000.0,5953000000,6460250000.0,0,719000000,23000000,696000000,66213000000,58617000000,7596000000,35678806746.0,-220000000.0,-425000000.0,-104000000.0,-949000000.0,-409000000.0,-1462000000.0,-898000000.0,-38000000.0,2149000000.0,-9000000.0,1422000000.0,1422000000.0,1422000000.0,0.0,27000000.0,0.239,2332000000.0,2167000000.0,388000000,0.285,2.27,25.091,25.075,1129000000,0.0,59.93,5.988,5.985,777000000,4789000000,5958000000.0,5958000000.0,0.0,0.018,0.092,0.337,0.366,124000000.0,1722000000.0,1.0,595341344,595000000.0,599000000.0,10.013,59292000000,0,580000000.0,2958000000,99.65,-1484000000
19,ICE,ART,2016-09-30,2016-11-01,2016-09-30,2021-07-29,-316000000,76296000000,77166750000.0,51844000000,24452000000,0.075,26.071,-339000000.0,1087000000,1087000000,1540000000.0,1463000000.0,0.99,3.914,6305000000,1585000000,4720000000,6305000000,217000000,568000000.0,0,0.013,0.66,2031000000.0,2599000000.0,0.45,2599000000.0,2031000000.0,1867000000.0,2.46,2.442,2.46,15512000000,15165000000.0,15512000000,36556518569.0,18.0,14.066,1590000000.0,2.672,1.0,4236000000.0,0.733,22368000000,164000000.0,6792000000,6579750000.0,0,702000000,24000000,678000000,60718000000,52354000000,8364000000,31338518569.0,-229000000.0,-3751000000.0,-104000000.0,2805000000.0,-396000000.0,2302000000.0,-4450000000.0,-290000000.0,1929000000.0,-10000000.0,1440000000.0,1440000000.0,1440000000.0,0.0,23000000.0,0.249,2209000000.0,2027000000.0,383000000,0.268,2.02,21.763,21.386,1080000000,0.0,52.61,5.426,5.419,789000000,4911000000,5776000000.0,5776000000.0,0.0,0.019,0.095,0.309,0.352,122000000.0,1641000000.0,1.0,595676080,595000000.0,600000000.0,9.708,53928000000,0,427000000.0,2841000000,90.635,-510000000
20,ICE,ART,2016-06-30,2016-08-03,2016-06-30,2021-07-29,-258000000,75224000000,74556750000.0,50630000000,24594000000,0.074,25.701,-298000000.0,1112000000,1112000000,1537000000.0,1423000000.0,0.984,3.915,6530000000,1811000000,4719000000,6530000000,330000000,481000000.0,0,0.012,0.64,1990000000.0,2471000000.0,0.448,2471000000.0,1990000000.0,1849000000.0,2.438,2.422,2.438,15292000000,14372000000.0,15292000000,38539589363.0,19.0,15.597,1346000000.0,2.262,1.0,3974000000.0,0.721,22539000000,141000000.0,6665000000,5805000000.0,0,713000000,24000000,689000000,59861000000,51438000000,8423000000,33121589363.0,-288000000.0,-3751000000.0,-306000000.0,3267000000.0,-378000000.0,2580000000.0,-4499000000.0,-380000000.0,1644000000.0,-13000000.0,1402000000.0,1402000000.0,1402000000.0,0.0,21000000.0,0.254,1981000000.0,1993000000.0,350000000,0.263,2.166,23.625,22.807,1048000000,0.0,55.604,6.01,6.003,862000000,4669000000,5511000000.0,5511000000.0,0.0,0.019,0.098,0.343,0.361,124000000.0,1500000000.0,1.0,595669185,595000000.0,600000000.0,9.262,52685000000,0,447000000.0,2903000000,88.546,-808000000
21,ICE,ART,2016-03-31,2016-05-04,2016-03-31,2021-07-29,-208000000,79160000000,71526750000.0,54554000000,24606000000,0.071,25.291,-273000000.0,1125000000,1125000000,1438000000.0,1349000000.0,0.981,4.256,6766000000,2048000000,4718000000,6766000000,429000000,428000000.0,0,0.012,0.62,1851000000.0,2279000000.0,0.449,2279000000.0,1851000000.0,1731000000.0,2.348,2.334,2.348,15048000000,13651500000.0,15048000000,36413107742.0,20.0,15.978,1170000000.0,1.966,1.0,3642000000.0,0.717,22734000000,120000000.0,6431000000,5017750000.0,0,639000000,25000000,614000000,64046000000,55636000000,8410000000,30772107742.0,-284000000.0,-3751000000.0,-505000000.0,2552000000.0,-360000000.0,1547000000.0,-3271000000.0,753000000.0,1443000000.0,-3000000.0,1328000000.0,1328000000.0,1328000000.0,0.0,21000000.0,0.261,1770000000.0,1872000000.0,399000000,0.264,2.045,23.172,22.018,1018000000,0.0,51.698,6.058,6.055,941000000,4415000000,5080000000.0,5080000000.0,0.0,0.019,0.097,0.369,0.364,116000000.0,1342000000.0,1.0,595228205,595000000.0,600000000.0,8.538,56426000000,0,403000000.0,2893000000,94.834,-1082000000
22,ICE,ART,2015-12-31,2016-02-04,2015-12-31,2021-07-29,-188000000,77987000000,68343750000.0,53313000000,24674000000,0.069,26.681,-277000000.0,1284000000,1284000000,1344000000.0,1295000000.0,0.974,4.262,7308000000,2591000000,4717000000,7308000000,98000000,374000000.0,0,0.012,0.58,1729000000.0,2103000000.0,0.449,2103000000.0,1729000000.0,1632000000.0,2.29,2.278,2.29,14808000000,12963750000.0,14808000000,35281073109.0,20.0,16.777,1034000000.0,1.863,1.0,3338000000.0,0.713,22837000000,97000000.0,6431000000,4546250000.0,0,591000000,29000000,562000000,63112000000,54743000000,8369000000,29257073109.0,-25000000.0,-3751000000.0,-686000000.0,3130000000.0,-331000000.0,1976000000.0,-3298000000.0,730000000.0,1311000000.0,-14000000.0,1274000000.0,1274000000.0,1274000000.0,0.0,21000000.0,0.272,1588000000.0,1750000000.0,398000000,0.253,1.976,22.965,21.493,1037000000,0.0,49.218,6.249,5.834,700000000,4148000000,4682000000.0,4682000000.0,0.0,0.019,0.098,0.38,0.369,111000000.0,1214000000.0,1.0,594438480,555000000.0,560000000.0,8.436,55150000000,0,358000000.0,2837000000,99.369,-1430000000
23,ICE,ART,2015-09-30,2015-10-28,2015-09-30,2021-07-29,-191000000,65856000000,65916750000.0,48052000000,17804000000,0.069,22.436,-281000000.0,1045000000,1045000000,1261000000.0,1216000000.0,0.992,4.331,3500000000,1253000000,2247000000,3500000000,186000000,365000000.0,0,0.011,0.56,1740000000.0,2105000000.0,0.465,2105000000.0,1740000000.0,1650000000.0,2.136,2.126,2.136,12340000000,12351750000.0,12340000000,30732538332.0,18.0,14.6,1150000000.0,2.091,1.0,3263000000.0,0.721,16160000000,90000000.0,3693000000,4121750000.0,0,529000000,21000000,508000000,53446000000,48458000000,4988000000,28277538332.0,49000000.0,-308000000.0,-833000000.0,-465000000.0,-316000000.0,-1747000000.0,393000000.0,982000000.0,1431000000.0,-28000000.0,1192000000.0,1192000000.0,1192000000.0,0.0,24000000.0,0.263,1531000000.0,1732000000.0,297000000,0.262,2.292,23.723,24.126,904000000,0.0,51.534,6.251,6.265,490000000,3863000000,4524000000.0,4524000000.0,0.0,0.018,0.097,0.422,0.385,126000000.0,1166000000.0,1.0,548716155,550000000.0,555000000.0,8.225,49696000000,0,458000000.0,1870000000,90.356,-406000000
24,ICE,ART,2015-06-30,2015-08-05,2015-06-30,2021-07-29,-68000000,63104000000,66274250000.0,45133000000,17971000000,0.066,22.36,-288000000.0,1039000000,1039000000,1187000000.0,1119000000.0,0.99,4.079,3263000000,1016000000,2247000000,3263000000,294000000,354000000.0,0,0.011,0.54,1618000000.0,1972000000.0,0.45,1972000000.0,1618000000.0,1527000000.0,1.944,1.934,1.944,12410000000,12420250000.0,12410000000,28469453493.0,18.0,14.437,1105000000.0,1.991,1.0,3192000000.0,0.729,16232000000,91000000.0,3516000000,4425500000.0,0,618000000,22000000,596000000,50621000000,45580000000,5041000000,26245453493.0,-1379000000.0,-137000000.0,-1073000000.0,-380000000.0,-306000000.0,-2023000000.0,-716000000.0,-291000000.0,1393000000.0,-33000000.0,1092000000.0,1092000000.0,1092000000.0,10000000.0,27000000.0,0.249,1570000000.0,1622000000.0,324000000,0.278,2.115,24.034,24.438,911000000,0.0,47.508,5.993,6.021,541000000,3641000000,4379000000.0,4379000000.0,0.0,0.016,0.088,0.366,0.369,113000000.0,1216000000.0,1.0,552442820,555000000.0,560000000.0,7.89,46872000000,0,435000000.0,1902000000,84.454,-447000000
25,ICE,ART,2015-03-31,2015-05-05,2015-03-31,2021-07-29,-153000000,66428000000,67618750000.0,48486000000,17942000000,0.064,21.959,-259000000.0,1050000000,1050000000,1172000000.0,1065000000.0,0.994,4.386,4193000000,1946000000,2247000000,4193000000,367000000,334000000.0,0,0.011,0.52,1545000000.0,1879000000.0,0.435,1879000000.0,1545000000.0,1454000000.0,1.826,1.816,1.826,12297000000,12628500000.0,12297000000,28985740081.0,19.0,15.426,1201000000.0,2.145,1.0,3145000000.0,0.729,16228000000,91000000.0,4545000000,4503500000.0,0,1677000000,1073000000,604000000,53934000000,48798000000,5136000000,25842740081.0,-212000000.0,1839000000.0,-871000000.0,-356000000.0,-296000000.0,-1675000000.0,-305000000.0,-1381000000.0,1460000000.0,-31000000.0,1035000000.0,1035000000.0,1035000000.0,2000000.0,30000000.0,0.24,1626000000.0,1519000000.0,392000000,0.285,2.102,24.969,25.429,879000000,0.0,46.434,5.986,6.023,608000000,3441000000,4317000000.0,4317000000.0,0.0,0.015,0.082,0.343,0.358,113000000.0,1284000000.0,1.0,556547790,560000000.0,560000000.0,7.709,50200000000,0,419000000.0,1913000000,89.643,-312000000
26,ICE,ART,2014-12-31,2015-02-05,2014-12-31,2021-07-29,-46000000,68279000000,67492000000.0,50245000000,18034000000,0.063,21.684,-250000000.0,981000000,981000000,1129000000.0,1016000000.0,0.994,4.508,4289000000,2042000000,2247000000,4289000000,69000000,333000000.0,0,0.012,0.52,1479000000.0,1812000000.0,0.429,1812000000.0,1479000000.0,1383000000.0,1.72,1.71,1.72,12360000000,12783000000.0,12360000000,28605182285.0,19.0,15.787,1264000000.0,2.218,1.0,3092000000.0,0.733,16315000000,96000000.0,4733000000,4680750000.0,0,1876000000,1200000000,676000000,55722000000,50539000000,5183000000,25297182285.0,-309000000.0,1697000000.0,-677000000.0,-552000000.0,-299000000.0,-1673000000.0,-468000000.0,-1411000000.0,1514000000.0,-21000000.0,981000000.0,981000000.0,981000000.0,-11000000.0,35000000.0,0.232,1644000000.0,1448000000.0,337000000,0.302,2.047,25.787,26.262,874000000,0.0,45.17,5.993,6.1,471000000,3210000000,4221000000.0,4221000000.0,0.0,0.015,0.077,0.316,0.35,97000000.0,1311000000.0,1.0,560043885,570000000.0,575000000.0,7.405,51964000000,0,402000000.0,1938000000,91.165,-294000000
27,ICE,ART,2014-09-30,2014-11-04,2014-09-30,2021-07-29,244000000,67286000000,66626750000.0,49378000000,17908000000,0.059,22.13,-238091000.0,952000000,952000000,909000000.0,552914000.0,1.001,4.321,4136000000,1889000000,2247000000,4136000000,139000000,305375000.0,0,0.012,0.52,975710000.0,1281085000.0,0.324,1281085000.0,975710000.0,877461000.0,0.676,0.674,0.676,12614000000,12838750000.0,12614000000,27700073842.0,28.0,21.622,908075000.0,1.593,1.0,3039623000.0,0.77,16225000000,98249000.0,4908000000,4845250000.0,0,1967000000,1241000000,726000000,54499000000,49337000000,5162000000,24516073842.0,-899071000.0,-186799000.0,-527894000.0,893911000.0,-300000000.0,-123251000.0,-2278885000.0,-1349995000.0,1146166000.0,17899000.0,517920000.0,517920000.0,517920000.0,0.0,34994000.0,0.131,1810539000.0,1229084000.0,282000000,0.769,1.944,47.336,64.355,839000000,0.0,43.504,6.209,6.28,446000000,3000000000,3948623000.0,3948623000.0,0.0,0.008,0.04,0.201,0.247,70202000.0,1529551000.0,1.0,563536085,570000000.0,570000000.0,6.927,51061000000,0,359541000.0,2137000000,89.581,41000000
28,ICE,ART,2014-06-30,2014-08-07,2014-06-30,2021-07-29,582000000,68482000000,62026477500.0,50191000000,18291000000,0.053,23.031,-229045000.0,2375000000,2375000000,648000000.0,484958000.0,1.01,4.149,3931000000,1683000000,2248000000,3931000000,271000000,256766000.0,0,0.01,0.39,856438000.0,1113204000.0,0.339,1113204000.0,856438000.0,770287000.0,0.702,0.698,0.702,13243000000,10695717250.0,13243000000,22922822737.0,27.0,20.592,1015133000.0,1.765,1.0,2632494000.0,0.802,16540000000,86151000.0,3828000000,3884564500.0,0,812000000,26000000,786000000,54942000000,49670000000,5272000000,21366822737.0,600147000.0,-357799000.0,-84502000.0,559706000.0,-226000000.0,187693000.0,-1194117000.0,-103273000.0,1244178000.0,23393000.0,453235000.0,453235000.0,453235000.0,-10000000.0,31723000.0,0.138,1531264000.0,1101230000.0,293000000,0.556,1.613,47.143,53.661,845000000,0.0,37.67,6.513,6.603,432000000,2878000000,3280494000.0,3280494000.0,0.0,0.007,0.042,0.22,0.261,62125000.0,1292812000.0,1.0,567210585,575000000.0,580000000.0,5.705,51942000000,0,317052000.0,2197000000,90.334,521000000
29,ICE,ART,2014-03-31,2014-05-08,2014-03-31,2021-07-29,464000000,65921000000,55059409250.0,45254000000,20667000000,0.048,22.461,-207368000.0,1253000000,1253000000,387000000.0,407819000.0,0.997,4.079,4881000000,1297000000,3584000000,4881000000,348000000,216834000.0,0,0.007,0.26,737003000.0,953837000.0,0.361,953837000.0,737003000.0,663923000.0,0.732,0.726,0.732,12915000000,8346774250.0,12915000000,25754254067.0,35.0,27.001,896378000.0,1.559,1.0,2254103000.0,0.853,18892000000,73080000.0,5254000000,3287380000.0,0,653000000,57000000,596000000,52685000000,45403000000,7282000000,22126254067.0,-426641000.0,-2338959000.0,-82044000.0,1381000000.0,-151000000.0,1105441000.0,-2655785000.0,-157000000.0,1103746000.0,19957000.0,380558000.0,380558000.0,380558000.0,-2000000.0,27261000.0,0.144,1255181000.0,998922000.0,357000000,0.355,1.713,58.142,52.497,898000000,0.0,38.428,8.378,8.366,544000000,2704000000,2641103000.0,2641103000.0,0.0,0.007,0.046,0.224,0.279,52045000.0,1056247000.0,1.0,575784690,575000000.0,580000000.0,4.593,47029000000,0,283365000.0,2809000000,81.79,-149000000
30,ICE,ART,2013-12-31,2014-02-14,2013-12-31,2021-07-29,359000000,64818000000,48293793500.0,44259000000,20559000000,0.037,32.264,-181000000.0,1238000000,1238000000,121000000.0,270000000.0,0.998,4.123,5058000000,1135000000,3923000000,5058000000,0,161000000.0,0,0.003,0.13,540000000.0,701000000.0,0.391,701000000.0,540000000.0,484000000.0,0.648,0.642,0.648,12583000000,6048125500.0,12583000000,28519375577.0,53.0,40.684,554000000.0,1.421,1.0,1674000000.0,0.933,18905000000,56000000.0,5391000000,2368321250.0,0,559000000,74000000,485000000,51881000000,44342000000,7539000000,24699375577.0,-651000000.0,-2241000000.0,-64000000.0,1320000000.0,-75000000.0,1119000000.0,-2523000000.0,-101000000.0,735000000.0,18000000.0,254000000.0,254000000.0,254000000.0,0.0,16000000.0,0.142,884000000.0,790000000.0,343000000,0.201,1.963,97.242,66.312,891000000,0.0,42.97,13.76,9.336,482000000,2482000000,1795000000.0,1795000000.0,0.0,0.005,0.042,0.228,0.301,56000000.0,723000000.0,1.0,574805110,390000000.0,395000000.0,4.603,45913000000,0,230000000.0,2771000000,117.726,-83000000
31,ICE,ART,2013-09-30,2013-11-05,2013-09-30,2021-07-29,-117452000,48884910000,41393004000.0,45389607000,3495303000,0.033,11.094,-121768000.0,1698911000,1698911000,0.0,572639000.0,1.028,11.084,790589000,448824000,341765000,790589000,0,133172000.0,0,0.0,0.0,810393000.0,943565000.0,0.681,943565000.0,810393000.0,770852000.0,1.54,1.524,1.54,4041869000,3813219750.0,4041869000,13524182362.0,17.0,14.333,600306000.0,1.648,1.0,1384748000.0,1.0,2765521000,39541000.0,1065258000,1436993750.0,0,527237000,36524000,490713000,44798852000,44145809000,653043000,14432504362.0,296090000.0,-49201000.0,-65152000.0,-59411000.0,0.0,-142655000.0,-281168000.0,-106005000.0,722074000.0,-2161000.0,559552000.0,559552000.0,559552000.0,0.0,13087000.0,0.404,565466000.0,819282000.0,94530000,0.0,3.571,25.793,25.71,201673000,0.0,39.594,10.422,10.417,175826000,2938752000,1384748000.0,1384748000.0,0.0,0.014,0.147,0.564,0.585,45289000.0,390542000.0,1.0,364512410,364335000.0,367625000.0,3.801,46119389000,0,211300000.0,253692000,126.585,1243798000
32,ICE,ART,2013-06-30,2013-08-06,2013-06-30,2021-07-29,-158448000,40613727000,38556797500.0,37185206000,3428521000,0.036,10.568,-84740000.0,1595345000,1595345000,0.0,561702000.0,1.043,9.544,802795000,48824000,753971000,802795000,0,131645000.0,0,0.0,0.0,802744000.0,934389000.0,0.682,934389000.0,802744000.0,763660000.0,1.512,1.498,1.512,3847228000,3696717250.0,3847228000,12816253699.0,16.0,13.716,664467000.0,1.825,1.0,1370064000.0,1.0,2737117000,39084000.0,1439262000,1546822750.0,0,526827000,36529000,490298000,36719683000,35644798000,1074885000,13608803699.0,375030000.0,-67451000.0,-63749000.0,-59706000.0,0.0,-135656000.0,-238371000.0,-82727000.0,749207000.0,-150000.0,549319000.0,549319000.0,549319000.0,0.0,12383000.0,0.401,558877000.0,811187000.0,108948000,0.0,3.537,24.774,24.712,164901000,0.0,37.364,9.933,9.929,185784000,2797437000,1370064000.0,1370064000.0,0.0,0.014,0.149,0.519,0.586,43892000.0,389268000.0,1.0,364222345,364060000.0,367025000.0,3.763,37876610000,0,214341000.0,256413000,104.039,1540408000
33,ICE,ART,2013-03-31,2013-05-08,2013-03-31,2021-07-29,-110439000,38858537000,38279557750.0,35375181000,3483356000,0.035,10.238,-77268000.0,1527199000,1527199000,0.0,549139000.0,1.043,9.433,910500000,48824000,861676000,910500000,0,130685000.0,0,0.0,0.0,794201000.0,924886000.0,0.685,924886000.0,794201000.0,755447000.0,1.484,1.47,1.484,3720405000,3578847250.0,3720405000,11875102368.0,15.0,12.84,620296000.0,1.707,1.0,1349668000.0,1.0,2754443000,38754000.0,1577765000,1566642000.0,0,536546000,0,536546000,35095854000,33909630000,1186224000,12491801368.0,422451000.0,-62291000.0,-72207000.0,35500000.0,0.0,-54254000.0,-218209000.0,43000.0,697564000.0,-2650000.0,539153000.0,539153000.0,539153000.0,0.0,9986000.0,0.399,547757000.0,801911000.0,95277000,0.0,3.358,23.169,23.135,154824000,0.0,34.332,9.255,9.244,186955000,2644114000,1349668000.0,1349668000.0,0.0,0.014,0.151,0.507,0.588,44371000.0,383276000.0,1.0,363853005,363385000.0,365875000.0,3.714,36104094000,0,216294000.0,264165000,99.355,1465551000
34,ICE,ART,2012-12-31,2013-02-06,2012-12-31,2021-07-29,-52591000,37214842000,37595948750.0,33750087000,3464755000,0.036,10.021,-67809000.0,1699018000,1699018000,0.0,561737000.0,1.047,9.205,1132500000,163000000,969500000,1132500000,0,130502000.0,0,0.0,0.0,818433000.0,948935000.0,0.696,948935000.0,818433000.0,779531000.0,1.518,1.504,1.518,3643377000,3491905000.0,3643377000,9984073258.0,12.0,10.521,665145000.0,1.83,1.0,1362965000.0,1.0,2736937000,38902000.0,1665690000,1588544000.0,0,554212000,0,554212000,33538284000,32245697000,1292587000,10550591258.0,789246000.0,-18250000.0,-65184000.0,245000000.0,0.0,172363000.0,-117867000.0,43000.0,732954000.0,1796000.0,551576000.0,551576000.0,551576000.0,0.0,10161000.0,0.405,535950000.0,827015000.0,70206000,0.0,2.896,19.128,19.133,143392000,0.0,29.044,7.741,7.747,127260000,2508672000,1362965000.0,1362965000.0,0.0,0.015,0.158,0.515,0.6,43587000.0,386089000.0,1.0,363262335,363560000.0,366830000.0,3.749,34477905000,0,227955000.0,245425000,94.834,1504390000
35,ICE,ART,2012-09-30,2012-11-05,2012-09-30,2021-07-29,-27104000,37540084000,37329204250.0,34034495000,3505589000,0.037,9.825,-94994000.0,1321746000,1321746000,0.0,559451000.0,1.037,9.49,850000000,50000000,800000000,850000000,0,130144000.0,0,0.0,0.0,819724000.0,949868000.0,0.695,949868000.0,819724000.0,779336000.0,1.512,1.498,1.512,3575859000,3361442000.0,3575859000,9220207800.0,11.0,9.707,649705000.0,1.785,1.0,1366809000.0,1.0,2753422000,40388000.0,1504574000,1572561750.0,0,579479000,0,579479000,33934125000,32810342000,1123783000,9691953800.0,743873000.0,-24845000.0,-64357000.0,248500000.0,0.0,159063000.0,-160186000.0,40000.0,744699000.0,297000.0,548877000.0,548877000.0,548877000.0,0.0,10574000.0,0.402,537352000.0,829457000.0,83725000,0.0,2.71,17.658,17.63,140926000,0.0,26.656,7.091,7.098,148897000,2379200000,1366809000.0,1366809000.0,0.0,0.015,0.163,0.521,0.6,45088000.0,396350000.0,1.0,363593705,363945000.0,367055000.0,3.756,34786662000,0,230459000.0,252906000,95.582,1224153000
36,ICE,ART,2012-06-30,2012-08-01,2012-06-30,2021-07-29,-81481000,39504768000,37610865750.0,36058454000,3446314000,0.037,9.28,-90830000.0,1163395000,1163395000,0.0,562292000.0,1.032,10.693,862500000,50000000,812500000,862500000,0,130375000.0,0,0.0,0.0,829027000.0,959402000.0,0.693,959402000.0,829027000.0,789840000.0,1.514,1.5,1.514,3375748000,3210929750.0,3375748000,9114474932.0,11.0,9.5,666442000.0,1.832,1.0,1384400000.0,1.0,2729785000,39187000.0,1518539000,1447561250.0,0,545669000,0,545669000,36097441000,34955549000,1141892000,9415369932.0,325344000.0,-6595000.0,-163350000.0,405250000.0,0.0,214102000.0,-644629000.0,-514204000.0,757272000.0,-1401000.0,550426000.0,550426000.0,550426000.0,0.0,11866000.0,0.398,544945000.0,839455000.0,73604000,0.0,2.789,17.106,17.094,137678000,0.0,25.88,6.801,6.8,175186000,2248118000,1384400000.0,1384400000.0,0.0,0.015,0.171,0.573,0.599,49927000.0,400551000.0,1.0,363808730,363775000.0,366715000.0,3.806,36774983000,0,239414000.0,256590000,101.093,1102905000
37,ICE,ART,2012-03-31,2012-05-02,2012-03-31,2021-07-29,70948000,36124101000,35494892000.0,32506784000,3617317000,0.038,9.286,-90347000.0,1022096000,1022096000,0.0,541366000.0,1.03,9.7,875000000,50000000,825000000,875000000,0,131104000.0,0,0.0,0.0,803437000.0,934541000.0,0.688,934541000.0,803437000.0,765478000.0,1.45,1.438,1.45,3372636000,3129293500.0,3372636000,9153860837.0,11.0,9.795,652711000.0,1.797,1.0,1358405000.0,1.0,2761131000,37959000.0,1665373000,1182707250.0,0,687760000,0,687760000,32716204000,31550501000,1165703000,9300956837.0,274128000.0,-6595000.0,-183285000.0,352000000.0,0.0,146171000.0,-612868000.0,-516493000.0,743058000.0,-2233000.0,528634000.0,528634000.0,528634000.0,0.0,12732000.0,0.389,543488000.0,814917000.0,76821000,0.0,2.758,17.594,17.634,133247000,0.0,25.57,6.847,6.837,178844000,2104961000,1358405000.0,1358405000.0,0.0,0.015,0.169,0.679,0.591,47794000.0,396734000.0,1.0,363744890,363205000.0,366260000.0,3.74,33362970000,0,236844000.0,297949000,91.857,956283000
38,ICE,ART,2011-12-31,2012-02-08,2011-12-31,2021-07-29,-21253000,36147864000,33619489500.0,32605391000,3542473000,0.039,8.535,-87635000.0,875931000,875931000,0.0,521741000.0,1.025,10.567,887500000,50000000,837500000,887500000,0,132252000.0,0,0.0,0.0,783268000.0,915520000.0,0.69,915520000.0,783268000.0,747171000.0,1.394,1.38,1.394,3121525000,3020479750.0,3121525000,9454112883.0,12.0,10.326,625135000.0,1.709,1.0,1327491000.0,1.0,2757358000,36097000.0,1601761000,901958000.0,0,615632000,0,615632000,32985523000,31800314000,1185209000,9442543883.0,201157000.0,-9795000.0,-181304000.0,309000000.0,0.0,105111000.0,-614856000.0,-515894000.0,712770000.0,-1868000.0,509673000.0,509673000.0,509673000.0,0.0,12068000.0,0.384,534158000.0,793333000.0,65964000,0.0,3.025,18.527,18.663,130962000,0.0,26.016,7.113,7.167,136331000,1957096000,1327491000.0,1327491000.0,0.0,0.015,0.169,0.868,0.59,48617000.0,386282000.0,1.0,362951410,365725000.0,369475000.0,3.63,33390506000,0,237498000.0,258503000,91.299,805077000
39,ICE,ART,2011-09-30,2011-11-02,2011-09-30,2021-07-29,-74671000,38666730000,31243088250.0,35222949000,3443781000,0.041,8.132,-53332000.0,560680000,560680000,0.0,493283000.0,1.008,11.99,601500000,231500000,370000000,601500000,0,132405000.0,0,0.0,0.0,747189000.0,879594000.0,0.684,879594000.0,747189000.0,714726000.0,1.314,1.304,1.314,2973810000,2934486000.0,2973810000,8949571692.0,12.0,10.175,642640000.0,1.757,1.0,1285299000.0,1.0,2774278000,32463000.0,1004572000,648917000.0,0,545897000,0,545897000,35655598000,34928700000,726898000,8908751692.0,-41895000.0,-3223000.0,-141460000.0,-32500000.0,0.0,-171078000.0,-565016000.0,-514717000.0,695972000.0,-1773000.0,482032000.0,482032000.0,482032000.0,0.0,11251000.0,0.375,528193000.0,757106000.0,79480000,0.0,2.996,18.482,18.664,99114000,0.0,24.524,6.931,6.978,159219000,1830323000,1285299000.0,1285299000.0,0.0,0.015,0.164,1.151,0.581,46316000.0,380094000.0,1.0,363266665,365695000.0,369180000.0,3.515,35892452000,0,232694000.0,290150000,98.149,294249000
40,ICE,ART,2011-06-30,2011-08-03,2011-06-30,2021-07-29,58078000,31040873000,28630962000.0,27931554000,3109319000,0.043,8.304,-53323000.0,827394000,827394000,0.0,456248000.0,1.02,9.168,457250000,267250000,190000000,457250000,0,131049000.0,0,0.0,0.0,697961000.0,829010000.0,0.673,829010000.0,697961000.0,666231000.0,1.214,1.202,1.214,3049203000,2862188250.0,3049203000,8226610706.0,12.0,9.923,542183000.0,1.477,1.0,1231667000.0,1.0,2838571000,31730000.0,459123000,558099000.0,0,146495000,0,146495000,27954343000,27373035000,581308000,8596754706.0,449566000.0,-556181000.0,-132141000.0,-20766000.0,0.0,-155131000.0,9086000.0,-333000.0,595506000.0,105000.0,445716000.0,445716000.0,445716000.0,0.0,10532000.0,0.362,527052000.0,704615000.0,82086000,0.0,2.819,19.288,19.278,99458000,0.0,23.404,6.98,6.977,165758000,1697692000,1231667000.0,1231667000.0,0.0,0.016,0.156,1.251,0.567,43405000.0,378736000.0,1.0,367319890,367185000.0,370690000.0,3.354,28202302000,0,220515000.0,291984000,76.807,558519000
41,ICE,ART,2011-03-31,2011-05-04,2011-03-31,2021-07-29,60274000,28622491000,27733214000.0,25506922000,3115569000,0.043,8.0,-49481000.0,769555000,769555000,0.0,434403000.0,1.021,8.733,523000000,263000000,260000000,523000000,0,126126000.0,0,0.0,0.0,672008000.0,798134000.0,0.664,798134000.0,672008000.0,641147000.0,1.158,1.146,1.158,2937381000,2759380500.0,2937381000,8197562698.0,12.0,10.271,538073000.0,1.465,1.0,1202604000.0,1.0,2847899000,30861000.0,542376000,600740250.0,0,147787000,0,147787000,25650790000,24985661000,665129000,8444117698.0,81963000.0,-571261000.0,-105354000.0,239561000.0,0.0,132296000.0,-639641000.0,1913000.0,587554000.0,1754000.0,426039000.0,426039000.0,426039000.0,0.0,8364000.0,0.354,510572000.0,692032000.0,68802000,0.0,2.875,19.82,19.836,94782000,0.0,22.97,7.022,7.013,165244000,1576327000,1202604000.0,1202604000.0,0.0,0.015,0.154,1.119,0.559,43474000.0,371558000.0,1.0,367615050,367165000.0,371005000.0,3.275,25774592000,0,215108000.0,320278000,70.199,521261000
42,ICE,ART,2010-12-31,2011-02-09,2010-12-31,2021-07-29,37740000,26642259000,26531039000.0,23575778000,3066481000,0.043,7.545,-47768000.0,696905000,696905000,0.0,407767000.0,1.019,8.578,578500000,252750000,325750000,578500000,0,121209000.0,0,0.0,0.0,630438000.0,751647000.0,0.654,751647000.0,630438000.0,600673000.0,1.082,1.07,1.082,2777550000,2652416750.0,2777550000,8917444492.0,14.0,11.864,485990000.0,1.32,1.0,1149944000.0,1.0,2806873000,29765000.0,589597000,574144500.0,0,146173000,1999000,144174000,23825494000,23127384000,698110000,9035849492.0,69327000.0,-568061000.0,-91434000.0,271000000.0,0.0,169520000.0,-633082000.0,1315000.0,533758000.0,-869000.0,398298000.0,398298000.0,398298000.0,0.0,9469000.0,0.346,497695000.0,652249000.0,65162000,0.0,3.253,22.686,22.76,94503000,0.0,24.626,7.858,7.883,114456000,1447423000,1149944000.0,1149944000.0,0.0,0.015,0.15,1.098,0.548,41343000.0,366490000.0,1.0,366923150,368120000.0,372380000.0,3.124,23835386000,0,202375000.0,274556000,64.749,448394000
43,ICE,ART,2010-09-30,2010-11-01,2010-09-30,2021-07-29,54340000,28218225000,25341693000.0,25152034000,3066191000,0.044,7.289,-53204000.0,618643000,618643000,0.0,388950000.0,1.015,9.497,634000000,242500000,391500000,634000000,0,116474000.0,0,0.0,0.0,612174000.0,728648000.0,0.65,728648000.0,612174000.0,583663000.0,1.04,1.03,1.04,2684619000,2557962250.0,2684619000,8374320399.0,14.0,11.493,520632000.0,1.414,1.0,1121475000.0,1.0,2812637000,28511000.0,641300000,532199500.0,0,137217000,1998000,135219000,25497068000,24779645000,717423000,8358963399.0,147569000.0,-568036000.0,-80238000.0,303964000.0,0.0,191636000.0,-619384000.0,16642000.0,573836000.0,1481000.0,383420000.0,383420000.0,383420000.0,0.0,5530000.0,0.342,503937000.0,617538000.0,74100000,0.0,3.114,21.801,21.975,95341000,0.0,22.854,7.454,7.505,134507000,1348291000,1121475000.0,1121475000.0,0.0,0.015,0.15,1.15,0.546,61664000.0,372262000.0,1.0,365754940,368295000.0,372215000.0,3.045,25405588000,31925000,200243000.0,273817000,68.982,372389000
44,ICE,ART,2010-06-30,2010-08-04,2010-06-30,2021-07-29,24978000,27449881000,23177571250.0,25061916000,2387965000,0.047,7.134,-50595000.0,1017947000,1017947000,0.0,375919000.0,1.037,9.392,479500000,112250000,367250000,479500000,0,112603000.0,0,0.0,0.0,603372000.0,715975000.0,0.657,715975000.0,603372000.0,577998000.0,1.018,1.008,1.018,2637972000,2462378500.0,2637972000,7629307811.0,13.0,10.656,523969000.0,1.417,1.0,1090593000.0,1.0,2123002000,25374000.0,629688000,507186000.0,0,158828000,2005000,156823000,24775694000,24158744000,616950000,8167754811.0,6649000.0,-15031000.0,10256000.0,125384000.0,0.0,117109000.0,-684357000.0,23858000.0,574564000.0,-667000.0,374559000.0,374559000.0,374559000.0,0.0,1360000.0,0.343,484624000.0,605969000.0,63068000,0.0,3.096,21.806,21.672,93549000,0.0,22.062,7.489,7.481,135942000,1251976000,1090593000.0,1090593000.0,0.0,0.016,0.152,1.19,0.553,60757000.0,363839000.0,1.0,370218240,369800000.0,373815000.0,2.949,25326879000,0,203439000.0,173485000,68.488,903172000
45,ICE,ART,2010-03-31,2010-05-05,2010-03-31,2021-07-29,18468000,23813791000,21531106250.0,21418140000,2395651000,0.049,6.812,-47561000.0,693123000,693123000,0.0,345450000.0,1.028,8.475,285000000,102000000,183000000,285000000,0,112268000.0,0,0.0,0.0,565621000.0,677889000.0,0.649,677889000.0,565621000.0,540843000.0,0.942,0.93,0.942,2509526000,2351670750.0,2509526000,8386832738.0,15.0,12.372,472872000.0,1.284,1.0,1044855000.0,1.0,2140513000,24778000.0,435993000,485973750.0,0,150575000,2005000,148570000,21268889000,20829162000,439727000,8794955738.0,382698000.0,2050000.0,13972000.0,-86844000.0,0.0,-89708000.0,-47962000.0,531000.0,520433000.0,-65000.0,344929000.0,344929000.0,344929000.0,0.0,521000.0,0.33,482220000.0,562635000.0,51272000,0.0,3.505,25.498,25.253,91091000,0.0,23.788,8.417,8.387,140578000,1150288000,1044855000.0,1044855000.0,0.0,0.016,0.147,1.164,0.541,47217000.0,363268000.0,1.0,369722370,368380000.0,372635000.0,2.836,21673278000,0,195914000.0,204816000,58.834,588978000
46,ICE,ART,2009-12-31,2010-02-10,2009-12-31,2021-07-29,24558000,21884875000,19483885000.0,19459851000,2425024000,0.051,6.576,-44742000.0,634435000,634435000,0.0,314154000.0,1.026,8.106,307500000,99000000,208500000,307500000,0,111357000.0,0,0.0,0.0,518461000.0,629818000.0,0.633,629818000.0,518461000.0,495539000.0,0.866,0.854,0.866,2399732000,2246915000.0,2399732000,6715811273.0,13.0,10.663,441851000.0,1.211,1.0,994788000.0,1.0,2168291000,22922000.0,421817000,513615500.0,0,156821000,2005000,154816000,19451228000,18967832000,483396000,7042746273.0,268943000.0,-37792000.0,634000.0,-73726000.0,0.0,-75112000.0,-142275000.0,3901000.0,486593000.0,-263000.0,315988000.0,315988000.0,315988000.0,0.0,-1834000.0,0.318,482169000.0,512619000.0,57288000,0.0,2.935,22.288,22.097,91735000,0.0,19.136,7.08,7.02,109068000,1049125000,994788000.0,994788000.0,0.0,0.016,0.141,1.009,0.521,44885000.0,364673000.0,1.0,368036490,364925000.0,370450000.0,2.726,19716584000,0,179551000.0,204429000,54.029,492019000
47,ICE,ART,2009-09-30,2009-11-03,2009-09-30,2021-07-29,29321000,19561738000,17752561500.0,17094590000,2467148000,0.053,6.296,-47758000.0,468031000,468031000,0.0,280017000.0,1.024,7.481,330000000,96000000,234000000,330000000,0,108806000.0,0,0.0,0.0,468525000.0,577331000.0,0.611,577331000.0,468525000.0,446032000.0,0.77,0.758,0.77,2302284000,2148539750.0,2302284000,7283635467.0,16.0,12.616,319260000.0,0.873,1.0,945494000.0,1.0,2195075000,22493000.0,541246000,545510500.0,0,175938000,2004000,173934000,17224277000,16687386000,536891000,7421666467.0,149902000.0,-45070000.0,-44084000.0,-60823000.0,0.0,-49825000.0,-165811000.0,-14612000.0,367018000.0,-1480000.0,280589000.0,280589000.0,280589000.0,0.0,-572000.0,0.297,459418000.0,486076000.0,59772000,0.0,3.224,26.45,26.314,86590000,0.0,20.262,7.85,7.837,132559000,964871000,945494000.0,945494000.0,0.0,0.016,0.131,0.859,0.496,25015000.0,350612000.0,1.0,366284990,365685000.0,371020000.0,2.586,17366663000,37419000,165443000.0,243610000,47.491,407204000
48,ICE,ART,2009-06-30,2009-08-05,2009-06-30,2021-07-29,28705000,20864021000,13902344750.0,18384748000,2479273000,0.064,6.023,-52165000.0,386257000,386257000,0.0,268098000.0,1.017,8.488,352500000,93000000,259500000,352500000,0,95339000.0,0,0.0,0.0,448893000.0,544232000.0,0.611,544232000.0,448893000.0,426336000.0,0.74,0.73,0.74,2195141000,2061612500.0,2195141000,6810452458.0,15.0,12.514,302743000.0,0.831,1.0,890674000.0,1.0,2208976000,22557000.0,544839000,520656750.0,0,170851000,4788000,166063000,18633131000,18076449000,556682000,6844209458.0,-62399000.0,-52835000.0,-344207000.0,147274000.0,0.0,-144694000.0,-271815000.0,-11321000.0,354908000.0,-798000.0,268098000.0,268098000.0,268098000.0,0.0,0.0,0.301,425445000.0,465229000.0,52159000,0.0,3.118,25.529,25.281,87080000,0.0,18.708,7.684,7.655,119613000,877417000,890674000.0,890674000.0,0.0,0.019,0.13,0.862,0.504,19798000.0,330106000.0,1.0,365843995,364460000.0,370370000.0,2.444,18655045000,0,158238000.0,203433000,51.185,308299000
49,ICE,ART,2009-03-31,2009-05-06,2009-03-31,2021-07-29,18030000,15624906000,9435354000.0,13137885000,2487021000,0.089,5.753,-50342000.0,307423000,307423000,0.0,280904000.0,1.018,6.457,370000000,90000000,280000000,370000000,0,78604000.0,0,0.0,0.0,459845000.0,538449000.0,0.643,538449000.0,459845000.0,440153000.0,0.782,0.774,0.782,2090503000,1937322000.0,2090503000,7183836612.0,16.0,13.342,313145000.0,0.862,1.0,837417000.0,1.0,2229707000,19692000.0,546560000,460607250.0,0,161399000,3086000,158313000,13498804000,12911216000,587588000,7121259612.0,13719000.0,-54836000.0,-349158000.0,155550000.0,0.0,-140927000.0,-207592000.0,64565000.0,363487000.0,-1249000.0,280904000.0,280904000.0,280904000.0,0.0,0.0,0.335,374364000.0,463053000.0,46239000,0.0,3.406,25.351,25.008,86905000,0.0,19.556,8.504,8.485,110647000,805359000,837417000.0,837417000.0,0.0,0.03,0.145,0.998,0.549,24631000.0,295760000.0,1.0,364147045,363355000.0,368030000.0,2.305,13395199000,0,159249000.0,226071000,36.865,226669000
50,ICE,ART,2008-12-31,2009-02-11,2008-12-31,2021-07-29,19890000,14959581000,6292361250.0,12552588000,2406993000,0.129,5.637,-48812000.0,314246000,314246000,0.0,300972000.0,1.02,6.453,379375000,46875000,332500000,379375000,0,62247000.0,0,0.0,0.0,493069000.0,555316000.0,0.683,555316000.0,493069000.0,473496000.0,0.846,0.834,0.846,2006231000,1813317750.0,2006231000,4631857083.0,9.0,8.341,326300000.0,0.917,1.0,813078000.0,1.0,2163671000,19573000.0,549397000,418431250.0,0,141883000,3419000,138464000,12946333000,12311642000,634691000,4566728083.0,163925000.0,-44606000.0,-340798000.0,157118000.0,0.0,-141119000.0,-69746000.0,131983000.0,375112000.0,-322000.0,300972000.0,300972000.0,300972000.0,0.0,0.0,0.37,319544000.0,493534000.0,49663000,0.0,2.276,15.173,14.861,88952000,0.0,12.572,5.617,5.503,81248000,732752000,813078000.0,813078000.0,0.0,0.048,0.166,1.178,0.606,-7698000.0,257297000.0,1.0,363245950,355920000.0,360820000.0,2.284,12795910000,0,172524000.0,212009000,35.952,240946000
51,ICE,ART,2008-09-30,2008-10-30,2008-09-30,2021-07-29,27228000,4160871000,3251552250.0,1748273000,2412598000,0.235,5.469,-38573000.0,376773000,376773000,0.0,316769000.0,1.122,1.126,388750000,43750000,345000000,388750000,0,45737000.0,0,0.0,0.0,507544000.0,553281000.0,0.723,553281000.0,507544000.0,488429000.0,0.898,0.884,0.898,1954575000,1680974000.0,1954575000,6297235102.0,12.0,11.382,363041000.0,1.016,1.0,765114000.0,1.0,2172704000,19115000.0,441831000,386239250.0,0,57176000,3751000,53425000,2200484000,1558313000,642171000,6285258102.0,148902000.0,-61730000.0,-297217000.0,157376000.0,0.0,-129636000.0,-123400000.0,93243000.0,401614000.0,324000.0,316769000.0,316769000.0,316769000.0,0.0,0.0,0.414,272380000.0,492734000.0,47349000,0.0,3.216,19.842,19.376,76242000,0.0,17.4,8.215,8.128,98694000,683825000,765114000.0,765114000.0,0.0,0.097,0.188,1.314,0.663,-19173000.0,226610000.0,1.0,361221730,357415000.0,362120000.0,2.141,1988167000,0,171660000.0,213676000,5.563,189960000
52,ICE,ART,2008-06-30,2008-08-04,2008-06-30,2021-07-29,29060000,2996058000,2882388500.0,1278853000,1717205000,0.248,4.81,-33371000.0,386749000,386749000,0.0,308487000.0,1.401,0.764,203125000,40625000,162500000,203125000,0,40234000.0,0,0.0,0.0,489113000.0,529347000.0,0.74,529347000.0,489113000.0,469421000.0,0.88,0.862,0.88,1697979000,1538927500.0,1697979000,5855445055.0,12.0,11.062,351158000.0,0.995,1.0,715405000.0,1.0,1595298000,19692000.0,304641000,377445250.0,0,56352000,11514000,44838000,1298079000,912495000,385584000,6039069055.0,242006000.0,-117606000.0,-17400000.0,-37500000.0,0.0,-18743000.0,-123968000.0,93521000.0,384529000.0,188000.0,308487000.0,308487000.0,308487000.0,0.0,0.0,0.431,240949000.0,474456000.0,30980000,0.0,3.557,19.576,19.418,64376000,0.0,17.088,8.441,8.431,78376000,608862000,715405000.0,715405000.0,0.0,0.107,0.2,1.296,0.684,-27005000.0,200538000.0,1.0,353409940,352980000.0,357015000.0,2.027,1400760000,0,160934000.0,129540000,3.968,366358000
53,ICE,ART,2008-03-31,2008-05-02,2008-03-31,2021-07-29,28630000,3052935000,2770435250.0,1334340000,1718595000,0.236,4.532,-36924000.0,234023000,234023000,0.0,277316000.0,1.265,0.915,212500000,37500000,175000000,212500000,0,37138000.0,0,0.0,0.0,432969000.0,470107000.0,0.718,470107000.0,432969000.0,412989000.0,0.796,0.774,0.796,1594486000,1440923250.0,1594486000,11348366092.0,26.0,24.14,299371000.0,0.851,1.0,654899000.0,1.0,1599016000,19980000.0,377856000,396053250.0,0,108929000,60776000,48153000,1458449000,1054540000,403909000,11369889092.0,101013000.0,-117456000.0,-16943000.0,-37500000.0,0.0,-16978000.0,-218455000.0,-6855000.0,336295000.0,151000.0,277316000.0,277316000.0,277316000.0,0.0,0.0,0.423,236699000.0,418200000.0,25073000,0.0,7.131,41.0,40.482,62683000,0.0,32.224,17.361,17.31,74524000,523998000,654899000.0,654899000.0,0.0,0.1,0.192,1.093,0.661,-33372000.0,188440000.0,1.0,352839160,351805000.0,356740000.0,1.862,1453919000,0,135673000.0,132868000,4.133,279800000
54,ICE,ART,2007-12-31,2008-02-13,2007-12-31,2021-07-29,30655000,2796345000,2580934750.0,1142094000,1654251000,0.223,4.282,-29997000.0,139221000,139221000,0.0,240612000.0,1.254,0.893,221875000,37500000,184375000,221875000,0,32701000.0,0,0.0,0.0,377075000.0,409776000.0,0.714,409776000.0,377075000.0,358434000.0,0.698,0.678,0.698,1476856000,1352326000.0,1476856000,9738975038.0,26.0,23.767,257784000.0,0.747,1.0,574293000.0,1.0,1547409000,18641000.0,420629000,402104750.0,0,179733000,140955000,38778000,1319489000,910961000,408528000,9656321038.0,-84660000.0,-480114000.0,-15553000.0,221875000.0,0.0,264759000.0,-637388000.0,-59626000.0,287781000.0,188000.0,240612000.0,240612000.0,240612000.0,0.0,0.0,0.419,220730000.0,353563000.0,27811000,0.0,6.538,40.132,39.45,63524000,0.0,27.536,16.814,16.538,52018000,431708000,574293000.0,574293000.0,0.0,0.093,0.178,0.938,0.657,-37217000.0,175203000.0,1.0,350679875,344925000.0,354900000.0,1.665,1248936000,4908000,117822000.0,120426000,3.621,231133000
55,ICE,ART,2007-09-30,2007-10-26,2007-09-30,2021-07-29,28685000,2684216000,2005151250.0,1046739000,1637477000,0.254,3.993,-27768000.0,109787000,109787000,0.0,224952000.0,1.199,0.936,231250000,37500000,193750000,231250000,0,27045000.0,0,0.0,0.0,342940000.0,369985000.0,0.725,369985000.0,342940000.0,329745000.0,0.684,0.658,0.684,1386389000,1096729000.0,1386389000,11964317058.0,35.0,32.337,219631000.0,0.633,1.0,510262000.0,1.0,1526316000,13195000.0,406655000,335381500.0,0,139012000,100254000,38758000,1297827000,872708000,425119000,11842854058.0,22643000.0,-455714000.0,-6851000.0,231250000.0,0.0,285493000.0,-510318000.0,41550000.0,247399000.0,69000.0,224952000.0,224952000.0,224952000.0,0.0,0.0,0.441,189041000.0,321221000.0,33447000,0.0,8.542,52.646,49.781,60768000,0.0,34.05,23.209,23.168,58814000,367056000,510262000.0,510262000.0,0.0,0.112,0.205,1.023,0.672,-48572000.0,146527000.0,1.0,347807755,347195000.0,356735000.0,1.47,1157900000,12737000,104793000.0,134963000,3.335,174031000
56,ICE,ART,2007-06-30,2007-07-27,2007-06-30,2021-07-29,27469000,2548245000,1439309750.0,1042880000,1505365000,0.315,3.774,-23933000.0,138021000,138021000,0.0,201917000.0,1.196,0.951,240625000,37500000,203125000,240625000,0,21474000.0,0,0.0,0.0,306820000.0,328294000.0,0.724,328294000.0,306820000.0,298584000.0,0.646,0.618,0.646,1305962000,844990000.0,1305962000,10592881083.0,35.0,32.266,178111000.0,0.515,1.0,453189000.0,1.0,1399814000,8236000.0,379073000,288350000.0,0,149122000,110377000,38745000,1242283000,871962000,370321000,10490277083.0,66758000.0,-392120000.0,20417000.0,240625000.0,0.0,307579000.0,-444917000.0,-12323000.0,202044000.0,2052000.0,201917000.0,201917000.0,201917000.0,0.0,0.0,0.446,167450000.0,285739000.0,39576000,0.0,8.033,51.953,46.873,57199000,0.0,30.28,23.148,23.12,58277000,300375000,453189000.0,453189000.0,0.0,0.14,0.239,1.064,0.677,-56122000.0,127500000.0,1.0,346442440,346025000.0,356140000.0,1.31,1148431000,23559000,96667000.0,65666000,3.319,170918000
57,ICE,ART,2007-03-31,2007-05-04,2007-03-31,2021-07-29,27395000,2294933000,889803500.0,942438000,1352495000,0.438,3.673,-15969000.0,132648000,132648000,0.0,179191000.0,1.242,0.851,250000000,37500000,212500000,250000000,0,17035000.0,0,0.0,0.0,275610000.0,292645000.0,0.75,292645000.0,275610000.0,271646000.0,0.6,0.572,0.6,1240097000,597660250.0,1240097000,9854078350.0,36.0,33.672,143710000.0,0.426,1.0,390126000.0,1.0,1251406000,3964000.0,402062000,237347750.0,0,101189000,62444000,38745000,1054836000,758817000,296019000,9736726350.0,106666000.0,-392270000.0,24556000.0,250000000.0,0.0,327124000.0,-383055000.0,45685000.0,159679000.0,2918000.0,179191000.0,179191000.0,179191000.0,0.0,0.0,0.459,133500000.0,256626000.0,41667000,0.0,7.852,54.337,46.133,50691000,0.0,27.68,24.958,23.958,48400000,246668000,390126000.0,390126000.0,0.0,0.201,0.3,1.161,0.706,-61503000.0,108933000.0,1.0,351760345,337670000.0,348790000.0,1.155,1043527000,29453000,92455000.0,67824000,3.09,183621000
58,ICE,ART,2006-12-31,2007-02-26,2006-12-31,2021-07-29,27411000,493211000,388994250.0,340917000,152294000,0.807,1.609,-19815000.0,220450000,220450000,0.0,143268000.0,8.995,0.085,0,0,0,0,2637000,13714000.0,0,0.0,0.0,212774000.0,226488000.0,0.722,226488000.0,212774000.0,212543000.0,0.508,0.48,0.508,454468000,351801250.0,454468000,10603142036.0,50.0,46.815,126109000.0,0.447,1.0,313799000.0,1.0,81126000,231000.0,153736000,178245500.0,0,116092000,77354000,38738000,38743000,37899000,844000,10823592036.0,184255000.0,0.0,22108000.0,0.0,0.0,63104000.0,-27628000.0,-74000.0,145924000.0,2855000.0,143268000.0,143268000.0,143268000.0,0.0,0.0,0.457,109164000.0,204635000.0,1406000,0.0,23.816,75.548,61.894,26280000,0.0,31.442,34.492,28.293,32121000,191179000,313799000.0,313799000.0,0.0,0.368,0.407,1.194,0.678,-32171000.0,86411000.0,1.0,344239935,282370000.0,297995000.0,1.111,412085000,127000,69275000.0,3899000,1.459,303018000
59,ICE,ART,2006-09-30,2006-11-06,2006-09-30,2021-07-29,27266000,420850000,332134000.0,311391000,109459000,0.782,1.336,-18035000.0,85846000,85846000,-989000.0,109137000.0,8.817,0.109,0,0,0,0,2817000,13479000.0,0,0.0,0.0,167264000.0,180743000.0,0.696,180743000.0,167264000.0,166962000.0,0.252,0.234,0.252,379433000,296340000.0,379433000,4790724930.0,29.0,26.506,86401000.0,0.304,1.0,260786000.0,1.004,81159000,302000.0,218529000,172497000.0,0,178028000,178028000,0,41417000,35316000,6101000,4876570930.0,35948000.0,0.0,73361000.0,-13194000.0,0.0,85324000.0,-155723000.0,-133726000.0,104436000.0,1911000.0,109137000.0,68477000.0,68477000.0,0.0,0.0,0.264,99427000.0,161359000.0,799000,0.0,12.852,71.215,67.381,22395000,40660000.0,16.98,18.771,18.559,36699000,142187000,259797000.0,259797000.0,0.0,0.206,0.231,0.97,0.644,-17688000.0,82797000.0,1.0,287194990,283960000.0,298060000.0,0.915,339691000,0,57825000.0,11815000,1.196,276075000
60,ICE,ART,2006-06-30,2006-07-28,2006-06-30,2021-07-29,28068000,350220000,279944500.0,242433000,107787000,,1.133,,68272000,68272000,,,9.436,0.106,0,0,0,0,1961000,,0,0.0,0.0,,,,,,,,,,316643000,233080000.0,316643000,3266582044.0,,,,,1.0,,,81192000,,175064000,136239000.0,0,134461000,134461000,0,33577000,25692000,7885000,3334854044.0,,,,,,,,,,,,,,,,,,,1204000,,10.532,,,23887000,,11.794,,,29604000,98542000,,,,,,,,,,1.0,282758525,279355000.0,,,269028000,0,,12438000,0.963,216741000
61,ICE,ART,2006-03-31,2006-07-14,2006-03-31,2021-07-29,20203000,291696000,,181935000,109761000,,0.924,,21140000,21140000,,,6.44,0.137,0,0,0,0,1430000,,0,0.0,0.0,,,,,,,,,,256661000,,256661000,3291011919.0,,,,,1.0,,,76654000,,165653000,,0,142511000,133893000,8618000,35035000,28249000,6786000,3312151919.0,,,,,,,,,,,,,,,,,,,2719000,,12.905,,,21556000,,11.922,,,20757000,67575000,,,,,,,,,,1.0,277818480,277665000.0,,,215042000,0,,19543000,0.774,153686000
62,ICE,ART,2006-03-31,2006-05-02,2006-03-31,2021-07-29,20203000,291696000,,181935000,109761000,,0.924,,21140000,21140000,,,6.44,0.137,0,0,0,0,1430000,,0,0.0,0.0,,,,,,,,,,256661000,,256661000,3740522219.0,,,,,1.0,,,76654000,,165653000,,0,142511000,133893000,8618000,35035000,28249000,6786000,3761662219.0,,,,,,,,,,,,,,,,,,,2719000,,14.656,,,21556000,,13.54,,,20757000,67575000,,,,,,,,,,1.0,277818480,277665000.0,,,215042000,0,,19543000,0.774,153686000
63,ICE,ART,2005-12-31,2006-03-10,2005-12-31,2021-07-29,18979000,265770000,,164015000,101755000,,0.874,-13733000.0,32580000,32580000,0.0,40410000.0,6.214,0.142,0,0,0,0,1197000,15083000.0,0,0.0,0.0,60608000.0,75691000.0,0.486,75691000.0,60608000.0,59995000.0,-0.078,-0.078,-0.078,232623000,,232623000,3694856289.0,61.0,48.815,36079000.0,0.136,1.0,155865000.0,1.0,76054000,613000.0,130742000,,0,113477000,111181000,2296000,33147000,26394000,6753000,3727436289.0,-41197000.0,0.0,56005000.0,-25676000.0,0.0,30329000.0,-117120000.0,-107820000.0,49812000.0,-4218000.0,40410000.0,-20909000.0,-20909000.0,0.0,0.0,-0.134,99660000.0,56205000.0,1697000,0.0,16.024,-178.269,-172.154,20348000,61319000.0,13.428,23.915,22.924,14773000,47911000,155865000.0,155865000.0,0.0,,,,0.389,2025000.0,64763000.0,1.0,277586855,266090000.0,266090000.0,0.586,189716000,0,19585000.0,14638000,0.713,137621000
64,ICE,ART,2005-09-30,2005-11-15,2005-09-30,2021-07-29,22040000,212092000,,86205000,125887000,,,,46332000,46332000,,,3.233,0.375,13000000,0,13000000,13000000,1374000,,0,,,,,,,,,,,,126393000,,126393000,,,,,,1.0,,,78602000,,73497000,,0,38949000,11998000,26951000,47457000,26661000,20796000,,,,,,,,,,,,,,,,,,,,1774000,,,,,18518000,,,,,16554000,73711000,,,,,,,,,,1.0,277333765,,,,133490000,0,,15535000,,59544000
