None,ticker,dimension,calendardate,datekey,reportperiod,lastupdated,accoci,assets,assetsavg,assetsc,assetsnc,assetturnover,bvps,capex,cashneq,cashnequsd,cor,consolinc,currentratio,de,debt,debtc,debtnc,debtusd,deferredrev,depamor,deposits,divyield,dps,ebit,ebitda,ebitdamargin,ebitdausd,ebitusd,ebt,eps,epsdil,epsusd,equity,equityavg,equityusd,ev,evebit,evebitda,fcf,fcfps,fxusd,gp,grossmargin,intangibles,intexp,invcap,invcapavg,inventory,investments,investmentsc,investmentsnc,liabilities,liabilitiesc,liabilitiesnc,marketcap,ncf,ncfbus,ncfcommon,ncfdebt,ncfdiv,ncff,ncfi,ncfinv,ncfo,ncfx,netinc,netinccmn,netinccmnusd,netincdis,netincnci,netmargin,opex,opinc,payables,payoutratio,pb,pe,pe1,ppnenet,prefdivis,price,ps,ps1,receivables,retearn,revenue,revenueusd,rnd,roa,roe,roic,ros,sbcomp,sgna,sharefactor,sharesbas,shareswa,shareswadil,sps,tangibles,taxassets,taxexp,taxliabilities,tbvps,workingcapital
0,VTR,MRY,2020-12-31,2020-12-31,2020-12-31,2021-09-23,-54354000.0,23929404000.0,24839275750.0,,,0.153,27.178,437062000.0,451640000.0,451640000.0,1939758000.0,441185000.0,,1.318,12105329000.0,,,12105329000.0,0.0,1109763000.0,0.0,0.044,2.143,812156000.0,1921919000.0,0.506,1921919000.0,812156000.0,342615000.0,1.18,1.17,1.18,10180167000.0,10330293250.0,10180167000.0,30035634806.0,37.0,15.628,1887238000.0,5.038,1.0,1855599000.0,0.489,1051650000.0,469541000.0,34531443000.0,35440255250.0,0.0,0.0,,,13415723000.0,,,18368950806.0,304450000.0,-286822000.0,70465000.0,-409012000.0,-928809000.0,-1300021000.0,154295000.0,3848000.0,1450176000.0,1088000.0,439149000.0,439149000.0,439149000.0,0.0,2036000.0,0.116,1294678000.0,560921000.0,1133066000.0,1.816,1.804,41.829,41.559,21599290000.0,0.0,49.04,4.84,4.84,0.0,-4030376000.0,3795357000.0,3795357000.0,0.0,0.018,0.043,0.023,0.214,21487000.0,130158000.0,1.0,374570775.0,374570775,,10.133,22877754000.0,9987000.0,-96534000.0,62638000.0,61.077,
1,VTR,MRY,2019-12-31,2019-12-31,2019-12-31,2021-09-23,-34564000.0,24692208000.0,23788192250.0,,,0.163,28.025,-1370917000.0,146102000.0,146102000.0,1810527000.0,439297000.0,,1.328,12409969000.0,,,12409969000.0,0.0,1045620000.0,0.0,0.055,3.17,828368000.0,1873988000.0,0.484,1873988000.0,828368000.0,376706000.0,1.18,1.17,1.18,10445892000.0,10520318000.0,10445892000.0,33615603199.0,41.0,17.938,66866000.0,0.179,1.0,2062223000.0,0.532,1051161000.0,451662000.0,35904914000.0,34105878250.0,0.0,0.0,,,13873078000.0,,,21521778199.0,13158000.0,-3683000.0,978264000.0,363505000.0,-1157720000.0,160674000.0,-1585299000.0,-240878000.0,1437783000.0,1480000.0,433016000.0,433016000.0,433016000.0,0.0,6281000.0,0.112,1209242000.0,852981000.0,1145939000.0,2.686,2.06,49.702,48.932,22484207000.0,0.0,57.74,5.557,5.557,0.0,-3669050000.0,3872750000.0,3872750000.0,0.0,0.018,0.041,0.024,0.214,33923000.0,158726000.0,1.0,372736027.0,372736027,,10.39,23641047000.0,47495000.0,-56310000.0,200831000.0,63.426,
2,VTR,MRY,2018-12-31,2018-12-31,2018-12-31,2021-09-23,-19582000.0,22584555000.0,22843788000.0,,,0.164,28.675,-374849000.0,131464000.0,131464000.0,1691298000.0,415981000.0,,1.187,10733699000.0,,,10733699000.0,0.0,919639000.0,0.0,0.054,3.163,812011000.0,1731650000.0,0.462,1731650000.0,812011000.0,369514000.0,1.15,1.14,1.15,10215857000.0,10506614750.0,10215857000.0,31215354117.0,38.0,18.026,1006618000.0,2.825,1.0,2054512000.0,0.548,1050548000.0,442497000.0,32136242000.0,32315593000.0,0.0,0.0,,,12124820000.0,,,20885446117.0,-55974000.0,10448000.0,8762000.0,-615255000.0,-1127143000.0,-1761937000.0,324496000.0,682006000.0,1381467000.0,-815000.0,409467000.0,409467000.0,409467000.0,10000.0,6514000.0,0.109,1168936000.0,885576000.0,1086030000.0,2.75,2.044,51.006,50.948,20637904000.0,0.0,58.59,5.576,5.573,0.0,-2930214000.0,3745810000.0,3745810000.0,0.0,0.018,0.039,0.025,0.217,29963000.0,145978000.0,1.0,356467761.0,356265000,359301000.0,10.514,21534007000.0,0.0,-39953000.0,205219000.0,60.444,
3,VTR,MRY,2017-12-31,2017-12-31,2017-12-31,2021-09-23,-35120000.0,23954541000.0,23867356250.0,,,0.15,30.581,-236453000.0,188253000.0,188253000.0,1486463000.0,1361112000.0,,1.184,11276062000.0,,,11276062000.0,0.0,887948000.0,0.0,0.052,3.115,1744867000.0,2632815000.0,0.737,2632815000.0,1744867000.0,1296671000.0,3.82,3.78,3.82,10866226000.0,10596557500.0,10866226000.0,32635952578.0,19.0,12.396,1192299000.0,3.356,1.0,2087686000.0,0.584,1034644000.0,448196000.0,34007706000.0,34294922500.0,0.0,0.0,,,12863866000.0,,,21373392578.0,-179682000.0,-55051000.0,89883000.0,100051000.0,-827285000.0,-671327000.0,-937107000.0,-647022000.0,1428752000.0,581000.0,1356470000.0,1356470000.0,1356470000.0,110000.0,4642000.0,0.38,1054025000.0,1033661000.0,1183489000.0,0.815,1.967,15.757,15.709,22092452000.0,0.0,60.01,5.98,5.966,0.0,-2240698000.0,3574149000.0,3574149000.0,0.0,0.057,0.128,0.051,0.488,26543000.0,135490000.0,1.0,356163849.0,355326000,358566000.0,10.059,22919897000.0,0.0,-59799000.0,250092000.0,64.504,
4,VTR,MRY,2016-12-31,2016-12-31,2016-12-31,2021-09-23,-57534000.0,23166600000.0,22736907000.0,,,0.151,30.346,-1374137000.0,367354000.0,367354000.0,1442073000.0,651490000.0,,1.189,11127326000.0,,,11127326000.0,0.0,898924000.0,0.0,0.047,2.965,1037628000.0,1936552000.0,0.562,1936552000.0,1037628000.0,617888000.0,1.88,1.86,1.88,10460240000.0,10063172250.0,10460240000.0,33212461880.0,32.0,17.15,-19435000.0,-0.056,1.0,2001449000.0,0.581,1033225000.0,419740000.0,32893347000.0,32628466750.0,0.0,0.0,,,12437119000.0,,,22138934880.0,237260000.0,-6436000.0,1286680000.0,-171087000.0,-1024968000.0,96838000.0,-1214280000.0,161447000.0,1354702000.0,-825000.0,649231000.0,649231000.0,649231000.0,922000.0,2259000.0,0.189,1060422000.0,941027000.0,907928000.0,1.577,2.116,34.1,33.255,21192696000.0,0.0,62.52,6.429,6.258,0.0,-2487695000.0,3443522000.0,3443522000.0,0.0,0.029,0.065,0.032,0.301,20958000.0,126875000.0,1.0,354109643.0,344703000,348390000.0,9.99,22133375000.0,0.0,-31343000.0,316641000.0,64.21,
5,VTR,MRY,2015-12-31,2015-12-31,2015-12-31,2021-09-23,-7565000.0,22261918000.0,23347732000.0,,,0.141,28.956,-2381538000.0,130919000.0,130919000.0,1410205000.0,419222000.0,,1.301,11206996000.0,,,11206996000.0,0.0,973663000.0,0.0,0.054,3.04,745673000.0,1719336000.0,0.523,1719336000.0,745673000.0,378559000.0,1.26,1.25,1.26,9564327000.0,10310283750.0,9564327000.0,29919055993.0,40.0,17.402,-982707000.0,-2.975,1.0,1876193000.0,0.571,1047497000.0,367114000.0,32290498000.0,34002330500.0,0.0,0.0,,,12439962000.0,,,18790217993.0,-1803000.0,-56986000.0,491023000.0,1729029000.0,-1003413000.0,1023058000.0,-2423692000.0,14832000.0,1398831000.0,-522000.0,417843000.0,417843000.0,417843000.0,-11103000.0,1379000.0,0.127,1142993000.0,733200000.0,779380000.0,2.413,1.965,44.97,44.786,20578039000.0,0.0,56.43,5.718,5.672,0.0,-2111958000.0,3286398000.0,3286398000.0,0.0,0.018,0.041,0.022,0.227,19537000.0,128035000.0,1.0,332982775.0,330311000,334007000.0,9.949,21214421000.0,0.0,-39284000.0,338382000.0,64.226,
6,VTR,MRY,2014-12-31,2014-12-31,2014-12-31,2021-09-23,13121000.0,21165913000.0,20327658000.0,,,0.137,29.507,-1539892000.0,127119000.0,127119000.0,1212480000.0,477001000.0,,1.41,10844351000.0,,,10844351000.0,0.0,828467000.0,0.0,0.041,2.965,759100000.0,1587567000.0,0.572,1587567000.0,759100000.0,467035000.0,1.62,1.6,1.62,8680184000.0,8653939250.0,8680184000.0,31428392416.0,41.0,19.797,-285047000.0,-0.969,1.0,1564333000.0,0.563,363971000.0,292065000.0,31519174000.0,30193774500.0,0.0,0.0,,,12239500000.0,,,21102627416.0,-42138000.0,0.0,242107000.0,1382295000.0,-875614000.0,758057000.0,-2055040000.0,-506033000.0,1254845000.0,2670000.0,475767000.0,475767000.0,475767000.0,-99735000.0,1234000.0,0.171,916001000.0,648332000.0,750657000.0,1.83,2.431,44.355,44.259,17667743000.0,0.0,71.7,7.6,7.596,0.0,-1526388000.0,2776813000.0,2776813000.0,0.0,0.023,0.055,0.025,0.273,20994000.0,121738000.0,1.0,294318374.0,294175000,296677000.0,9.439,20801942000.0,0.0,-8732000.0,344337000.0,70.713,
7,VTR,MRY,2013-12-31,2013-12-31,2013-12-31,2021-09-23,19659000.0,19731494000.0,19278588750.0,,,0.131,30.153,-1559308000.0,179473000.0,179473000.0,1118240000.0,454669000.0,,1.209,9364992000.0,,,9364992000.0,0.0,769881000.0,0.0,0.048,2.735,690690000.0,1460571000.0,0.58,1460571000.0,690690000.0,441681000.0,1.55,1.54,1.55,8824281000.0,8887575750.0,8824281000.0,26105399150.0,38.0,17.873,-364553000.0,-1.246,1.0,1398377000.0,0.556,0.0,249009000.0,28917013000.0,27990618250.0,0.0,0.0,,,10671023000.0,,,16844953150.0,26991000.0,0.0,141343000.0,779748000.0,-802123000.0,114996000.0,-1282760000.0,290879000.0,1194755000.0,-83000.0,453509000.0,453509000.0,453509000.0,-79171000.0,1160000.0,0.18,783989000.0,614388000.0,1001515000.0,1.765,1.909,37.144,36.955,18543471000.0,0.0,57.28,6.693,6.661,0.0,-1126541000.0,2516617000.0,2516617000.0,0.0,0.024,0.051,0.025,0.274,20653000.0,115083000.0,1.0,294080886.0,292654000,295110000.0,8.599,19731494000.0,0.0,-11828000.0,250167000.0,67.423,
8,VTR,MRY,2012-12-31,2012-12-31,2012-12-31,2021-09-23,23354000.0,18980000000.0,18208029750.0,,,0.136,30.881,-1515502000.0,173821000.0,173821000.0,976305000.0,361775000.0,,1.077,8413646000.0,,,8413646000.0,0.0,764775000.0,0.0,0.038,2.48,645235000.0,1410010000.0,0.571,1410010000.0,645235000.0,356518000.0,1.24,1.23,1.24,9019128000.0,9245534500.0,9019128000.0,26487640391.0,41.0,18.785,-522686000.0,-1.79,1.0,1493310000.0,0.605,0.0,288717000.0,27219825000.0,25432760250.0,0.0,0.0,,,9716082000.0,,,19128304391.0,22041000.0,0.0,342469000.0,1578550000.0,-728546000.0,1198914000.0,-2169689000.0,-652192000.0,992816000.0,60000.0,362800000.0,362800000.0,362800000.0,-53986000.0,-1025000.0,0.147,883600000.0,609710000.0,995156000.0,2.0,2.121,52.724,52.194,17841943000.0,0.0,64.72,7.745,7.654,0.0,-777927000.0,2469615000.0,2469615000.0,0.0,0.02,0.039,0.025,0.261,20784000.0,98510000.0,1.0,295554765.0,292064000,294488000.0,8.456,18980000000.0,0.0,-6282000.0,259715000.0,64.986,
9,VTR,MRY,2011-12-31,2011-12-31,2011-12-31,2021-09-23,22062000.0,17271910000.0,12451452750.0,,,0.139,40.599,-609051000.0,122397000.0,122397000.0,672164000.0,363261000.0,,0.842,6429116000.0,,,6429116000.0,0.0,459704000.0,0.0,0.042,2.3,557637000.0,1017341000.0,0.587,1017341000.0,557637000.0,333833000.0,1.6,1.58,1.6,9274957000.0,6270210250.0,9274957000.0,22043978206.0,40.0,21.668,164146000.0,0.719,1.0,1059540000.0,0.612,0.0,223804000.0,23578629000.0,17423398250.0,0.0,0.0,,,7813129000.0,,,15873102206.0,24040000.0,0.0,299847000.0,472090000.0,-521046000.0,248282000.0,-997439000.0,-388223000.0,773197000.0,-45000.0,364493000.0,364493000.0,364493000.0,-2185000.0,-1232000.0,0.21,477664000.0,581876000.0,1085597000.0,1.438,1.711,43.548,34.456,16231612000.0,0.0,55.13,9.166,7.273,0.0,-412181000.0,1731704000.0,1731704000.0,0.0,0.029,0.058,0.032,0.322,19346000.0,74537000.0,1.0,287921317.0,228453000,230790000.0,7.58,17271910000.0,0.0,-30660000.0,260722000.0,75.604,
10,VTR,MRY,2010-12-31,2010-12-31,2010-12-31,2021-09-23,26868000.0,5758021000.0,5663695000.0,,,0.177,15.24,-236133000.0,60752000.0,60752000.0,325471000.0,249729000.0,,1.411,2900044000.0,,,2900044000.0,0.0,206064000.0,0.0,0.041,2.14,423842000.0,629906000.0,0.63,629906000.0,423842000.0,251368000.0,1.57,1.56,1.57,2386726000.0,2412562250.0,2386726000.0,11064184197.0,26.0,17.565,211489000.0,1.35,1.0,675163000.0,0.675,0.0,172474000.0,8597313000.0,8336958500.0,0.0,0.0,,,3367816000.0,,,8244412197.0,-85750000.0,0.0,0.0,98492000.0,-336085000.0,-231452000.0,-301920000.0,-61767000.0,447622000.0,165000.0,246167000.0,246167000.0,246167000.0,-32723000.0,3562000.0,0.246,270027000.0,405136000.0,207143000.0,1.363,3.454,33.491,33.427,5444114000.0,0.0,52.48,8.239,8.214,0.0,-255628000.0,1000634000.0,1000634000.0,0.0,0.043,0.102,0.051,0.424,14078000.0,49830000.0,1.0,157096269.0,156608000,157657000.0,6.389,5758021000.0,0.0,5201000.0,241333000.0,36.767,
11,VTR,MRY,2009-12-31,2009-12-31,2009-12-31,2021-09-23,19669000.0,5616245000.0,5592065500.0,,,0.165,16.16,-971000.0,147229000.0,147229000.0,302813000.0,269360000.0,,1.27,2670101000.0,,,2670101000.0,0.0,201258000.0,0.0,0.047,2.05,438586000.0,639844000.0,0.693,639844000.0,438586000.0,264776000.0,1.75,1.74,1.75,2465511000.0,2403216250.0,2465511000.0,9297712730.0,21.0,14.531,421130000.0,2.76,1.0,620652000.0,0.672,0.0,173810000.0,8139117000.0,8155635250.0,0.0,0.0,,,3132185000.0,,,6849936730.0,-69825000.0,0.0,299201000.0,-469019000.0,-314399000.0,-490180000.0,-1746000.0,-775000.0,422101000.0,410000.0,266495000.0,266495000.0,266495000.0,-76072000.0,2865000.0,0.289,249193000.0,371459000.0,190445000.0,1.171,2.778,25.704,24.994,5260994000.0,0.0,43.74,7.418,7.226,0.0,-165710000.0,923465000.0,923465000.0,0.0,0.048,0.111,0.054,0.475,11882000.0,38830000.0,1.0,156605778.0,152566000,152758000.0,6.053,5616245000.0,0.0,-1719000.0,253665000.0,36.812,
12,VTR,MRY,2008-12-31,2008-12-31,2008-12-31,2021-09-23,-21089000.0,5771418000.0,5738778750.0,,,0.16,15.48,34023000.0,232678000.0,232678000.0,306944000.0,225287000.0,,1.662,3136998000.0,,,3136998000.0,7057000.0,235754000.0,0.0,0.061,2.05,409342000.0,645096000.0,0.702,645096000.0,409342000.0,206718000.0,1.59,1.59,1.59,2160598000.0,2077113750.0,2160598000.0,7785939765.0,19.0,12.069,413930000.0,2.966,1.0,612201000.0,0.666,0.0,202624000.0,8675738000.0,8767569000.0,0.0,0.0,,,3591683000.0,,,4810353765.0,147672000.0,0.0,408540000.0,-207125000.0,-288849000.0,-95979000.0,-136256000.0,-172371000.0,379907000.0,806000.0,222603000.0,222603000.0,222603000.0,-48549000.0,2684000.0,0.242,274612000.0,337589000.0,168198000.0,1.289,2.226,21.61,21.113,5296228000.0,0.0,33.57,5.234,5.098,0.0,-117806000.0,919145000.0,919145000.0,0.0,0.039,0.107,0.047,0.445,9976000.0,40651000.0,1.0,143293231.0,139572000,139912000.0,6.585,5771418000.0,0.0,-15885000.0,257499000.0,41.351,
13,VTR,MRY,2007-12-31,2007-12-31,2007-12-31,2021-09-23,17416000.0,5716628000.0,5083967000.0,,,0.147,14.875,-1199142000.0,82411000.0,82411000.0,198125000.0,280578000.0,,2.117,3360499000.0,,,3360499000.0,9065000.0,235045000.0,0.0,0.042,1.9,447498000.0,682543000.0,0.914,682543000.0,447498000.0,250838000.0,2.23,2.22,2.23,1823654000.0,1563912500.0,1823654000.0,9189752387.0,21.0,13.464,-794542000.0,-6.481,1.0,548572000.0,0.735,0.0,196660000.0,8994716000.0,8052276500.0,0.0,0.0,,,3861520000.0,,,6040427387.0,32083000.0,0.0,1045713000.0,37949000.0,-282739000.0,802675000.0,-1175192000.0,23576000.0,404600000.0,-4995000.0,278880000.0,273681000.0,273681000.0,-142177000.0,1698000.0,0.367,265921000.0,282651000.0,173576000.0,0.852,3.312,22.071,20.291,5495827000.0,5199000.0,45.25,8.09,7.429,0.0,-47846000.0,746697000.0,746697000.0,0.0,0.054,0.175,0.056,0.599,7493000.0,36425000.0,1.0,133490108.0,122597000,123012000.0,6.091,5716628000.0,0.0,-28042000.0,297590000.0,46.629,
14,VTR,MRY,2006-12-31,2006-12-31,2006-12-31,2021-09-23,1037000.0,3253800000.0,2846197750.0,,,0.14,6.812,-490679000.0,81285000.0,81285000.0,3171000.0,131430000.0,,3.583,2329053000.0,,,2329053000.0,8194000.0,119653000.0,0.0,0.037,1.58,260383000.0,380036000.0,0.955,380036000.0,260383000.0,131430000.0,1.26,1.25,1.26,709876000.0,665578500.0,709876000.0,6359266632.0,24.0,16.733,-251812000.0,-2.416,1.0,394780000.0,0.992,0.0,128953000.0,5501568000.0,4801504000.0,0.0,0.0,,,2543531000.0,,,4406891632.0,-395000.0,0.0,831000.0,395845000.0,-160598000.0,242712000.0,-481974000.0,-1187000.0,238867000.0,0.0,131430000.0,131430000.0,131430000.0,-9358000.0,0.0,0.33,144251000.0,250529000.0,114012000.0,1.254,6.208,33.53,33.587,3083900000.0,0.0,42.32,11.074,11.082,0.0,-84176000.0,397951000.0,397951000.0,0.0,0.046,0.197,0.054,0.654,3046000.0,26136000.0,1.0,104132600.0,104206000,104731000.0,3.819,3253800000.0,0.0,0.0,30394000.0,31.225,
15,VTR,MRY,2005-12-31,2005-12-31,2005-12-31,2021-09-23,-143000.0,2639118000.0,2274225250.0,,,0.14,7.022,-588136000.0,61308000.0,61308000.0,2576000.0,130583000.0,,2.955,1802564000.0,,,1802564000.0,10540000.0,88002000.0,0.0,0.045,1.44,231014000.0,319016000.0,0.999,319016000.0,231014000.0,130583000.0,1.37,1.36,1.37,667319000.0,535830000.0,667319000.0,5054825504.0,22.0,15.845,-364372000.0,-3.834,1.0,316608000.0,0.992,0.0,100431000.0,4380374000.0,3806336250.0,0.0,0.0,,,1971799000.0,,,3305667504.0,-1724000.0,0.0,101964000.0,408933000.0,-125843000.0,389553000.0,-615041000.0,-27059000.0,223764000.0,0.0,130583000.0,130583000.0,130583000.0,-11461000.0,0.0,0.409,96485000.0,220123000.0,76540000.0,1.051,4.954,25.315,23.372,2526474000.0,0.0,32.02,10.357,9.534,0.0,-50402000.0,319184000.0,319184000.0,0.0,0.057,0.244,0.061,0.724,1971000.0,25075000.0,1.0,103237586.0,95037000,95775000.0,3.359,2639118000.0,0.0,0.0,30394000.0,27.769,
16,VTR,MRY,2004-12-31,2004-12-31,2004-12-31,2021-09-23,-9114000.0,1126935000.0,1074650500.0,,,0.22,1.919,-302831000.0,29075000.0,29075000.0,1337000.0,120900000.0,,6.033,843178000.0,,,843178000.0,12887000.0,49238000.0,0.0,0.047,1.3,187005000.0,236243000.0,1.001,236243000.0,187005000.0,120900000.0,1.45,1.43,1.45,160224000.0,133479500.0,160224000.0,3147436518.0,17.0,13.323,-152873000.0,-1.831,1.0,234684000.0,0.994,0.0,66105000.0,1941038000.0,1883002250.0,0.0,0.0,,,966711000.0,,,2314224518.0,-78739000.0,0.0,81882000.0,91639000.0,-103523000.0,69998000.0,-298695000.0,3580000.0,149958000.0,0.0,120900000.0,120900000.0,120900000.0,-20680000.0,0.0,0.512,66989000.0,167695000.0,27461000.0,0.897,14.444,19.142,18.903,1071132000.0,0.0,27.41,9.805,9.696,0.0,-45297000.0,236021000.0,236021000.0,0.0,0.113,0.906,0.099,0.792,1664000.0,18124000.0,1.0,84429935.0,83491000,84352000.0,2.827,1126935000.0,0.0,0.0,30394000.0,13.498,
17,VTR,MRY,2003-12-31,2003-12-31,2003-12-31,2021-09-23,-18294000.0,812850000.0,816486500.0,,,0.238,0.71,138906000.0,89679000.0,89679000.0,0.0,162753000.0,,13.434,640562000.0,,,640562000.0,15308000.0,41943000.0,0.0,0.049,1.07,224413000.0,266356000.0,1.368,266356000.0,224413000.0,162753000.0,2.05,2.03,2.05,56315000.0,-14340000.0,56315000.0,2423561344.0,11.0,9.099,276272000.0,3.482,1.0,194719000.0,1.0,0.0,61660000.0,1363733000.0,1477451500.0,0.0,0.0,,,756535000.0,,,1762324344.0,79649000.0,20223000.0,22604000.0,-104553000.0,-80247000.0,-217418000.0,159701000.0,205000.0,137366000.0,0.0,162753000.0,162753000.0,162753000.0,-66618000.0,0.0,0.836,60875000.0,133844000.0,14968000.0,0.522,31.294,10.828,10.732,697745000.0,0.0,22.0,9.051,8.964,0.0,-56790000.0,194719000.0,194719000.0,0.0,0.199,-11.35,0.152,1.152,1759000.0,14673000.0,1.0,80105652.0,79340000,80094000.0,2.454,812850000.0,0.0,0.0,30394000.0,10.245,
18,VTR,MRY,2002-12-31,2002-12-31,2002-12-31,2021-09-23,-26116000.0,895780000.0,881381000.0,,,0.201,-0.773,-24688000.0,22408000.0,22408000.0,0.0,65706000.0,,-17.704,707709000.0,,,707709000.0,18883000.0,42108000.0,0.0,0.083,0.95,135890000.0,177998000.0,1.006,177998000.0,135890000.0,63506000.0,0.95,0.93,0.95,-53627000.0,-92223250.0,-53627000.0,1559800121.0,11.0,8.763,91697000.0,1.323,1.0,176995000.0,1.0,0.0,72384000.0,1581081000.0,1639971000.0,0.0,16713000.0,,,949407000.0,,,797653121.0,-16141000.0,6950000.0,97155000.0,-121824000.0,-50125000.0,-98386000.0,-34140000.0,-16402000.0,116385000.0,0.0,65706000.0,65706000.0,65706000.0,-28757000.0,0.0,0.371,58456000.0,118539000.0,25402000.0,1.0,-14.874,12.14,12.053,828802000.0,0.0,11.45,4.507,4.485,0.0,-134279000.0,176995000.0,176995000.0,0.0,0.075,-0.712,0.083,0.768,1853000.0,12913000.0,1.0,69664028.0,69336000,70290000.0,2.553,895780000.0,0.0,-2200000.0,30394000.0,12.919,
19,VTR,MRY,2001-12-31,2001-12-31,2001-12-31,2021-09-23,36174000.0,941859000.0,936115750.0,,,0.203,-1.331,-447000.0,39369000.0,39369000.0,0.0,50566000.0,,-11.342,848368000.0,,,848368000.0,21027000.0,42038000.0,0.0,0.099,1.14,133262000.0,175300000.0,0.922,175300000.0,133262000.0,53065000.0,0.74,0.73,0.74,-91074000.0,-97245000.0,-91074000.0,1599110310.0,12.0,9.122,79446000.0,1.161,1.0,190041000.0,1.0,0.0,80197000.0,1750858000.0,1742468000.0,0.0,55118000.0,,,1032933000.0,,,791660310.0,-68805000.0,3420000.0,503000.0,-44949000.0,-65266000.0,-151458000.0,2760000.0,-213000.0,79893000.0,0.0,50566000.0,50566000.0,50566000.0,-3704000.0,0.0,0.266,59451000.0,130590000.0,18154000.0,1.541,-8.692,15.656,15.541,806336000.0,0.0,11.5,4.166,4.14,0.0,-134088000.0,190041000.0,190041000.0,0.0,0.054,-0.52,0.076,0.701,1734000.0,14902000.0,1.0,68840027.0,68409000,69363000.0,2.778,941859000.0,0.0,2499000.0,30394000.0,13.768,
20,VTR,MRY,2000-12-31,2000-12-31,2000-12-31,2021-09-23,0.0,981145000.0,1011412500.0,,,0.235,-1.728,5170000.0,114294000.0,114294000.0,0.0,-65452000.0,,-9.349,886385000.0,,,886385000.0,0.0,42264000.0,0.0,0.162,0.91,28118000.0,70382000.0,0.296,70382000.0,28118000.0,-65452000.0,-0.96,-0.96,-0.96,-117514000.0,-24834500.0,-117514000.0,1212081790.0,43.0,17.221,90508000.0,1.331,1.0,238050000.0,1.0,0.0,93570000.0,1753236000.0,1813602750.0,0.0,0.0,,,1098659000.0,,,384851790.0,-52193000.0,0.0,22000.0,-100478000.0,-42434000.0,-142890000.0,5359000.0,189000.0,85338000.0,0.0,-65452000.0,-65452000.0,-65452000.0,-1283000.0,0.0,-0.275,207965000.0,30085000.0,13720000.0,-0.948,-3.275,-5.88,-5.859,848545000.0,0.0,5.625,1.617,1.607,0.0,-121323000.0,238050000.0,238050000.0,0.0,-0.065,2.636,0.016,0.118,1339000.0,20426000.0,1.0,68418096.0,68010000,68131000.0,3.5,981145000.0,3211000.0,0.0,30506000.0,14.426,
21,VTR,MRY,1999-12-31,1999-12-31,1999-12-31,2021-09-23,0.0,1071199000.0,1035217750.0,,,0.225,0.123,-45000.0,139594000.0,139594000.0,0.0,42535000.0,,127.364,974247000.0,,,974247000.0,0.0,42803000.0,0.0,0.093,0.39,131288000.0,174091000.0,0.747,174091000.0,131288000.0,42535000.0,0.63,0.63,0.63,8345000.0,4708500.0,8345000.0,1139889393.0,9.0,6.548,103535000.0,1.528,1.0,232991000.0,1.0,0.0,88753000.0,1905852000.0,1913782750.0,0.0,0.0,,,1062854000.0,,,284613393.0,139256000.0,0.0,4000.0,40185000.0,-26489000.0,35305000.0,371000.0,416000.0,103580000.0,0.0,42535000.0,42535000.0,42535000.0,0.0,0.0,0.183,101957000.0,131034000.0,9886000.0,0.619,34.106,6.691,6.648,894791000.0,0.0,4.188,1.222,1.218,0.0,6409000.0,232991000.0,232991000.0,0.0,0.041,9.034,0.069,0.563,1304000.0,20294000.0,1.0,67959263.0,67754000,67989000.0,3.439,1071199000.0,26610000.0,0.0,30506000.0,15.81,
22,VTR,MRY,1998-12-31,1998-12-31,1998-12-31,2021-09-23,0.0,959706000.0,1567283750.0,,,0.096,-0.133,-14581000.0,338000.0,338000.0,0.0,26758000.0,,-107.527,931127000.0,,,931127000.0,0.0,28700000.0,0.0,0.0,0.0,107337000.0,136037000.0,0.906,136037000.0,107337000.0,47909000.0,0.39,0.39,0.39,-9009000.0,214559000.0,-9009000.0,1786253323.0,17.0,13.131,72176000.0,1.066,1.0,150134000.0,1.0,0.0,59428000.0,1890495000.0,2482528250.0,0.0,0.0,,,968715000.0,,,827077323.0,338000.0,17700000.0,155000.0,-85666000.0,0.0,-85511000.0,-908000.0,-4027000.0,86757000.0,0.0,26758000.0,26758000.0,26758000.0,0.0,0.0,0.178,34746000.0,115388000.0,7082000.0,0.0,-91.806,30.91,31.256,939460000.0,0.0,12.19,5.509,5.495,6967000.0,-9637000.0,150134000.0,150134000.0,0.0,0.017,0.125,0.043,0.715,349000.0,5697000.0,1.0,67848837.0,67681000,67865000.0,2.218,959706000.0,0.0,21151000.0,30506000.0,14.18,
23,VTR,MRY,1997-12-31,1997-12-31,1997-12-31,2021-09-23,0.0,3334739000.0,3188427250.0,858148000.0,2476591000.0,0.977,13.133,-281672000.0,82473000.0,82473000.0,0.0,130933000.0,2.078,2.683,1947092000.0,27468000.0,1919624000.0,1947092000.0,0.0,123865000.0,0.0,0.0,0.0,323007000.0,446872000.0,0.143,446872000.0,323007000.0,220271000.0,1.9,1.86,1.9,905350000.0,891332750.0,905350000.0,2695956737.0,8.0,6.033,-10741000.0,-0.156,1.0,3116004000.0,1.0,659311000.0,102736000.0,4126985000.0,3836561250.0,27605000.0,178301000.0,0.0,178301000.0,2429389000.0,413062000.0,2016327000.0,852287737.0,-29993000.0,-935701000.0,-67819000.0,1000762000.0,0.0,932736000.0,-1233660000.0,4174000.0,270931000.0,0.0,130933000.0,130933000.0,130933000.0,0.0,0.0,0.042,2794859000.0,321145000.0,106019000.0,0.0,0.941,6.509,6.432,1507818000.0,0.0,12.22,0.274,0.27,619068000.0,281803000.0,3116004000.0,3116004000.0,0.0,0.041,0.147,0.084,0.104,0.0,1788053000.0,1.0,69745314.0,68938000,70359000.0,45.2,2675428000.0,73413000.0,89338000.0,0.0,38.809,445086000.0
24,VTR,MRY,1996-12-31,1996-12-31,1996-12-31,2021-09-23,0.0,1968856000.0,,661133000.0,1307723000.0,,11.435,-135027000.0,112466000.0,112466000.0,0.0,48005000.0,1.939,1.47,765199000.0,54692000.0,710507000.0,765199000.0,0.0,99533000.0,0.0,,0.0,129102000.0,228635000.0,0.089,228635000.0,129102000.0,83180000.0,0.69,0.68,0.69,797091000.0,,797091000.0,,,,48512000.0,0.696,1.0,2577783000.0,1.0,14644000.0,45922000.0,2265935000.0,,24939000.0,14837000.0,0.0,14837000.0,1171765000.0,341010000.0,830755000.0,,77284000.0,-17089000.0,-816000.0,-24407000.0,0.0,-25269000.0,-80986000.0,77706000.0,183539000.0,0.0,48005000.0,48005000.0,48005000.0,0.0,0.0,0.019,2460884000.0,116899000.0,103518000.0,0.0,,,,1193162000.0,0.0,,,,420758000.0,150870000.0,2577783000.0,2577783000.0,0.0,,,,0.05,0.0,1490938000.0,1.0,68938295.0,69704000,70702000.0,36.982,1954212000.0,67808000.0,35175000.0,0.0,28.036,320123000.0
25,VTR,MRY,1995-12-31,1995-12-31,1995-12-31,2021-09-23,,,,,,,,-136893000.0,,,0.0,-14889000.0,,,,,,,,89478000.0,,,0.0,70030000.0,159508000.0,0.069,159508000.0,70030000.0,9112000.0,-0.16,-0.03,-0.16,,,,,,,-23256000.0,-0.38,1.0,2323956000.0,1.0,,60918000.0,,,,,,,,,,,-3836000.0,-58444000.0,73014000.0,120893000.0,-2779000.0,94169000.0,-211642000.0,-8064000.0,113637000.0,0.0,-14889000.0,-9993000.0,-9993000.0,0.0,0.0,-0.004,2244118000.0,79838000.0,,0.0,,,,,-4896000.0,,,,,,2323956000.0,2323956000.0,0.0,,,,0.03,0.0,1360018000.0,1.0,,61196000,71967000.0,37.976,,,24001000.0,,,
0,VTR,MRQ,2021-06-30,2021-06-30,2021-06-30,2021-09-23,-58290000.0,23504314000.0,,,,,26.344,-8977000.0,274768000.0,274768000.0,494853000.0,88288000.0,,1.343,11967029000.0,,,11967029000.0,0.0,250700000.0,0.0,0.032,0.45,200083000.0,450783000.0,0.49,450783000.0,200083000.0,90032000.0,0.23,0.23,0.23,9882699000.0,,9882699000.0,33176042802.0,55.0,19.736,282286000.0,0.752,1.0,424341000.0,0.462,1051832000.0,110051000.0,34144743000.0,,0.0,0.0,,,13267748000.0,,,21420529802.0,63764000.0,-29859000.0,5890000.0,-38474000.0,-169075000.0,-209006000.0,-18493000.0,19959000.0,291263000.0,792000.0,86391000.0,86391000.0,86391000.0,0.0,1897000.0,0.094,268460000.0,155881000.0,1122171000.0,1.957,2.167,140.569,139.268,21220440000.0,0.0,57.1,5.837,5.837,0.0,-4340052000.0,919194000.0,919194000.0,0.0,,,,,5393000.0,30588000.0,1.0,375140627.0,375140627,,2.45,22452482000.0,11486000.0,3641000.0,68097000.0,59.851,
1,VTR,MRQ,2021-03-31,2021-03-31,2021-03-31,2021-09-23,-52497000.0,23552263000.0,,,,,26.611,-80399000.0,210212000.0,210212000.0,487218000.0,-55398000.0,,1.328,11965725000.0,,,11965725000.0,0.0,314148000.0,0.0,0.034,0.45,55711000.0,369859000.0,0.406,369859000.0,55711000.0,-55056000.0,-0.15,-0.15,-0.15,9970155000.0,,9970155000.0,31638003687.0,74.0,19.747,157194000.0,0.42,1.0,423073000.0,0.465,1051780000.0,110767000.0,34255996000.0,,0.0,0.0,,,13236024000.0,,,19984314687.0,-242086000.0,-38452000.0,13181000.0,-211114000.0,-168763000.0,-377067000.0,-102612000.0,16233000.0,237593000.0,658000.0,-57209000.0,-57209000.0,-57209000.0,0.0,1811000.0,-0.063,340744000.0,82329000.0,1109279000.0,-3.0,2.004,-219.182,-222.25,21408041000.0,0.0,53.34,5.411,5.411,0.0,-4257001000.0,910291000.0,910291000.0,0.0,,,,,16072000.0,40309000.0,1.0,374659068.0,374659068,,2.43,22500483000.0,11610000.0,2153000.0,65777000.0,60.056,
2,VTR,MRQ,2020-12-31,2020-12-31,2020-12-31,2021-09-23,-54354000.0,23929404000.0,,,,,27.178,236457000.0,451640000.0,451640000.0,463373000.0,111953000.0,,1.318,12105329000.0,,,12105329000.0,0.0,261966000.0,0.0,0.044,0.45,223980000.0,485946000.0,0.528,485946000.0,223980000.0,109772000.0,0.3,0.3,0.3,10180167000.0,,10180167000.0,30035634806.0,37.0,15.628,532220000.0,1.421,1.0,457792000.0,0.497,1051650000.0,114208000.0,34531443000.0,,0.0,0.0,,,13415723000.0,,,18368950806.0,-178889000.0,-278990000.0,30552000.0,-291809000.0,-168446000.0,-442322000.0,-32330000.0,10029000.0,295763000.0,2039000.0,110451000.0,110451000.0,110451000.0,0.0,1502000.0,0.12,268727000.0,189065000.0,1133066000.0,1.5,1.804,41.829,41.559,21599290000.0,0.0,49.04,4.84,4.84,0.0,-4030376000.0,921165000.0,921165000.0,0.0,,,,,4165000.0,23411000.0,1.0,374570775.0,374570775,,2.459,22877754000.0,9987000.0,-679000.0,62638000.0,61.077,
3,VTR,MRQ,2020-09-30,2020-09-30,2020-09-30,2021-09-23,-65042000.0,24220483000.0,,,,,27.331,-115813000.0,628490000.0,628490000.0,495542000.0,13737000.0,,1.342,12295174000.0,,,12295174000.0,0.0,249366000.0,0.0,0.059,0.45,125061000.0,374427000.0,0.407,374427000.0,125061000.0,9556000.0,0.03,0.03,0.03,10196852000.0,,10196852000.0,27404565808.0,38.0,14.32,318589000.0,0.854,1.0,423398000.0,0.461,1050742000.0,115505000.0,34836425000.0,,0.0,0.0,,,13683633000.0,,,15654753808.0,-401524000.0,33000.0,36395000.0,-538778000.0,-168078000.0,-674471000.0,-161455000.0,-45666000.0,434402000.0,878000.0,12751000.0,12751000.0,12751000.0,0.0,986000.0,0.014,303452000.0,119946000.0,1234933000.0,15.0,1.535,46.024,46.622,21745724000.0,0.0,41.96,4.045,4.045,0.0,-3972647000.0,918940000.0,918940000.0,0.0,,,,,5765000.0,34228000.0,1.0,373087555.0,373087555,,2.463,23169741000.0,304000.0,-3195000.0,53711000.0,62.103,
4,VTR,MRQ,2020-06-30,2020-06-30,2020-06-30,2021-09-23,-82761000.0,24589388000.0,,,,,27.638,-108464000.0,1029136000.0,1029136000.0,499148000.0,-159235000.0,,1.354,12778948000.0,,,12778948000.0,0.0,349594000.0,0.0,0.077,0.45,22318000.0,371912000.0,0.394,371912000.0,22318000.0,-100814000.0,-0.42,-0.42,-0.42,10311212000.0,,10311212000.0,25198378556.0,32.0,12.758,297095000.0,0.796,1.0,444050000.0,0.471,1050115000.0,123132000.0,35289085000.0,,0.0,0.0,,,13957558000.0,,,13662001556.0,-1858070000.0,-2056000.0,129000.0,-1792877000.0,-295981000.0,-2094528000.0,-169101000.0,-58581000.0,405559000.0,947000.0,-157170000.0,-157170000.0,-157170000.0,0.0,-2065000.0,-0.167,419201000.0,24849000.0,998186000.0,-1.071,1.325,33.108,33.291,21740612000.0,0.0,36.62,3.472,3.472,0.0,-3816460000.0,943198000.0,943198000.0,0.0,,,,,1043000.0,28080000.0,1.0,373074865.0,373074865,,2.528,23539273000.0,304000.0,56356000.0,56964000.0,63.095,
5,VTR,MRQ,2020-03-31,2020-03-31,2020-03-31,2021-09-23,-103408000.0,26617828000.0,,,,,28.517,424882000.0,2886259000.0,2886259000.0,481695000.0,474730000.0,,1.477,14422636000.0,,,14422636000.0,0.0,248837000.0,0.0,0.118,0.792,440797000.0,689634000.0,0.681,689634000.0,440797000.0,324101000.0,1.27,1.26,1.27,10632942000.0,,10632942000.0,22256527623.0,22.0,10.636,739334000.0,1.983,1.0,530359000.0,0.524,1050137000.0,116696000.0,37104068000.0,,0.0,0.0,,,15703730000.0,,,9992660623.0,2742933000.0,-5809000.0,3389000.0,2214452000.0,-296304000.0,1911300000.0,517181000.0,98066000.0,314452000.0,-2776000.0,473117000.0,473117000.0,473117000.0,0.0,1613000.0,0.467,303298000.0,227061000.0,1141309000.0,0.624,0.94,12.805,12.762,21756738000.0,0.0,26.8,2.535,2.535,0.0,-3491696000.0,1012054000.0,1012054000.0,0.0,,,,,10514000.0,40460000.0,1.0,372860471.0,372860471,,2.714,25567691000.0,47495000.0,-149016000.0,47533000.0,68.572,
6,VTR,MRQ,2019-12-31,2019-12-31,2019-12-31,2021-09-23,-34564000.0,24692208000.0,,,,,28.025,-179035000.0,146102000.0,146102000.0,480854000.0,12893000.0,,1.328,12409969000.0,,,12409969000.0,0.0,348910000.0,0.0,0.055,0.792,128844000.0,477754000.0,0.48,477754000.0,128844000.0,12137000.0,0.02,0.02,0.02,10445892000.0,,10445892000.0,33615603199.0,41.0,17.938,175200000.0,0.47,1.0,515150000.0,0.517,1051161000.0,116707000.0,35904914000.0,,0.0,0.0,,,13873078000.0,,,21521778199.0,-63578000.0,-2123000.0,1880000.0,47745000.0,-295931000.0,-254393000.0,-163420000.0,8016000.0,354235000.0,1084000.0,11443000.0,11443000.0,11443000.0,0.0,1450000.0,0.011,386373000.0,128777000.0,1145939000.0,39.6,2.06,49.702,48.932,22484207000.0,0.0,57.74,5.557,5.557,0.0,-3669050000.0,996004000.0,996004000.0,0.0,,,,,7253000.0,34357000.0,1.0,372736027.0,372736027,,2.672,23641047000.0,47495000.0,694000.0,200831000.0,63.426,
7,VTR,MRQ,2019-09-30,2019-09-30,2019-09-30,2021-09-23,-59857000.0,24803553000.0,,,,,28.626,-885641000.0,208596000.0,208596000.0,462120000.0,86918000.0,,1.287,12302421000.0,,,12302421000.0,0.0,234603000.0,0.0,0.043,0.792,201231000.0,435834000.0,0.443,435834000.0,201231000.0,87264000.0,0.23,0.23,0.23,10665706000.0,,10665706000.0,37561400569.0,45.0,21.047,-531312000.0,-1.426,1.0,521035000.0,0.53,1049985000.0,113967000.0,35847393000.0,,0.0,0.0,,,13730852000.0,,,27209847569.0,70112000.0,-626000.0,84613000.0,843465000.0,-294647000.0,629935000.0,-914152000.0,-31403000.0,354329000.0,188000.0,85259000.0,85259000.0,85259000.0,0.0,1659000.0,0.087,281601000.0,239434000.0,1194162000.0,3.443,2.551,56.237,54.5,22687657000.0,0.0,73.03,7.16,7.16,0.0,-3384421000.0,983155000.0,983155000.0,0.0,,,,,8195000.0,40530000.0,1.0,372584521.0,372584521,,2.639,23753568000.0,0.0,2005000.0,147524000.0,63.754,
8,VTR,MRQ,2019-06-30,2019-06-30,2019-06-30,2021-09-23,-39671000.0,22988911000.0,,,,,30.191,-239088000.0,138296000.0,138296000.0,436416000.0,211898000.0,,1.099,10489849000.0,,,10489849000.0,0.0,226187000.0,0.0,0.046,0.792,263146000.0,489333000.0,0.515,489333000.0,263146000.0,152777000.0,0.58,0.58,0.58,10820011000.0,,10820011000.0,35259876143.0,42.0,19.925,154011000.0,0.43,1.0,514301000.0,0.541,1050470000.0,110369000.0,32289994000.0,,0.0,0.0,,,11889887000.0,,,24495885143.0,-1909000.0,-247000.0,789077000.0,-458612000.0,-284268000.0,44895000.0,-439903000.0,-214509000.0,393099000.0,-26000.0,210529000.0,210529000.0,210529000.0,0.0,1369000.0,0.221,262385000.0,251916000.0,1137980000.0,1.366,2.264,48.937,48.821,20976547000.0,0.0,68.35,6.526,6.526,0.0,-3173287000.0,950717000.0,950717000.0,0.0,,,,,10070000.0,43079000.0,1.0,358388956.0,358388956,,2.653,21938441000.0,0.0,-57752000.0,149454000.0,61.214,
9,VTR,MRQ,2019-03-31,2019-03-31,2019-03-31,2021-09-23,-12065000.0,22668097000.0,,,,,28.459,-67153000.0,140231000.0,140231000.0,431137000.0,127588000.0,,1.207,10904222000.0,,,10904222000.0,0.0,235920000.0,0.0,0.05,0.792,235147000.0,471067000.0,0.5,471067000.0,235147000.0,124528000.0,0.35,0.35,0.35,10149663000.0,,10149663000.0,33359894363.0,39.0,18.713,268967000.0,0.754,1.0,511737000.0,0.543,1050876000.0,110619000.0,32381212000.0,,0.0,0.0,,,12255698000.0,,,22757659363.0,8533000.0,-687000.0,102694000.0,-69093000.0,-282874000.0,-259763000.0,-67824000.0,-2982000.0,336120000.0,234000.0,125785000.0,125785000.0,125785000.0,0.0,1803000.0,0.133,278883000.0,232854000.0,1063707000.0,2.263,2.242,49.847,49.465,20674103000.0,0.0,63.81,6.077,6.077,0.0,-3088401000.0,942874000.0,942874000.0,0.0,,,,,8405000.0,40760000.0,1.0,356647224.0,356647224,,2.644,21617221000.0,0.0,-1257000.0,205056000.0,60.612,
10,VTR,MRQ,2018-12-31,2018-12-31,2018-12-31,2021-09-23,-19582000.0,22584555000.0,,,,,28.665,-366919000.0,131464000.0,131464000.0,427503000.0,63302000.0,,1.187,10733699000.0,,,10733699000.0,0.0,244276000.0,0.0,0.054,0.793,144147000.0,388423000.0,0.421,388423000.0,144147000.0,33623000.0,0.18,0.17,0.18,10215857000.0,,10215857000.0,31215354117.0,38.0,18.026,-3074000.0,-0.009,1.0,495760000.0,0.537,1050548000.0,110524000.0,32136242000.0,,0.0,0.0,,,12124820000.0,,,20885446117.0,-16721000.0,-1876000.0,4524000.0,241720000.0,-281895000.0,-40117000.0,-340449000.0,27782000.0,363845000.0,-362000.0,62273000.0,62273000.0,62273000.0,0.0,1029000.0,0.067,345887000.0,149873000.0,1086030000.0,4.406,2.044,51.006,50.948,20637904000.0,0.0,58.59,5.576,5.573,0.0,-2930214000.0,923263000.0,923263000.0,0.0,,,,,9202000.0,32471000.0,1.0,356467761.0,356388000,360000000.0,2.591,21534007000.0,0.0,-28650000.0,205219000.0,60.423,
11,VTR,MRQ,2018-09-30,2018-09-30,2018-09-30,2021-09-23,-7947000.0,22597953000.0,,,,,29.336,-110205000.0,148547000.0,148547000.0,428820000.0,103281000.0,,1.142,10478455000.0,,,10478455000.0,0.0,218579000.0,0.0,0.058,0.79,202226000.0,420805000.0,0.449,420805000.0,202226000.0,94645000.0,0.29,0.28,0.29,10452839000.0,,10452839000.0,29627947853.0,26.0,14.568,197081000.0,0.553,1.0,507718000.0,0.542,1045877000.0,107581000.0,31881984000.0,,0.0,0.0,,,11941642000.0,,,19383153853.0,-9504000.0,45565000.0,1913000.0,28670000.0,-281853000.0,-255829000.0,-60961000.0,-319000.0,307286000.0,-52000.0,101972000.0,101972000.0,101972000.0,0.0,1309000.0,0.109,263958000.0,243760000.0,1134898000.0,2.724,1.854,26.202,26.019,20596963000.0,0.0,54.38,5.214,5.212,0.0,-2709293000.0,936538000.0,936538000.0,0.0,,,,,6488000.0,39677000.0,1.0,356439019.0,356318000,359355000.0,2.628,21552076000.0,0.0,-7327000.0,236616000.0,60.486,
12,VTR,MRQ,2018-06-30,2018-06-30,2018-06-30,2021-09-23,-10861000.0,22699134000.0,,,,,29.804,32861000.0,158103000.0,158103000.0,421947000.0,169300000.0,,1.118,10402897000.0,,,10402897000.0,0.0,223634000.0,0.0,0.055,0.79,278814000.0,502448000.0,0.533,502448000.0,278814000.0,165785000.0,0.47,0.46,0.47,10616948000.0,,10616948000.0,31168217080.0,19.0,12.241,435178000.0,1.222,1.0,520357000.0,0.552,1034274000.0,113029000.0,31909654000.0,,0.0,0.0,,,11871748000.0,,,20291987080.0,-5073000.0,5860000.0,2325000.0,-674571000.0,-281760000.0,-962743000.0,555353000.0,515830000.0,402317000.0,-406000.0,166519000.0,166519000.0,166519000.0,0.0,2781000.0,0.177,268311000.0,252046000.0,1133902000.0,1.681,1.911,16.211,16.179,20763713000.0,0.0,56.95,5.512,5.511,0.0,-2529102000.0,942304000.0,942304000.0,0.0,,,,,7149000.0,36656000.0,1.0,356312328.0,356228000,359000000.0,2.645,21664860000.0,0.0,-734000.0,240941000.0,60.817,
13,VTR,MRQ,2018-03-31,2018-03-31,2018-03-31,2021-09-23,-14474000.0,23493510000.0,,,,,30.161,69414000.0,163582000.0,163582000.0,413028000.0,80098000.0,,1.169,11039812000.0,,,11039812000.0,0.0,233150000.0,0.0,0.063,0.79,186824000.0,419974000.0,0.445,419974000.0,186824000.0,75461000.0,0.22,0.22,0.22,10740815000.0,,10740815000.0,28730298565.0,18.0,11.35,377433000.0,1.06,1.0,530677000.0,0.562,1035248000.0,111363000.0,33334492000.0,,0.0,0.0,,,12556911000.0,,,17642489565.0,-24676000.0,-39101000.0,0.0,-211074000.0,-281635000.0,-503248000.0,170553000.0,138713000.0,308019000.0,5000.0,78703000.0,78703000.0,78703000.0,10000.0,1395000.0,0.083,290780000.0,239897000.0,1134570000.0,3.591,1.643,14.262,14.233,21652044000.0,0.0,49.53,4.854,4.853,0.0,-2413440000.0,943705000.0,943705000.0,0.0,,,,,7124000.0,37174000.0,1.0,356198053.0,356112000,358853000.0,2.65,22458262000.0,0.0,-3242000.0,244742000.0,63.065,
14,VTR,MRQ,2017-12-31,2017-12-31,2017-12-31,2021-09-23,-35120000.0,23954541000.0,,,,,30.525,-210905000.0,188253000.0,188253000.0,373731000.0,393805000.0,,1.184,11276062000.0,,,11276062000.0,0.0,232650000.0,0.0,0.052,0.79,457825000.0,690475000.0,0.771,690475000.0,457825000.0,345874000.0,1.11,1.09,1.11,10866226000.0,,10866226000.0,32635952578.0,19.0,12.396,135622000.0,0.381,1.0,521557000.0,0.583,1034644000.0,111951000.0,34007706000.0,,0.0,0.0,,,12863866000.0,,,21373392578.0,26757000.0,-18468000.0,16287000.0,-91173000.0,0.0,-93073000.0,-226697000.0,2650000.0,346527000.0,-89000.0,392554000.0,392554000.0,392554000.0,15000.0,1251000.0,0.438,273198000.0,248359000.0,1183489000.0,0.712,1.967,15.757,15.709,22092452000.0,0.0,60.01,5.98,5.966,0.0,-2240698000.0,895288000.0,895288000.0,0.0,,,,,6620000.0,34930000.0,1.0,356163849.0,355974000,359169000.0,2.515,22919897000.0,0.0,-46680000.0,250092000.0,64.386,
15,VTR,MRQ,2017-09-30,2017-09-30,2017-09-30,2021-09-23,-40780000.0,23739795000.0,,,,,30.15,393595000.0,161585000.0,161585000.0,376625000.0,615191000.0,,1.19,11424145000.0,,,11424145000.0,0.0,213407000.0,0.0,0.048,0.775,720012000.0,933419000.0,1.037,933419000.0,720012000.0,606143000.0,1.72,1.71,1.72,10731340000.0,,10731340000.0,34932361767.0,22.0,14.046,752419000.0,2.114,1.0,523303000.0,0.581,1034497000.0,113869000.0,33967858000.0,,0.0,0.0,,,12769738000.0,,,23196060767.0,-7493000.0,2465000.0,0.0,-525518000.0,-276320000.0,-805871000.0,439554000.0,43494000.0,358824000.0,-2618000.0,613958000.0,613958000.0,613958000.0,19000.0,1233000.0,0.682,260558000.0,262745000.0,943800000.0,0.451,2.162,19.799,19.736,21934492000.0,0.0,65.13,6.526,6.522,0.0,-2351430000.0,899928000.0,899928000.0,0.0,,,,,6527000.0,33317000.0,1.0,356150173.0,355929000,359333000.0,2.528,22705298000.0,0.0,-7815000.0,296272000.0,63.792,
16,VTR,MRQ,2017-06-30,2017-06-30,2017-06-30,2021-09-23,-45035000.0,23855758000.0,,,,,29.221,-110019000.0,171696000.0,171696000.0,366382000.0,152968000.0,,1.275,11907997000.0,,,11907997000.0,0.0,224108000.0,0.0,0.044,0.775,263244000.0,487352000.0,0.544,487352000.0,263244000.0,149672000.0,0.43,0.42,0.43,10374058000.0,,10374058000.0,36416910001.0,32.0,18.136,267568000.0,0.754,1.0,529108000.0,0.591,1034054000.0,113572000.0,34558005000.0,,0.0,0.0,,,13231452000.0,,,24656636001.0,-15169000.0,-12108000.0,73596000.0,-76414000.0,-275597000.0,-275458000.0,-117298000.0,4829000.0,377587000.0,3406000.0,151831000.0,151831000.0,151831000.0,23000.0,1137000.0,0.17,265281000.0,263827000.0,929573000.0,1.802,2.377,34.873,34.567,22054964000.0,0.0,69.48,7.001,7.004,0.0,-2688946000.0,895490000.0,895490000.0,0.0,,,,,6695000.0,33282000.0,1.0,354873863.0,355024000,358311000.0,2.522,22821704000.0,0.0,-2159000.0,296822000.0,64.282,
17,VTR,MRQ,2017-03-31,2017-03-31,2017-03-31,2021-09-23,-53657000.0,23919331000.0,,,,,29.386,-309124000.0,183459000.0,183459000.0,369725000.0,199148000.0,,1.274,11943733000.0,,,11943733000.0,0.0,217783000.0,0.0,0.046,0.775,303786000.0,521569000.0,0.59,521569000.0,303786000.0,194982000.0,0.56,0.55,0.56,10414606000.0,,10414606000.0,33824652440.0,31.0,17.101,36690000.0,0.104,1.0,513718000.0,0.581,1033484000.0,108804000.0,34646121000.0,,0.0,0.0,,,13264072000.0,,,23064680440.0,-183777000.0,-26940000.0,0.0,793156000.0,-275368000.0,503075000.0,-1032666000.0,-697995000.0,345814000.0,-118000.0,198127000.0,198127000.0,198127000.0,53000.0,1021000.0,0.224,254988000.0,258730000.0,946674000.0,1.384,2.215,33.026,32.52,22123122000.0,0.0,65.04,6.638,6.634,0.0,-2564936000.0,883443000.0,883443000.0,0.0,,,,,6701000.0,33961000.0,1.0,354623008.0,354410000,357572000.0,2.493,22885847000.0,0.0,-3145000.0,294057000.0,64.574,
18,VTR,MRQ,2016-12-31,2016-12-31,2016-12-31,2021-09-23,-57534000.0,23166600000.0,,,,,29.55,153588000.0,367354000.0,367354000.0,366502000.0,208832000.0,,1.189,11127326000.0,,,11127326000.0,0.0,232189000.0,0.0,0.047,0.775,312540000.0,544729000.0,0.622,544729000.0,312540000.0,204801000.0,0.59,0.58,0.59,10460240000.0,,10460240000.0,33212461880.0,32.0,17.15,502144000.0,1.419,1.0,509211000.0,0.581,1033225000.0,107739000.0,32893347000.0,,0.0,0.0,,,12437119000.0,,,22138934880.0,200561000.0,-261000.0,20978000.0,-171780000.0,-274566000.0,-428501000.0,280506000.0,122333000.0,348556000.0,-382000.0,207637000.0,207637000.0,207637000.0,167000.0,1195000.0,0.237,264326000.0,244885000.0,907928000.0,1.314,2.116,34.1,33.255,21192696000.0,0.0,62.52,6.429,6.258,0.0,-2487695000.0,875713000.0,875713000.0,0.0,,,,,5073000.0,31488000.0,1.0,354109643.0,353982000,357504000.0,2.474,22133375000.0,0.0,-2836000.0,316641000.0,62.527,
19,VTR,MRQ,2016-09-30,2016-09-30,2016-09-30,2021-09-23,-49614000.0,23426264000.0,,,,,29.944,-1440229000.0,178800000.0,178800000.0,362091000.0,150184000.0,,1.206,11252327000.0,,,11252327000.0,0.0,208387000.0,0.0,0.041,0.73,245978000.0,454365000.0,0.524,454365000.0,245978000.0,140915000.0,0.43,0.42,0.43,10488539000.0,,10488539000.0,35594037667.0,38.0,19.287,-1094819000.0,-3.126,1.0,505025000.0,0.582,1043075000.0,105063000.0,33456716000.0,,0.0,0.0,,,12646541000.0,,,24815854667.0,32243000.0,-1910000.0,887963000.0,304353000.0,-256931000.0,945052000.0,-1258219000.0,183920000.0,345410000.0,-286000.0,149452000.0,149452000.0,149452000.0,118000.0,732000.0,0.172,258601000.0,246424000.0,930103000.0,1.698,2.366,43.819,42.548,21520879000.0,0.0,70.63,7.279,7.257,0.0,-2420766000.0,867116000.0,867116000.0,0.0,,,,,5848000.0,31567000.0,1.0,351350059.0,350274000,354186000.0,2.476,22383189000.0,0.0,-8537000.0,315713000.0,63.902,
20,VTR,MRQ,2016-06-30,2016-06-30,2016-06-30,2021-09-23,-44195000.0,22093472000.0,,,,,28.592,-69599000.0,122948000.0,122948000.0,353807000.0,143440000.0,,1.251,10901131000.0,,,10901131000.0,0.0,221961000.0,0.0,0.04,0.73,235278000.0,457239000.0,0.539,457239000.0,235278000.0,131613000.0,0.42,0.42,0.42,9689715000.0,,9689715000.0,35742096993.0,44.0,20.534,313988000.0,0.926,1.0,494597000.0,0.583,1043479000.0,103665000.0,31828176000.0,,0.0,0.0,,,12126010000.0,,,24622777993.0,5896000.0,-4265000.0,228108000.0,-289860000.0,-247975000.0,-307875000.0,-69816000.0,-217000.0,383587000.0,-275000.0,143162000.0,143162000.0,143162000.0,148000.0,278000.0,0.169,263582000.0,231015000.0,735287000.0,1.738,2.541,55.996,56.015,20314263000.0,0.0,72.82,7.307,7.324,0.0,-2313287000.0,848404000.0,848404000.0,0.0,,,,,5008000.0,32094000.0,1.0,338132079.0,338901000,342571000.0,2.503,21049993000.0,0.0,-11549000.0,320468000.0,62.113,
21,VTR,MRQ,2016-03-31,2016-03-31,2016-03-31,2021-09-23,-19932000.0,22261292000.0,,,,,28.651,-17897000.0,128411000.0,128411000.0,359673000.0,149034000.0,,1.29,11247730000.0,,,11247730000.0,0.0,236387000.0,0.0,0.047,0.73,243832000.0,480219000.0,0.563,480219000.0,243832000.0,140559000.0,0.44,0.44,0.44,9614195000.0,,9614195000.0,32235066362.0,41.0,18.351,259252000.0,0.773,1.0,492616000.0,0.578,1044983000.0,103273000.0,32335628000.0,,0.0,0.0,,,12399024000.0,,,21158989362.0,-1440000.0,0.0,149631000.0,-13800000.0,-245496000.0,-111838000.0,-166751000.0,-144589000.0,277149000.0,118000.0,148980000.0,148980000.0,148980000.0,489000.0,54000.0,0.175,273913000.0,218703000.0,738327000.0,1.659,2.201,47.401,47.338,20609199000.0,0.0,62.96,6.348,6.339,0.0,-2208474000.0,852289000.0,852289000.0,0.0,,,,,5029000.0,31726000.0,1.0,336070352.0,335559000,339202000.0,2.54,21216309000.0,0.0,-8421000.0,333354000.0,63.227,
22,VTR,MRQ,2015-12-31,2015-12-31,2015-12-31,2021-09-23,-7565000.0,22261918000.0,,,,,28.728,-71916000.0,130919000.0,130919000.0,359801000.0,125060000.0,,1.301,11206996000.0,,,11206996000.0,0.0,236793000.0,0.0,0.054,0.73,216872000.0,453665000.0,0.539,453665000.0,216872000.0,113180000.0,0.37,0.37,0.37,9564327000.0,,9564327000.0,29919055993.0,40.0,17.402,304870000.0,0.916,1.0,481473000.0,0.572,1047497000.0,103692000.0,32290498000.0,,0.0,0.0,,,12439962000.0,,,18790217993.0,-11925000.0,-56986000.0,73205000.0,-38663000.0,-243838000.0,-219584000.0,-169127000.0,-68209000.0,376786000.0,-283000.0,124728000.0,124728000.0,124728000.0,2331000.0,332000.0,0.148,266361000.0,215112000.0,779380000.0,1.973,1.965,44.97,44.786,20578039000.0,0.0,56.43,5.718,5.672,0.0,-2111958000.0,841274000.0,841274000.0,0.0,,,,,3476000.0,27636000.0,1.0,332982775.0,332924000,336398000.0,2.527,21214421000.0,0.0,-11548000.0,338382000.0,63.722,
23,VTR,MRQ,2015-09-30,2015-09-30,2015-09-30,2021-09-23,-592000.0,22413977000.0,,,,,28.901,-1226847000.0,139722000.0,139722000.0,354261000.0,23117000.0,,1.306,11268560000.0,,,11268560000.0,0.0,240210000.0,0.0,0.055,0.73,109290000.0,349500000.0,0.422,349500000.0,109290000.0,12155000.0,0.07,0.07,0.07,9609435000.0,,9609435000.0,29893447994.0,43.0,17.809,-922526000.0,-2.775,1.0,473345000.0,0.572,1052321000.0,97135000.0,32490494000.0,,0.0,0.0,,,12545471000.0,,,18640078994.0,5035000.0,0.0,65651000.0,1274105000.0,-243171000.0,958532000.0,-1257818000.0,-11800000.0,304321000.0,-336000.0,22852000.0,22852000.0,22852000.0,22383000.0,265000.0,0.028,325386000.0,147959000.0,791430000.0,10.429,1.94,46.565,44.492,20634501000.0,0.0,56.06,5.867,5.867,0.0,-1992848000.0,827606000.0,827606000.0,0.0,,,,,4869000.0,32114000.0,1.0,332502301.0,332491000,336338000.0,2.489,21361656000.0,0.0,-10697000.0,352658000.0,64.247,
24,VTR,MRQ,2015-06-30,2015-06-30,2015-06-30,2021-09-23,10180000.0,24275162000.0,,,,,33.344,-125942000.0,254492000.0,254492000.0,348426000.0,150286000.0,,1.177,11507861000.0,,,11507861000.0,0.0,249207000.0,0.0,0.05,0.79,223991000.0,473198000.0,0.583,473198000.0,223991000.0,140032000.0,0.45,0.45,0.45,11027483000.0,,11027483000.0,31804403550.0,41.0,18.546,247613000.0,0.749,1.0,463494000.0,0.571,0.0,83959000.0,35528531000.0,,0.0,0.0,,,12982012000.0,,,20544475550.0,-60097000.0,0.0,66840000.0,-107267000.0,-261494000.0,-345435000.0,-88217000.0,42358000.0,373555000.0,404000.0,149821000.0,149821000.0,149821000.0,-18243000.0,465000.0,0.185,265214000.0,198280000.0,1026359000.0,1.756,1.863,42.222,39.801,22239965000.0,0.0,62.09,6.726,6.722,0.0,-1772529000.0,811920000.0,811920000.0,0.0,,,,,4885000.0,33959000.0,1.0,330882196.0,330715000,334026000.0,2.455,24275162000.0,0.0,-9789000.0,370161000.0,73.402,
25,VTR,MRQ,2015-03-31,2015-03-31,2015-03-31,2021-09-23,4357000.0,24439871000.0,,,,,33.922,-956833000.0,343997000.0,343997000.0,347717000.0,120759000.0,,1.184,11603925000.0,,,11603925000.0,0.0,247453000.0,0.0,0.041,0.79,195520000.0,442973000.0,0.55,442973000.0,195520000.0,113192000.0,0.37,0.37,0.37,11039890000.0,,11039890000.0,34916703793.0,44.0,20.947,-612664000.0,-1.882,1.0,457881000.0,0.568,0.0,82328000.0,35699799000.0,,0.0,0.0,,,13069661000.0,,,24155730793.0,65184000.0,0.0,285327000.0,600854000.0,-254910000.0,629545000.0,-908530000.0,52483000.0,344169000.0,-307000.0,120442000.0,120442000.0,120442000.0,-17574000.0,317000.0,0.15,286032000.0,171849000.0,1016592000.0,2.135,2.188,50.837,46.215,22287579000.0,0.0,73.02,8.068,7.938,0.0,-1660856000.0,805598000.0,805598000.0,0.0,,,,,6307000.0,34326000.0,1.0,330809789.0,325454000,329203000.0,2.475,24439871000.0,0.0,-7250000.0,371785000.0,75.095,
26,VTR,MRQ,2014-12-31,2014-12-31,2014-12-31,2021-09-23,13121000.0,21165913000.0,,,,,29.444,-343594000.0,127119000.0,127119000.0,319901000.0,107597000.0,,1.41,10844351000.0,,,10844351000.0,0.0,241291000.0,0.0,0.041,0.79,171586000.0,412877000.0,0.564,412877000.0,171586000.0,93638000.0,0.37,0.36,0.37,8680184000.0,,8680184000.0,31428392416.0,41.0,19.797,-8721000.0,-0.03,1.0,412189000.0,0.563,363971000.0,77948000.0,31519174000.0,,0.0,0.0,,,12239500000.0,,,21102627416.0,-7961000.0,0.0,242107000.0,448335000.0,-235200000.0,476036000.0,-818870000.0,-470170000.0,334873000.0,-1286000.0,107190000.0,107190000.0,107190000.0,-20709000.0,407000.0,0.146,261188000.0,151001000.0,750657000.0,2.135,2.431,44.355,44.259,17667743000.0,0.0,71.7,7.6,7.596,0.0,-1526388000.0,732090000.0,732090000.0,0.0,,,,,4202000.0,28106000.0,1.0,294318374.0,294805000,297475000.0,2.483,20801942000.0,0.0,-13552000.0,344337000.0,70.562,
27,VTR,MRQ,2014-09-30,2014-09-30,2014-09-30,2021-09-23,16156000.0,20651165000.0,,,,,29.075,-899775000.0,143341000.0,143341000.0,311104000.0,109654000.0,,1.388,10469106000.0,,,10469106000.0,0.0,201236000.0,0.0,0.047,0.725,184570000.0,385806000.0,0.547,385806000.0,184570000.0,107245000.0,0.37,0.37,0.37,8548796000.0,,8548796000.0,27674430042.0,37.0,18.066,-575505000.0,-1.957,1.0,393828000.0,0.559,0.0,77325000.0,30976930000.0,,0.0,0.0,,,11864912000.0,,,18234140042.0,-26388000.0,0.0,0.0,716822000.0,-213462000.0,500079000.0,-850737000.0,49334000.0,324270000.0,4348000.0,109132000.0,109132000.0,109132000.0,-18171000.0,522000.0,0.155,228071000.0,165757000.0,965240000.0,1.959,2.133,38.225,38.241,19421537000.0,0.0,61.95,6.917,6.91,0.0,-1398378000.0,704932000.0,704932000.0,0.0,,,,,5381000.0,29464000.0,1.0,294336401.0,294030000,296495000.0,2.397,20651165000.0,0.0,-1887000.0,361454000.0,70.235,
28,VTR,MRQ,2014-06-30,2014-06-30,2014-06-30,2021-09-23,26255000.0,19790786000.0,,,,,29.44,-103327000.0,162149000.0,162149000.0,290385000.0,138566000.0,,1.258,9602439000.0,,,9602439000.0,0.0,192064000.0,0.0,0.044,0.725,233173000.0,425237000.0,0.566,425237000.0,233173000.0,141672000.0,0.47,0.47,0.47,8655110000.0,,8655110000.0,28212149264.0,37.0,18.394,207954000.0,0.707,1.0,460869000.0,0.613,0.0,91501000.0,29231076000.0,,0.0,0.0,,,10890835000.0,,,18866999264.0,27797000.0,0.0,0.0,103324000.0,-213479000.0,-116401000.0,-167083000.0,-60168000.0,311281000.0,-953000.0,138398000.0,138398000.0,138398000.0,255000.0,168000.0,0.184,236586000.0,224283000.0,975282000.0,1.543,2.18,38.807,38.848,18389744000.0,0.0,64.1,7.14,7.132,0.0,-1294048000.0,751254000.0,751254000.0,0.0,,,,,5367000.0,31306000.0,1.0,294336962.0,293988000,296504000.0,2.555,19790786000.0,0.0,3274000.0,256392000.0,67.318,
29,VTR,MRQ,2014-03-31,2014-03-31,2014-03-31,2021-09-23,18464000.0,19702768000.0,,,,,29.712,-193196000.0,135901000.0,135901000.0,291011000.0,121274000.0,,1.229,9481051000.0,,,9481051000.0,0.0,193876000.0,0.0,0.046,0.725,212321000.0,406197000.0,0.548,406197000.0,212321000.0,124480000.0,0.41,0.41,0.41,8731667000.0,,8731667000.0,27010171078.0,38.0,18.161,91225000.0,0.31,1.0,450459000.0,0.608,0.0,87841000.0,29047918000.0,,0.0,0.0,,,10732731000.0,,,17824652078.0,-35586000.0,0.0,0.0,113814000.0,-213473000.0,-101657000.0,-218350000.0,-25029000.0,284421000.0,561000.0,121047000.0,121047000.0,121047000.0,-3031000.0,227000.0,0.163,242449000.0,208010000.0,938098000.0,1.768,2.041,38.551,38.58,18563470000.0,0.0,60.57,6.922,6.912,0.0,-1218967000.0,741470000.0,741470000.0,0.0,,,,,6044000.0,32866000.0,1.0,294281857.0,293875000,296245000.0,2.523,19702768000.0,0.0,3433000.0,252499000.0,67.045,
30,VTR,MRQ,2013-12-31,2013-12-31,2013-12-31,2021-09-23,19659000.0,19731494000.0,,,,,30.046,-119581000.0,179473000.0,179473000.0,291712000.0,108439000.0,,1.209,9364992000.0,,,9364992000.0,0.0,200556000.0,0.0,0.048,0.725,114086000.0,314642000.0,0.718,314642000.0,114086000.0,109712000.0,0.37,0.37,0.37,8824281000.0,,8824281000.0,26105399150.0,38.0,17.873,239745000.0,0.816,1.0,146638000.0,0.335,0.0,4374000.0,28917013000.0,,0.0,0.0,,,10671023000.0,,,16844953150.0,40168000.0,0.0,35341000.0,-34001000.0,-213353000.0,-214499000.0,-104659000.0,28842000.0,359326000.0,-24000.0,108440000.0,108440000.0,108440000.0,-115335000.0,-1000.0,0.247,144737000.0,1901000.0,1001515000.0,1.959,1.909,37.144,36.955,18543471000.0,0.0,57.28,6.693,6.661,0.0,-1126541000.0,438350000.0,438350000.0,0.0,,,,,5643000.0,30326000.0,1.0,294080886.0,293692000,296076000.0,1.493,19731494000.0,0.0,1272000.0,250167000.0,67.184,
31,VTR,MRQ,2013-09-30,2013-09-30,2013-09-30,2021-09-23,21293000.0,19879358000.0,,,,,30.343,-1111468000.0,152872000.0,152872000.0,286533000.0,118599000.0,,1.209,9413318000.0,,,9413318000.0,0.0,188393000.0,0.0,0.043,0.67,199280000.0,387673000.0,0.545,387673000.0,199280000.0,115516000.0,0.4,0.4,0.4,8885092000.0,,8885092000.0,26296710044.0,36.0,17.472,-783727000.0,-2.676,1.0,424716000.0,0.597,0.0,83764000.0,29139804000.0,,0.0,0.0,,,10743029000.0,,,18033550044.0,-7779000.0,0.0,23618000.0,874735000.0,-196540000.0,698991000.0,-1034511000.0,76957000.0,327741000.0,30000.0,118296000.0,118296000.0,118296000.0,9174000.0,303000.0,0.166,216258000.0,208458000.0,1019166000.0,1.675,2.03,41.809,42.123,18667363000.0,0.0,61.5,6.6,6.591,0.0,-1021628000.0,711249000.0,711249000.0,0.0,,,,,4210000.0,28659000.0,1.0,293228456.0,292818000,295190000.0,2.429,19879358000.0,0.0,-2780000.0,248369000.0,67.89,
32,VTR,MRQ,2013-06-30,2013-06-30,2013-06-30,2021-09-23,19752000.0,18796582000.0,,,,,30.501,-247391000.0,156913000.0,156913000.0,271155000.0,114533000.0,,1.076,8420073000.0,,,8420073000.0,0.0,193989000.0,0.0,0.037,0.67,184753000.0,378742000.0,0.554,378742000.0,184753000.0,102516000.0,0.39,0.39,0.39,8925582000.0,,8925582000.0,28502281550.0,40.0,19.115,29992000.0,0.102,1.0,412954000.0,0.604,0.0,82237000.0,27059742000.0,,0.0,0.0,,,9605838000.0,,,20363288550.0,4771000.0,0.0,77334000.0,47660000.0,-196530000.0,-69549000.0,-203063000.0,44661000.0,277383000.0,-40000.0,114580000.0,114580000.0,114580000.0,18559000.0,-47000.0,0.167,209903000.0,203051000.0,887314000.0,1.718,2.281,47.922,48.236,17699444000.0,0.0,69.46,7.656,7.642,0.0,-943384000.0,684109000.0,684109000.0,0.0,,,,,5138000.0,27324000.0,1.0,293165686.0,292635000,295123000.0,2.338,18796582000.0,0.0,-12064000.0,247591000.0,64.232,
33,VTR,MRQ,2013-03-31,2013-03-31,2013-03-31,2021-09-23,21828000.0,18706921000.0,,,,,30.589,-80868000.0,156915000.0,156915000.0,268840000.0,113098000.0,,1.068,8295908000.0,,,8295908000.0,0.0,186943000.0,0.0,0.035,0.67,192571000.0,379514000.0,0.556,379514000.0,192571000.0,113937000.0,0.38,0.38,0.38,8915348000.0,,8915348000.0,29610108378.0,44.0,20.341,149437000.0,0.513,1.0,414069000.0,0.606,0.0,78634000.0,26845914000.0,,0.0,0.0,,,9525808000.0,,,21370283378.0,-10169000.0,0.0,5050000.0,-108646000.0,-195700000.0,-299947000.0,59473000.0,140419000.0,230305000.0,-49000.0,112193000.0,112193000.0,112193000.0,8431000.0,905000.0,0.164,213091000.0,200978000.0,910692000.0,1.763,2.397,55.599,55.878,17580101000.0,0.0,73.2,8.259,8.245,0.0,-861434000.0,682909000.0,682909000.0,0.0,,,,,5662000.0,28774000.0,1.0,291943762.0,291455000,293924000.0,2.343,18706921000.0,0.0,1744000.0,261122000.0,64.185,
34,VTR,MRQ,2012-12-31,2012-12-31,2012-12-31,2021-09-23,23354000.0,18980000000.0,,,,,30.602,-303346000.0,173821000.0,173821000.0,263052000.0,86126000.0,,1.077,8413646000.0,,,8413646000.0,0.0,201748000.0,0.0,0.038,0.62,157401000.0,359149000.0,0.549,359149000.0,157401000.0,82712000.0,0.29,0.29,0.29,9019128000.0,,9019128000.0,26487640391.0,41.0,18.785,-19849000.0,-0.067,1.0,391089000.0,0.598,0.0,74689000.0,27219825000.0,,0.0,0.0,,,9716082000.0,,,19128304391.0,9376000.0,0.0,0.0,868504000.0,-183306000.0,681662000.0,-955783000.0,-652552000.0,283497000.0,2000.0,86267000.0,86267000.0,86267000.0,16075000.0,-141000.0,0.132,218702000.0,172387000.0,995156000.0,2.138,2.121,52.724,52.194,17841943000.0,0.0,64.72,7.745,7.654,0.0,-777927000.0,654141000.0,654141000.0,0.0,,,,,4255000.0,23022000.0,1.0,295554765.0,294725000,297086000.0,2.219,18980000000.0,0.0,-3555000.0,259715000.0,64.399,
35,VTR,MRQ,2012-09-30,2012-09-30,2012-09-30,2021-09-23,23626000.0,18440899000.0,,,,,31.729,-237226000.0,135438000.0,135438000.0,253937000.0,111821000.0,,0.947,7494774000.0,,,7494774000.0,0.0,196622000.0,0.0,0.039,0.62,177033000.0,373655000.0,0.585,373655000.0,177033000.0,102996000.0,0.38,0.38,0.38,9357664000.0,,9357664000.0,25424138112.0,35.0,17.358,11285000.0,0.038,1.0,384718000.0,0.602,0.0,74037000.0,25800235000.0,,0.0,0.0,,,8865259000.0,,,18387097112.0,5687000.0,0.0,0.0,178087000.0,-183283000.0,-3969000.0,-238855000.0,-1669000.0,248511000.0,40000.0,111882000.0,111882000.0,111882000.0,3724000.0,-61000.0,0.175,222290000.0,162428000.0,1049043000.0,1.632,1.965,39.165,35.983,17226444000.0,0.0,62.25,7.767,7.755,0.0,-680888000.0,638655000.0,638655000.0,0.0,,,,,5443000.0,26867000.0,1.0,295375054.0,294928000,297407000.0,2.165,18440899000.0,0.0,-8886000.0,265116000.0,62.527,
36,VTR,MRQ,2012-06-30,2012-06-30,2012-06-30,2021-09-23,21404000.0,18222261000.0,,,,,32.459,-941984000.0,167686000.0,167686000.0,240491000.0,73736000.0,,0.911,7204727000.0,,,7204727000.0,0.0,201769000.0,0.0,0.038,0.62,141613000.0,343382000.0,0.561,343382000.0,141613000.0,68846000.0,0.26,0.25,0.26,9418611000.0,,9418611000.0,24506225998.0,34.0,17.371,-726137000.0,-2.502,1.0,371473000.0,0.607,0.0,72767000.0,25259302000.0,,0.0,0.0,,,8583020000.0,,,18243505998.0,-384000.0,0.0,342469000.0,547621000.0,-182704000.0,718508000.0,-934739000.0,7258000.0,215847000.0,-37000.0,74025000.0,74025000.0,74025000.0,-31294000.0,-289000.0,0.121,251968000.0,119505000.0,1059385000.0,2.385,1.937,39.618,36.912,17041782000.0,0.0,63.12,7.987,8.019,0.0,-609487000.0,611964000.0,611964000.0,0.0,,,,,6252000.0,26423000.0,1.0,289028929.0,290170000,292592000.0,2.109,18222261000.0,0.0,-5179000.0,271066000.0,62.799,
37,VTR,MRQ,2012-03-31,2012-03-31,2012-03-31,2021-09-23,23926000.0,17188959000.0,,,,,31.857,-32946000.0,167644000.0,167644000.0,218825000.0,90092000.0,,0.851,6430364000.0,,,6430364000.0,0.0,164636000.0,0.0,0.041,0.62,170094000.0,334730000.0,0.591,334730000.0,170094000.0,101964000.0,0.31,0.31,0.31,9186735000.0,,9186735000.0,22803776292.0,36.0,18.788,212015000.0,0.735,1.0,347599000.0,0.614,0.0,68130000.0,23451679000.0,,0.0,0.0,,,7820460000.0,,,16497057292.0,7362000.0,0.0,0.0,-15662000.0,-179253000.0,-197287000.0,-40312000.0,-5229000.0,244961000.0,55000.0,90626000.0,90626000.0,90626000.0,-43364000.0,-534000.0,0.16,192176000.0,155423000.0,1060647000.0,2.0,1.796,40.62,36.603,16075323000.0,0.0,57.1,8.12,8.105,0.0,-500808000.0,566424000.0,566424000.0,0.0,,,,,4834000.0,22198000.0,1.0,288915189.0,288375000,290813000.0,1.964,17188959000.0,0.0,11338000.0,271408000.0,59.606,
38,VTR,MRQ,2011-12-31,2011-12-31,2011-12-31,2021-09-23,22062000.0,17271910000.0,,,,,40.599,-227434000.0,122397000.0,122397000.0,213941000.0,192497000.0,,0.842,6429116000.0,,,6429116000.0,0.0,166163000.0,0.0,0.042,0.575,246783000.0,412946000.0,0.75,412946000.0,246783000.0,185327000.0,0.78,0.77,0.78,9274957000.0,,9274957000.0,22043978206.0,40.0,21.668,101862000.0,0.446,1.0,336400000.0,0.611,0.0,61456000.0,23578629000.0,,0.0,0.0,,,7813129000.0,,,15873102206.0,-11727000.0,0.0,-79000.0,-22722000.0,-166114000.0,-186508000.0,-154515000.0,72971000.0,329296000.0,52000.0,192948000.0,192948000.0,192948000.0,-191000.0,-451000.0,0.351,87885000.0,248515000.0,1085597000.0,0.737,1.711,43.548,34.456,16231612000.0,0.0,55.13,9.166,7.273,0.0,-412181000.0,550341000.0,550341000.0,0.0,,,,,5750000.0,23527000.0,1.0,287921317.0,228453000,230790000.0,2.409,17271910000.0,0.0,-7621000.0,260722000.0,75.604,
39,VTR,MRQ,2011-09-30,2011-09-30,2011-09-30,2021-09-23,19237000.0,17205770000.0,,,,,32.174,-97917000.0,142265000.0,142265000.0,213774000.0,101984000.0,,0.842,6313141000.0,,,6313141000.0,0.0,161027000.0,0.0,0.046,0.575,158671000.0,319698000.0,0.576,319698000.0,158671000.0,89153000.0,0.36,0.35,0.36,9245762000.0,,9245762000.0,19139362085.0,44.0,24.666,159684000.0,0.556,1.0,341604000.0,0.615,0.0,69518000.0,23376646000.0,,0.0,0.0,,,7782684000.0,,,14223245085.0,30978000.0,0.0,0.0,29991000.0,-152983000.0,-128305000.0,-98318000.0,-363000.0,257601000.0,-198000.0,102885000.0,102885000.0,102885000.0,209000.0,-901000.0,0.185,175122000.0,166482000.0,1128706000.0,1.597,1.538,57.092,38.898,16417628000.0,0.0,49.4,9.911,9.892,0.0,-439015000.0,555378000.0,555378000.0,0.0,,,,,5228000.0,20624000.0,1.0,287919941.0,287365000,290794000.0,1.933,17205770000.0,0.0,-13732000.0,274852000.0,59.874,
40,VTR,MRQ,2011-06-30,2011-06-30,2011-06-30,2021-09-23,28212000.0,9634033000.0,,,,,22.221,-275737000.0,90963000.0,90963000.0,152126000.0,19734000.0,,1.459,5007080000.0,,,5007080000.0,0.0,80755000.0,0.0,0.042,0.575,65609000.0,146364000.0,0.407,146364000.0,65609000.0,13566000.0,0.11,0.11,0.11,3916718000.0,,3916718000.0,11092200417.0,29.0,18.08,-220206000.0,-1.249,1.0,207380000.0,0.577,0.0,52043000.0,14550150000.0,,0.0,0.0,,,5714457000.0,,,8598130417.0,-15205000.0,0.0,0.0,813574000.0,-108211000.0,705551000.0,-776287000.0,-500512000.0,55531000.0,8000.0,19676000.0,19676000.0,19676000.0,-1190000.0,58000.0,0.055,142814000.0,64566000.0,401151000.0,5.227,2.195,42.119,41.18,9230185000.0,0.0,52.71,7.513,8.119,0.0,-412694000.0,359506000.0,359506000.0,0.0,,,,,4352000.0,15554000.0,1.0,163121427.0,176262000,177945000.0,2.04,9634033000.0,0.0,-6110000.0,279668000.0,54.657,
41,VTR,MRQ,2011-03-31,2011-03-31,2011-03-31,2021-09-23,28097000.0,5694098000.0,,,,,16.478,-7963000.0,77298000.0,77298000.0,92323000.0,49046000.0,,1.153,2571368000.0,,,2571368000.0,0.0,51759000.0,0.0,0.04,0.575,87527000.0,139286000.0,0.519,139286000.0,87527000.0,45787000.0,0.31,0.3,0.31,2643404000.0,,2643404000.0,11685876453.0,28.0,18.859,122806000.0,0.766,1.0,176109000.0,0.656,0.0,41740000.0,8188168000.0,,0.0,0.0,,,3047651000.0,,,8846584453.0,19994000.0,0.0,299926000.0,-348753000.0,-93738000.0,-142456000.0,31681000.0,39681000.0,130769000.0,93000.0,48984000.0,48984000.0,48984000.0,-766000.0,62000.0,0.182,72596000.0,103513000.0,203594000.0,1.855,3.347,36.476,35.26,5389043000.0,0.0,54.3,8.604,8.472,0.0,-300382000.0,268432000.0,268432000.0,0.0,,,,,4016000.0,14832000.0,1.0,162920524.0,160420000,162023000.0,1.673,5694098000.0,0.0,-3197000.0,238146000.0,35.495,
42,VTR,MRQ,2010-12-31,2010-12-31,2010-12-31,2021-09-23,26868000.0,5758021000.0,,,,,15.228,-9330000.0,60752000.0,60752000.0,84769000.0,78702000.0,,1.411,2900044000.0,,,2900044000.0,0.0,51142000.0,0.0,0.041,0.535,119457000.0,170599000.0,0.678,170599000.0,119457000.0,80432000.0,0.49,0.49,0.49,2386726000.0,,2386726000.0,11064184197.0,26.0,17.565,92173000.0,0.588,1.0,166992000.0,0.663,0.0,39025000.0,8597313000.0,,0.0,0.0,,,3367816000.0,,,8244412197.0,-12074000.0,0.0,0.0,-2499000.0,-84164000.0,-80133000.0,-33444000.0,-24594000.0,101503000.0,96000.0,77583000.0,77583000.0,77583000.0,-25584000.0,1119000.0,0.308,68486000.0,98506000.0,207143000.0,1.092,3.454,33.491,33.427,5444114000.0,0.0,52.48,8.239,8.214,0.0,-255628000.0,251761000.0,251761000.0,0.0,,,,,3950000.0,14011000.0,1.0,157096269.0,156734000,158269000.0,1.606,5758021000.0,0.0,2849000.0,241333000.0,36.738,
43,VTR,MRQ,2010-09-30,2010-09-30,2010-09-30,2021-09-23,23816000.0,5800817000.0,,,,,15.332,-219839000.0,75775000.0,75775000.0,86640000.0,58894000.0,,1.409,2895547000.0,,,2895547000.0,0.0,52200000.0,0.0,0.041,0.535,105074000.0,157274000.0,0.594,157274000.0,105074000.0,59555000.0,0.37,0.37,0.37,2401482000.0,,2401482000.0,10610216356.0,27.0,17.503,-81437000.0,-0.52,1.0,178025000.0,0.673,0.0,45519000.0,8620589000.0,,0.0,0.0,,,3384631000.0,,,8100645356.0,5879000.0,0.0,0.0,200026000.0,-84092000.0,114516000.0,-247039000.0,-22700000.0,138402000.0,117000.0,57898000.0,57898000.0,57898000.0,-542000.0,996000.0,0.219,72105000.0,105920000.0,202985000.0,1.446,3.373,36.38,36.063,5454226000.0,0.0,51.57,8.277,8.254,0.0,-249047000.0,264665000.0,264665000.0,0.0,,,,,4039000.0,15278000.0,1.0,157080577.0,156631000,157941000.0,1.69,5800817000.0,0.0,1657000.0,252351000.0,37.035,
44,VTR,MRQ,2010-06-30,2010-06-30,2010-06-30,2021-09-23,16506000.0,5462117000.0,,,,,15.429,8437000.0,71278000.0,71278000.0,75183000.0,58965000.0,,1.254,2580849000.0,,,2580849000.0,0.0,50185000.0,0.0,0.045,0.535,102316000.0,152501000.0,0.627,152501000.0,102316000.0,58476000.0,0.37,0.37,0.37,2416408000.0,,2416408000.0,9888679275.0,26.0,16.705,100593000.0,0.642,1.0,168137000.0,0.691,0.0,43840000.0,7971688000.0,,0.0,0.0,,,3030703000.0,,,7364260275.0,-104040000.0,0.0,0.0,-119400000.0,-83948000.0,-204764000.0,8568000.0,131000.0,92156000.0,-895000.0,58067000.0,58067000.0,58067000.0,-5852000.0,898000.0,0.239,64226000.0,103911000.0,181343000.0,1.446,3.048,34.321,34.022,5159460000.0,0.0,46.95,7.763,7.751,0.0,-222853000.0,243320000.0,243320000.0,0.0,,,,,3057000.0,9858000.0,1.0,156853254.0,156611000,157441000.0,1.554,5462117000.0,0.0,409000.0,251829000.0,34.877,
45,VTR,MRQ,2010-03-31,2010-03-31,2010-03-31,2021-09-23,25154000.0,5633825000.0,,,,,15.632,-15401000.0,173752000.0,173752000.0,78879000.0,53168000.0,,1.296,2698171000.0,,,2698171000.0,0.0,52537000.0,0.0,0.044,0.535,96995000.0,149532000.0,0.621,149532000.0,96995000.0,52905000.0,0.34,0.34,0.34,2445633000.0,,2445633000.0,9963291777.0,24.0,16.061,100160000.0,0.64,1.0,162009000.0,0.673,0.0,44090000.0,8158244000.0,,0.0,0.0,,,3170205000.0,,,7440419777.0,24485000.0,0.0,0.0,20365000.0,-83881000.0,-61071000.0,-30005000.0,-14604000.0,115561000.0,847000.0,52619000.0,52619000.0,52619000.0,-745000.0,549000.0,0.218,65316000.0,96693000.0,183574000.0,1.574,3.042,30.383,30.051,5219109000.0,0.0,47.48,7.943,7.93,0.0,-196972000.0,240888000.0,240888000.0,0.0,,,,,3032000.0,10683000.0,1.0,156706398.0,156453000,156967000.0,1.54,5633825000.0,0.0,286000.0,252687000.0,36.01,
46,VTR,MRQ,2009-12-31,2009-12-31,2009-12-31,2021-09-23,19669000.0,5616245000.0,,,,,15.77,-27861000.0,147229000.0,147229000.0,78443000.0,54778000.0,,1.27,2670101000.0,,,2670101000.0,0.0,52092000.0,0.0,0.047,0.512,94782000.0,146874000.0,0.639,146874000.0,94782000.0,53714000.0,0.35,0.34,0.35,2465511000.0,,2465511000.0,9297712730.0,21.0,14.531,71043000.0,0.454,1.0,151343000.0,0.659,0.0,41068000.0,8139117000.0,,0.0,0.0,,,3132185000.0,,,6849936730.0,36503000.0,0.0,0.0,48188000.0,-80313000.0,-33230000.0,-29171000.0,-1310000.0,98904000.0,5000.0,54081000.0,54081000.0,54081000.0,-3437000.0,697000.0,0.235,59332000.0,92011000.0,190445000.0,1.463,2.778,25.704,24.994,5260994000.0,0.0,43.74,7.418,7.226,0.0,-165710000.0,229786000.0,229786000.0,0.0,,,,,2667000.0,8220000.0,1.0,156605778.0,156337000,156715000.0,1.47,5616245000.0,0.0,-367000.0,253665000.0,35.924,
47,VTR,MRQ,2009-09-30,2009-09-30,2009-09-30,2021-09-23,15080000.0,5587310000.0,,,,,15.903,-6338000.0,167366000.0,167366000.0,76338000.0,50430000.0,,1.241,2615142000.0,,,2615142000.0,4628000.0,50351000.0,0.0,0.053,0.512,92686000.0,143037000.0,0.61,143037000.0,92686000.0,49395000.0,0.32,0.32,0.32,2484903000.0,,2484903000.0,8502079402.0,19.0,13.022,121717000.0,0.779,1.0,158299000.0,0.675,0.0,43291000.0,8035086000.0,,0.0,0.0,,,3084998000.0,,,6026768402.0,24100000.0,0.0,0.0,-11956000.0,-80271000.0,-97824000.0,-6131000.0,207000.0,128055000.0,266000.0,49805000.0,49805000.0,49805000.0,-579000.0,625000.0,0.212,65535000.0,92764000.0,175125000.0,1.6,2.425,22.326,21.271,5205937000.0,0.0,38.5,6.532,6.52,0.0,-139478000.0,234637000.0,234637000.0,0.0,,,,,3078000.0,9657000.0,1.0,156539439.0,156250000,156516000.0,1.502,5587310000.0,0.0,-410000.0,254622000.0,35.759,
48,VTR,MRQ,2009-06-30,2009-06-30,2009-06-30,2021-09-23,-1411000.0,5570861000.0,,,,,16.153,-11129000.0,140993000.0,140993000.0,72564000.0,89183000.0,,1.226,2616304000.0,,,2616304000.0,5305000.0,48907000.0,0.0,0.069,0.512,131980000.0,180887000.0,0.782,180887000.0,131980000.0,87986000.0,0.57,0.57,0.57,2494643000.0,,2494643000.0,7481695073.0,16.0,11.085,70457000.0,0.456,1.0,158888000.0,0.686,0.0,43994000.0,8046172000.0,,0.0,0.0,,,3058395000.0,,,4673375073.0,-49538000.0,0.0,299201000.0,-343482000.0,-80269000.0,-126046000.0,-5078000.0,6051000.0,81586000.0,255000.0,88381000.0,88381000.0,88381000.0,-42374000.0,802000.0,0.382,62500000.0,96388000.0,164659000.0,0.898,1.873,16.461,15.392,5223886000.0,0.0,29.86,5.062,4.995,0.0,-109012000.0,231452000.0,231452000.0,0.0,,,,,3078000.0,10355000.0,1.0,156509547.0,154441000,154510000.0,1.499,5570861000.0,0.0,-395000.0,255175000.0,36.071,
49,VTR,MRQ,2009-03-31,2009-03-31,2009-03-31,2021-09-23,-18322000.0,5593846000.0,,,,,15.15,44357000.0,134081000.0,134081000.0,75468000.0,74969000.0,,1.572,2942401000.0,,,2942401000.0,6307000.0,49908000.0,0.0,0.091,0.512,119611000.0,169519000.0,0.741,169519000.0,119611000.0,73681000.0,0.52,0.52,0.52,2167808000.0,,2167808000.0,6157398483.0,14.0,9.192,157913000.0,1.104,1.0,153436000.0,0.67,0.0,45930000.0,8402166000.0,,0.0,0.0,,,3408174000.0,,,3242382483.0,-80890000.0,0.0,0.0,-161769000.0,-73546000.0,-233080000.0,38634000.0,-5723000.0,113556000.0,-116000.0,74228000.0,74228000.0,74228000.0,-29165000.0,741000.0,0.324,62150000.0,91286000.0,161775000.0,0.985,1.496,12.204,12.027,5260972000.0,0.0,22.61,3.521,3.514,0.0,-117124000.0,228904000.0,228904000.0,0.0,,,,,3059000.0,10598000.0,1.0,143404798.0,143091000,143145000.0,1.6,5593846000.0,0.0,-547000.0,255570000.0,39.093,
50,VTR,MRQ,2008-12-31,2008-12-31,2008-12-31,2021-09-23,-21089000.0,5771418000.0,,,,,15.11,35105000.0,232678000.0,232678000.0,76447000.0,58151000.0,,1.662,3136998000.0,,,3136998000.0,7057000.0,54974000.0,0.0,0.061,0.512,104507000.0,159481000.0,0.7,159481000.0,104507000.0,55810000.0,0.4,0.4,0.4,2160598000.0,,2160598000.0,7785939765.0,19.0,12.069,113204000.0,0.792,1.0,151255000.0,0.664,0.0,48697000.0,8675738000.0,,0.0,0.0,,,3591683000.0,,,4810353765.0,59887000.0,0.0,0.0,38533000.0,-73468000.0,-45100000.0,26888000.0,-9987000.0,78099000.0,1002000.0,57530000.0,57530000.0,57530000.0,-16035000.0,621000.0,0.253,65031000.0,86224000.0,168198000.0,1.28,2.226,21.61,21.113,5296228000.0,0.0,33.57,5.234,5.098,0.0,-117806000.0,227702000.0,227702000.0,0.0,,,,,2160000.0,11158000.0,1.0,143293231.0,142989000,143071000.0,1.592,5771418000.0,0.0,-1720000.0,257499000.0,40.363,
51,VTR,MRQ,2008-09-30,2008-09-30,2008-09-30,2021-09-23,4835000.0,5814848000.0,,,,,15.541,-48621000.0,159764000.0,159764000.0,81698000.0,64806000.0,,1.645,3135350000.0,,,3135350000.0,7564000.0,50969000.0,0.0,0.041,0.512,114096000.0,165065000.0,0.702,165065000.0,114096000.0,63351000.0,0.45,0.45,0.45,2187587000.0,,2187587000.0,10025674448.0,27.0,16.092,79425000.0,0.564,1.0,153423000.0,0.653,0.0,50745000.0,8790434000.0,,0.0,0.0,,,3598360000.0,,,6843562448.0,86723000.0,0.0,216872000.0,-115290000.0,-73499000.0,26382000.0,-67705000.0,-19066000.0,128046000.0,-68000.0,63766000.0,63766000.0,63766000.0,-1555000.0,1040000.0,0.271,62871000.0,90552000.0,152666000.0,1.138,3.128,35.823,36.881,5433288000.0,0.0,49.42,7.531,7.655,0.0,-95414000.0,235121000.0,235121000.0,0.0,,,,,3326000.0,11626000.0,1.0,138477589.0,140759000,141141000.0,1.67,5814848000.0,0.0,-415000.0,256525000.0,41.311,
52,VTR,MRQ,2008-06-30,2008-06-30,2008-06-30,2021-09-23,12831000.0,5717061000.0,,,,,14.348,54442000.0,69306000.0,69306000.0,71842000.0,70698000.0,,1.869,3251418000.0,,,3251418000.0,8050000.0,57975000.0,0.0,0.046,0.512,117830000.0,175805000.0,0.768,175805000.0,117830000.0,66441000.0,0.51,0.51,0.51,1981896000.0,,1981896000.0,8947935417.0,27.0,14.909,123578000.0,0.895,1.0,157189000.0,0.686,0.0,51389000.0,8899173000.0,,0.0,0.0,,,3704208000.0,,,5894792417.0,-22240000.0,0.0,0.0,66726000.0,-70976000.0,-2795000.0,-88581000.0,-143380000.0,69136000.0,161000.0,70153000.0,70153000.0,70153000.0,-28840000.0,545000.0,0.306,67486000.0,89703000.0,142399000.0,1.004,2.974,37.961,38.7,5483223000.0,0.0,42.57,6.571,6.555,0.0,-86610000.0,229031000.0,229031000.0,0.0,,,,,2541000.0,9610000.0,1.0,138472925.0,138133000,138737000.0,1.658,5717061000.0,0.0,-3712000.0,282080000.0,41.388,
53,VTR,MRQ,2008-03-31,2008-03-31,2008-03-31,2021-09-23,14819000.0,5651788000.0,,,,,14.506,-6903000.0,103968000.0,103968000.0,76957000.0,31632000.0,,1.84,3157111000.0,,,3157111000.0,8700000.0,71836000.0,0.0,0.043,0.512,73467000.0,145303000.0,0.635,145303000.0,73467000.0,21116000.0,0.23,0.23,0.23,1978374000.0,,1978374000.0,9489671387.0,22.0,13.341,97723000.0,0.717,1.0,151715000.0,0.663,0.0,52351000.0,8704931000.0,,0.0,0.0,,,3641098000.0,,,6211583387.0,23302000.0,0.0,191668000.0,-197094000.0,-70906000.0,-74466000.0,-6858000.0,62000.0,104626000.0,-289000.0,31154000.0,31154000.0,31154000.0,-1489000.0,478000.0,0.136,79417000.0,72298000.0,142386000.0,2.226,3.14,23.916,21.591,5400559000.0,0.0,44.91,7.223,7.122,0.0,-86698000.0,228672000.0,228672000.0,0.0,,,,,1949000.0,8257000.0,1.0,138311810.0,136381000,136673000.0,1.677,5651788000.0,0.0,-10038000.0,286153000.0,41.441,
54,VTR,MRQ,2007-12-31,2007-12-31,2007-12-31,2021-09-23,17416000.0,5716628000.0,,,,,13.668,-42394000.0,82411000.0,82411000.0,75395000.0,27661000.0,,2.117,3360499000.0,,,3360499000.0,9065000.0,72544000.0,0.0,0.042,0.475,64300000.0,136844000.0,0.634,136844000.0,64300000.0,12995000.0,0.15,0.15,0.15,1823654000.0,,1823654000.0,9189752387.0,21.0,13.464,13715000.0,0.103,1.0,140468000.0,0.651,0.0,51305000.0,8994716000.0,,0.0,0.0,,,3861520000.0,,,6040427387.0,-9611000.0,0.0,-16000.0,47289000.0,-63486000.0,-6417000.0,-59303000.0,-7961000.0,56109000.0,9372000.0,25963000.0,25963000.0,25963000.0,-4215000.0,1698000.0,0.12,79808000.0,60660000.0,173576000.0,3.167,3.312,22.071,20.291,5495827000.0,0.0,45.25,8.09,7.429,0.0,-47846000.0,215863000.0,215863000.0,0.0,,,,,1891000.0,11506000.0,1.0,133490108.0,133421000,133782000.0,1.618,5716628000.0,0.0,-12968000.0,297590000.0,42.847,
55,VTR,MRQ,2007-09-30,2007-09-30,2007-09-30,2021-09-23,6652000.0,5661620000.0,,,,,13.843,-92031000.0,118380000.0,118380000.0,71382000.0,28014000.0,,2.056,3267705000.0,,,3267705000.0,9665000.0,70716000.0,0.0,0.044,0.475,71512000.0,142228000.0,0.636,142228000.0,71512000.0,18551000.0,0.21,0.21,0.21,1843977000.0,,1843977000.0,8677879437.0,19.0,13.335,90621000.0,0.68,1.0,152110000.0,0.681,0.0,52961000.0,8810945000.0,,0.0,0.0,,,3790862000.0,,,5522433437.0,9384000.0,0.0,-250000.0,-36736000.0,-63411000.0,-98298000.0,-74970000.0,8079000.0,182652000.0,-10949000.0,28014000.0,28014000.0,28014000.0,-788000.0,0.0,0.125,80683000.0,71427000.0,152753000.0,2.262,2.995,19.141,16.429,5382710000.0,0.0,41.4,8.726,8.714,0.0,-13761000.0,223492000.0,223492000.0,0.0,,,,,1768000.0,9315000.0,1.0,133392112.0,133205000,133503000.0,1.678,5661620000.0,0.0,-9463000.0,313987000.0,42.503,
56,VTR,MRQ,2007-06-30,2007-06-30,2007-06-30,2021-09-23,9482000.0,5671453000.0,,,,,16.003,-1034330000.0,129196000.0,129196000.0,50407000.0,179797000.0,,2.004,3284642000.0,,,3284642000.0,10219000.0,58352000.0,0.0,0.048,0.475,228600000.0,286952000.0,1.495,286952000.0,228600000.0,174186000.0,1.49,1.48,1.49,1879105000.0,,1879105000.0,6145518142.0,14.0,10.168,-956631000.0,-8.147,1.0,141510000.0,0.737,0.0,54414000.0,8826899000.0,,0.0,0.0,,,3765726000.0,,,3855139142.0,33556000.0,0.0,1045979000.0,-6422000.0,-63371000.0,971553000.0,-1015696000.0,18276000.0,77699000.0,-3418000.0,179797000.0,174598000.0,174598000.0,-135205000.0,0.0,0.91,66282000.0,75228000.0,140493000.0,0.319,2.052,13.169,13.836,5368781000.0,5199000.0,36.25,7.468,8.245,0.0,21636000.0,191917000.0,191917000.0,0.0,,,,,1820000.0,8023000.0,1.0,106348666.0,117419000,117825000.0,1.634,5671453000.0,0.0,-5611000.0,309215000.0,48.301,
57,VTR,MRQ,2007-03-31,2007-03-31,2007-03-31,2021-09-23,914000.0,3286167000.0,,,,,6.685,-30387000.0,80039000.0,80039000.0,941000.0,45106000.0,,3.635,2370418000.0,,,2370418000.0,7607000.0,33433000.0,0.0,0.039,0.475,83915000.0,117348000.0,0.999,117348000.0,83915000.0,45106000.0,0.43,0.42,0.43,708914000.0,,708914000.0,6724900434.0,24.0,16.472,57753000.0,0.545,1.0,116476000.0,0.992,0.0,38809000.0,5576546000.0,,0.0,0.0,,,2577253000.0,,,4477132434.0,-1246000.0,0.0,0.0,33818000.0,-92471000.0,-64163000.0,-25223000.0,5182000.0,88140000.0,0.0,45106000.0,45106000.0,45106000.0,-1518000.0,0.0,0.384,39860000.0,76616000.0,123138000.0,1.105,6.315,30.374,29.879,3088953000.0,0.0,42.13,10.633,10.611,0.0,-89591000.0,117417000.0,117417000.0,0.0,,,,,2014000.0,7581000.0,1.0,106269462.0,106044000,106775000.0,1.107,3286167000.0,0.0,0.0,30394000.0,30.989,
58,VTR,MRQ,2006-12-31,2006-12-31,2006-12-31,2021-09-23,1037000.0,3253800000.0,,,,,6.75,-426367000.0,81285000.0,81285000.0,1168000.0,40797000.0,,3.583,2329053000.0,,,2329053000.0,8194000.0,32421000.0,0.0,0.037,0.395,71788000.0,104209000.0,1.042,104209000.0,71788000.0,40797000.0,0.39,0.38,0.39,709876000.0,,709876000.0,6359266632.0,24.0,16.733,-365746000.0,-3.478,1.0,98868000.0,0.988,0.0,30991000.0,5501568000.0,,0.0,0.0,,,2543531000.0,,,4406891632.0,-689000.0,0.0,135000.0,205891000.0,0.0,208194000.0,-269504000.0,151418000.0,60621000.0,0.0,40797000.0,40797000.0,40797000.0,-4973000.0,0.0,0.408,32053000.0,66815000.0,114012000.0,1.013,6.208,33.53,33.587,3083900000.0,0.0,42.32,11.074,11.082,0.0,-84176000.0,100036000.0,100036000.0,0.0,,,,,810000.0,6679000.0,1.0,104132600.0,105166000,105679000.0,0.951,3253800000.0,0.0,0.0,30394000.0,30.94,
59,VTR,MRQ,2006-09-30,2006-09-30,2006-09-30,2021-09-23,1569000.0,2808415000.0,,,,,6.188,-101000.0,54753000.0,54753000.0,727000.0,32241000.0,,3.363,2007128000.0,,,2007128000.0,8780000.0,29651000.0,0.0,0.04,0.395,66260000.0,95911000.0,0.898,95911000.0,66260000.0,32241000.0,0.31,0.31,0.31,643675000.0,,643675000.0,5838454339.0,22.0,15.298,72958000.0,0.701,1.0,106128000.0,0.993,0.0,34019000.0,4760790000.0,,0.0,0.0,,,2164740000.0,,,4008704339.0,3000.0,0.0,696000.0,123358000.0,-41141000.0,84071000.0,-157127000.0,-156761000.0,73059000.0,0.0,32241000.0,32241000.0,32241000.0,-1287000.0,0.0,0.302,42924000.0,63204000.0,82978000.0,1.274,6.228,29.079,28.761,2666463000.0,0.0,38.54,10.388,10.389,0.0,-83024000.0,106855000.0,106855000.0,0.0,,,,,751000.0,6539000.0,1.0,104014124.0,104021000,104568000.0,1.027,2808415000.0,0.0,0.0,30394000.0,26.999,
60,VTR,MRQ,2006-06-30,2006-06-30,2006-06-30,2021-09-23,1449000.0,2660972000.0,,,,,6.257,-15857000.0,53159000.0,53159000.0,654000.0,29258000.0,,3.094,1882909000.0,,,1882909000.0,9374000.0,29111000.0,0.0,0.045,0.395,61675000.0,90786000.0,0.938,90786000.0,61675000.0,29258000.0,0.28,0.28,0.28,649996000.0,,649996000.0,5311028642.0,20.0,14.183,20174000.0,0.194,1.0,96082000.0,0.993,0.0,32417000.0,4490722000.0,,0.0,0.0,,,2010976000.0,,,3519696642.0,466000.0,0.0,-1613000.0,14642000.0,-41074000.0,-24737000.0,-10828000.0,86000.0,36031000.0,0.0,29258000.0,29258000.0,29258000.0,-1651000.0,0.0,0.302,34785000.0,61297000.0,73838000.0,1.411,5.415,26.201,25.863,2539090000.0,0.0,33.88,9.386,9.386,0.0,-74124000.0,96736000.0,96736000.0,0.0,,,,,727000.0,6287000.0,1.0,103887150.0,103884000,104374000.0,0.931,2660972000.0,0.0,0.0,30394000.0,25.615,
61,VTR,MRQ,2006-03-31,2006-03-31,2006-03-31,2021-09-23,685000.0,2661604000.0,,,,,6.35,-48354000.0,63219000.0,63219000.0,622000.0,29134000.0,,3.04,1854551000.0,,,1854551000.0,9953000.0,28470000.0,0.0,0.044,0.395,62091000.0,90561000.0,0.926,90561000.0,62091000.0,29134000.0,0.28,0.28,0.28,658767000.0,,658767000.0,5185696187.0,21.0,14.742,20802000.0,0.2,1.0,97192000.0,0.994,0.0,32957000.0,4452936000.0,,0.0,0.0,,,2002837000.0,,,3444440187.0,-175000.0,0.0,1613000.0,51954000.0,-78383000.0,-24816000.0,-44515000.0,4070000.0,69156000.0,0.0,29134000.0,29134000.0,29134000.0,0.0,0.0,0.298,35101000.0,62091000.0,72726000.0,1.411,5.229,26.066,24.761,2542642000.0,0.0,33.18,9.752,9.747,0.0,-62308000.0,97814000.0,97814000.0,0.0,,,,,758000.0,6631000.0,1.0,103810735.0,103751000,104300000.0,0.943,2661604000.0,0.0,0.0,30394000.0,25.654,
62,VTR,MRQ,2005-12-31,2005-12-31,2005-12-31,2021-09-23,-143000.0,2639118000.0,,,,,6.439,-8175000.0,61308000.0,61308000.0,706000.0,47221000.0,,2.955,1802564000.0,,,1802564000.0,10540000.0,28711000.0,0.0,0.045,0.36,75683000.0,104394000.0,1.235,104394000.0,75683000.0,47221000.0,0.47,0.46,0.47,667319000.0,,667319000.0,5054825504.0,22.0,15.845,44027000.0,0.425,1.0,83793000.0,0.992,0.0,28462000.0,4380374000.0,,0.0,0.0,,,1971799000.0,,,3305667504.0,-4123000.0,0.0,-4591000.0,-22202000.0,-37255000.0,-59549000.0,3224000.0,13084000.0,52202000.0,0.0,47221000.0,47221000.0,47221000.0,-11538000.0,0.0,0.559,19253000.0,64540000.0,76540000.0,0.766,4.954,25.315,23.372,2526474000.0,0.0,32.02,10.357,9.534,0.0,-50402000.0,84499000.0,84499000.0,0.0,,,,,574000.0,6996000.0,1.0,103237586.0,103632000,104268000.0,0.815,2639118000.0,0.0,0.0,30394000.0,25.466,
63,VTR,MRQ,2005-09-30,2005-09-30,2005-09-30,2021-09-23,-942000.0,2658130000.0,,,,,6.346,-98181000.0,62161000.0,62161000.0,677000.0,28721000.0,,3.064,1811319000.0,,,1811319000.0,11126000.0,27740000.0,0.0,0.044,0.36,60984000.0,88724000.0,0.925,88724000.0,60984000.0,28721000.0,0.28,0.28,0.28,654111000.0,,654111000.0,5095462250.0,23.0,17.485,-26801000.0,-0.26,1.0,95256000.0,0.993,0.0,32263000.0,4407288000.0,,0.0,0.0,,,2004019000.0,,,3315531250.0,4962000.0,0.0,99825000.0,-72822000.0,0.0,27003000.0,-93421000.0,5431000.0,71380000.0,0.0,28721000.0,28721000.0,28721000.0,-2000.0,0.0,0.299,34274000.0,60982000.0,77316000.0,1.286,5.069,25.497,21.757,2552635000.0,0.0,32.2,11.198,11.211,0.0,-60280000.0,95933000.0,95933000.0,0.0,,,,,471000.0,6580000.0,1.0,102966809.0,103081000,103880000.0,0.931,2658130000.0,0.0,0.0,30394000.0,25.787,
64,VTR,MRQ,2005-06-30,2005-06-30,2005-06-30,2021-09-23,-5343000.0,2625455000.0,,,,,7.397,-450641000.0,52753000.0,52753000.0,641000.0,27068000.0,,3.007,1832684000.0,,,1832684000.0,11713000.0,18285000.0,0.0,0.045,0.36,49798000.0,68083000.0,0.908,68083000.0,49798000.0,27068000.0,0.31,0.3,0.31,655160000.0,,655160000.0,3420679623.0,17.0,13.253,-408524000.0,-4.612,1.0,74311000.0,0.991,0.0,22730000.0,4405386000.0,,0.0,0.0,,,1970295000.0,,,2562580623.0,-977000.0,0.0,3776000.0,481802000.0,-61090000.0,424756000.0,-467850000.0,-18753000.0,42117000.0,0.0,27068000.0,27068000.0,27068000.0,40000.0,0.0,0.361,24298000.0,50013000.0,70710000.0,1.161,3.911,20.24,20.133,2432299000.0,0.0,30.2,9.803,10.233,0.0,-51746000.0,74952000.0,74952000.0,0.0,,,,,506000.0,6059000.0,1.0,84853663.0,88574000,89350000.0,0.846,2625455000.0,0.0,0.0,30394000.0,29.641,
65,VTR,MRQ,2005-03-31,2005-03-31,2005-03-31,2021-09-23,-3327000.0,1174198000.0,,,,,1.969,-31139000.0,19543000.0,19543000.0,552000.0,27573000.0,,6.043,877642000.0,,,877642000.0,12298000.0,13266000.0,0.0,0.053,0.36,44549000.0,57815000.0,0.906,57815000.0,44549000.0,27573000.0,0.33,0.32,0.33,166730000.0,,166730000.0,2930449744.0,15.0,11.976,26926000.0,0.318,1.0,63248000.0,0.991,0.0,16976000.0,2032297000.0,,0.0,0.0,,,1007468000.0,,,2116346744.0,-1586000.0,0.0,2954000.0,22155000.0,-27498000.0,-2657000.0,-56994000.0,-26821000.0,58065000.0,0.0,27573000.0,27573000.0,27573000.0,39000.0,0.0,0.432,18660000.0,44588000.0,28015000.0,1.091,12.693,16.904,16.64,1127058000.0,0.0,24.96,8.607,8.594,0.0,-48255000.0,63800000.0,63800000.0,0.0,,,,,420000.0,5440000.0,1.0,84789533.0,84657000,85400000.0,0.754,1174198000.0,0.0,0.0,30394000.0,13.87,
66,VTR,MRQ,2004-12-31,2004-12-31,2004-12-31,2021-09-23,-9114000.0,1126935000.0,,,,,1.899,-22165000.0,29075000.0,29075000.0,468000.0,46674000.0,,6.033,843178000.0,,,843178000.0,12887000.0,12989000.0,0.0,0.047,0.325,63811000.0,76800000.0,1.251,76800000.0,63811000.0,46674000.0,0.56,0.55,0.56,160224000.0,,160224000.0,3147436518.0,17.0,13.323,3238000.0,0.038,1.0,60923000.0,0.992,0.0,17137000.0,1941038000.0,,0.0,0.0,,,966711000.0,,,2314224518.0,-440000.0,0.0,6066000.0,-15946000.0,0.0,-7221000.0,-18622000.0,3320000.0,25403000.0,0.0,46674000.0,46674000.0,46674000.0,-20109000.0,0.0,0.76,17221000.0,43702000.0,27461000.0,0.58,14.444,19.142,18.903,1071132000.0,0.0,27.41,9.805,9.696,0.0,-45297000.0,61391000.0,61391000.0,0.0,,,,,793000.0,5323000.0,1.0,84429935.0,84358000,85186000.0,0.728,1126935000.0,0.0,0.0,30394000.0,13.359,
67,VTR,MRQ,2004-09-30,2004-09-30,2004-09-30,2021-09-23,-13588000.0,1091345000.0,,,,,1.548,-34281000.0,20562000.0,20562000.0,372000.0,25297000.0,,7.384,853774000.0,,,853774000.0,13536000.0,13255000.0,0.0,0.048,0.325,42145000.0,55400000.0,0.904,55400000.0,42145000.0,25297000.0,0.3,0.3,0.3,130173000.0,,130173000.0,3005561506.0,14.0,11.453,19749000.0,0.235,1.0,60890000.0,0.994,0.0,16848000.0,1924557000.0,,0.0,0.0,,,961172000.0,,,2181124506.0,-5075000.0,0.0,5777000.0,-520000.0,-27393000.0,-24795000.0,-34310000.0,153000.0,54030000.0,0.0,25297000.0,25297000.0,25297000.0,-197000.0,0.0,0.413,17572000.0,43318000.0,27074000.0,1.083,16.756,14.411,13.935,1045729000.0,0.0,25.92,9.74,9.732,0.0,-64473000.0,61262000.0,61262000.0,0.0,,,,,321000.0,4047000.0,1.0,84148322.0,84073000,84889000.0,0.729,1091345000.0,0.0,0.0,30394000.0,12.981,
68,VTR,MRQ,2004-06-30,2004-06-30,2004-06-30,2021-09-23,-10129000.0,1073003000.0,,,,,1.547,-69715000.0,27238000.0,27238000.0,290000.0,25654000.0,,7.278,851675000.0,,,851675000.0,14204000.0,12136000.0,0.0,0.051,0.325,42545000.0,54681000.0,0.92,54681000.0,42545000.0,25654000.0,0.31,0.3,0.31,129628000.0,,129628000.0,2720516411.0,12.0,10.313,-38875000.0,-0.464,1.0,59135000.0,0.995,0.0,16891000.0,1897440000.0,,0.0,0.0,,,943375000.0,,,1958861411.0,7157000.0,0.0,3846000.0,69044000.0,-27292000.0,45598000.0,-69281000.0,52000.0,30840000.0,0.0,25654000.0,25654000.0,25654000.0,-190000.0,0.0,0.432,16780000.0,42355000.0,21298000.0,1.048,15.111,12.377,11.853,1021010000.0,0.0,23.35,9.194,9.186,0.0,-62377000.0,59425000.0,59425000.0,0.0,,,,,165000.0,4302000.0,1.0,83891281.0,83820000,84565000.0,0.709,1073003000.0,0.0,0.0,30394000.0,12.801,
69,VTR,MRQ,2004-03-31,2004-03-31,2004-03-31,2021-09-23,-23341000.0,1007319000.0,,,,,1.394,-176670000.0,20707000.0,20707000.0,207000.0,23275000.0,,7.844,782362000.0,,,782362000.0,14718000.0,10858000.0,0.0,0.041,0.325,38504000.0,49362000.0,0.915,49362000.0,38504000.0,23275000.0,0.28,0.28,0.28,113893000.0,,113893000.0,2792004370.0,13.0,11.093,-136985000.0,-1.677,1.0,53736000.0,0.996,0.0,15229000.0,1768974000.0,,0.0,0.0,,,893426000.0,,,2241121370.0,-80381000.0,0.0,66193000.0,39061000.0,-48838000.0,56416000.0,-176482000.0,55000.0,39685000.0,0.0,23275000.0,23275000.0,23275000.0,-184000.0,0.0,0.431,15416000.0,38320000.0,18853000.0,1.161,19.677,15.067,14.774,963033000.0,0.0,27.48,11.113,11.134,0.0,-60740000.0,53943000.0,53943000.0,0.0,,,,,385000.0,4224000.0,1.0,81554635.0,81703000,82760000.0,0.66,1007319000.0,0.0,0.0,30394000.0,12.329,
70,VTR,MRQ,2003-12-31,2003-12-31,2003-12-31,2021-09-23,-18294000.0,812850000.0,,,,,0.702,139164000.0,89679000.0,89679000.0,0.0,77124000.0,,13.434,640562000.0,,,640562000.0,15308000.0,10106000.0,0.0,0.049,0.268,92877000.0,102983000.0,2.089,102983000.0,92877000.0,77124000.0,0.97,0.96,0.97,56315000.0,,56315000.0,2423561344.0,11.0,9.099,168682000.0,2.103,1.0,49299000.0,1.0,0.0,15753000.0,1363733000.0,,0.0,0.0,,,756535000.0,,,1762324344.0,72009000.0,20223000.0,11757000.0,-38800000.0,0.0,-35618000.0,78109000.0,-20486000.0,29518000.0,0.0,77124000.0,77124000.0,77124000.0,-62444000.0,0.0,1.564,13614000.0,35685000.0,14968000.0,0.276,31.294,10.828,10.732,697745000.0,0.0,22.0,9.051,8.964,0.0,-56790000.0,49299000.0,49299000.0,0.0,,,,,849000.0,3439000.0,1.0,80105652.0,80195000,81243000.0,0.615,812850000.0,0.0,0.0,30394000.0,10.136,
71,VTR,MRQ,2003-09-30,2003-09-30,2003-09-30,2021-09-23,-30667000.0,774400000.0,,,,,-0.299,-220000.0,18125000.0,18125000.0,0.0,32212000.0,,-33.668,679362000.0,,,679362000.0,16309000.0,10238000.0,0.0,0.061,0.268,46525000.0,56763000.0,1.126,56763000.0,46525000.0,32212000.0,0.41,0.4,0.41,-23705000.0,,-23705000.0,2063094773.0,13.0,10.252,33612000.0,0.423,1.0,50401000.0,1.0,0.0,14313000.0,1435637000.0,,0.0,3822000.0,,,798105000.0,,,1359138773.0,922000.0,0.0,9571000.0,-40818000.0,-21336000.0,-52583000.0,19673000.0,17631000.0,33832000.0,0.0,32212000.0,32212000.0,32212000.0,-1820000.0,0.0,0.639,13813000.0,36588000.0,13727000.0,0.654,-57.336,14.296,14.149,730703000.0,0.0,17.12,7.466,7.466,0.0,-112302000.0,50401000.0,50401000.0,0.0,,,,,309000.0,3552000.0,1.0,79388947.0,79389000,80258000.0,0.635,774400000.0,0.0,0.0,30394000.0,9.754,
72,VTR,MRQ,2003-06-30,2003-06-30,2003-06-30,2021-09-23,-33382000.0,800602000.0,,,,,-0.598,3000.0,16204000.0,16204000.0,0.0,16129000.0,,-17.96,720160000.0,,,720160000.0,16916000.0,10798000.0,0.0,0.067,0.268,31791000.0,42589000.0,0.887,42589000.0,31791000.0,16129000.0,0.2,0.2,0.2,-47204000.0,,-47204000.0,1925484051.0,13.0,10.265,38173000.0,0.484,1.0,48016000.0,1.0,0.0,15662000.0,1504558000.0,,0.0,17678000.0,,,847806000.0,,,1197700051.0,6090000.0,0.0,1241000.0,-30302000.0,-21169000.0,-94005000.0,61925000.0,3025000.0,38170000.0,0.0,16129000.0,16129000.0,16129000.0,-1000000.0,0.0,0.336,18147000.0,29869000.0,19940000.0,1.34,-25.373,14.98,14.429,743141000.0,0.0,15.15,6.709,6.698,0.0,-123177000.0,48016000.0,48016000.0,0.0,,,,,310000.0,3782000.0,1.0,79056109.0,78935000,79575000.0,0.608,800602000.0,0.0,0.0,30394000.0,10.143,
73,VTR,MRQ,2003-03-31,2003-03-31,2003-03-31,2021-09-23,-32574000.0,878094000.0,,,,,-0.542,-41000.0,22658000.0,22658000.0,0.0,37288000.0,,-21.533,750442000.0,,,750442000.0,18248000.0,10801000.0,0.0,0.084,0.268,53220000.0,64021000.0,1.362,64021000.0,53220000.0,37288000.0,0.47,0.47,0.47,-42766000.0,,-42766000.0,1602077872.0,10.0,8.01,35805000.0,0.454,1.0,47003000.0,1.0,0.0,15932000.0,1605878000.0,,0.0,14572000.0,,,920860000.0,,,916776872.0,628000.0,0.0,35000.0,5367000.0,-37742000.0,-35212000.0,-6000.0,35000.0,35846000.0,0.0,37288000.0,37288000.0,37288000.0,-1354000.0,0.0,0.793,15301000.0,31702000.0,17769000.0,0.57,-21.437,10.153,9.431,818043000.0,0.0,11.6,5.102,5.089,0.0,-118137000.0,47003000.0,47003000.0,0.0,,,,,291000.0,3900000.0,1.0,79032489.0,78834000,79296000.0,0.596,878094000.0,0.0,0.0,30394000.0,11.139,
74,VTR,MRQ,2002-12-31,2002-12-31,2002-12-31,2021-09-23,-26116000.0,895780000.0,,,,,-0.759,-24452000.0,22408000.0,22408000.0,0.0,9444000.0,,-17.704,707709000.0,,,707709000.0,18883000.0,10776000.0,0.0,0.083,0.237,27085000.0,37861000.0,1.034,37861000.0,27085000.0,9444000.0,0.13,0.13,0.13,-53627000.0,,-53627000.0,1559800121.0,11.0,8.763,-4754000.0,-0.067,1.0,36632000.0,1.0,0.0,17641000.0,1581081000.0,,0.0,16713000.0,,,949407000.0,,,797653121.0,-1666000.0,6950000.0,94609000.0,-44253000.0,0.0,47559000.0,-68923000.0,-22801000.0,19698000.0,0.0,9444000.0,9444000.0,9444000.0,-2813000.0,0.0,0.258,13280000.0,23352000.0,25402000.0,1.823,-14.874,12.14,12.053,828802000.0,0.0,11.45,4.507,4.485,0.0,-134279000.0,36632000.0,36632000.0,0.0,,,,,362000.0,3190000.0,1.0,69664028.0,70659000,71226000.0,0.518,895780000.0,0.0,0.0,30394000.0,12.678,
75,VTR,MRQ,2002-09-30,2002-09-30,2002-09-30,2021-09-23,-10232000.0,857243000.0,,,,,-1.818,-101000.0,23777000.0,23777000.0,0.0,17093000.0,,-7.824,785924000.0,,,785924000.0,19029000.0,10414000.0,0.0,0.072,0.237,32700000.0,43114000.0,0.92,43114000.0,32700000.0,14893000.0,0.25,0.24,0.25,-125625000.0,,-125625000.0,1711018204.0,12.0,9.0,40123000.0,0.581,1.0,46878000.0,1.0,0.0,17807000.0,1619390000.0,,0.0,34098000.0,,,982868000.0,,,926375204.0,785000.0,0.0,2591000.0,-21727000.0,-16488000.0,-40999000.0,1560000.0,1661000.0,40224000.0,0.0,17093000.0,17093000.0,17093000.0,-758000.0,0.0,0.365,14936000.0,31942000.0,20873000.0,0.948,-7.374,11.728,11.763,769981000.0,0.0,13.41,4.83,4.832,0.0,-127126000.0,46878000.0,46878000.0,0.0,,,,,354000.0,3310000.0,1.0,69080925.0,69098000,70047000.0,0.678,857243000.0,0.0,-2200000.0,30394000.0,12.406,
76,VTR,MRQ,2002-06-30,2002-06-30,2002-06-30,2021-09-23,23604000.0,880869000.0,,,,,-1.385,-1609000.0,23020000.0,23020000.0,0.0,26468000.0,,-10.236,807663000.0,,,807663000.0,19653000.0,10452000.0,0.0,0.092,0.237,44566000.0,55018000.0,1.119,55018000.0,44566000.0,26468000.0,0.38,0.38,0.38,-95375000.0,,-95375000.0,1682858434.0,11.0,8.903,30676000.0,0.446,1.0,49169000.0,1.0,0.0,18098000.0,1665512000.0,,0.0,42727000.0,,,976244000.0,,,880589434.0,-5945000.0,0.0,-5000.0,-39020000.0,-16407000.0,-70852000.0,32622000.0,5611000.0,32285000.0,0.0,26468000.0,26468000.0,26468000.0,-23380000.0,0.0,0.538,15657000.0,33512000.0,30049000.0,0.624,-9.233,12.394,12.5,780340000.0,0.0,12.75,4.589,4.574,0.0,-127731000.0,49169000.0,49169000.0,0.0,,,,,715000.0,3537000.0,1.0,69065838.0,68850000,70002000.0,0.714,880869000.0,0.0,0.0,30394000.0,12.794,
77,VTR,MRQ,2002-03-31,2002-03-31,2002-03-31,2021-09-23,35522000.0,891632000.0,,,,,-1.372,1474000.0,29275000.0,29275000.0,0.0,12701000.0,,-10.459,831544000.0,,,831544000.0,20400000.0,10466000.0,0.0,0.109,0.237,32441000.0,42907000.0,0.924,42907000.0,32441000.0,12701000.0,0.18,0.18,0.18,-94266000.0,,-94266000.0,1682638107.0,13.0,9.573,25652000.0,0.373,1.0,46444000.0,1.0,0.0,19740000.0,1693901000.0,,0.0,43751000.0,,,985898000.0,,,873639107.0,-9315000.0,0.0,-40000.0,-16824000.0,-17230000.0,-34094000.0,601000.0,-873000.0,24178000.0,0.0,12701000.0,12701000.0,12701000.0,-1171000.0,0.0,0.273,15174000.0,31270000.0,17218000.0,1.317,-9.268,16.581,16.645,795420000.0,0.0,12.65,4.611,4.587,0.0,-137793000.0,46444000.0,46444000.0,0.0,,,,,422000.0,2876000.0,1.0,69062380.0,68698000,69844000.0,0.676,891632000.0,0.0,0.0,30394000.0,12.979,
78,VTR,MRQ,2001-12-31,2001-12-31,2001-12-31,2021-09-23,36174000.0,941859000.0,,,,,-1.329,-897000.0,39369000.0,39369000.0,0.0,22725000.0,,-11.342,848368000.0,,,848368000.0,21027000.0,10523000.0,0.0,0.099,0.26,38559000.0,49082000.0,0.996,49082000.0,38559000.0,22902000.0,0.33,0.33,0.33,-91074000.0,,-91074000.0,1599110310.0,12.0,9.122,17672000.0,0.258,1.0,49292000.0,1.0,0.0,15657000.0,1750858000.0,,0.0,55118000.0,,,1032933000.0,,,791660310.0,-5231000.0,3420000.0,-34000.0,-8580000.0,-15148000.0,-26277000.0,2477000.0,-46000.0,18569000.0,0.0,22725000.0,22725000.0,22725000.0,-2750000.0,0.0,0.461,12451000.0,36841000.0,18154000.0,0.788,-8.692,15.656,15.541,806336000.0,0.0,11.5,4.166,4.14,0.0,-134088000.0,49292000.0,49292000.0,0.0,,,,,448000.0,3567000.0,1.0,68840027.0,68511000,69687000.0,0.719,941859000.0,0.0,177000.0,30394000.0,13.748,
79,VTR,MRQ,2001-09-30,2001-09-30,2001-09-30,2021-09-23,50875000.0,962782000.0,,,,,-1.192,619000.0,42566000.0,42566000.0,0.0,9157000.0,,-12.794,850016000.0,,,850016000.0,21655000.0,10510000.0,0.0,0.108,0.44,31512000.0,42022000.0,0.894,42022000.0,31512000.0,9626000.0,0.13,0.13,0.13,-81630000.0,,-81630000.0,1559515781.0,47.0,20.744,18490000.0,0.27,1.0,47002000.0,1.0,0.0,21886000.0,1770232000.0,,0.0,88412000.0,,,1044412000.0,,,746842781.0,443000.0,0.0,0.0,-404000.0,-15148000.0,-18001000.0,573000.0,-46000.0,17871000.0,0.0,9157000.0,9157000.0,9157000.0,-303000.0,0.0,0.195,15793000.0,31209000.0,13700000.0,3.385,-9.149,-13.233,-13.072,816740000.0,0.0,10.85,3.745,3.726,0.0,-138899000.0,47002000.0,47002000.0,0.0,,,,,444000.0,3297000.0,1.0,68833436.0,68491000,69584000.0,0.686,962782000.0,0.0,469000.0,30506000.0,14.057,
80,VTR,MRQ,2001-06-30,2001-06-30,2001-06-30,2021-09-23,1460000.0,901133000.0,,,,,-1.613,-74000.0,37747000.0,37747000.0,0.0,8105000.0,,-9.165,850420000.0,,,850420000.0,22282000.0,10507000.0,0.0,0.123,0.44,31246000.0,41753000.0,0.894,41753000.0,31246000.0,9289000.0,0.12,0.12,0.12,-110369000.0,,-110369000.0,1548760127.0,46.0,20.395,20281000.0,0.296,1.0,46722000.0,1.0,0.0,21957000.0,1713806000.0,,0.0,18200000.0,,,1011502000.0,,,752473127.0,-31714000.0,0.0,537000.0,-965000.0,-15124000.0,-52334000.0,265000.0,339000.0,20355000.0,0.0,8105000.0,8105000.0,8105000.0,-521000.0,0.0,0.173,15997000.0,30725000.0,13052000.0,3.667,-6.818,-13.198,-13.193,827596000.0,0.0,10.95,3.527,3.511,0.0,-117763000.0,46722000.0,46722000.0,0.0,,,,,439000.0,3690000.0,1.0,68719007.0,68409000,69307000.0,0.683,901133000.0,2036000.0,1184000.0,30506000.0,13.173,
81,VTR,MRQ,2001-03-31,2001-03-31,2001-03-31,2021-09-23,-28000.0,938689000.0,,,,,-1.552,-95000.0,55098000.0,55098000.0,0.0,10579000.0,,-9.863,851385000.0,,,851385000.0,0.0,10498000.0,0.0,0.107,0.0,32375000.0,42873000.0,0.9,42873000.0,32375000.0,11254000.0,0.16,0.15,0.16,-105907000.0,,-105907000.0,1408783816.0,42.0,18.532,23003000.0,0.337,1.0,47624000.0,1.0,0.0,21121000.0,1734976000.0,,0.0,0.0,,,1044596000.0,,,581553816.0,-32303000.0,0.0,0.0,-35000000.0,-19846000.0,-54846000.0,-555000.0,-460000.0,23098000.0,0.0,10579000.0,10579000.0,10579000.0,0.0,0.0,0.222,15249000.0,32375000.0,14315000.0,0.0,-5.491,-10.095,-10.119,838071000.0,0.0,8.5,2.567,2.559,0.0,-110745000.0,47624000.0,47624000.0,0.0,,,,,403000.0,4348000.0,1.0,68418096.0,68222000,68872000.0,0.698,938689000.0,3211000.0,675000.0,60770000.0,13.759,
82,VTR,MRQ,2000-12-31,2000-12-31,2000-12-31,2021-09-23,0.0,981145000.0,,,,,-1.726,5170000.0,114294000.0,114294000.0,0.0,-84278000.0,,-9.349,886385000.0,,,886385000.0,0.0,10525000.0,0.0,0.162,0.29,-61995000.0,-51470000.0,-0.886,-51470000.0,-61995000.0,-84278000.0,-1.24,-1.24,-1.24,-117514000.0,,-117514000.0,1212081790.0,43.0,17.221,28273000.0,0.415,1.0,58097000.0,1.0,0.0,22283000.0,1753236000.0,,0.0,0.0,,,1098659000.0,,,384851790.0,-8737000.0,0.0,8000.0,-36983000.0,1000.0,-36974000.0,5134000.0,-36000.0,23103000.0,0.0,-84278000.0,-84278000.0,-84278000.0,-1283000.0,0.0,-1.451,122332000.0,-64235000.0,13720000.0,-0.234,-3.275,-5.88,-5.859,848545000.0,0.0,5.625,1.617,1.607,0.0,-121323000.0,58097000.0,58097000.0,0.0,,,,,295000.0,3768000.0,1.0,68418096.0,68082000,68293000.0,0.853,981145000.0,3211000.0,0.0,30506000.0,14.411,
83,VTR,MRQ,2000-09-30,2000-09-30,2000-09-30,2021-09-23,0.0,1005951000.0,,,,,-0.201,0.0,96138000.0,96138000.0,0.0,8581000.0,,-74.513,923368000.0,,,923368000.0,0.0,10542000.0,0.0,0.124,0.62,32242000.0,42784000.0,0.703,42784000.0,32242000.0,8581000.0,0.13,0.13,0.13,-13684000.0,,-13684000.0,1149794700.0,11.0,7.969,22700000.0,0.334,1.0,60879000.0,1.0,0.0,23661000.0,1833181000.0,,0.0,0.0,,,1019635000.0,,,342074700.0,-19510000.0,0.0,0.0,0.0,-42435000.0,-42435000.0,0.0,0.0,22700000.0,0.0,8581000.0,8581000.0,8581000.0,0.0,0.0,0.141,28637000.0,32242000.0,13583000.0,4.769,-24.998,43.688,41.667,863109000.0,0.0,5.0,1.431,1.423,0.0,-17199000.0,60879000.0,60879000.0,0.0,,,,,309000.0,5318000.0,1.0,68414940.0,68037000,68224000.0,0.895,1005951000.0,2350000.0,0.0,61079000.0,14.785,
84,VTR,MRQ,2000-06-30,2000-06-30,2000-06-30,2021-09-23,0.0,1034266000.0,,,,,0.292,0.0,115648000.0,115648000.0,0.0,7512000.0,,51.101,923368000.0,,,923368000.0,0.0,10544000.0,0.0,0.0,0.0,31289000.0,41833000.0,0.698,41833000.0,31289000.0,7512000.0,0.11,0.11,0.11,19851000.0,,19851000.0,1020867034.0,10.0,6.904,-6001000.0,-0.088,1.0,59974000.0,1.0,0.0,23777000.0,1841986000.0,,0.0,0.0,,,1014415000.0,,,219147034.0,-6000000.0,0.0,1000.0,0.0,0.0,1000.0,0.0,0.0,-6001000.0,0.0,7512000.0,7512000.0,7512000.0,0.0,0.0,0.125,28685000.0,31289000.0,11173000.0,0.0,11.04,17.852,17.794,873632000.0,0.0,3.203,0.923,0.917,0.0,16655000.0,59974000.0,59974000.0,0.0,,,,,330000.0,5749000.0,1.0,68419305.0,68027000,68101000.0,0.882,1034266000.0,0.0,0.0,58269000.0,15.204,
85,VTR,MRQ,2000-03-31,2000-03-31,2000-03-31,2021-09-23,0.0,1024288000.0,,,,,0.177,0.0,121648000.0,121648000.0,0.0,2733000.0,,84.293,923368000.0,,,923368000.0,0.0,10653000.0,0.0,0.0,0.0,26582000.0,37235000.0,0.63,37235000.0,26582000.0,2733000.0,0.04,0.04,0.04,12009000.0,,12009000.0,1059786003.0,9.0,6.658,45536000.0,0.671,1.0,59100000.0,1.0,0.0,23849000.0,1826008000.0,,0.0,0.0,,,1012279000.0,,,225133003.0,-17946000.0,0.0,13000.0,-63495000.0,0.0,-63482000.0,0.0,0.0,45536000.0,0.0,2733000.0,2733000.0,2733000.0,0.0,0.0,0.046,28311000.0,30789000.0,9981000.0,0.0,18.747,9.031,8.954,884157000.0,0.0,3.313,0.956,0.955,0.0,9142000.0,59100000.0,59100000.0,0.0,,,,,405000.0,5591000.0,1.0,67954423.0,67898000,67912000.0,0.87,1024288000.0,0.0,0.0,57325000.0,15.086,
86,VTR,MRQ,1999-12-31,1999-12-31,1999-12-31,2021-09-23,0.0,1071199000.0,,,,,0.123,0.0,139594000.0,139594000.0,0.0,-10996000.0,,127.364,974247000.0,,,974247000.0,0.0,9968000.0,0.0,0.093,0.0,12461000.0,22429000.0,0.379,22429000.0,12461000.0,-10996000.0,-0.16,-0.16,-0.16,8345000.0,,8345000.0,1139889393.0,9.0,6.548,23437000.0,0.346,1.0,59138000.0,1.0,0.0,23457000.0,1905852000.0,,0.0,0.0,,,1062854000.0,,,284613393.0,19742000.0,0.0,0.0,-3816000.0,0.0,-3816000.0,121000.0,121000.0,23437000.0,0.0,-10996000.0,-10996000.0,-10996000.0,0.0,0.0,-0.186,46931000.0,12207000.0,9886000.0,0.0,34.106,6.691,6.648,894791000.0,0.0,4.188,1.222,1.218,0.0,6409000.0,59138000.0,59138000.0,0.0,,,,,221000.0,7955000.0,1.0,67959263.0,67787000,67797000.0,0.872,1071199000.0,26610000.0,0.0,30506000.0,15.802,
87,VTR,MRQ,1999-09-30,1999-09-30,1999-09-30,2021-09-23,0.0,1051997000.0,,,,,0.282,255000.0,119852000.0,119852000.0,0.0,13027000.0,,54.021,975128000.0,,,975128000.0,0.0,10945000.0,0.0,0.082,0.0,35425000.0,46370000.0,0.782,46370000.0,35425000.0,13027000.0,0.19,0.19,0.19,19120000.0,,19120000.0,1228751366.0,14.0,12.491,28712000.0,0.424,1.0,59311000.0,1.0,0.0,22398000.0,1907273000.0,,0.0,0.0,,,1032877000.0,,,322812366.0,49782000.0,0.0,0.0,-881000.0,0.0,20724000.0,601000.0,295000.0,28457000.0,0.0,13027000.0,13027000.0,13027000.0,0.0,0.0,0.22,23886000.0,35425000.0,5638000.0,0.0,16.883,6.683,8.051,906624000.0,0.0,4.75,-0.544,-0.543,15134000.0,17405000.0,59311000.0,59311000.0,0.0,,,,,216000.0,5226000.0,1.0,67960498.0,67773000,68002000.0,0.875,1051997000.0,0.0,0.0,30506000.0,15.522,
88,VTR,MRQ,1999-06-30,1999-06-30,1999-06-30,2021-09-23,0.0,1018177000.0,,,,,0.087,-178000.0,70070000.0,70070000.0,0.0,20166000.0,,172.248,976009000.0,,,976009000.0,0.0,10945000.0,0.0,0.073,0.0,42188000.0,53133000.0,0.918,53133000.0,42188000.0,20166000.0,0.3,0.3,0.3,5877000.0,,5877000.0,1283690029.0,13.0,12.28,12500000.0,0.184,1.0,57909000.0,1.0,0.0,22022000.0,1924116000.0,,0.0,0.0,,,1012300000.0,,,365298029.0,11573000.0,0.0,4000.0,-880000.0,0.0,-876000.0,-229000.0,0.0,12678000.0,0.0,20166000.0,20166000.0,20166000.0,0.0,0.0,0.348,15721000.0,42188000.0,5785000.0,0.0,62.157,7.586,9.11,917568000.0,0.0,5.375,-0.613,-0.612,18883000.0,4378000.0,57909000.0,57909000.0,0.0,,,,,215000.0,4562000.0,1.0,67962424.0,67811000,68008000.0,0.854,1018177000.0,0.0,0.0,30506000.0,15.015,
89,VTR,MRQ,1999-03-31,1999-03-31,1999-03-31,2021-09-23,0.0,999498000.0,,,,,-0.214,-122000.0,58497000.0,58497000.0,0.0,20338000.0,,-69.893,976889000.0,,,976889000.0,0.0,10945000.0,0.0,0.065,0.39,41214000.0,52159000.0,0.921,52159000.0,41214000.0,20338000.0,0.3,0.3,0.3,-14508000.0,,-14508000.0,1338163686.0,18.0,16.902,38886000.0,0.574,1.0,56633000.0,1.0,0.0,20876000.0,1917890000.0,,0.0,0.0,,,1014006000.0,,,407374686.0,58159000.0,0.0,0.0,45762000.0,-26489000.0,19273000.0,-122000.0,0.0,39008000.0,0.0,20338000.0,20338000.0,20338000.0,0.0,0.0,0.359,15419000.0,41214000.0,0.0,1.3,-28.079,14.438,14.634,928512000.0,0.0,6.0,-0.661,-0.659,0.0,-15788000.0,56633000.0,56633000.0,0.0,,,,,652000.0,2551000.0,1.0,67895781.0,67712000,67976000.0,0.836,999498000.0,0.0,0.0,30506000.0,14.761,
90,VTR,MRQ,1998-12-31,1998-12-31,1998-12-31,2021-09-23,0.0,959706000.0,,,,,-0.133,71554000.0,338000.0,338000.0,0.0,-5228000.0,,-107.527,931127000.0,,,931127000.0,0.0,-24634000.0,0.0,0.0,0.0,-28658000.0,-53292000.0,0.07,-53292000.0,-28658000.0,-14522000.0,-0.2,-0.2,-0.2,-9009000.0,,-9009000.0,1786253323.0,17.0,13.131,47779000.0,0.706,1.0,-766737000.0,1.0,0.0,-14136000.0,1890495000.0,,0.0,0.0,,,968715000.0,,,827077323.0,0.0,12275000.0,-102000.0,-31528000.0,0.0,-31630000.0,84678000.0,-4567000.0,-23775000.0,,-5228000.0,-5228000.0,-5228000.0,0.0,0.0,0.007,-738055000.0,-28682000.0,7082000.0,0.0,-91.806,30.91,31.256,939460000.0,0.0,12.19,5.509,5.495,6967000.0,-9637000.0,-766737000.0,-766737000.0,0.0,,,,,221000.0,-478047000.0,1.0,67848837.0,67681000,67865000.0,-11.329,959706000.0,0.0,-9294000.0,30506000.0,14.18,
91,VTR,MRQ,1998-09-30,1998-09-30,1998-09-30,2021-09-23,0.0,960003000.0,,,,,-0.357,-6219000.0,2373000.0,2373000.0,0.0,12877000.0,,-40.715,961549000.0,,,961549000.0,0.0,10729000.0,0.0,0.0,0.0,41810000.0,52539000.0,0.935,52539000.0,41810000.0,20820000.0,0.19,0.19,0.19,-24172000.0,,-24172000.0,1784053424.0,8.0,5.796,20634000.0,0.305,1.0,56199000.0,1.0,0.0,20990000.0,1919179000.0,,0.0,0.0,,,984175000.0,,,805723424.0,0.0,0.0,5000.0,-18266000.0,0.0,-18261000.0,-6219000.0,0.0,26853000.0,,12877000.0,12877000.0,12877000.0,0.0,0.0,0.229,13104000.0,43095000.0,0.0,0.0,-33.333,13.606,11.534,941760000.0,0.0,11.88,0.466,0.465,1592000.0,-24660000.0,56199000.0,56199000.0,0.0,,,,,128000.0,1761000.0,1.0,67821837.0,67688000,67853000.0,0.83,960003000.0,0.0,7943000.0,17225000.0,14.183,
92,VTR,MRQ,1998-06-30,1998-06-30,1998-06-30,2021-09-23,0.0,961189000.0,,,,,-0.582,-1184000.0,0.0,0.0,0.0,228000.0,,-25.386,978330000.0,,,978330000.0,0.0,7135000.0,0.0,0.0,0.0,20632000.0,27767000.0,0.743,27767000.0,20632000.0,5253000.0,0.12,0.12,0.12,-39416000.0,,-39416000.0,2836496314.0,10.0,7.379,24503000.0,0.362,1.0,37356000.0,1.0,0.0,15379000.0,1939519000.0,,0.0,0.0,,,1000605000.0,,,934094314.0,0.0,17700000.0,149000.0,-38462000.0,0.0,-38313000.0,12626000.0,0.0,25687000.0,,228000.0,228000.0,228000.0,0.0,0.0,0.006,8754000.0,28602000.0,800000.0,0.0,-23.698,11.268,10.23,945542000.0,0.0,13.81,0.371,0.372,0.0,-39772000.0,37356000.0,37356000.0,0.0,,,,,0.0,1619000.0,1.0,67638980.0,67772000,68021000.0,0.551,961189000.0,0.0,5025000.0,14957000.0,14.183,
93,VTR,MRQ,1998-03-31,1998-03-31,1998-03-31,2021-09-23,0.0,3388237000.0,,836173000.0,2552064000.0,,13.801,-78732000.0,51165000.0,51165000.0,0.0,18881000.0,1.899,2.64,1953567000.0,32666000.0,1920901000.0,1953567000.0,0.0,35470000.0,0.0,0.0,0.0,73553000.0,109023000.0,0.132,109023000.0,73553000.0,36358000.0,0.28,0.28,0.28,930833000.0,,930833000.0,2874627655.0,9.0,6.152,-20740000.0,-0.307,1.0,823316000.0,1.0,669327000.0,37195000.0,4180920000.0,,27683000.0,181862000.0,0.0,181862000.0,2457404000.0,440392000.0,2017012000.0,1010008655.0,-31308000.0,-12275000.0,103000.0,2590000.0,0.0,2693000.0,-91993000.0,540000.0,57992000.0,0.0,18881000.0,18881000.0,18881000.0,0.0,0.0,0.023,750943000.0,72373000.0,97646000.0,0.0,1.085,8.553,8.653,1571096000.0,0.0,14.97,0.31,0.31,633775000.0,300684000.0,823316000.0,823316000.0,0.0,,,,,0.0,480364000.0,1.0,67468848.0,67448000,67857000.0,12.207,2718910000.0,77921000.0,17477000.0,0.0,40.311,395781000.0
94,VTR,MRQ,1997-12-31,1997-12-31,1997-12-31,2021-09-23,0.0,3334739000.0,,858148000.0,2476591000.0,,14.329,-79527000.0,82473000.0,82473000.0,0.0,27234000.0,2.078,2.683,1947092000.0,27468000.0,1919624000.0,1947092000.0,0.0,36629000.0,0.0,0.0,0.0,81868000.0,118497000.0,0.146,118497000.0,81868000.0,45239000.0,0.44,0.4,0.44,905350000.0,,905350000.0,2695956737.0,8.0,6.033,33189000.0,0.525,1.0,812273000.0,1.0,659311000.0,36629000.0,4126985000.0,,27605000.0,178301000.0,0.0,178301000.0,2429389000.0,413062000.0,2016327000.0,852287737.0,8478000.0,21336000.0,-76450000.0,28501000.0,0.0,-47950000.0,-56288000.0,5341000.0,112716000.0,0.0,27234000.0,27234000.0,27234000.0,0.0,0.0,0.034,731390000.0,80883000.0,106019000.0,0.0,0.941,6.509,6.432,1507818000.0,0.0,12.22,0.274,0.27,619068000.0,281803000.0,812273000.0,812273000.0,0.0,,,,,0.0,461712000.0,1.0,69745314.0,63181000,68307000.0,12.856,2675428000.0,73413000.0,18005000.0,0.0,42.345,445086000.0
95,VTR,MRQ,1997-09-30,1997-09-30,1997-09-30,2021-09-23,0.0,3348207000.0,,928354000.0,2419853000.0,,13.315,-69245000.0,73995000.0,73995000.0,0.0,36556000.0,2.169,2.528,1917664000.0,27385000.0,1890279000.0,1917664000.0,0.0,33385000.0,0.0,0.0,0.0,95727000.0,129112000.0,0.153,129112000.0,95727000.0,60954000.0,0.51,0.51,0.51,948911000.0,,948911000.0,3282896416.0,18.0,11.075,-34774000.0,-0.488,1.0,844740000.0,1.0,720040000.0,34773000.0,4043836000.0,,35731000.0,175915000.0,0.0,175915000.0,2399296000.0,428000000.0,1971296000.0,1429606416.0,-32481000.0,-14554000.0,5818000.0,22511000.0,0.0,28201000.0,-95153000.0,3288000.0,34471000.0,0.0,36556000.0,36556000.0,36556000.0,0.0,0.0,0.043,750426000.0,94314000.0,109801000.0,0.0,1.507,23.958,23.977,1450596000.0,0.0,20.62,0.481,0.495,664857000.0,254569000.0,844740000.0,844740000.0,0.0,,,,,0.0,479962000.0,1.0,69331058.0,71266000,71277000.0,11.853,2628167000.0,103363000.0,24398000.0,0.0,36.878,500354000.0
96,VTR,MRQ,1997-06-30,1997-06-30,1997-06-30,2021-09-23,0.0,3410057000.0,,938646000.0,2471411000.0,,12.358,-72013000.0,106476000.0,106476000.0,0.0,35420000.0,2.053,2.886,1959766000.0,24747000.0,1935019000.0,1959766000.0,0.0,29479000.0,0.0,0.0,0.0,81120000.0,110599000.0,0.142,110599000.0,81120000.0,60446000.0,0.5,0.5,0.5,877587000.0,,877587000.0,2653869670.0,17.0,10.264,-8296000.0,-0.117,1.0,778295000.0,1.0,699671000.0,20674000.0,4106567000.0,,36525000.0,85974000.0,0.0,85974000.0,2532470000.0,457109000.0,2075361000.0,1457826670.0,-4839000.0,-606715000.0,2209000.0,613236000.0,0.0,615445000.0,-684001000.0,-3641000.0,63717000.0,0.0,35420000.0,35420000.0,35420000.0,0.0,0.0,0.046,697331000.0,80964000.0,146427000.0,0.0,1.661,25.723,25.446,1587946000.0,0.0,21.12,0.525,0.54,639889000.0,218013000.0,778295000.0,778295000.0,0.0,,,,,0.0,449806000.0,1.0,69025884.0,71016000,71144000.0,10.959,2710386000.0,103556000.0,25026000.0,0.0,38.166,481537000.0
97,VTR,MRQ,1997-03-31,1997-03-31,1997-03-31,2021-09-23,0.0,2660706000.0,,841009000.0,1819697000.0,,12.092,-60887000.0,111315000.0,111315000.0,0.0,31723000.0,2.035,2.192,1307358000.0,20515000.0,1286843000.0,1307358000.0,0.0,24372000.0,0.0,,0.0,64292000.0,88664000.0,0.13,88664000.0,64292000.0,53632000.0,0.46,0.45,0.46,833483000.0,,833483000.0,,,,-860000.0,-0.012,1.0,680696000.0,1.0,374573000.0,10660000.0,3068857000.0,,32848000.0,0.0,0.0,0.0,1827223000.0,413319000.0,1413904000.0,,-1151000.0,-335768000.0,604000.0,336514000.0,0.0,337040000.0,-398218000.0,-814000.0,60027000.0,0.0,31723000.0,31723000.0,31723000.0,0.0,0.0,0.047,615712000.0,64984000.0,130157000.0,0.0,,,,1353882000.0,0.0,,,,584253000.0,182593000.0,680696000.0,680696000.0,0.0,,,,,0.0,396573000.0,1.0,68938295.0,68929000,70207000.0,9.875,2286133000.0,70596000.0,21909000.0,0.0,33.166,427690000.0
98,VTR,MRQ,1996-12-31,1996-12-31,1996-12-31,2021-09-23,0.0,1968856000.0,,661133000.0,1307723000.0,,12.001,-49590000.0,112466000.0,112466000.0,0.0,-44028000.0,1.939,1.47,765199000.0,54692000.0,710507000.0,765199000.0,0.0,25107000.0,0.0,,0.0,-57050000.0,-31943000.0,-0.048,-31943000.0,-57050000.0,-66467000.0,-0.61,-0.62,-0.61,797091000.0,,797091000.0,,,,-31456000.0,-0.474,1.0,666341000.0,1.0,14644000.0,9417000.0,2265935000.0,,24939000.0,14837000.0,0.0,14837000.0,1171765000.0,341010000.0,830755000.0,,-31518000.0,44000.0,-11603000.0,-7079000.0,0.0,-18682000.0,-30970000.0,23562000.0,18134000.0,0.0,-44028000.0,-44028000.0,-44028000.0,0.0,0.0,-0.066,725584000.0,-59243000.0,103518000.0,0.0,,,,1193162000.0,0.0,,,,420758000.0,150870000.0,666341000.0,666341000.0,0.0,,,,,0.0,379391000.0,1.0,68938295.0,66416000,70408000.0,10.033,1954212000.0,67808000.0,-22439000.0,0.0,29.424,320123000.0
99,VTR,MRQ,1996-09-30,1996-09-30,1996-09-30,2021-09-23,,,,,,,,-23983000.0,,,0.0,33558000.0,,,,,,,,24787000.0,,,0.0,66449000.0,91236000.0,0.14,91236000.0,66449000.0,54565000.0,0.48,0.48,0.48,,,,,,,24396000.0,0.348,1.0,650551000.0,1.0,,11884000.0,,,,,,,,,,,89622000.0,-18122000.0,9859000.0,40066000.0,0.0,49733000.0,-8490000.0,31310000.0,48379000.0,0.0,33558000.0,33558000.0,33558000.0,0.0,0.0,0.052,587234000.0,63317000.0,,0.0,,,,,0.0,,,,,,650551000.0,650551000.0,0.0,,,,,0.0,372524000.0,1.0,,70028000,70028000.0,9.29,,,21007000.0,,,
100,VTR,MRQ,1996-06-30,1996-06-30,1996-06-30,2021-09-23,,,,,,,,-34402000.0,,,0.0,30865000.0,,,,,,,,24846000.0,,,0.0,62329000.0,87175000.0,0.137,87175000.0,62329000.0,50188000.0,0.43,0.43,0.43,,,,,,,44644000.0,0.626,1.0,634554000.0,1.0,,12141000.0,,,,,,,,,,,13043000.0,593000.0,28000.0,-56838000.0,0.0,-56591000.0,-9412000.0,21273000.0,79046000.0,0.0,30865000.0,30865000.0,30865000.0,0.0,0.0,0.049,575525000.0,59029000.0,,0.0,,,,,0.0,,,,,,634554000.0,634554000.0,0.0,,,,,0.0,366705000.0,1.0,,71373000,71373000.0,8.891,,,19323000.0,,,
101,VTR,MRQ,1996-03-31,1996-03-31,1996-03-31,2021-09-23,,,,,,,,-27052000.0,,,0.0,27610000.0,,,,,,,,24793000.0,,,0.0,57374000.0,82167000.0,0.131,82167000.0,57374000.0,44894000.0,0.39,0.39,0.39,,,,,,,10928000.0,0.153,1.0,626337000.0,1.0,,12480000.0,,,,,,,,,,,6137000.0,396000.0,900000.0,-556000.0,0.0,271000.0,-32114000.0,1561000.0,37980000.0,0.0,27610000.0,27610000.0,27610000.0,0.0,0.0,0.044,572541000.0,53796000.0,,0.0,,,,,0.0,,,,,,626337000.0,626337000.0,0.0,,,,,0.0,372318000.0,1.0,,71455000,71455000.0,8.765,,,17284000.0,,,
0,VTR,MRT,2021-06-30,2021-06-30,2021-06-30,2021-09-23,-58290000.0,23504314000.0,23801616000.0,,,0.154,26.344,31268000.0,274768000.0,274768000.0,1940986000.0,158580000.0,,1.343,11967029000.0,,,11967029000.0,0.0,1076180000.0,0.0,0.032,1.8,604835000.0,1681015000.0,0.458,1681015000.0,604835000.0,154304000.0,0.41,0.41,0.41,9882699000.0,10057468250.0,9882699000.0,33176042802.0,55.0,19.736,1290289000.0,3.439,1.0,1728604000.0,0.471,1051832000.0,450531000.0,34144743000.0,34442151750.0,0.0,0.0,,,13267748000.0,,,21420529802.0,-758735000.0,-347268000.0,86018000.0,-1080175000.0,-674362000.0,-1702866000.0,-314890000.0,555000.0,1259021000.0,4367000.0,152384000.0,152384000.0,152384000.0,0.0,6196000.0,0.042,1181383000.0,547221000.0,1122171000.0,4.39,2.167,140.569,139.268,21220440000.0,0.0,57.1,5.837,5.837,0.0,-4340052000.0,3669590000.0,3669590000.0,0.0,0.006,0.015,0.018,0.165,31395000.0,128536000.0,1.0,375140627.0,375140627,,9.782,22452482000.0,11486000.0,1920000.0,68097000.0,59.851,
1,VTR,MRT,2021-03-31,2021-03-31,2021-03-31,2021-09-23,-52497000.0,23552263000.0,24072884500.0,,,0.153,26.611,-68219000.0,210212000.0,210212000.0,1945281000.0,-88943000.0,,1.328,11965725000.0,,,11965725000.0,0.0,1175074000.0,0.0,0.034,1.8,427070000.0,1602144000.0,0.434,1602144000.0,427070000.0,-36542000.0,-0.24,-0.24,-0.24,9970155000.0,10164596500.0,9970155000.0,31638003687.0,74.0,19.747,1305098000.0,3.483,1.0,1748313000.0,0.473,1051780000.0,463612000.0,34255996000.0,34728237250.0,0.0,0.0,,,13236024000.0,,,19984314687.0,-2680569000.0,-319465000.0,80257000.0,-2834578000.0,-801268000.0,-3588388000.0,-465498000.0,-77985000.0,1373317000.0,4522000.0,-91177000.0,-91177000.0,-91177000.0,0.0,2234000.0,-0.025,1332124000.0,416189000.0,1109279000.0,-7.5,2.004,-219.182,-222.25,21408041000.0,0.0,53.34,5.411,5.411,0.0,-4257001000.0,3693594000.0,3693594000.0,0.0,-0.004,-0.009,0.012,0.116,27045000.0,126028000.0,1.0,374659068.0,374659068,,9.859,22500483000.0,11610000.0,54635000.0,65777000.0,60.056,
2,VTR,MRT,2020-12-31,2020-12-31,2020-12-31,2021-09-23,-54354000.0,23929404000.0,24839275750.0,,,0.153,27.178,437062000.0,451640000.0,451640000.0,1939758000.0,441185000.0,,1.318,12105329000.0,,,12105329000.0,0.0,1109763000.0,0.0,0.044,2.143,812156000.0,1921919000.0,0.506,1921919000.0,812156000.0,342615000.0,1.18,1.17,1.18,10180167000.0,10330293250.0,10180167000.0,30035634806.0,37.0,15.628,1887238000.0,5.038,1.0,1855599000.0,0.489,1051650000.0,469541000.0,34531443000.0,35440255250.0,0.0,0.0,,,13415723000.0,,,18368950806.0,304450000.0,-286822000.0,70465000.0,-409012000.0,-928809000.0,-1300021000.0,154295000.0,3848000.0,1450176000.0,1088000.0,439149000.0,439149000.0,439149000.0,0.0,2036000.0,0.116,1294678000.0,560921000.0,1133066000.0,1.816,1.804,41.829,41.559,21599290000.0,0.0,49.04,4.84,4.84,0.0,-4030376000.0,3795357000.0,3795357000.0,0.0,0.018,0.043,0.023,0.214,21487000.0,130158000.0,1.0,374570775.0,374570775,,10.133,22877754000.0,9987000.0,-96534000.0,62638000.0,61.077,
3,VTR,MRT,2020-09-30,2020-09-30,2020-09-30,2021-09-23,-65042000.0,24220483000.0,25029976750.0,,,0.155,27.331,21570000.0,628490000.0,628490000.0,1957239000.0,342125000.0,,1.342,12295174000.0,,,12295174000.0,0.0,1196707000.0,0.0,0.059,2.485,717020000.0,1913727000.0,0.494,1913727000.0,717020000.0,244980000.0,0.9,0.89,0.9,10196852000.0,10396724500.0,10196852000.0,27404565808.0,38.0,14.32,1530218000.0,4.101,1.0,1912957000.0,0.494,1050742000.0,472040000.0,34836425000.0,35783623000.0,0.0,0.0,,,13683633000.0,,,15654753808.0,419761000.0,-9955000.0,41793000.0,-69458000.0,-1056294000.0,-1112092000.0,23205000.0,1835000.0,1508648000.0,133000.0,340141000.0,340141000.0,340141000.0,0.0,1984000.0,0.088,1412324000.0,500633000.0,1234933000.0,2.761,1.535,46.024,46.622,21745724000.0,0.0,41.96,4.045,4.045,0.0,-3972647000.0,3870196000.0,3870196000.0,0.0,0.014,0.033,0.02,0.185,24575000.0,137125000.0,1.0,373087555.0,373087555,,10.373,23169741000.0,304000.0,-95161000.0,53711000.0,62.103,
4,VTR,MRT,2020-06-30,2020-06-30,2020-06-30,2021-09-23,-82761000.0,24589388000.0,25175744250.0,,,0.156,27.638,-748258000.0,1029136000.0,1029136000.0,1923817000.0,415306000.0,,1.354,12778948000.0,,,12778948000.0,0.0,1181944000.0,0.0,0.077,2.828,793190000.0,1975134000.0,0.502,1975134000.0,793190000.0,322688000.0,1.1,1.09,1.1,10311212000.0,10513938000.0,10311212000.0,25198378556.0,32.0,12.758,680317000.0,1.824,1.0,2010594000.0,0.511,1050115000.0,470502000.0,35289085000.0,36036365000.0,0.0,0.0,,,13957558000.0,,,13662001556.0,891397000.0,-10614000.0,90011000.0,1312785000.0,-1182863000.0,192314000.0,-729492000.0,16098000.0,1428575000.0,-557000.0,412649000.0,412649000.0,412649000.0,0.0,2657000.0,0.105,1390473000.0,620121000.0,998186000.0,2.571,1.325,33.108,33.291,21740612000.0,0.0,36.62,3.472,3.472,0.0,-3816460000.0,3934411000.0,3934411000.0,0.0,0.016,0.039,0.022,0.202,27005000.0,143427000.0,1.0,373074865.0,373074865,,10.546,23539273000.0,304000.0,-89961000.0,56964000.0,63.095,
5,VTR,MRT,2020-03-31,2020-03-31,2020-03-31,2021-09-23,-103408000.0,26617828000.0,24775625000.0,,,0.159,28.517,-878882000.0,2886259000.0,2886259000.0,1861085000.0,786439000.0,,1.477,14422636000.0,,,14422636000.0,0.0,1058537000.0,0.0,0.118,3.17,1034018000.0,2092555000.0,0.531,2092555000.0,1034018000.0,576279000.0,2.1,2.09,2.1,10632942000.0,10641137750.0,10632942000.0,22256527623.0,22.0,10.636,537233000.0,1.441,1.0,2080845000.0,0.528,1050137000.0,457739000.0,37104068000.0,35286592250.0,0.0,0.0,,,15703730000.0,,,9992660623.0,2747558000.0,-8805000.0,878959000.0,2647050000.0,-1171150000.0,2331737000.0,-1000294000.0,-139830000.0,1416115000.0,-1530000.0,780348000.0,780348000.0,780348000.0,0.0,6091000.0,0.198,1233657000.0,847188000.0,1141309000.0,1.51,0.94,12.805,12.762,21756738000.0,0.0,26.8,2.535,2.535,0.0,-3491696000.0,3941930000.0,3941930000.0,0.0,0.031,0.073,0.029,0.262,36032000.0,158426000.0,1.0,372860471.0,372860471,,10.572,25567691000.0,47495000.0,-204069000.0,47533000.0,68.572,
6,VTR,MRT,2019-12-31,2019-12-31,2019-12-31,2021-09-23,-34564000.0,24692208000.0,23788192250.0,,,0.163,28.025,-1370917000.0,146102000.0,146102000.0,1810527000.0,439297000.0,,1.328,12409969000.0,,,12409969000.0,0.0,1045620000.0,0.0,0.055,3.17,828368000.0,1873988000.0,0.484,1873988000.0,828368000.0,376706000.0,1.18,1.17,1.18,10445892000.0,10520318000.0,10445892000.0,33615603199.0,41.0,17.938,66866000.0,0.179,1.0,2062223000.0,0.532,1051161000.0,451662000.0,35904914000.0,34105878250.0,0.0,0.0,,,13873078000.0,,,21521778199.0,13158000.0,-3683000.0,978264000.0,363505000.0,-1157720000.0,160674000.0,-1585299000.0,-240878000.0,1437783000.0,1480000.0,433016000.0,433016000.0,433016000.0,0.0,6281000.0,0.112,1209242000.0,852981000.0,1145939000.0,2.686,2.06,49.702,48.932,22484207000.0,0.0,57.74,5.557,5.557,0.0,-3669050000.0,3872750000.0,3872750000.0,0.0,0.018,0.041,0.024,0.214,33923000.0,158726000.0,1.0,372736027.0,372736027,,10.39,23641047000.0,47495000.0,-56310000.0,200831000.0,63.426,
7,VTR,MRT,2019-09-30,2019-09-30,2019-09-30,2021-09-23,-59857000.0,24803553000.0,23261279000.0,,,0.163,28.626,-1558801000.0,208596000.0,208596000.0,1757176000.0,489706000.0,,1.287,12302421000.0,,,12302421000.0,0.0,940986000.0,0.0,0.043,3.171,843671000.0,1784657000.0,0.47,1784657000.0,843671000.0,398192000.0,1.34,1.33,1.34,10665706000.0,10462809250.0,10665706000.0,37561400569.0,45.0,21.047,-111408000.0,-0.299,1.0,2042833000.0,0.538,1049985000.0,445479000.0,35847393000.0,33163710250.0,0.0,0.0,,,13730852000.0,,,27209847569.0,60015000.0,-3436000.0,980908000.0,557480000.0,-1143684000.0,374950000.0,-1762328000.0,-221112000.0,1447393000.0,34000.0,483846000.0,483846000.0,483846000.0,0.0,5860000.0,0.127,1168756000.0,874077000.0,1194162000.0,2.366,2.551,56.237,54.5,22687657000.0,0.0,73.03,7.16,7.16,0.0,-3384421000.0,3800009000.0,3800009000.0,0.0,0.021,0.046,0.025,0.222,35872000.0,156840000.0,1.0,372584521.0,372584521,,10.199,23753568000.0,0.0,-85654000.0,147524000.0,63.754,
8,VTR,MRT,2019-06-30,2019-06-30,2019-06-30,2021-09-23,-39671000.0,22988911000.0,22709879000.0,,,0.165,30.191,-783365000.0,138296000.0,138296000.0,1723876000.0,506069000.0,,1.099,10489849000.0,,,10489849000.0,0.0,924962000.0,0.0,0.046,3.168,844666000.0,1769628000.0,0.471,1769628000.0,844666000.0,405573000.0,1.4,1.38,1.4,10820011000.0,10409592500.0,10820011000.0,35259876143.0,42.0,19.925,616985000.0,1.722,1.0,2029516000.0,0.541,1050470000.0,439093000.0,32289994000.0,32172358000.0,0.0,0.0,,,11889887000.0,,,24495885143.0,-19601000.0,42755000.0,898208000.0,-257315000.0,-1130890000.0,-510814000.0,-909137000.0,-190028000.0,1400350000.0,-206000.0,500559000.0,500559000.0,500559000.0,0.0,5510000.0,0.133,1151113000.0,878403000.0,1137980000.0,2.263,2.264,48.937,48.821,20976547000.0,0.0,68.35,6.526,6.526,0.0,-3173287000.0,3753392000.0,3753392000.0,0.0,0.022,0.048,0.026,0.225,34165000.0,155987000.0,1.0,358388956.0,358388956,,10.473,21938441000.0,0.0,-94986000.0,149454000.0,61.214,
9,VTR,MRT,2019-03-31,2019-03-31,2019-03-31,2021-09-23,-12065000.0,22668097000.0,22637434750.0,,,0.165,28.459,-511416000.0,140231000.0,140231000.0,1709407000.0,463471000.0,,1.207,10904222000.0,,,10904222000.0,0.0,922409000.0,0.0,0.05,3.166,860334000.0,1782743000.0,0.476,1782743000.0,860334000.0,418581000.0,1.29,1.26,1.29,10149663000.0,10358826750.0,10149663000.0,33359894363.0,39.0,18.713,898152000.0,2.518,1.0,2035572000.0,0.544,1050876000.0,441753000.0,32381212000.0,32077273000.0,0.0,0.0,,,12255698000.0,,,22757659363.0,-22765000.0,48862000.0,111456000.0,-473274000.0,-1128382000.0,-1518452000.0,86119000.0,540311000.0,1409568000.0,-586000.0,456549000.0,456549000.0,456549000.0,0.0,6922000.0,0.122,1157039000.0,878533000.0,1063707000.0,2.454,2.242,49.847,49.465,20674103000.0,0.0,63.81,6.077,6.077,0.0,-3088401000.0,3744979000.0,3744979000.0,0.0,0.02,0.044,0.027,0.23,31244000.0,149564000.0,1.0,356647224.0,356647224,,10.501,21617221000.0,0.0,-37968000.0,205056000.0,60.612,
10,VTR,MRT,2018-12-31,2018-12-31,2018-12-31,2021-09-23,-19582000.0,22584555000.0,22843788000.0,,,0.164,28.675,-374849000.0,131464000.0,131464000.0,1691298000.0,415981000.0,,1.187,10733699000.0,,,10733699000.0,0.0,919639000.0,0.0,0.054,3.163,812011000.0,1731650000.0,0.462,1731650000.0,812011000.0,369514000.0,1.15,1.14,1.15,10215857000.0,10506614750.0,10215857000.0,31215354117.0,38.0,18.026,1006618000.0,2.825,1.0,2054512000.0,0.548,1050548000.0,442497000.0,32136242000.0,32315593000.0,0.0,0.0,,,12124820000.0,,,20885446117.0,-55974000.0,10448000.0,8762000.0,-615255000.0,-1127143000.0,-1761937000.0,324496000.0,682006000.0,1381467000.0,-815000.0,409467000.0,409467000.0,409467000.0,10000.0,6514000.0,0.109,1168936000.0,885576000.0,1086030000.0,2.75,2.044,51.006,50.948,20637904000.0,0.0,58.59,5.576,5.573,0.0,-2930214000.0,3745810000.0,3745810000.0,0.0,0.018,0.039,0.025,0.217,29963000.0,145978000.0,1.0,356467761.0,356265000,359301000.0,10.514,21534007000.0,0.0,-39953000.0,205219000.0,60.444,
11,VTR,MRT,2018-09-30,2018-09-30,2018-09-30,2021-09-23,-7947000.0,22597953000.0,23186284500.0,,,0.16,29.336,-218835000.0,148547000.0,148547000.0,1637526000.0,746484000.0,,1.142,10478455000.0,,,10478455000.0,0.0,908013000.0,0.0,0.058,3.16,1125689000.0,2033702000.0,0.547,2033702000.0,1125689000.0,681765000.0,2.09,2.05,2.09,10452839000.0,10669207000.0,10452839000.0,29627947853.0,26.0,14.568,1145314000.0,3.214,1.0,2080309000.0,0.56,1045877000.0,443924000.0,31881984000.0,32783459000.0,0.0,0.0,,,11941642000.0,,,19383153853.0,-12496000.0,-6144000.0,20525000.0,-948148000.0,-845248000.0,-1814893000.0,438248000.0,656874000.0,1364149000.0,-542000.0,739748000.0,739748000.0,739748000.0,25000.0,6736000.0,0.199,1096247000.0,984062000.0,1134898000.0,1.512,1.854,26.202,26.019,20596963000.0,0.0,54.38,5.214,5.212,0.0,-2709293000.0,3717835000.0,3717835000.0,0.0,0.032,0.069,0.034,0.303,27381000.0,148437000.0,1.0,356439019.0,356318000,359355000.0,10.434,21552076000.0,0.0,-57983000.0,236616000.0,60.486,
12,VTR,MRT,2018-06-30,2018-06-30,2018-06-30,2021-09-23,-10861000.0,22699134000.0,23471745000.0,,,0.157,29.804,284965000.0,158103000.0,158103000.0,1585331000.0,1258394000.0,,1.118,10402897000.0,,,10402897000.0,0.0,902841000.0,0.0,0.055,3.145,1643475000.0,2546316000.0,0.692,2546316000.0,1643475000.0,1193263000.0,3.52,3.48,3.52,10616948000.0,10738832250.0,10616948000.0,31168217080.0,19.0,12.241,1700652000.0,4.774,1.0,2095894000.0,0.569,1034274000.0,450212000.0,31909654000.0,33304927500.0,0.0,0.0,,,11871748000.0,,,20291987080.0,-10485000.0,-49244000.0,18612000.0,-1502336000.0,-839715000.0,-2364935000.0,938763000.0,700687000.0,1415687000.0,-3108000.0,1251734000.0,1251734000.0,1251734000.0,44000.0,6660000.0,0.34,1092847000.0,1003047000.0,1133902000.0,0.893,1.911,16.211,16.179,20763713000.0,0.0,56.95,5.512,5.511,0.0,-2529102000.0,3681225000.0,3681225000.0,0.0,0.053,0.117,0.049,0.446,27420000.0,142077000.0,1.0,356312328.0,356228000,359000000.0,10.334,21664860000.0,0.0,-58471000.0,240941000.0,60.817,
13,VTR,MRT,2018-03-31,2018-03-31,2018-03-31,2021-09-23,-14474000.0,23493510000.0,23760901000.0,,,0.153,30.161,142085000.0,163582000.0,163582000.0,1529766000.0,1242062000.0,,1.169,11039812000.0,,,11039812000.0,0.0,903315000.0,0.0,0.063,3.13,1627905000.0,2531220000.0,0.696,2531220000.0,1627905000.0,1177150000.0,3.48,3.44,3.48,10740815000.0,10678109750.0,10740815000.0,28730298565.0,18.0,11.35,1533042000.0,4.305,1.0,2104645000.0,0.579,1035248000.0,450755000.0,33334492000.0,33967015250.0,0.0,0.0,,,12556911000.0,,,17642489565.0,-20581000.0,-67212000.0,89883000.0,-904179000.0,-833552000.0,-1677650000.0,266112000.0,189686000.0,1390957000.0,704000.0,1237046000.0,1237046000.0,1237046000.0,67000.0,5016000.0,0.34,1089817000.0,1014828000.0,1134570000.0,0.899,1.643,14.262,14.233,21652044000.0,0.0,49.53,4.854,4.853,0.0,-2413440000.0,3634411000.0,3634411000.0,0.0,0.052,0.116,0.048,0.448,26966000.0,138703000.0,1.0,356198053.0,356112000,358853000.0,10.206,22458262000.0,0.0,-59896000.0,244742000.0,63.065,
14,VTR,MRT,2017-12-31,2017-12-31,2017-12-31,2021-09-23,-35120000.0,23954541000.0,23867356250.0,,,0.15,30.581,-236453000.0,188253000.0,188253000.0,1486463000.0,1361112000.0,,1.184,11276062000.0,,,11276062000.0,0.0,887948000.0,0.0,0.052,3.115,1744867000.0,2632815000.0,0.737,2632815000.0,1744867000.0,1296671000.0,3.82,3.78,3.82,10866226000.0,10596557500.0,10866226000.0,32635952578.0,19.0,12.396,1192299000.0,3.356,1.0,2087686000.0,0.584,1034644000.0,448196000.0,34007706000.0,34294922500.0,0.0,0.0,,,12863866000.0,,,21373392578.0,-179682000.0,-55051000.0,89883000.0,100051000.0,-827285000.0,-671327000.0,-937107000.0,-647022000.0,1428752000.0,581000.0,1356470000.0,1356470000.0,1356470000.0,110000.0,4642000.0,0.38,1054025000.0,1033661000.0,1183489000.0,0.815,1.967,15.757,15.709,22092452000.0,0.0,60.01,5.98,5.966,0.0,-2240698000.0,3574149000.0,3574149000.0,0.0,0.057,0.128,0.051,0.488,26543000.0,135490000.0,1.0,356163849.0,355326000,358566000.0,10.059,22919897000.0,0.0,-59799000.0,250092000.0,64.504,
15,VTR,MRT,2017-09-30,2017-09-30,2017-09-30,2021-09-23,-40780000.0,23739795000.0,23670371000.0,,,0.15,30.15,128040000.0,161585000.0,161585000.0,1479234000.0,1176139000.0,,1.19,11424145000.0,,,11424145000.0,0.0,887487000.0,0.0,0.048,3.1,1599582000.0,2487069000.0,0.7,2487069000.0,1599582000.0,1155598000.0,3.3,3.26,3.3,10731340000.0,10495061000.0,10731340000.0,34932361767.0,22.0,14.046,1558821000.0,4.38,1.0,2075340000.0,0.584,1034497000.0,443984000.0,33967858000.0,34016332750.0,0.0,0.0,,,12769738000.0,,,23196060767.0,-5878000.0,-36844000.0,94574000.0,19444000.0,-1101851000.0,-1006755000.0,-429904000.0,-527339000.0,1430781000.0,288000.0,1171553000.0,1171553000.0,1171553000.0,262000.0,4586000.0,0.33,1045153000.0,1030187000.0,943800000.0,0.939,2.162,19.799,19.736,21934492000.0,0.0,65.13,6.526,6.522,0.0,-2351430000.0,3554574000.0,3554574000.0,0.0,0.049,0.112,0.047,0.45,24996000.0,132048000.0,1.0,356150173.0,355929000,359333000.0,9.987,22705298000.0,0.0,-15955000.0,296272000.0,63.792,
16,VTR,MRT,2017-06-30,2017-06-30,2017-06-30,2021-09-23,-45035000.0,23855758000.0,23591988250.0,,,0.149,29.221,-1705784000.0,171696000.0,171696000.0,1464700000.0,711132000.0,,1.275,11907997000.0,,,11907997000.0,0.0,882467000.0,0.0,0.044,3.055,1125548000.0,2008015000.0,0.57,2008015000.0,1125548000.0,690370000.0,2.01,1.97,2.01,10374058000.0,10434360750.0,10374058000.0,36416910001.0,32.0,18.136,-288417000.0,-0.812,1.0,2057062000.0,0.584,1034054000.0,435178000.0,34558005000.0,33888547250.0,0.0,0.0,,,13231452000.0,,,24656636001.0,33858000.0,-41219000.0,982537000.0,849315000.0,-1082462000.0,744168000.0,-2127677000.0,-386913000.0,1417367000.0,2620000.0,707047000.0,707047000.0,707047000.0,361000.0,4085000.0,0.201,1043196000.0,1013866000.0,929573000.0,1.52,2.377,34.873,34.567,22054964000.0,0.0,69.48,7.001,7.004,0.0,-2688946000.0,3521762000.0,3521762000.0,0.0,0.03,0.068,0.033,0.32,24317000.0,130298000.0,1.0,354873863.0,355024000,358311000.0,9.92,22821704000.0,0.0,-16677000.0,296822000.0,64.282,
17,VTR,MRT,2017-03-31,2017-03-31,2017-03-31,2021-09-23,-53657000.0,23919331000.0,23151416750.0,,,0.15,29.386,-1665364000.0,183459000.0,183459000.0,1452125000.0,701604000.0,,1.274,11943733000.0,,,11943733000.0,0.0,880320000.0,0.0,0.046,3.01,1097582000.0,1977902000.0,0.569,1977902000.0,1097582000.0,672311000.0,2.0,1.97,2.0,10414606000.0,10263275000.0,10414606000.0,33824652440.0,31.0,17.101,-241997000.0,-0.683,1.0,2022551000.0,0.582,1033484000.0,425271000.0,34646121000.0,33206090000.0,0.0,0.0,,,13264072000.0,,,23064680440.0,54923000.0,-33376000.0,1137049000.0,635869000.0,-1054840000.0,711751000.0,-2080195000.0,-391959000.0,1423367000.0,-1061000.0,698378000.0,698378000.0,698378000.0,486000.0,3226000.0,0.201,1041497000.0,981054000.0,946674000.0,1.505,2.215,33.026,32.52,22123122000.0,0.0,65.04,6.638,6.634,0.0,-2564936000.0,3474676000.0,3474676000.0,0.0,0.03,0.068,0.033,0.316,22630000.0,129110000.0,1.0,354623008.0,354410000,357572000.0,9.804,22885847000.0,0.0,-26067000.0,294057000.0,64.574,
18,VTR,MRT,2016-12-31,2016-12-31,2016-12-31,2021-09-23,-57534000.0,23166600000.0,22736907000.0,,,0.151,30.346,-1374137000.0,367354000.0,367354000.0,1442073000.0,651490000.0,,1.189,11127326000.0,,,11127326000.0,0.0,898924000.0,0.0,0.047,2.965,1037628000.0,1936552000.0,0.562,1936552000.0,1037628000.0,617888000.0,1.88,1.86,1.88,10460240000.0,10063172250.0,10460240000.0,33212461880.0,32.0,17.15,-19435000.0,-0.056,1.0,2001449000.0,0.581,1033225000.0,419740000.0,32893347000.0,32628466750.0,0.0,0.0,,,12437119000.0,,,22138934880.0,237260000.0,-6436000.0,1286680000.0,-171087000.0,-1024968000.0,96838000.0,-1214280000.0,161447000.0,1354702000.0,-825000.0,649231000.0,649231000.0,649231000.0,922000.0,2259000.0,0.189,1060422000.0,941027000.0,907928000.0,1.577,2.116,34.1,33.255,21192696000.0,0.0,62.52,6.429,6.258,0.0,-2487695000.0,3443522000.0,3443522000.0,0.0,0.029,0.065,0.032,0.301,20958000.0,126875000.0,1.0,354109643.0,344703000,348390000.0,9.99,22133375000.0,0.0,-31343000.0,316641000.0,64.21,
19,VTR,MRT,2016-09-30,2016-09-30,2016-09-30,2021-09-23,-49614000.0,23426264000.0,22510736500.0,,,0.151,29.944,-1599641000.0,178800000.0,178800000.0,1435372000.0,567718000.0,,1.206,11252327000.0,,,11252327000.0,0.0,903528000.0,0.0,0.041,2.92,941960000.0,1845488000.0,0.541,1845488000.0,941960000.0,526267000.0,1.66,1.65,1.66,10488539000.0,9839194000.0,10488539000.0,35594037667.0,38.0,19.287,-216709000.0,-0.619,1.0,1973711000.0,0.579,1043075000.0,415693000.0,33456716000.0,32477754500.0,0.0,0.0,,,12646541000.0,,,24815854667.0,24774000.0,-63161000.0,1338907000.0,-37970000.0,-994240000.0,305755000.0,-1663913000.0,-29095000.0,1382932000.0,-726000.0,566322000.0,566322000.0,566322000.0,3086000.0,1396000.0,0.166,1062457000.0,911254000.0,930103000.0,1.759,2.366,43.819,42.548,21520879000.0,0.0,70.63,7.279,7.257,0.0,-2420766000.0,3409083000.0,3409083000.0,0.0,0.025,0.058,0.029,0.276,19361000.0,123023000.0,1.0,351350059.0,350274000,354186000.0,9.733,22383189000.0,0.0,-40055000.0,315713000.0,63.902,
20,VTR,MRT,2016-06-30,2016-06-30,2016-06-30,2021-09-23,-44195000.0,22093472000.0,22257664750.0,,,0.151,28.592,-1386259000.0,122948000.0,122948000.0,1427542000.0,440651000.0,,1.251,10901131000.0,,,10901131000.0,0.0,935351000.0,0.0,0.04,2.92,805272000.0,1740623000.0,0.517,1740623000.0,805272000.0,397507000.0,1.3,1.3,1.3,9689715000.0,9619418000.0,9689715000.0,35742096993.0,44.0,20.534,-44416000.0,-0.131,1.0,1942031000.0,0.576,1043479000.0,407765000.0,31828176000.0,32236199000.0,0.0,0.0,,,12126010000.0,,,24622777993.0,-2434000.0,-61251000.0,516595000.0,931782000.0,-980480000.0,319235000.0,-1663512000.0,-224815000.0,1341843000.0,-776000.0,439722000.0,439722000.0,439722000.0,25351000.0,929000.0,0.13,1129242000.0,812789000.0,735287000.0,2.246,2.541,55.996,56.015,20314263000.0,0.0,72.82,7.307,7.324,0.0,-2313287000.0,3369573000.0,3369573000.0,0.0,0.02,0.046,0.025,0.239,18382000.0,123570000.0,1.0,338132079.0,338901000,342571000.0,9.943,21049993000.0,0.0,-42215000.0,320468000.0,62.113,
21,VTR,MRT,2016-03-31,2016-03-31,2016-03-31,2021-09-23,-19932000.0,22261292000.0,22803087250.0,,,0.146,28.651,-1442602000.0,128411000.0,128411000.0,1422161000.0,447497000.0,,1.29,11247730000.0,,,11247730000.0,0.0,962597000.0,0.0,0.047,2.98,793985000.0,1756582000.0,0.527,1756582000.0,793985000.0,405926000.0,1.33,1.33,1.33,9614195000.0,9953860000.0,9614195000.0,32235066362.0,41.0,18.351,-110791000.0,-0.33,1.0,1910928000.0,0.573,1044983000.0,388059000.0,32335628000.0,33161287750.0,0.0,0.0,,,12399024000.0,,,21158989362.0,-68427000.0,-56986000.0,355327000.0,1114375000.0,-993999000.0,281675000.0,-1681913000.0,-182240000.0,1331811000.0,-97000.0,446381000.0,446381000.0,446381000.0,6960000.0,1116000.0,0.134,1130874000.0,780054000.0,738327000.0,2.241,2.201,47.401,47.338,20609199000.0,0.0,62.96,6.348,6.339,0.0,-2208474000.0,3333089000.0,3333089000.0,0.0,0.02,0.045,0.024,0.238,18259000.0,125435000.0,1.0,336070352.0,335559000,339202000.0,9.933,21216309000.0,0.0,-40455000.0,333354000.0,63.227,
22,VTR,MRT,2015-12-31,2015-12-31,2015-12-31,2021-09-23,-7565000.0,22261918000.0,23347732000.0,,,0.141,28.956,-2381538000.0,130919000.0,130919000.0,1410205000.0,419222000.0,,1.301,11206996000.0,,,11206996000.0,0.0,973663000.0,0.0,0.054,3.04,745673000.0,1719336000.0,0.523,1719336000.0,745673000.0,378559000.0,1.26,1.25,1.26,9564327000.0,10310283750.0,9564327000.0,29919055993.0,40.0,17.402,-982707000.0,-2.975,1.0,1876193000.0,0.571,1047497000.0,367114000.0,32290498000.0,34002330500.0,0.0,0.0,,,12439962000.0,,,18790217993.0,-1803000.0,-56986000.0,491023000.0,1729029000.0,-1003413000.0,1023058000.0,-2423692000.0,14832000.0,1398831000.0,-522000.0,417843000.0,417843000.0,417843000.0,-11103000.0,1379000.0,0.127,1142993000.0,733200000.0,779380000.0,2.413,1.965,44.97,44.786,20578039000.0,0.0,56.43,5.718,5.672,0.0,-2111958000.0,3286398000.0,3286398000.0,0.0,0.018,0.041,0.022,0.227,19537000.0,128035000.0,1.0,332982775.0,330311000,334007000.0,9.949,21214421000.0,0.0,-39284000.0,338382000.0,64.226,
23,VTR,MRT,2015-09-30,2015-09-30,2015-09-30,2021-09-23,-592000.0,22413977000.0,23073730750.0,,,0.138,28.901,-2653216000.0,139722000.0,139722000.0,1370305000.0,401759000.0,,1.306,11268560000.0,,,11268560000.0,0.0,978161000.0,0.0,0.055,3.1,700387000.0,1678548000.0,0.528,1678548000.0,700387000.0,359017000.0,1.26,1.25,1.26,9609435000.0,10089248000.0,9609435000.0,29893447994.0,43.0,17.809,-1296298000.0,-3.899,1.0,1806909000.0,0.569,1052321000.0,341370000.0,32490494000.0,33809499500.0,0.0,0.0,,,12545471000.0,,,18640078994.0,2161000.0,0.0,659925000.0,2216027000.0,-994775000.0,1718678000.0,-3073435000.0,-387129000.0,1356918000.0,-1525000.0,400305000.0,400305000.0,400305000.0,-34143000.0,1454000.0,0.126,1137820000.0,669089000.0,791430000.0,2.46,1.94,46.565,44.492,20634501000.0,0.0,56.06,5.867,5.867,0.0,-1992848000.0,3177214000.0,3177214000.0,0.0,0.017,0.04,0.021,0.22,20263000.0,128505000.0,1.0,332502301.0,332491000,336338000.0,9.556,21361656000.0,0.0,-41288000.0,352658000.0,64.247,
24,VTR,MRT,2015-06-30,2015-06-30,2015-06-30,2021-09-23,10180000.0,24275162000.0,22633027750.0,,,0.135,33.344,-2326144000.0,254492000.0,254492000.0,1327148000.0,488296000.0,,1.177,11507861000.0,,,11507861000.0,0.0,939187000.0,0.0,0.05,3.095,775667000.0,1714854000.0,0.561,1714854000.0,775667000.0,454107000.0,1.56,1.55,1.56,11027483000.0,9824088250.0,11027483000.0,31804403550.0,41.0,18.546,-949277000.0,-2.87,1.0,1727392000.0,0.566,0.0,321560000.0,35528531000.0,33431108500.0,0.0,0.0,,,12982012000.0,,,20544475550.0,-29262000.0,0.0,594274000.0,1658744000.0,-965066000.0,1260225000.0,-2666354000.0,-325995000.0,1376867000.0,3159000.0,486585000.0,486585000.0,486585000.0,-74697000.0,1711000.0,0.159,1040505000.0,686887000.0,1026359000.0,1.984,1.863,42.222,39.801,22239965000.0,0.0,62.09,6.726,6.722,0.0,-1772529000.0,3054540000.0,3054540000.0,0.0,0.021,0.05,0.023,0.254,20775000.0,125855000.0,1.0,330882196.0,330715000,334026000.0,9.236,24275162000.0,0.0,-32478000.0,370161000.0,73.402,
25,VTR,MRT,2015-03-31,2015-03-31,2015-03-31,2021-09-23,4357000.0,24439871000.0,21511933750.0,,,0.139,33.922,-2303529000.0,343997000.0,343997000.0,1269107000.0,476576000.0,,1.184,11603925000.0,,,11603925000.0,0.0,882044000.0,0.0,0.041,3.03,784849000.0,1666893000.0,0.557,1666893000.0,784849000.0,455747000.0,1.58,1.57,1.58,11039890000.0,9230995000.0,11039890000.0,34916703793.0,44.0,20.947,-988936000.0,-3.039,1.0,1724767000.0,0.576,0.0,329102000.0,35699799000.0,31856744750.0,0.0,0.0,,,13069661000.0,,,24155730793.0,58632000.0,0.0,527434000.0,1869335000.0,-917051000.0,1489259000.0,-2745220000.0,-428521000.0,1314593000.0,1802000.0,475162000.0,475162000.0,475162000.0,-56199000.0,1414000.0,0.159,1011877000.0,712890000.0,1016592000.0,1.918,2.188,50.837,46.215,22287579000.0,0.0,73.02,8.068,7.938,0.0,-1660856000.0,2993874000.0,2993874000.0,0.0,0.022,0.051,0.025,0.262,21257000.0,123202000.0,1.0,330809789.0,325454000,329203000.0,9.199,24439871000.0,0.0,-19415000.0,371785000.0,75.095,
26,VTR,MRT,2014-12-31,2014-12-31,2014-12-31,2021-09-23,13121000.0,21165913000.0,20327658000.0,,,0.137,29.507,-1539892000.0,127119000.0,127119000.0,1212480000.0,477001000.0,,1.41,10844351000.0,,,10844351000.0,0.0,828467000.0,0.0,0.041,2.965,759100000.0,1587567000.0,0.572,1587567000.0,759100000.0,467035000.0,1.62,1.6,1.62,8680184000.0,8653939250.0,8680184000.0,31428392416.0,41.0,19.797,-285047000.0,-0.969,1.0,1564333000.0,0.563,363971000.0,292065000.0,31519174000.0,30193774500.0,0.0,0.0,,,12239500000.0,,,21102627416.0,-42138000.0,0.0,242107000.0,1382295000.0,-875614000.0,758057000.0,-2055040000.0,-506033000.0,1254845000.0,2670000.0,475767000.0,475767000.0,475767000.0,-99735000.0,1234000.0,0.171,916001000.0,648332000.0,750657000.0,1.83,2.431,44.355,44.259,17667743000.0,0.0,71.7,7.6,7.596,0.0,-1526388000.0,2776813000.0,2776813000.0,0.0,0.023,0.055,0.025,0.273,20994000.0,121738000.0,1.0,294318374.0,294175000,296677000.0,9.439,20801942000.0,0.0,-8732000.0,344337000.0,70.713,
27,VTR,MRT,2014-09-30,2014-09-30,2014-09-30,2021-09-23,16156000.0,20651165000.0,19969053250.0,,,0.132,29.075,-1315879000.0,143341000.0,143341000.0,1184212000.0,477933000.0,,1.388,10469106000.0,,,10469106000.0,0.0,787732000.0,0.0,0.047,2.9,744150000.0,1531882000.0,0.581,1531882000.0,744150000.0,483109000.0,1.62,1.62,1.62,8548796000.0,8689963500.0,8548796000.0,27674430042.0,37.0,18.066,-36581000.0,-0.124,1.0,1451794000.0,0.551,0.0,261041000.0,30976930000.0,29543234250.0,0.0,0.0,,,11864912000.0,,,18234140042.0,5991000.0,0.0,35341000.0,899959000.0,-853767000.0,67522000.0,-1340829000.0,-7021000.0,1279298000.0,3932000.0,477017000.0,477017000.0,477017000.0,-136282000.0,916000.0,0.181,851843000.0,599951000.0,965240000.0,1.79,2.133,38.225,38.241,19421537000.0,0.0,61.95,6.917,6.91,0.0,-1398378000.0,2636006000.0,2636006000.0,0.0,0.024,0.055,0.025,0.282,22435000.0,123962000.0,1.0,294336401.0,294030000,296495000.0,8.965,20651165000.0,0.0,6092000.0,361454000.0,70.235,
28,VTR,MRT,2014-06-30,2014-06-30,2014-06-30,2021-09-23,26255000.0,19790786000.0,19776101500.0,,,0.134,29.44,-1527572000.0,162149000.0,162149000.0,1159641000.0,486878000.0,,1.258,9602439000.0,,,9602439000.0,0.0,774889000.0,0.0,0.044,2.845,758860000.0,1533749000.0,0.58,1533749000.0,758860000.0,491380000.0,1.65,1.65,1.65,8655110000.0,8774037500.0,8655110000.0,28212149264.0,37.0,18.394,-244803000.0,-0.833,1.0,1482682000.0,0.561,0.0,267480000.0,29231076000.0,29083952750.0,0.0,0.0,,,10890835000.0,,,18866999264.0,24600000.0,0.0,58959000.0,1057872000.0,-836845000.0,266434000.0,-1524603000.0,20602000.0,1282769000.0,-386000.0,486181000.0,486181000.0,486181000.0,-108937000.0,697000.0,0.184,840030000.0,642652000.0,975282000.0,1.724,2.18,38.807,38.848,18389744000.0,0.0,64.1,7.14,7.132,0.0,-1294048000.0,2642323000.0,2642323000.0,0.0,0.025,0.055,0.026,0.287,21264000.0,123157000.0,1.0,294336962.0,293988000,296504000.0,8.988,19790786000.0,0.0,5199000.0,256392000.0,67.318,
29,VTR,MRT,2014-03-31,2014-03-31,2014-03-31,2021-09-23,18464000.0,19702768000.0,19527550500.0,,,0.132,29.712,-1671636000.0,135901000.0,135901000.0,1140411000.0,462845000.0,,1.229,9481051000.0,,,9481051000.0,0.0,776814000.0,0.0,0.046,2.79,710440000.0,1487254000.0,0.578,1487254000.0,710440000.0,452224000.0,1.57,1.57,1.57,8731667000.0,8841655500.0,8731667000.0,27010171078.0,38.0,18.161,-422765000.0,-1.439,1.0,1434767000.0,0.557,0.0,258216000.0,29047918000.0,28541119250.0,0.0,0.0,,,10732731000.0,,,17824652078.0,1574000.0,0.0,136293000.0,1002208000.0,-819896000.0,313286000.0,-1560583000.0,125431000.0,1248871000.0,527000.0,462363000.0,462363000.0,462363000.0,-90633000.0,482000.0,0.18,813347000.0,621420000.0,938098000.0,1.777,2.041,38.551,38.58,18563470000.0,0.0,60.57,6.922,6.912,0.0,-1218967000.0,2575178000.0,2575178000.0,0.0,0.024,0.052,0.025,0.276,21035000.0,119175000.0,1.0,294281857.0,293875000,296245000.0,8.763,19702768000.0,0.0,-10139000.0,252499000.0,67.045,
30,VTR,MRT,2013-12-31,2013-12-31,2013-12-31,2021-09-23,19659000.0,19731494000.0,19278588750.0,,,0.131,30.153,-1559308000.0,179473000.0,179473000.0,1118240000.0,454669000.0,,1.209,9364992000.0,,,9364992000.0,0.0,769881000.0,0.0,0.048,2.735,690690000.0,1460571000.0,0.58,1460571000.0,690690000.0,441681000.0,1.55,1.54,1.55,8824281000.0,8887575750.0,8824281000.0,26105399150.0,38.0,17.873,-364553000.0,-1.246,1.0,1398377000.0,0.556,0.0,249009000.0,28917013000.0,27990618250.0,0.0,0.0,,,10671023000.0,,,16844953150.0,26991000.0,0.0,141343000.0,779748000.0,-802123000.0,114996000.0,-1282760000.0,290879000.0,1194755000.0,-83000.0,453509000.0,453509000.0,453509000.0,-79171000.0,1160000.0,0.18,783989000.0,614388000.0,1001515000.0,1.765,1.909,37.144,36.955,18543471000.0,0.0,57.28,6.693,6.661,0.0,-1126541000.0,2516617000.0,2516617000.0,0.0,0.024,0.051,0.025,0.274,20653000.0,115083000.0,1.0,294080886.0,292654000,295110000.0,8.599,19731494000.0,0.0,-11828000.0,250167000.0,67.423,
31,VTR,MRT,2013-09-30,2013-09-30,2013-09-30,2021-09-23,21293000.0,19879358000.0,19090715250.0,,,0.143,30.343,-1743073000.0,152872000.0,152872000.0,1089580000.0,432356000.0,,1.209,9413318000.0,,,9413318000.0,0.0,771073000.0,0.0,0.043,2.63,734005000.0,1505078000.0,0.551,1505078000.0,734005000.0,414681000.0,1.46,1.46,1.46,8885092000.0,8936287500.0,8885092000.0,26296710044.0,36.0,17.472,-624147000.0,-2.132,1.0,1642828000.0,0.601,0.0,319324000.0,29139804000.0,27566321250.0,0.0,0.0,,,10743029000.0,,,18033550044.0,-3801000.0,0.0,106002000.0,1682253000.0,-772076000.0,1011157000.0,-2133884000.0,-390515000.0,1118926000.0,-57000.0,431336000.0,431336000.0,431336000.0,52239000.0,1020000.0,0.158,857954000.0,784874000.0,1019166000.0,1.801,2.03,41.809,42.123,18667363000.0,0.0,61.5,6.6,6.591,0.0,-1021628000.0,2732408000.0,2732408000.0,0.0,0.023,0.048,0.027,0.269,19265000.0,107779000.0,1.0,293228456.0,292818000,295190000.0,9.331,19879358000.0,0.0,-16655000.0,248369000.0,67.89,
32,VTR,MRT,2013-06-30,2013-06-30,2013-06-30,2021-09-23,19752000.0,18796582000.0,18731100500.0,,,0.142,30.501,-868831000.0,156913000.0,156913000.0,1056984000.0,425578000.0,,1.076,8420073000.0,,,8420073000.0,0.0,779302000.0,0.0,0.037,2.58,711758000.0,1491060000.0,0.561,1491060000.0,711758000.0,402161000.0,1.44,1.44,1.44,8925582000.0,9054430500.0,8925582000.0,28502281550.0,40.0,19.115,170865000.0,0.584,1.0,1602830000.0,0.603,0.0,309597000.0,27059742000.0,26731429000.0,0.0,0.0,,,9605838000.0,,,20363288550.0,9665000.0,0.0,82384000.0,985605000.0,-758819000.0,308197000.0,-1338228000.0,-469141000.0,1039696000.0,-47000.0,424922000.0,424922000.0,424922000.0,46789000.0,656000.0,0.16,863986000.0,738844000.0,887314000.0,1.792,2.281,47.922,48.236,17699444000.0,0.0,69.46,7.656,7.642,0.0,-943384000.0,2659814000.0,2659814000.0,0.0,0.023,0.047,0.027,0.268,20498000.0,105987000.0,1.0,293165686.0,292635000,295123000.0,9.089,18796582000.0,0.0,-22761000.0,247591000.0,64.232,
33,VTR,MRT,2013-03-31,2013-03-31,2013-03-31,2021-09-23,21828000.0,18706921000.0,18587520250.0,,,0.139,30.589,-1563424000.0,156915000.0,156915000.0,1026320000.0,384781000.0,,1.068,8295908000.0,,,8295908000.0,0.0,787082000.0,0.0,0.035,2.53,668618000.0,1455700000.0,0.563,1455700000.0,668618000.0,368491000.0,1.31,1.3,1.31,8915348000.0,9177687750.0,8915348000.0,29610108378.0,44.0,20.341,-585264000.0,-2.008,1.0,1561349000.0,0.603,0.0,300127000.0,26845914000.0,26281319000.0,0.0,0.0,,,9525808000.0,,,21370283378.0,4510000.0,0.0,347519000.0,1485566000.0,-744993000.0,1096254000.0,-2069904000.0,-506544000.0,978160000.0,-44000.0,384367000.0,384367000.0,384367000.0,-3064000.0,414000.0,0.149,906051000.0,655298000.0,910692000.0,1.931,2.397,55.599,55.878,17580101000.0,0.0,73.2,8.259,8.245,0.0,-861434000.0,2587669000.0,2587669000.0,0.0,0.021,0.042,0.025,0.258,21612000.0,105086000.0,1.0,291943762.0,291455000,293924000.0,8.878,18706921000.0,0.0,-15876000.0,261122000.0,64.185,
34,VTR,MRT,2012-12-31,2012-12-31,2012-12-31,2021-09-23,23354000.0,18980000000.0,18208029750.0,,,0.136,30.881,-1515502000.0,173821000.0,173821000.0,976305000.0,361775000.0,,1.077,8413646000.0,,,8413646000.0,0.0,764775000.0,0.0,0.038,2.48,645235000.0,1410010000.0,0.571,1410010000.0,645235000.0,356518000.0,1.24,1.23,1.24,9019128000.0,9245534500.0,9019128000.0,26487640391.0,41.0,18.785,-522686000.0,-1.79,1.0,1493310000.0,0.605,0.0,288717000.0,27219825000.0,25432760250.0,0.0,0.0,,,9716082000.0,,,19128304391.0,22041000.0,0.0,342469000.0,1578550000.0,-728546000.0,1198914000.0,-2169689000.0,-652192000.0,992816000.0,60000.0,362800000.0,362800000.0,362800000.0,-53986000.0,-1025000.0,0.147,883600000.0,609710000.0,995156000.0,2.0,2.121,52.724,52.194,17841943000.0,0.0,64.72,7.745,7.654,0.0,-777927000.0,2469615000.0,2469615000.0,0.0,0.02,0.039,0.025,0.261,20784000.0,98510000.0,1.0,295554765.0,292064000,294488000.0,8.456,18980000000.0,0.0,-6282000.0,259715000.0,64.986,
35,VTR,MRT,2012-09-30,2012-09-30,2012-09-30,2021-09-23,23626000.0,18440899000.0,17781007250.0,,,0.133,31.729,-1439590000.0,135438000.0,135438000.0,927194000.0,468146000.0,,0.947,7494774000.0,,,7494774000.0,0.0,729190000.0,0.0,0.039,2.435,735523000.0,1464713000.0,0.619,1464713000.0,735523000.0,459133000.0,1.73,1.71,1.73,9357664000.0,9309491750.0,9357664000.0,25424138112.0,35.0,17.358,-400975000.0,-1.36,1.0,1440190000.0,0.608,0.0,276390000.0,25800235000.0,24522461250.0,0.0,0.0,,,8865259000.0,,,18387097112.0,938000.0,0.0,342390000.0,687324000.0,-711354000.0,330744000.0,-1368421000.0,73331000.0,1038615000.0,110000.0,469481000.0,469481000.0,469481000.0,-71125000.0,-1335000.0,0.198,754319000.0,685871000.0,1049043000.0,1.408,1.965,39.165,35.983,17226444000.0,0.0,62.25,7.767,7.755,0.0,-680888000.0,2367384000.0,2367384000.0,0.0,0.026,0.05,0.03,0.311,22279000.0,99015000.0,1.0,295375054.0,294928000,297407000.0,8.027,18440899000.0,0.0,-10348000.0,265116000.0,62.527,
36,VTR,MRT,2012-06-30,2012-06-30,2012-06-30,2021-09-23,21404000.0,18222261000.0,17472225000.0,,,0.131,32.459,-1300281000.0,167686000.0,167686000.0,887031000.0,458309000.0,,0.911,7204727000.0,,,7204727000.0,0.0,693595000.0,0.0,0.038,2.39,717161000.0,1410756000.0,0.618,1410756000.0,717161000.0,445290000.0,1.71,1.68,1.71,9418611000.0,9281516250.0,9418611000.0,24506225998.0,34.0,17.371,-252576000.0,-0.87,1.0,1397076000.0,0.612,0.0,271871000.0,25259302000.0,23916564000.0,0.0,0.0,,,8583020000.0,,,18243505998.0,26229000.0,0.0,342390000.0,539228000.0,-681054000.0,206408000.0,-1227884000.0,74637000.0,1047705000.0,-128000.0,460484000.0,460484000.0,460484000.0,-74640000.0,-2175000.0,0.202,707151000.0,689925000.0,1059385000.0,1.398,1.937,39.618,36.912,17041782000.0,0.0,63.12,7.987,8.019,0.0,-609487000.0,2284107000.0,2284107000.0,0.0,0.026,0.05,0.03,0.314,22064000.0,92772000.0,1.0,289028929.0,290170000,292592000.0,7.872,18222261000.0,0.0,-15194000.0,271066000.0,62.799,
37,VTR,MRT,2012-03-31,2012-03-31,2012-03-31,2021-09-23,23926000.0,17188959000.0,15325168000.0,,,0.133,31.857,-634034000.0,167644000.0,167644000.0,798666000.0,404307000.0,,0.851,6430364000.0,,,6430364000.0,0.0,572581000.0,0.0,0.041,2.345,641157000.0,1213738000.0,0.597,1213738000.0,641157000.0,390010000.0,1.56,1.54,1.56,9186735000.0,7906043000.0,9186735000.0,22803776292.0,36.0,18.788,253355000.0,0.879,1.0,1232983000.0,0.607,0.0,251147000.0,23451679000.0,21239276000.0,0.0,0.0,,,7820460000.0,,,16497057292.0,11408000.0,0.0,-79000.0,805181000.0,-606561000.0,193451000.0,-1069432000.0,-433133000.0,887389000.0,-83000.0,406135000.0,406135000.0,406135000.0,-44536000.0,-1828000.0,0.2,597997000.0,634986000.0,1060647000.0,1.503,1.796,40.62,36.603,16075323000.0,0.0,57.1,8.12,8.105,0.0,-500808000.0,2031649000.0,2031649000.0,0.0,0.027,0.051,0.03,0.316,20164000.0,81903000.0,1.0,288915189.0,288375000,290813000.0,7.045,17188959000.0,0.0,-16125000.0,271408000.0,59.606,
38,VTR,MRT,2011-12-31,2011-12-31,2011-12-31,2021-09-23,22062000.0,17271910000.0,12451452750.0,,,0.139,40.599,-609051000.0,122397000.0,122397000.0,672164000.0,363261000.0,,0.842,6429116000.0,,,6429116000.0,0.0,459704000.0,0.0,0.042,2.3,557637000.0,1017341000.0,0.587,1017341000.0,557637000.0,333833000.0,1.6,1.58,1.6,9274957000.0,6270210250.0,9274957000.0,22043978206.0,40.0,21.668,164146000.0,0.719,1.0,1059540000.0,0.612,0.0,223804000.0,23578629000.0,17423398250.0,0.0,0.0,,,7813129000.0,,,15873102206.0,24040000.0,0.0,299847000.0,472090000.0,-521046000.0,248282000.0,-997439000.0,-388223000.0,773197000.0,-45000.0,364493000.0,364493000.0,364493000.0,-2185000.0,-1232000.0,0.21,477664000.0,581876000.0,1085597000.0,1.438,1.711,43.548,34.456,16231612000.0,0.0,55.13,9.166,7.273,0.0,-412181000.0,1731704000.0,1731704000.0,0.0,0.029,0.058,0.032,0.322,19346000.0,74537000.0,1.0,287921317.0,228453000,230790000.0,7.58,17271910000.0,0.0,-30660000.0,260722000.0,75.604,
39,VTR,MRT,2011-09-30,2011-09-30,2011-09-30,2021-09-23,19237000.0,17205770000.0,9572980500.0,,,0.15,32.174,-390947000.0,142265000.0,142265000.0,542992000.0,249466000.0,,0.842,6313141000.0,,,6313141000.0,0.0,344683000.0,0.0,0.046,2.26,431264000.0,775947000.0,0.541,775947000.0,431264000.0,228938000.0,1.27,1.25,1.27,9245762000.0,4548152500.0,9245762000.0,19139362085.0,44.0,24.666,154457000.0,0.537,1.0,892085000.0,0.622,0.0,202326000.0,23376646000.0,13678069250.0,0.0,0.0,,,7782684000.0,,,14223245085.0,23693000.0,0.0,299926000.0,492313000.0,-439096000.0,354657000.0,-876368000.0,-485788000.0,545404000.0,-1000.0,249128000.0,249128000.0,249128000.0,-27331000.0,338000.0,0.174,459018000.0,433067000.0,1128706000.0,1.78,1.538,57.092,38.898,16417628000.0,0.0,49.4,9.911,9.892,0.0,-439015000.0,1435077000.0,1435077000.0,0.0,0.026,0.055,0.032,0.301,17546000.0,65021000.0,1.0,287919941.0,287365000,290794000.0,4.994,17205770000.0,0.0,-20190000.0,274852000.0,59.874,
40,VTR,MRT,2011-06-30,2011-06-30,2011-06-30,2021-09-23,28212000.0,9634033000.0,6721742250.0,,,0.17,22.221,-512869000.0,90963000.0,90963000.0,415858000.0,206376000.0,,1.459,5007080000.0,,,5007080000.0,0.0,235856000.0,0.0,0.042,2.22,377667000.0,613523000.0,0.536,613523000.0,377667000.0,199340000.0,1.28,1.27,1.28,3916718000.0,2837082500.0,3916718000.0,11092200417.0,29.0,18.08,-86664000.0,-0.492,1.0,728506000.0,0.637,0.0,178327000.0,14550150000.0,9989055000.0,0.0,0.0,,,5714457000.0,,,8598130417.0,-1406000.0,0.0,299926000.0,662348000.0,-370205000.0,597478000.0,-1025089000.0,-508125000.0,426205000.0,314000.0,204141000.0,204141000.0,204141000.0,-28082000.0,2235000.0,0.178,356001000.0,372505000.0,401151000.0,1.734,2.195,42.119,41.18,9230185000.0,0.0,52.71,7.513,8.119,0.0,-412694000.0,1144364000.0,1144364000.0,0.0,0.03,0.072,0.038,0.33,16357000.0,59675000.0,1.0,163121427.0,176262000,177945000.0,6.492,9634033000.0,0.0,-4801000.0,279668000.0,54.657,
41,VTR,MRT,2011-03-31,2011-03-31,2011-03-31,2021-09-23,28097000.0,5694098000.0,5678763250.0,,,0.181,16.478,-228695000.0,77298000.0,77298000.0,338915000.0,245607000.0,,1.153,2571368000.0,,,2571368000.0,0.0,205286000.0,0.0,0.04,2.18,414374000.0,619660000.0,0.603,619660000.0,414374000.0,244250000.0,1.54,1.53,1.54,2643404000.0,2462005000.0,2643404000.0,11685876453.0,28.0,18.859,234135000.0,1.46,1.0,689263000.0,0.67,0.0,170124000.0,8188168000.0,8344439500.0,0.0,0.0,,,3047651000.0,,,8846584453.0,-90241000.0,0.0,299926000.0,-270626000.0,-345942000.0,-312837000.0,-240234000.0,-7482000.0,462830000.0,-589000.0,242532000.0,242532000.0,242532000.0,-32744000.0,3075000.0,0.236,277413000.0,411850000.0,203594000.0,1.416,3.347,36.476,35.26,5389043000.0,0.0,54.3,8.604,8.472,0.0,-300382000.0,1028178000.0,1028178000.0,0.0,0.043,0.099,0.05,0.403,15062000.0,53979000.0,1.0,162920524.0,160420000,162023000.0,6.409,5694098000.0,0.0,1718000.0,238146000.0,35.495,
42,VTR,MRT,2010-12-31,2010-12-31,2010-12-31,2021-09-23,26868000.0,5758021000.0,5663695000.0,,,0.177,15.24,-236133000.0,60752000.0,60752000.0,325471000.0,249729000.0,,1.411,2900044000.0,,,2900044000.0,0.0,206064000.0,0.0,0.041,2.14,423842000.0,629906000.0,0.63,629906000.0,423842000.0,251368000.0,1.57,1.56,1.57,2386726000.0,2412562250.0,2386726000.0,11064184197.0,26.0,17.565,211489000.0,1.35,1.0,675163000.0,0.675,0.0,172474000.0,8597313000.0,8336958500.0,0.0,0.0,,,3367816000.0,,,8244412197.0,-85750000.0,0.0,0.0,98492000.0,-336085000.0,-231452000.0,-301920000.0,-61767000.0,447622000.0,165000.0,246167000.0,246167000.0,246167000.0,-32723000.0,3562000.0,0.246,270027000.0,405136000.0,207143000.0,1.363,3.454,33.491,33.427,5444114000.0,0.0,52.48,8.239,8.214,0.0,-255628000.0,1000634000.0,1000634000.0,0.0,0.043,0.102,0.051,0.424,14078000.0,49830000.0,1.0,157096269.0,156608000,157657000.0,6.389,5758021000.0,0.0,5201000.0,241333000.0,36.767,
43,VTR,MRT,2010-09-30,2010-09-30,2010-09-30,2021-09-23,23816000.0,5800817000.0,5628251000.0,,,0.174,15.332,-254664000.0,75775000.0,75775000.0,319145000.0,225805000.0,,1.409,2895547000.0,,,2895547000.0,0.0,207014000.0,0.0,0.041,2.117,399167000.0,606181000.0,0.619,606181000.0,399167000.0,224650000.0,1.43,1.42,1.43,2401482000.0,2432258500.0,2401482000.0,10610216356.0,27.0,17.503,190359000.0,1.215,1.0,659514000.0,0.674,0.0,174517000.0,8620589000.0,8222409500.0,0.0,0.0,,,3384631000.0,,,8100645356.0,-37173000.0,0.0,0.0,149179000.0,-332234000.0,-184549000.0,-297647000.0,-38483000.0,445023000.0,74000.0,222665000.0,222665000.0,222665000.0,-10576000.0,3140000.0,0.228,260979000.0,398535000.0,202985000.0,1.48,3.373,36.38,36.063,5454226000.0,0.0,51.57,8.277,8.254,0.0,-249047000.0,978659000.0,978659000.0,0.0,0.04,0.092,0.049,0.408,12795000.0,44039000.0,1.0,157080577.0,156631000,157941000.0,6.248,5800817000.0,0.0,1985000.0,252351000.0,37.035,
44,VTR,MRT,2010-06-30,2010-06-30,2010-06-30,2021-09-23,16506000.0,5462117000.0,5574874250.0,,,0.17,15.429,-41163000.0,71278000.0,71278000.0,308843000.0,217341000.0,,1.254,2580849000.0,,,2580849000.0,0.0,205165000.0,0.0,0.045,2.095,386779000.0,591944000.0,0.624,591944000.0,386779000.0,214490000.0,1.38,1.37,1.38,2416408000.0,2453113750.0,2416408000.0,9888679275.0,26.0,16.705,393513000.0,2.513,1.0,639788000.0,0.674,0.0,172289000.0,7971688000.0,8076033750.0,0.0,0.0,,,3030703000.0,,,7364260275.0,-18952000.0,0.0,0.0,-62803000.0,-328413000.0,-396889000.0,-56739000.0,-15576000.0,434676000.0,223000.0,214572000.0,214572000.0,214572000.0,-10613000.0,2769000.0,0.226,254409000.0,385379000.0,181343000.0,1.518,3.048,34.321,34.022,5159460000.0,0.0,46.95,7.763,7.751,0.0,-222853000.0,948631000.0,948631000.0,0.0,0.038,0.087,0.048,0.408,11834000.0,38418000.0,1.0,156853254.0,156611000,157441000.0,6.057,5462117000.0,0.0,-82000.0,251829000.0,34.877,
45,VTR,MRT,2010-03-31,2010-03-31,2010-03-31,2021-09-23,25154000.0,5633825000.0,5602060250.0,,,0.167,15.632,-60729000.0,173752000.0,173752000.0,306224000.0,247559000.0,,1.296,2698171000.0,,,2698171000.0,0.0,203887000.0,0.0,0.044,2.072,416443000.0,620330000.0,0.662,620330000.0,416443000.0,244000000.0,1.58,1.57,1.58,2445633000.0,2472672500.0,2445633000.0,9963291777.0,24.0,16.061,363377000.0,2.323,1.0,630539000.0,0.673,0.0,172443000.0,8158244000.0,8094654750.0,0.0,0.0,,,3170205000.0,,,7440419777.0,35550000.0,0.0,299201000.0,-286885000.0,-324734000.0,-318171000.0,-70385000.0,-9656000.0,424106000.0,1373000.0,244886000.0,244886000.0,244886000.0,-47135000.0,2673000.0,0.261,252683000.0,377856000.0,183574000.0,1.311,3.042,30.383,30.051,5219109000.0,0.0,47.48,7.943,7.93,0.0,-196972000.0,936763000.0,936763000.0,0.0,0.044,0.099,0.051,0.445,11855000.0,38915000.0,1.0,156706398.0,156453000,156967000.0,5.988,5633825000.0,0.0,-886000.0,252687000.0,36.01,
46,VTR,MRT,2009-12-31,2009-12-31,2009-12-31,2021-09-23,19669000.0,5616245000.0,5592065500.0,,,0.165,16.16,-971000.0,147229000.0,147229000.0,302813000.0,269360000.0,,1.27,2670101000.0,,,2670101000.0,0.0,201258000.0,0.0,0.047,2.05,438586000.0,639844000.0,0.693,639844000.0,438586000.0,264776000.0,1.75,1.74,1.75,2465511000.0,2403216250.0,2465511000.0,9297712730.0,21.0,14.531,421130000.0,2.76,1.0,620652000.0,0.672,0.0,173810000.0,8139117000.0,8155635250.0,0.0,0.0,,,3132185000.0,,,6849936730.0,-69825000.0,0.0,299201000.0,-469019000.0,-314399000.0,-490180000.0,-1746000.0,-775000.0,422101000.0,410000.0,266495000.0,266495000.0,266495000.0,-76072000.0,2865000.0,0.289,249193000.0,371459000.0,190445000.0,1.171,2.778,25.704,24.994,5260994000.0,0.0,43.74,7.418,7.226,0.0,-165710000.0,923465000.0,923465000.0,0.0,0.048,0.111,0.054,0.475,11882000.0,38830000.0,1.0,156605778.0,152566000,152758000.0,6.053,5616245000.0,0.0,-1719000.0,253665000.0,36.812,
47,VTR,MRT,2009-09-30,2009-09-30,2009-09-30,2021-09-23,15080000.0,5587310000.0,5630858750.0,,,0.164,15.903,61995000.0,167366000.0,167366000.0,300817000.0,272733000.0,,1.241,2615142000.0,,,2615142000.0,4628000.0,204140000.0,0.0,0.053,2.05,448784000.0,652924000.0,0.708,652924000.0,448784000.0,266872000.0,1.81,1.81,1.81,2484903000.0,2326988000.0,2484903000.0,8502079402.0,19.0,13.022,463291000.0,2.965,1.0,621878000.0,0.674,0.0,181912000.0,8035086000.0,8289790500.0,0.0,0.0,,,3084998000.0,,,6026768402.0,-46441000.0,0.0,299201000.0,-478674000.0,-307554000.0,-502050000.0,54313000.0,-9452000.0,401296000.0,1407000.0,269944000.0,269944000.0,269944000.0,-88153000.0,2789000.0,0.293,255216000.0,366662000.0,175125000.0,1.133,2.425,22.326,21.271,5205937000.0,0.0,38.5,6.532,6.52,0.0,-139478000.0,922695000.0,922695000.0,0.0,0.048,0.116,0.054,0.486,11375000.0,41768000.0,1.0,156539439.0,156250000,156516000.0,5.905,5587310000.0,0.0,-3072000.0,254622000.0,35.759,
48,VTR,MRT,2009-06-30,2009-06-30,2009-06-30,2021-09-23,-1411000.0,5570861000.0,5687743250.0,,,0.162,16.153,19712000.0,140993000.0,140993000.0,306177000.0,287109000.0,,1.226,2616304000.0,,,2616304000.0,5305000.0,204758000.0,0.0,0.069,2.05,470194000.0,674952000.0,0.731,674952000.0,470194000.0,280828000.0,1.94,1.94,1.94,2494643000.0,2252659000.0,2494643000.0,7481695073.0,16.0,11.085,420999000.0,2.726,1.0,617002000.0,0.668,0.0,189366000.0,8046172000.0,8478627500.0,0.0,0.0,,,3058395000.0,,,4673375073.0,16182000.0,0.0,516073000.0,-582008000.0,-300782000.0,-377844000.0,-7261000.0,-28725000.0,401287000.0,1073000.0,283905000.0,283905000.0,283905000.0,-89129000.0,3204000.0,0.308,252552000.0,364450000.0,164659000.0,1.057,1.873,16.461,15.392,5223886000.0,0.0,29.86,5.062,4.995,0.0,-109012000.0,923179000.0,923179000.0,0.0,0.05,0.126,0.055,0.509,11623000.0,43737000.0,1.0,156509547.0,154441000,154510000.0,5.978,5570861000.0,0.0,-3077000.0,255175000.0,36.071,
49,VTR,MRT,2009-03-31,2009-03-31,2009-03-31,2021-09-23,-18322000.0,5593846000.0,5724293250.0,,,0.161,15.15,85283000.0,134081000.0,134081000.0,305455000.0,268624000.0,,1.572,2942401000.0,,,2942401000.0,6307000.0,213826000.0,0.0,0.091,2.05,456044000.0,669870000.0,0.728,669870000.0,456044000.0,259283000.0,1.88,1.88,1.88,2167808000.0,2124472250.0,2167808000.0,6157398483.0,14.0,9.192,474120000.0,3.313,1.0,615303000.0,0.668,0.0,196761000.0,8402166000.0,8691877750.0,0.0,0.0,,,3408174000.0,,,3242382483.0,43480000.0,0.0,216872000.0,-171800000.0,-291489000.0,-254593000.0,-90764000.0,-178156000.0,388837000.0,979000.0,265677000.0,265677000.0,265677000.0,-75595000.0,2947000.0,0.289,257538000.0,357765000.0,161775000.0,1.09,1.496,12.204,12.027,5260972000.0,0.0,22.61,3.521,3.514,0.0,-117124000.0,920758000.0,920758000.0,0.0,0.046,0.125,0.052,0.495,11086000.0,42992000.0,1.0,143404798.0,143091000,143145000.0,6.435,5593846000.0,0.0,-6394000.0,255570000.0,39.093,
50,VTR,MRT,2008-12-31,2008-12-31,2008-12-31,2021-09-23,-21089000.0,5771418000.0,5738778750.0,,,0.16,15.48,34023000.0,232678000.0,232678000.0,306944000.0,225287000.0,,1.662,3136998000.0,,,3136998000.0,7057000.0,235754000.0,0.0,0.061,2.05,409342000.0,645096000.0,0.702,645096000.0,409342000.0,206718000.0,1.59,1.59,1.59,2160598000.0,2077113750.0,2160598000.0,7785939765.0,19.0,12.069,413930000.0,2.966,1.0,612201000.0,0.666,0.0,202624000.0,8675738000.0,8767569000.0,0.0,0.0,,,3591683000.0,,,4810353765.0,147672000.0,0.0,408540000.0,-207125000.0,-288849000.0,-95979000.0,-136256000.0,-172371000.0,379907000.0,806000.0,222603000.0,222603000.0,222603000.0,-48549000.0,2684000.0,0.242,274612000.0,337589000.0,168198000.0,1.289,2.226,21.61,21.113,5296228000.0,0.0,33.57,5.234,5.098,0.0,-117806000.0,919145000.0,919145000.0,0.0,0.039,0.107,0.047,0.445,9976000.0,40651000.0,1.0,143293231.0,139572000,139912000.0,6.585,5771418000.0,0.0,-15885000.0,257499000.0,41.351,
51,VTR,MRT,2008-09-30,2008-09-30,2008-09-30,2021-09-23,4835000.0,5814848000.0,5725081250.0,,,0.159,15.541,-43476000.0,159764000.0,159764000.0,305892000.0,194797000.0,,1.645,3135350000.0,,,3135350000.0,7564000.0,253324000.0,0.0,0.041,2.012,369693000.0,623017000.0,0.686,623017000.0,369693000.0,163903000.0,1.34,1.34,1.34,2187587000.0,1992877750.0,2187587000.0,10025674448.0,27.0,16.092,314441000.0,2.234,1.0,602795000.0,0.663,0.0,205790000.0,8790434000.0,8847313500.0,0.0,0.0,,,3598360000.0,,,6843562448.0,78174000.0,0.0,408524000.0,-198369000.0,-278867000.0,-57296000.0,-222447000.0,-170345000.0,357917000.0,9176000.0,191036000.0,191036000.0,191036000.0,-36099000.0,3761000.0,0.21,289582000.0,313213000.0,152666000.0,1.501,3.128,35.823,36.881,5433288000.0,0.0,49.42,7.531,7.655,0.0,-95414000.0,908687000.0,908687000.0,0.0,0.033,0.096,0.042,0.407,9707000.0,40999000.0,1.0,138477589.0,140759000,141141000.0,6.456,5814848000.0,0.0,-27133000.0,256525000.0,41.311,
52,VTR,MRT,2008-06-30,2008-06-30,2008-06-30,2021-09-23,12831000.0,5717061000.0,5686774250.0,,,0.158,14.348,-86886000.0,69306000.0,69306000.0,295576000.0,158005000.0,,1.869,3251418000.0,,,3251418000.0,8050000.0,273071000.0,0.0,0.046,1.975,327109000.0,600180000.0,0.669,600180000.0,327109000.0,119103000.0,1.1,1.1,1.1,1981896000.0,1906975250.0,1981896000.0,8947935417.0,27.0,14.909,325637000.0,2.357,1.0,601482000.0,0.671,0.0,208006000.0,8899173000.0,8852441250.0,0.0,0.0,,,3704208000.0,,,5894792417.0,835000.0,0.0,191402000.0,-119815000.0,-268779000.0,-181976000.0,-229712000.0,-143200000.0,412523000.0,-1705000.0,155284000.0,155284000.0,155284000.0,-35332000.0,2721000.0,0.173,307394000.0,294088000.0,142399000.0,1.795,2.974,37.961,38.7,5483223000.0,0.0,42.57,6.571,6.555,0.0,-86610000.0,897058000.0,897058000.0,0.0,0.027,0.081,0.037,0.365,8149000.0,38688000.0,1.0,138472925.0,138133000,138737000.0,6.494,5717061000.0,0.0,-36181000.0,282080000.0,41.388,
53,VTR,MRT,2008-03-31,2008-03-31,2008-03-31,2021-09-23,14819000.0,5651788000.0,5675372250.0,,,0.152,14.506,-1175658000.0,103968000.0,103968000.0,274141000.0,267104000.0,,1.84,3157111000.0,,,3157111000.0,8700000.0,273448000.0,0.0,0.043,1.938,437879000.0,711327000.0,0.827,711327000.0,437879000.0,226848000.0,2.08,2.07,2.08,1978374000.0,1881277500.0,1978374000.0,9489671387.0,22.0,13.341,-754572000.0,-5.533,1.0,585803000.0,0.681,0.0,211031000.0,8704931000.0,8834372750.0,0.0,0.0,,,3641098000.0,,,6211583387.0,56631000.0,0.0,1237381000.0,-192963000.0,-261174000.0,792372000.0,-1156827000.0,18456000.0,421086000.0,-5284000.0,264928000.0,259729000.0,259729000.0,-141697000.0,2176000.0,0.302,306190000.0,279613000.0,142386000.0,0.932,3.14,23.916,21.591,5400559000.0,5199000.0,44.91,7.223,7.122,0.0,-86698000.0,859944000.0,859944000.0,0.0,0.046,0.138,0.05,0.509,7428000.0,37101000.0,1.0,138311810.0,136381000,136673000.0,6.305,5651788000.0,0.0,-38080000.0,286153000.0,41.441,
54,VTR,MRT,2007-12-31,2007-12-31,2007-12-31,2021-09-23,17416000.0,5716628000.0,5083967000.0,,,0.147,14.875,-1199142000.0,82411000.0,82411000.0,198125000.0,280578000.0,,2.117,3360499000.0,,,3360499000.0,9065000.0,235045000.0,0.0,0.042,1.9,447498000.0,682543000.0,0.914,682543000.0,447498000.0,250838000.0,2.23,2.22,2.23,1823654000.0,1563912500.0,1823654000.0,9189752387.0,21.0,13.464,-794542000.0,-6.481,1.0,548572000.0,0.735,0.0,196660000.0,8994716000.0,8052276500.0,0.0,0.0,,,3861520000.0,,,6040427387.0,32083000.0,0.0,1045713000.0,37949000.0,-282739000.0,802675000.0,-1175192000.0,23576000.0,404600000.0,-4995000.0,278880000.0,273681000.0,273681000.0,-142177000.0,1698000.0,0.367,265921000.0,282651000.0,173576000.0,0.852,3.312,22.071,20.291,5495827000.0,5199000.0,45.25,8.09,7.429,0.0,-47846000.0,746697000.0,746697000.0,0.0,0.054,0.175,0.056,0.599,7493000.0,36425000.0,1.0,133490108.0,122597000,123012000.0,6.091,5716628000.0,0.0,-28042000.0,297590000.0,46.629,
55,VTR,MRT,2007-09-30,2007-09-30,2007-09-30,2021-09-23,6652000.0,5661620000.0,4468260000.0,,,0.142,13.843,-1583115000.0,118380000.0,118380000.0,123898000.0,293714000.0,,2.056,3267705000.0,,,3267705000.0,9665000.0,194922000.0,0.0,0.044,1.82,455815000.0,650737000.0,1.028,650737000.0,455815000.0,278640000.0,2.52,2.49,2.52,1843977000.0,1285468000.0,1843977000.0,8677879437.0,19.0,13.335,-1174003000.0,-8.814,1.0,508964000.0,0.804,0.0,177175000.0,8810945000.0,7178989500.0,0.0,0.0,,,3790862000.0,,,5522433437.0,41005000.0,0.0,1045864000.0,196551000.0,-219253000.0,1017286000.0,-1385393000.0,182955000.0,409112000.0,-14367000.0,293714000.0,288515000.0,288515000.0,-142484000.0,0.0,0.456,218878000.0,290086000.0,152753000.0,0.722,2.995,19.141,16.429,5382710000.0,5199000.0,41.4,8.726,8.714,0.0,-13761000.0,632862000.0,632862000.0,0.0,0.065,0.224,0.063,0.72,6412000.0,31598000.0,1.0,133392112.0,133205000,133503000.0,4.751,5661620000.0,0.0,-15074000.0,313987000.0,42.503,
56,VTR,MRT,2007-06-30,2007-06-30,2007-06-30,2021-09-23,9482000.0,5671453000.0,3754958750.0,,,0.137,16.003,-1491185000.0,129196000.0,129196000.0,53243000.0,297941000.0,,2.004,3284642000.0,,,3284642000.0,10219000.0,153857000.0,0.0,0.048,1.74,450563000.0,604420000.0,1.171,604420000.0,450563000.0,292330000.0,2.62,2.59,2.62,1879105000.0,985392500.0,1879105000.0,6145518142.0,14.0,10.168,-1191666000.0,-10.149,1.0,462982000.0,0.897,0.0,158233000.0,8826899000.0,6166450750.0,0.0,0.0,,,3765726000.0,,,3855139142.0,31624000.0,0.0,1046810000.0,356645000.0,-196983000.0,1199655000.0,-1467550000.0,18115000.0,299519000.0,-3418000.0,297941000.0,292742000.0,292742000.0,-142983000.0,0.0,0.567,181119000.0,281863000.0,140493000.0,0.664,2.052,13.169,13.836,5368781000.0,5199000.0,36.25,7.468,8.245,0.0,21636000.0,516225000.0,516225000.0,0.0,0.078,0.297,0.073,0.873,5395000.0,28822000.0,1.0,106348666.0,117419000,117825000.0,4.396,5671453000.0,0.0,-5611000.0,309215000.0,48.301,
57,VTR,MRT,2007-03-31,2007-03-31,2007-03-31,2021-09-23,914000.0,3286167000.0,3002338500.0,,,0.14,6.685,-472712000.0,80039000.0,80039000.0,3490000.0,147402000.0,,3.635,2370418000.0,,,2370418000.0,7607000.0,124616000.0,0.0,0.039,1.66,283638000.0,408254000.0,0.97,408254000.0,283638000.0,147402000.0,1.41,1.39,1.41,708914000.0,678115250.0,708914000.0,6724900434.0,24.0,16.472,-214861000.0,-2.026,1.0,417554000.0,0.992,0.0,136236000.0,5576546000.0,5082406500.0,0.0,0.0,,,2577253000.0,,,4477132434.0,-1466000.0,0.0,-782000.0,377709000.0,-174686000.0,203365000.0,-462682000.0,-75000.0,257851000.0,0.0,147402000.0,147402000.0,147402000.0,-9429000.0,0.0,0.35,149622000.0,267932000.0,123138000.0,1.177,6.315,30.374,29.879,3088953000.0,0.0,42.13,10.633,10.611,0.0,-89591000.0,421044000.0,421044000.0,0.0,0.049,0.217,0.056,0.674,4302000.0,27086000.0,1.0,106269462.0,106044000,106775000.0,3.97,3286167000.0,0.0,0.0,30394000.0,30.989,
58,VTR,MRT,2006-12-31,2006-12-31,2006-12-31,2021-09-23,1037000.0,3253800000.0,2846197750.0,,,0.14,6.812,-490679000.0,81285000.0,81285000.0,3171000.0,131430000.0,,3.583,2329053000.0,,,2329053000.0,8194000.0,119653000.0,0.0,0.037,1.58,260383000.0,380036000.0,0.955,380036000.0,260383000.0,131430000.0,1.26,1.25,1.26,709876000.0,665578500.0,709876000.0,6359266632.0,24.0,16.733,-251812000.0,-2.416,1.0,394780000.0,0.992,0.0,128953000.0,5501568000.0,4801504000.0,0.0,0.0,,,2543531000.0,,,4406891632.0,-395000.0,0.0,831000.0,395845000.0,-160598000.0,242712000.0,-481974000.0,-1187000.0,238867000.0,0.0,131430000.0,131430000.0,131430000.0,-9358000.0,0.0,0.33,144251000.0,250529000.0,114012000.0,1.254,6.208,33.53,33.587,3083900000.0,0.0,42.32,11.074,11.082,0.0,-84176000.0,397951000.0,397951000.0,0.0,0.046,0.197,0.054,0.654,3046000.0,26136000.0,1.0,104132600.0,104206000,104731000.0,3.819,3253800000.0,0.0,0.0,30394000.0,31.225,
59,VTR,MRT,2006-09-30,2006-09-30,2006-09-30,2021-09-23,1569000.0,2808415000.0,2692527250.0,,,0.143,6.188,-72487000.0,54753000.0,54753000.0,2709000.0,137854000.0,,3.363,2007128000.0,,,2007128000.0,8780000.0,115943000.0,0.0,0.04,1.545,265709000.0,381652000.0,0.989,381652000.0,265709000.0,137854000.0,1.34,1.33,1.34,643675000.0,654939250.0,643675000.0,5838454339.0,22.0,15.298,157961000.0,1.519,1.0,383195000.0,0.993,0.0,127855000.0,4760790000.0,4521205500.0,0.0,0.0,,,2164740000.0,,,4008704339.0,-3829000.0,0.0,-3895000.0,167752000.0,-197853000.0,-25031000.0,-209246000.0,-139521000.0,230448000.0,0.0,137854000.0,137854000.0,137854000.0,-14476000.0,0.0,0.357,132063000.0,251132000.0,82978000.0,1.153,6.228,29.079,28.761,2666463000.0,0.0,38.54,10.388,10.389,0.0,-83024000.0,385904000.0,385904000.0,0.0,0.051,0.21,0.059,0.689,2810000.0,26453000.0,1.0,104014124.0,104021000,104568000.0,3.71,2808415000.0,0.0,0.0,30394000.0,26.999,
60,VTR,MRT,2006-06-30,2006-06-30,2006-06-30,2021-09-23,1449000.0,2660972000.0,2654956000.0,,,0.141,6.257,-170567000.0,53159000.0,53159000.0,2659000.0,134334000.0,,3.094,1882909000.0,,,1882909000.0,9374000.0,114032000.0,0.0,0.045,1.51,260433000.0,374465000.0,0.999,374465000.0,260433000.0,134334000.0,1.31,1.3,1.31,649996000.0,657548250.0,649996000.0,5311028642.0,20.0,14.183,58202000.0,0.56,1.0,372323000.0,0.993,0.0,126099000.0,4490722000.0,4432830000.0,0.0,0.0,,,2010976000.0,,,3519696642.0,1130000.0,0.0,95234000.0,-28428000.0,-156712000.0,-82099000.0,-145540000.0,22671000.0,228769000.0,0.0,134334000.0,134334000.0,134334000.0,-13191000.0,0.0,0.358,123413000.0,248910000.0,73838000.0,1.153,5.415,26.201,25.863,2539090000.0,0.0,33.88,9.386,9.386,0.0,-74124000.0,374982000.0,374982000.0,0.0,0.051,0.204,0.059,0.695,2530000.0,26494000.0,1.0,103887150.0,103884000,104374000.0,3.61,2660972000.0,0.0,0.0,30394000.0,25.615,
61,VTR,MRT,2006-03-31,2006-03-31,2006-03-31,2021-09-23,685000.0,2661604000.0,2646076750.0,,,0.133,6.35,-605351000.0,63219000.0,63219000.0,2646000.0,132144000.0,,3.04,1854551000.0,,,1854551000.0,9953000.0,103206000.0,0.0,0.044,1.475,248556000.0,351762000.0,0.996,351762000.0,248556000.0,132144000.0,1.34,1.32,1.34,658767000.0,658839250.0,658767000.0,5185696187.0,21.0,14.742,-370496000.0,-3.571,1.0,350552000.0,0.993,0.0,116412000.0,4452936000.0,4411496000.0,0.0,0.0,,,2002837000.0,,,3444440187.0,-313000.0,0.0,100623000.0,438732000.0,-176728000.0,367394000.0,-602562000.0,3832000.0,234855000.0,0.0,132144000.0,132144000.0,132144000.0,-11500000.0,0.0,0.374,112926000.0,237626000.0,72726000.0,1.101,5.229,26.066,24.761,2542642000.0,0.0,33.18,9.752,9.747,0.0,-62308000.0,353198000.0,353198000.0,0.0,0.05,0.201,0.056,0.704,2309000.0,26266000.0,1.0,103810735.0,103751000,104300000.0,3.404,2661604000.0,0.0,0.0,30394000.0,25.654,
62,VTR,MRT,2005-12-31,2005-12-31,2005-12-31,2021-09-23,-143000.0,2639118000.0,2274225250.0,,,0.14,7.022,-588136000.0,61308000.0,61308000.0,2576000.0,130583000.0,,2.955,1802564000.0,,,1802564000.0,10540000.0,88002000.0,0.0,0.045,1.44,231014000.0,319016000.0,0.999,319016000.0,231014000.0,130583000.0,1.37,1.36,1.37,667319000.0,535830000.0,667319000.0,5054825504.0,22.0,15.845,-364372000.0,-3.834,1.0,316608000.0,0.992,0.0,100431000.0,4380374000.0,3806336250.0,0.0,0.0,,,1971799000.0,,,3305667504.0,-1724000.0,0.0,101964000.0,408933000.0,-125843000.0,389553000.0,-615041000.0,-27059000.0,223764000.0,0.0,130583000.0,130583000.0,130583000.0,-11461000.0,0.0,0.409,96485000.0,220123000.0,76540000.0,1.051,4.954,25.315,23.372,2526474000.0,0.0,32.02,10.357,9.534,0.0,-50402000.0,319184000.0,319184000.0,0.0,0.057,0.244,0.061,0.724,1971000.0,25075000.0,1.0,103237586.0,95037000,95775000.0,3.359,2639118000.0,0.0,0.0,30394000.0,27.769,
63,VTR,MRT,2005-09-30,2005-09-30,2005-09-30,2021-09-23,-942000.0,2658130000.0,1896179500.0,,,0.156,6.346,-602126000.0,62161000.0,62161000.0,2338000.0,130036000.0,,3.064,1811319000.0,,,1811319000.0,11126000.0,72280000.0,0.0,0.044,1.405,219142000.0,291422000.0,0.984,291422000.0,219142000.0,130036000.0,1.48,1.45,1.48,654111000.0,409056250.0,654111000.0,5095462250.0,23.0,17.485,-405161000.0,-3.931,1.0,293738000.0,0.992,0.0,89106000.0,4407288000.0,3196502250.0,0.0,0.0,,,2004019000.0,,,3315531250.0,1959000.0,0.0,112621000.0,415189000.0,-88588000.0,441881000.0,-636887000.0,-36823000.0,196965000.0,0.0,130036000.0,130036000.0,130036000.0,-20032000.0,0.0,0.439,94453000.0,199285000.0,77316000.0,0.949,5.069,25.497,21.757,2552635000.0,0.0,32.2,11.198,11.211,0.0,-60280000.0,296076000.0,296076000.0,0.0,0.069,0.318,0.069,0.74,2190000.0,23402000.0,1.0,102966809.0,103081000,103880000.0,2.872,2658130000.0,0.0,0.0,30394000.0,25.787,
64,VTR,MRT,2005-06-30,2005-06-30,2005-06-30,2021-09-23,-5343000.0,2625455000.0,1504483250.0,,,0.174,7.397,-538226000.0,52753000.0,52753000.0,2033000.0,126612000.0,,3.007,1832684000.0,,,1832684000.0,11713000.0,57795000.0,0.0,0.045,1.37,200303000.0,258098000.0,0.987,258098000.0,200303000.0,126612000.0,1.5,1.47,1.5,655160000.0,278071750.0,655160000.0,3420679623.0,17.0,13.253,-358611000.0,-4.049,1.0,259372000.0,0.992,0.0,73691000.0,4405386000.0,2575819500.0,0.0,0.0,,,1970295000.0,,,2562580623.0,-8078000.0,0.0,18573000.0,487491000.0,-115981000.0,390083000.0,-577776000.0,-42101000.0,179615000.0,0.0,126612000.0,126612000.0,126612000.0,-20227000.0,0.0,0.484,77751000.0,181621000.0,70710000.0,0.913,3.911,20.24,20.133,2432299000.0,0.0,30.2,9.803,10.233,0.0,-51746000.0,261405000.0,261405000.0,0.0,0.084,0.455,0.078,0.766,2040000.0,20869000.0,1.0,84853663.0,88574000,89350000.0,2.951,2625455000.0,0.0,0.0,30394000.0,29.641,
65,VTR,MRT,2005-03-31,2005-03-31,2005-03-31,2021-09-23,-3327000.0,1174198000.0,1116370250.0,,,0.22,1.969,-157300000.0,19543000.0,19543000.0,1682000.0,125198000.0,,6.043,877642000.0,,,877642000.0,12298000.0,51646000.0,0.0,0.053,1.335,193050000.0,244696000.0,0.995,244696000.0,193050000.0,125198000.0,1.5,1.47,1.5,166730000.0,146688750.0,166730000.0,2930449744.0,15.0,11.976,11038000.0,0.13,1.0,244196000.0,0.993,0.0,67852000.0,2032297000.0,1948833000.0,0.0,0.0,,,1007468000.0,,,2116346744.0,56000.0,0.0,18643000.0,74733000.0,-82183000.0,10925000.0,-179207000.0,-23296000.0,168338000.0,0.0,125198000.0,125198000.0,125198000.0,-20457000.0,0.0,0.509,70233000.0,173963000.0,28015000.0,0.89,12.693,16.904,16.64,1127058000.0,0.0,24.96,8.607,8.594,0.0,-48255000.0,245878000.0,245878000.0,0.0,0.112,0.853,0.099,0.785,1699000.0,19112000.0,1.0,84789533.0,84657000,85400000.0,2.904,1174198000.0,0.0,0.0,30394000.0,13.87,
66,VTR,MRT,2004-12-31,2004-12-31,2004-12-31,2021-09-23,-9114000.0,1126935000.0,1074650500.0,,,0.22,1.919,-302831000.0,29075000.0,29075000.0,1337000.0,120900000.0,,6.033,843178000.0,,,843178000.0,12887000.0,49238000.0,0.0,0.047,1.3,187005000.0,236243000.0,1.001,236243000.0,187005000.0,120900000.0,1.45,1.43,1.45,160224000.0,133479500.0,160224000.0,3147436518.0,17.0,13.323,-152873000.0,-1.831,1.0,234684000.0,0.994,0.0,66105000.0,1941038000.0,1883002250.0,0.0,0.0,,,966711000.0,,,2314224518.0,-78739000.0,0.0,81882000.0,91639000.0,-103523000.0,69998000.0,-298695000.0,3580000.0,149958000.0,0.0,120900000.0,120900000.0,120900000.0,-20680000.0,0.0,0.512,66989000.0,167695000.0,27461000.0,0.897,14.444,19.142,18.903,1071132000.0,0.0,27.41,9.805,9.696,0.0,-45297000.0,236021000.0,236021000.0,0.0,0.113,0.906,0.099,0.792,1664000.0,18124000.0,1.0,84429935.0,83491000,84352000.0,2.827,1126935000.0,0.0,0.0,30394000.0,13.498,
67,VTR,MRT,2004-09-30,2004-09-30,2004-09-30,2021-09-23,-13588000.0,1091345000.0,996129250.0,,,0.225,1.548,-141502000.0,20562000.0,20562000.0,869000.0,151350000.0,,7.384,853774000.0,,,853774000.0,13536000.0,46355000.0,0.0,0.048,1.243,216071000.0,262426000.0,1.172,262426000.0,216071000.0,151350000.0,1.86,1.84,1.86,130173000.0,107502250.0,130173000.0,3005561506.0,14.0,11.453,12571000.0,0.15,1.0,223060000.0,0.996,0.0,64721000.0,1924557000.0,1738676000.0,0.0,0.0,,,961172000.0,,,2181124506.0,-6290000.0,20223000.0,87573000.0,68785000.0,-103523000.0,41601000.0,-201964000.0,-20226000.0,154073000.0,0.0,151350000.0,151350000.0,151350000.0,-63015000.0,0.0,0.676,63382000.0,159678000.0,27074000.0,0.668,16.756,14.411,13.935,1045729000.0,0.0,25.92,9.74,9.732,0.0,-64473000.0,223929000.0,223929000.0,0.0,0.152,1.408,0.124,0.965,1720000.0,16012000.0,1.0,84148322.0,84073000,84889000.0,2.664,1091345000.0,0.0,0.0,30394000.0,12.981,
68,VTR,MRT,2004-06-30,2004-06-30,2004-06-30,2021-09-23,-10129000.0,1073003000.0,916893000.0,,,0.232,1.547,-107441000.0,27238000.0,27238000.0,497000.0,158265000.0,,7.278,851675000.0,,,851675000.0,14204000.0,43338000.0,0.0,0.051,1.185,220451000.0,263789000.0,1.238,263789000.0,220451000.0,158265000.0,1.97,1.94,1.97,129628000.0,69032750.0,129628000.0,2720516411.0,12.0,10.313,26434000.0,0.315,1.0,212571000.0,0.998,0.0,62186000.0,1897440000.0,1616446000.0,0.0,0.0,,,943375000.0,,,1958861411.0,-293000.0,20223000.0,91367000.0,28487000.0,-97466000.0,13813000.0,-147981000.0,-2748000.0,133875000.0,0.0,158265000.0,158265000.0,158265000.0,-64638000.0,0.0,0.743,59623000.0,152948000.0,21298000.0,0.602,15.111,12.377,11.853,1021010000.0,0.0,23.35,9.194,9.186,0.0,-62377000.0,213068000.0,213068000.0,0.0,0.173,2.293,0.136,1.035,1708000.0,15517000.0,1.0,83891281.0,83820000,84565000.0,2.542,1073003000.0,0.0,0.0,30394000.0,12.801,
69,VTR,MRT,2004-03-31,2004-03-31,2004-03-31,2021-09-23,-23341000.0,1007319000.0,848792750.0,,,0.238,1.394,-37723000.0,20707000.0,20707000.0,207000.0,148740000.0,,7.844,782362000.0,,,782362000.0,14718000.0,42000000.0,0.0,0.041,1.128,209697000.0,251697000.0,1.248,251697000.0,209697000.0,148740000.0,1.86,1.84,1.86,113893000.0,24824750.0,113893000.0,2792004370.0,13.0,11.093,103482000.0,1.267,1.0,201452000.0,0.999,0.0,60957000.0,1768974000.0,1518225500.0,0.0,0.0,,,893426000.0,,,2241121370.0,-1360000.0,20223000.0,88762000.0,-70859000.0,-91343000.0,-125790000.0,-16775000.0,225000.0,141205000.0,0.0,148740000.0,148740000.0,148740000.0,-65448000.0,0.0,0.738,60990000.0,140462000.0,18853000.0,0.606,19.677,15.067,14.774,963033000.0,0.0,27.48,11.113,11.134,0.0,-60740000.0,201659000.0,201659000.0,0.0,0.175,5.992,0.138,1.04,1853000.0,14997000.0,1.0,81554635.0,81703000,82760000.0,2.468,1007319000.0,0.0,0.0,30394000.0,12.329,
70,VTR,MRT,2003-12-31,2003-12-31,2003-12-31,2021-09-23,-18294000.0,812850000.0,816486500.0,,,0.238,0.71,138906000.0,89679000.0,89679000.0,0.0,162753000.0,,13.434,640562000.0,,,640562000.0,15308000.0,41943000.0,0.0,0.049,1.07,224413000.0,266356000.0,1.368,266356000.0,224413000.0,162753000.0,2.05,2.03,2.05,56315000.0,-14340000.0,56315000.0,2423561344.0,11.0,9.099,276272000.0,3.482,1.0,194719000.0,1.0,0.0,61660000.0,1363733000.0,1477451500.0,0.0,0.0,,,756535000.0,,,1762324344.0,79649000.0,20223000.0,22604000.0,-104553000.0,-80247000.0,-217418000.0,159701000.0,205000.0,137366000.0,0.0,162753000.0,162753000.0,162753000.0,-66618000.0,0.0,0.836,60875000.0,133844000.0,14968000.0,0.522,31.294,10.828,10.732,697745000.0,0.0,22.0,9.051,8.964,0.0,-56790000.0,194719000.0,194719000.0,0.0,0.199,-11.35,0.152,1.152,1759000.0,14673000.0,1.0,80105652.0,79340000,80094000.0,2.454,812850000.0,0.0,0.0,30394000.0,10.245,
71,VTR,MRT,2003-09-30,2003-09-30,2003-09-30,2021-09-23,-30667000.0,774400000.0,837219000.0,,,0.217,-0.299,-24710000.0,18125000.0,18125000.0,0.0,95073000.0,,-33.668,679362000.0,,,679362000.0,16309000.0,42613000.0,0.0,0.061,1.04,158621000.0,201234000.0,1.105,201234000.0,158621000.0,95073000.0,1.21,1.2,1.21,-23705000.0,-41825500.0,-23705000.0,2063094773.0,13.0,10.252,102836000.0,1.295,1.0,182052000.0,1.0,0.0,63548000.0,1435637000.0,1531788500.0,0.0,3822000.0,,,798105000.0,,,1359138773.0,5974000.0,6950000.0,105456000.0,-110006000.0,-80247000.0,-134241000.0,12669000.0,-2110000.0,127546000.0,0.0,95073000.0,95073000.0,95073000.0,-6987000.0,0.0,0.522,60541000.0,121511000.0,13727000.0,0.86,-57.336,14.296,14.149,730703000.0,0.0,17.12,7.466,7.466,0.0,-112302000.0,182052000.0,182052000.0,0.0,0.114,-2.273,0.104,0.871,1272000.0,14424000.0,1.0,79388947.0,79389000,80258000.0,2.293,774400000.0,0.0,0.0,30394000.0,9.754,
72,VTR,MRT,2003-06-30,2003-06-30,2003-06-30,2021-09-23,-33382000.0,800602000.0,857929750.0,,,0.208,-0.598,-24591000.0,16204000.0,16204000.0,0.0,79954000.0,,-17.96,720160000.0,,,720160000.0,16916000.0,42789000.0,0.0,0.067,1.01,144796000.0,187585000.0,1.051,187585000.0,144796000.0,77754000.0,1.05,1.04,1.05,-47204000.0,-67305500.0,-47204000.0,1925484051.0,13.0,10.265,109347000.0,1.385,1.0,178529000.0,1.0,0.0,67042000.0,1504558000.0,1577726750.0,0.0,17678000.0,,,847806000.0,,,1197700051.0,5837000.0,6950000.0,98476000.0,-90915000.0,-75399000.0,-122657000.0,-5444000.0,-18080000.0,133938000.0,0.0,79954000.0,79954000.0,79954000.0,-5925000.0,0.0,0.448,61664000.0,116865000.0,19940000.0,0.962,-25.373,14.98,14.429,743141000.0,0.0,15.15,6.709,6.698,0.0,-123177000.0,178529000.0,178529000.0,0.0,0.093,-1.188,0.092,0.811,1317000.0,14182000.0,1.0,79056109.0,78935000,79575000.0,2.262,800602000.0,0.0,-2200000.0,30394000.0,10.143,
73,VTR,MRT,2003-03-31,2003-03-31,2003-03-31,2021-09-23,-32574000.0,878094000.0,877996500.0,,,0.205,-0.542,-26203000.0,22658000.0,22658000.0,0.0,90293000.0,,-21.533,750442000.0,,,750442000.0,18248000.0,42443000.0,0.0,0.084,0.98,157571000.0,200014000.0,1.113,200014000.0,157571000.0,88093000.0,1.23,1.22,1.23,-42766000.0,-79348250.0,-42766000.0,1602077872.0,10.0,8.01,101850000.0,1.292,1.0,179682000.0,1.0,0.0,69478000.0,1605878000.0,1617965250.0,0.0,14572000.0,,,920860000.0,,,916776872.0,-6198000.0,6950000.0,97230000.0,-99633000.0,-70637000.0,-99504000.0,-34747000.0,-15494000.0,128053000.0,0.0,90293000.0,90293000.0,90293000.0,-28305000.0,0.0,0.503,59174000.0,120508000.0,17769000.0,0.797,-21.437,10.153,9.431,818043000.0,0.0,11.6,5.102,5.089,0.0,-118137000.0,179682000.0,179682000.0,0.0,0.103,-1.138,0.097,0.877,1722000.0,13937000.0,1.0,79032489.0,78834000,79296000.0,2.279,878094000.0,0.0,-2200000.0,30394000.0,11.139,
74,VTR,MRT,2002-12-31,2002-12-31,2002-12-31,2021-09-23,-26116000.0,895780000.0,881381000.0,,,0.201,-0.773,-24688000.0,22408000.0,22408000.0,0.0,65706000.0,,-17.704,707709000.0,,,707709000.0,18883000.0,42108000.0,0.0,0.083,0.95,135890000.0,177998000.0,1.006,177998000.0,135890000.0,63506000.0,0.95,0.93,0.95,-53627000.0,-92223250.0,-53627000.0,1559800121.0,11.0,8.763,91697000.0,1.323,1.0,176995000.0,1.0,0.0,72384000.0,1581081000.0,1639971000.0,0.0,16713000.0,,,949407000.0,,,797653121.0,-16141000.0,6950000.0,97155000.0,-121824000.0,-50125000.0,-98386000.0,-34140000.0,-16402000.0,116385000.0,0.0,65706000.0,65706000.0,65706000.0,-28757000.0,0.0,0.371,58456000.0,118539000.0,25402000.0,1.0,-14.874,12.14,12.053,828802000.0,0.0,11.45,4.507,4.485,0.0,-134279000.0,176995000.0,176995000.0,0.0,0.075,-0.712,0.083,0.768,1853000.0,12913000.0,1.0,69664028.0,69336000,70290000.0,2.553,895780000.0,0.0,-2200000.0,30394000.0,12.919,
75,VTR,MRT,2002-09-30,2002-09-30,2002-09-30,2021-09-23,-10232000.0,857243000.0,892900750.0,,,0.215,-1.818,-1133000.0,23777000.0,23777000.0,0.0,78987000.0,,-7.824,785924000.0,,,785924000.0,19029000.0,41855000.0,0.0,0.072,0.972,148266000.0,190121000.0,0.991,190121000.0,148266000.0,76964000.0,1.14,1.13,1.14,-125625000.0,-101585000.0,-125625000.0,1711018204.0,12.0,9.0,114123000.0,1.652,1.0,191783000.0,1.0,0.0,71302000.0,1619390000.0,1682415250.0,0.0,34098000.0,,,982868000.0,,,926375204.0,-19706000.0,3420000.0,2512000.0,-86151000.0,-65273000.0,-172222000.0,37260000.0,6353000.0,115256000.0,0.0,78987000.0,78987000.0,78987000.0,-28059000.0,0.0,0.412,58218000.0,133565000.0,20873000.0,0.853,-7.374,11.728,11.763,769981000.0,0.0,13.41,4.83,4.832,0.0,-127126000.0,191783000.0,191783000.0,0.0,0.088,-0.778,0.088,0.773,1939000.0,13290000.0,1.0,69080925.0,69098000,70047000.0,2.776,857243000.0,0.0,-2023000.0,30394000.0,12.406,
76,VTR,MRT,2002-06-30,2002-06-30,2002-06-30,2021-09-23,23604000.0,880869000.0,919285500.0,,,0.209,-1.385,-413000.0,23020000.0,23020000.0,0.0,71051000.0,,-10.236,807663000.0,,,807663000.0,19653000.0,41951000.0,0.0,0.092,1.175,147078000.0,189029000.0,0.985,189029000.0,147078000.0,71697000.0,1.02,1.02,1.02,-95375000.0,-90586250.0,-95375000.0,1682858434.0,11.0,8.903,92490000.0,1.343,1.0,191907000.0,1.0,0.0,75381000.0,1665512000.0,1720125750.0,0.0,42727000.0,,,976244000.0,,,880589434.0,-20048000.0,3420000.0,-79000.0,-64828000.0,-63933000.0,-149224000.0,36273000.0,4646000.0,92903000.0,0.0,71051000.0,71051000.0,71051000.0,-27604000.0,0.0,0.37,59075000.0,132832000.0,30049000.0,1.152,-9.233,12.394,12.5,780340000.0,0.0,12.75,4.589,4.574,0.0,-127731000.0,191907000.0,191907000.0,0.0,0.077,-0.784,0.086,0.766,2029000.0,13277000.0,1.0,69065838.0,68850000,70002000.0,2.787,880869000.0,0.0,646000.0,30394000.0,12.794,
77,VTR,MRT,2002-03-31,2002-03-31,2002-03-31,2021-09-23,35522000.0,891632000.0,924351500.0,,,0.205,-1.372,1122000.0,29275000.0,29275000.0,0.0,52688000.0,,-10.459,831544000.0,,,831544000.0,20400000.0,42006000.0,0.0,0.109,1.377,133758000.0,175764000.0,0.928,175764000.0,133758000.0,54518000.0,0.76,0.76,0.76,-94266000.0,-94334750.0,-94266000.0,1682638107.0,13.0,9.573,82095000.0,1.195,1.0,189460000.0,1.0,0.0,79240000.0,1693901000.0,1732199250.0,0.0,43751000.0,,,985898000.0,,,873639107.0,-45817000.0,3420000.0,463000.0,-26773000.0,-62650000.0,-130706000.0,3916000.0,-626000.0,80973000.0,0.0,52688000.0,52688000.0,52688000.0,-4745000.0,0.0,0.278,59415000.0,130045000.0,17218000.0,1.812,-9.268,16.581,16.645,795420000.0,0.0,12.65,4.611,4.587,0.0,-137793000.0,189460000.0,189460000.0,0.0,0.057,-0.559,0.077,0.706,1753000.0,13430000.0,1.0,69062380.0,68698000,69844000.0,2.758,891632000.0,0.0,1830000.0,30394000.0,12.979,
78,VTR,MRT,2001-12-31,2001-12-31,2001-12-31,2021-09-23,36174000.0,941859000.0,936115750.0,,,0.203,-1.331,-447000.0,39369000.0,39369000.0,0.0,50566000.0,,-11.342,848368000.0,,,848368000.0,21027000.0,42038000.0,0.0,0.099,1.14,133262000.0,175300000.0,0.922,175300000.0,133262000.0,53065000.0,0.74,0.73,0.74,-91074000.0,-97245000.0,-91074000.0,1599110310.0,12.0,9.122,79446000.0,1.161,1.0,190041000.0,1.0,0.0,80197000.0,1750858000.0,1742468000.0,0.0,55118000.0,,,1032933000.0,,,791660310.0,-68805000.0,3420000.0,503000.0,-44949000.0,-65266000.0,-151458000.0,2760000.0,-213000.0,79893000.0,0.0,50566000.0,50566000.0,50566000.0,-3704000.0,0.0,0.266,59451000.0,130590000.0,18154000.0,1.541,-8.692,15.656,15.541,806336000.0,0.0,11.5,4.166,4.14,0.0,-134088000.0,190041000.0,190041000.0,0.0,0.054,-0.52,0.076,0.701,1734000.0,14902000.0,1.0,68840027.0,68409000,69363000.0,2.778,941859000.0,0.0,2499000.0,30394000.0,13.768,
79,VTR,MRT,2001-09-30,2001-09-30,2001-09-30,2021-09-23,50875000.0,962782000.0,945937250.0,,,0.211,-1.192,5620000.0,42566000.0,42566000.0,0.0,-56437000.0,,-12.794,850016000.0,,,850016000.0,21655000.0,42040000.0,0.0,0.108,1.17,33138000.0,75178000.0,0.377,75178000.0,33138000.0,-54109000.0,-0.83,-0.84,-0.83,-81630000.0,-103855000.0,-81630000.0,1559515781.0,47.0,20.744,90047000.0,1.315,1.0,199445000.0,1.0,0.0,87247000.0,1770232000.0,1743062500.0,0.0,88412000.0,,,1044412000.0,,,746842781.0,-72311000.0,0.0,545000.0,-73352000.0,-50117000.0,-162155000.0,5417000.0,-203000.0,84427000.0,0.0,-56437000.0,-56437000.0,-56437000.0,-2107000.0,0.0,-0.283,169371000.0,30074000.0,13700000.0,-1.41,-9.149,-13.233,-13.072,816740000.0,0.0,10.85,3.745,3.726,0.0,-138899000.0,199445000.0,199445000.0,0.0,-0.06,0.543,0.019,0.166,1581000.0,15103000.0,1.0,68833436.0,68491000,69584000.0,2.912,962782000.0,0.0,2328000.0,30506000.0,14.057,
80,VTR,MRT,2001-06-30,2001-06-30,2001-06-30,2021-09-23,1460000.0,901133000.0,956729500.0,,,0.223,-1.613,5001000.0,37747000.0,37747000.0,0.0,-57013000.0,,-9.165,850420000.0,,,850420000.0,22282000.0,42072000.0,0.0,0.123,1.35,33868000.0,75940000.0,0.356,75940000.0,33868000.0,-55154000.0,-0.83,-0.84,-0.83,-110369000.0,-86868500.0,-110369000.0,1548760127.0,46.0,20.395,94257000.0,1.378,1.0,213322000.0,1.0,0.0,89022000.0,1713806000.0,1758799750.0,0.0,18200000.0,,,1011502000.0,,,752473127.0,-92264000.0,0.0,545000.0,-72948000.0,-77404000.0,-186589000.0,4844000.0,-157000.0,89256000.0,0.0,-57013000.0,-57013000.0,-57013000.0,-1804000.0,0.0,-0.267,182215000.0,31107000.0,13052000.0,-1.627,-6.818,-13.198,-13.193,827596000.0,0.0,10.95,3.527,3.511,0.0,-117763000.0,213322000.0,213322000.0,0.0,-0.06,0.656,0.019,0.159,1446000.0,17124000.0,1.0,68719007.0,68409000,69307000.0,3.118,901133000.0,2036000.0,1859000.0,30506000.0,13.173,
81,VTR,MRT,2001-03-31,2001-03-31,2001-03-31,2021-09-23,-28000.0,938689000.0,990012750.0,,,0.229,-1.552,5075000.0,55098000.0,55098000.0,0.0,-57606000.0,,-9.863,851385000.0,,,851385000.0,0.0,42109000.0,0.0,0.107,0.91,33911000.0,76020000.0,0.336,76020000.0,33911000.0,-56931000.0,-0.84,-0.85,-0.84,-105907000.0,-54313500.0,-105907000.0,1408783816.0,42.0,18.532,67975000.0,0.996,1.0,226574000.0,1.0,0.0,90842000.0,1734976000.0,1790844750.0,0.0,0.0,,,1044596000.0,,,581553816.0,-66550000.0,0.0,9000.0,-71983000.0,-62280000.0,-134254000.0,4579000.0,-496000.0,62900000.0,0.0,-57606000.0,-57606000.0,-57606000.0,-1283000.0,0.0,-0.254,194903000.0,31671000.0,14315000.0,-1.083,-5.491,-10.095,-10.119,838071000.0,0.0,8.5,2.567,2.559,0.0,-110745000.0,226574000.0,226574000.0,0.0,-0.058,1.061,0.019,0.15,1337000.0,19183000.0,1.0,68418096.0,68222000,68872000.0,3.321,938689000.0,3211000.0,675000.0,60770000.0,13.759,
82,VTR,MRT,2000-12-31,2000-12-31,2000-12-31,2021-09-23,0.0,981145000.0,1011412500.0,,,0.235,-1.728,5170000.0,114294000.0,114294000.0,0.0,-65452000.0,,-9.349,886385000.0,,,886385000.0,0.0,42264000.0,0.0,0.162,0.91,28118000.0,70382000.0,0.296,70382000.0,28118000.0,-65452000.0,-0.96,-0.96,-0.96,-117514000.0,-24834500.0,-117514000.0,1212081790.0,43.0,17.221,90508000.0,1.331,1.0,238050000.0,1.0,0.0,93570000.0,1753236000.0,1813602750.0,0.0,0.0,,,1098659000.0,,,384851790.0,-52193000.0,0.0,22000.0,-100478000.0,-42434000.0,-142890000.0,5359000.0,189000.0,85338000.0,0.0,-65452000.0,-65452000.0,-65452000.0,-1283000.0,0.0,-0.275,207965000.0,30085000.0,13720000.0,-0.948,-3.275,-5.88,-5.859,848545000.0,0.0,5.625,1.617,1.607,0.0,-121323000.0,238050000.0,238050000.0,0.0,-0.065,2.636,0.016,0.118,1339000.0,20426000.0,1.0,68418096.0,68010000,68131000.0,3.5,981145000.0,3211000.0,0.0,30506000.0,14.426,
83,VTR,MRT,2000-09-30,2000-09-30,2000-09-30,2021-09-23,0.0,1005951000.0,1033926000.0,,,0.231,-0.201,0.0,96138000.0,96138000.0,0.0,7830000.0,,-74.513,923368000.0,,,923368000.0,0.0,41707000.0,0.0,0.124,0.62,102574000.0,144281000.0,0.603,144281000.0,102574000.0,7830000.0,0.12,0.12,0.12,-13684000.0,6630250.0,-13684000.0,1149794700.0,11.0,7.969,85672000.0,1.259,1.0,239091000.0,1.0,0.0,94744000.0,1833181000.0,1851756750.0,0.0,0.0,,,1019635000.0,,,342074700.0,-23714000.0,0.0,14000.0,-67311000.0,-42435000.0,-109732000.0,121000.0,121000.0,85672000.0,0.0,7830000.0,7830000.0,7830000.0,0.0,0.0,0.033,132564000.0,106527000.0,13583000.0,5.167,-24.998,43.688,41.667,863109000.0,0.0,5.0,1.431,1.423,0.0,-17199000.0,239091000.0,239091000.0,0.0,0.008,1.181,0.055,0.429,1265000.0,24613000.0,1.0,68414940.0,68037000,68224000.0,3.514,1005951000.0,2350000.0,0.0,61079000.0,14.785,
84,VTR,MRT,2000-06-30,2000-06-30,2000-06-30,2021-09-23,0.0,1034266000.0,1045437500.0,,,0.227,0.292,255000.0,115648000.0,115648000.0,0.0,12276000.0,,51.101,923368000.0,,,923368000.0,0.0,42110000.0,0.0,0.0,0.0,105757000.0,147867000.0,0.623,147867000.0,105757000.0,12276000.0,0.18,0.18,0.18,19851000.0,14831250.0,19851000.0,1020867034.0,10.0,6.904,91684000.0,1.348,1.0,237523000.0,1.0,0.0,93481000.0,1841986000.0,1870279750.0,0.0,0.0,,,1014415000.0,,,219147034.0,45578000.0,0.0,14000.0,-68192000.0,0.0,-46573000.0,722000.0,416000.0,91429000.0,0.0,12276000.0,12276000.0,12276000.0,0.0,0.0,0.052,127813000.0,109710000.0,11173000.0,0.0,11.04,17.852,17.794,873632000.0,0.0,3.203,0.923,0.917,0.0,16655000.0,237523000.0,237523000.0,0.0,0.012,0.828,0.057,0.445,1172000.0,24521000.0,1.0,68419305.0,68027000,68101000.0,3.492,1034266000.0,0.0,0.0,58269000.0,15.204,
85,VTR,MRT,2000-03-31,2000-03-31,2000-03-31,2021-09-23,0.0,1024288000.0,1041415250.0,,,0.226,0.177,77000.0,121648000.0,121648000.0,0.0,24930000.0,,84.293,923368000.0,,,923368000.0,0.0,42511000.0,0.0,0.0,0.0,116656000.0,159167000.0,0.676,159167000.0,116656000.0,24930000.0,0.37,0.37,0.37,12009000.0,11337750.0,12009000.0,1059786003.0,9.0,6.658,110185000.0,1.623,1.0,235458000.0,1.0,0.0,91726000.0,1826008000.0,1890812250.0,0.0,0.0,,,1012279000.0,,,225133003.0,63151000.0,0.0,17000.0,-69072000.0,0.0,-47450000.0,493000.0,416000.0,110108000.0,0.0,24930000.0,24930000.0,24930000.0,0.0,0.0,0.106,114849000.0,120609000.0,9981000.0,0.0,18.747,9.031,8.954,884157000.0,0.0,3.313,0.956,0.955,0.0,9142000.0,235458000.0,235458000.0,0.0,0.024,2.199,0.062,0.495,1057000.0,23334000.0,1.0,67954423.0,67898000,67912000.0,3.468,1024288000.0,0.0,0.0,57325000.0,15.086,
86,VTR,MRT,1999-12-31,1999-12-31,1999-12-31,2021-09-23,0.0,1071199000.0,1035217750.0,,,0.225,0.123,-45000.0,139594000.0,139594000.0,0.0,42535000.0,,127.364,974247000.0,,,974247000.0,0.0,42803000.0,0.0,0.093,0.39,131288000.0,174091000.0,0.747,174091000.0,131288000.0,42535000.0,0.63,0.63,0.63,8345000.0,4708500.0,8345000.0,1139889393.0,9.0,6.548,103535000.0,1.528,1.0,232991000.0,1.0,0.0,88753000.0,1905852000.0,1913782750.0,0.0,0.0,,,1062854000.0,,,284613393.0,139256000.0,0.0,4000.0,40185000.0,-26489000.0,35305000.0,371000.0,416000.0,103580000.0,0.0,42535000.0,42535000.0,42535000.0,0.0,0.0,0.183,101957000.0,131034000.0,9886000.0,0.619,34.106,6.691,6.648,894791000.0,0.0,4.188,1.222,1.218,0.0,6409000.0,232991000.0,232991000.0,0.0,0.041,9.034,0.069,0.563,1304000.0,20294000.0,1.0,67959263.0,67754000,67989000.0,3.439,1071199000.0,26610000.0,0.0,30506000.0,15.81,
87,VTR,MRT,1999-09-30,1999-09-30,1999-09-30,2021-09-23,0.0,1051997000.0,1007344500.0,,,-0.589,0.282,71509000.0,119852000.0,119852000.0,0.0,48303000.0,,54.021,975128000.0,,,975128000.0,0.0,8201000.0,0.0,0.082,0.39,90169000.0,98370000.0,-0.166,98370000.0,90169000.0,39009000.0,0.59,0.59,0.59,19120000.0,370000.0,19120000.0,1228751366.0,14.0,12.491,127877000.0,1.887,1.0,-592884000.0,1.0,0.0,51160000.0,1907273000.0,1909943500.0,0.0,0.0,,,1032877000.0,,,322812366.0,119514000.0,12275000.0,-98000.0,12473000.0,-26489000.0,7491000.0,84928000.0,-4272000.0,56368000.0,,48303000.0,48303000.0,48303000.0,0.0,0.0,-0.081,-683029000.0,90145000.0,5638000.0,0.661,16.883,6.683,8.051,906624000.0,0.0,4.75,-0.544,-0.543,15134000.0,17405000.0,-592884000.0,-592884000.0,0.0,0.048,130.549,0.047,-0.152,1304000.0,-465708000.0,1.0,67960498.0,67773000,68002000.0,-8.748,1051997000.0,0.0,-9294000.0,30506000.0,15.522,
88,VTR,MRT,1999-06-30,1999-06-30,1999-06-30,2021-09-23,0.0,1018177000.0,984346000.0,,,-0.605,0.087,65035000.0,70070000.0,70070000.0,0.0,48153000.0,,172.248,976009000.0,,,976009000.0,0.0,7985000.0,0.0,0.073,0.39,96554000.0,104539000.0,-0.175,104539000.0,96554000.0,46802000.0,0.59,0.59,0.59,5877000.0,-10453000.0,5877000.0,1283690029.0,13.0,12.28,119799000.0,1.767,1.0,-595996000.0,1.0,0.0,49752000.0,1924116000.0,1912920000.0,0.0,0.0,,,1012300000.0,,,365298029.0,69732000.0,12275000.0,-93000.0,-4912000.0,-26489000.0,-31494000.0,78108000.0,-4567000.0,54764000.0,,48153000.0,48153000.0,48153000.0,0.0,0.0,-0.081,-693811000.0,97815000.0,5785000.0,0.661,62.157,7.586,9.11,917568000.0,0.0,5.375,-0.613,-0.612,18883000.0,4378000.0,-595996000.0,-595996000.0,0.0,0.049,-4.607,0.05,-0.162,1216000.0,-469173000.0,1.0,67962424.0,67811000,68008000.0,-8.789,1018177000.0,0.0,-1351000.0,30506000.0,15.015,
89,VTR,MRT,1999-03-31,1999-03-31,1999-03-31,2021-09-23,0.0,999498000.0,970099000.0,,,-0.636,-0.214,64029000.0,58497000.0,58497000.0,0.0,28215000.0,,-69.893,976889000.0,,,976889000.0,0.0,4175000.0,0.0,0.065,0.39,74998000.0,79173000.0,-0.128,79173000.0,74998000.0,31889000.0,0.41,0.41,0.41,-14508000.0,-21776250.0,-14508000.0,1338163686.0,18.0,16.902,131802000.0,1.947,1.0,-616549000.0,1.0,0.0,43109000.0,1917890000.0,1916770750.0,0.0,0.0,,,1014006000.0,,,407374686.0,58159000.0,29975000.0,52000.0,-42494000.0,-26489000.0,-68931000.0,90963000.0,-4567000.0,67773000.0,,28215000.0,28215000.0,28215000.0,0.0,0.0,-0.046,-700778000.0,84229000.0,0.0,0.951,-28.079,14.438,14.634,928512000.0,0.0,6.0,-0.661,-0.659,0.0,-15788000.0,-616549000.0,-616549000.0,0.0,0.029,-1.296,0.039,-0.122,1001000.0,-472116000.0,1.0,67895781.0,67712000,67976000.0,-9.105,999498000.0,0.0,3674000.0,30506000.0,14.761,
90,VTR,MRT,1998-12-31,1998-12-31,1998-12-31,2021-09-23,0.0,959706000.0,1567283750.0,,,0.096,-0.133,-14581000.0,338000.0,338000.0,0.0,26758000.0,,-107.527,931127000.0,,,931127000.0,0.0,28700000.0,0.0,0.0,0.0,107337000.0,136037000.0,0.906,136037000.0,107337000.0,47909000.0,0.39,0.39,0.39,-9009000.0,214559000.0,-9009000.0,1786253323.0,17.0,13.131,72176000.0,1.066,1.0,150134000.0,1.0,0.0,59428000.0,1890495000.0,2482528250.0,0.0,0.0,,,968715000.0,,,827077323.0,338000.0,17700000.0,155000.0,-85666000.0,0.0,-85511000.0,-908000.0,-4027000.0,86757000.0,0.0,26758000.0,26758000.0,26758000.0,0.0,0.0,0.178,34746000.0,115388000.0,7082000.0,0.0,-91.806,30.91,31.256,939460000.0,0.0,12.19,5.509,5.495,6967000.0,-9637000.0,150134000.0,150134000.0,0.0,0.017,0.125,0.043,0.715,349000.0,5697000.0,1.0,67848837.0,67681000,67865000.0,2.218,959706000.0,0.0,21151000.0,30506000.0,14.18,
91,VTR,MRT,1998-09-30,1998-09-30,1998-09-30,2021-09-23,0.0,960003000.0,2161042000.0,,,0.8,-0.357,-165662000.0,2373000.0,2373000.0,0.0,59220000.0,,-40.715,961549000.0,,,961549000.0,0.0,89963000.0,0.0,0.0,0.0,217863000.0,307826000.0,0.178,307826000.0,217863000.0,107670000.0,1.03,0.99,1.03,-24172000.0,443148750.0,-24172000.0,1784053424.0,8.0,5.796,57586000.0,0.851,1.0,1729144000.0,1.0,0.0,110193000.0,1919179000.0,3041650750.0,0.0,0.0,,,984175000.0,,,805723424.0,-22830000.0,26761000.0,-76193000.0,-25637000.0,0.0,-101831000.0,-141874000.0,5881000.0,223248000.0,,59220000.0,59220000.0,59220000.0,0.0,0.0,0.034,1504191000.0,224953000.0,0.0,0.0,-33.333,13.606,11.534,941760000.0,0.0,11.88,0.466,0.465,1592000.0,-24660000.0,1729144000.0,1729144000.0,0.0,0.027,0.134,0.072,0.126,128000.0,945456000.0,1.0,67821837.0,67688000,67853000.0,25.546,960003000.0,0.0,48450000.0,17225000.0,14.183,
92,VTR,MRT,1998-06-30,1998-06-30,1998-06-30,2021-09-23,0.0,961189000.0,2758093000.0,,,0.913,-0.582,-228688000.0,0.0,0.0,0.0,82899000.0,,-25.386,978330000.0,,,978330000.0,0.0,112619000.0,0.0,0.0,0.0,271780000.0,384399000.0,0.153,384399000.0,271780000.0,147804000.0,1.35,1.31,1.35,-39416000.0,686419500.0,-39416000.0,2836496314.0,10.0,7.379,2178000.0,0.032,1.0,2517685000.0,1.0,0.0,123976000.0,1939519000.0,3572815000.0,0.0,0.0,,,1000605000.0,,,934094314.0,-55311000.0,12207000.0,-70380000.0,15140000.0,0.0,-55369000.0,-230808000.0,9169000.0,230866000.0,,82899000.0,82899000.0,82899000.0,0.0,0.0,0.033,2241513000.0,276172000.0,800000.0,0.0,-23.698,11.268,10.23,945542000.0,0.0,13.81,0.371,0.372,0.0,-39772000.0,2517685000.0,2517685000.0,0.0,0.03,0.121,0.076,0.108,0.0,1423657000.0,1.0,67638980.0,67772000,68021000.0,37.149,961189000.0,0.0,64905000.0,14957000.0,14.183,
93,VTR,MRT,1998-03-31,1998-03-31,1998-03-31,2021-09-23,0.0,3388237000.0,3370310000.0,836173000.0,2552064000.0,0.967,13.801,-299517000.0,51165000.0,51165000.0,0.0,118091000.0,1.899,2.64,1953567000.0,32666000.0,1920901000.0,1953567000.0,0.0,134963000.0,0.0,0.0,0.0,332268000.0,467231000.0,0.143,467231000.0,332268000.0,202997000.0,1.73,1.69,1.73,930833000.0,915670250.0,930833000.0,2874627655.0,9.0,6.152,-30621000.0,-0.454,1.0,3258624000.0,1.0,669327000.0,129271000.0,4180920000.0,4114577000.0,27683000.0,181862000.0,0.0,181862000.0,2457404000.0,440392000.0,2017012000.0,1010008655.0,-60150000.0,-612208000.0,-68320000.0,666838000.0,0.0,598389000.0,-927435000.0,5528000.0,268896000.0,0.0,118091000.0,118091000.0,118091000.0,0.0,0.0,0.036,2930090000.0,328534000.0,97646000.0,0.0,1.085,8.553,8.653,1571096000.0,0.0,14.97,0.31,0.31,633775000.0,300684000.0,3258624000.0,3258624000.0,0.0,0.035,0.129,0.081,0.102,0.0,1871844000.0,1.0,67468848.0,67448000,67857000.0,48.313,2718910000.0,77921000.0,84906000.0,0.0,40.311,395781000.0
94,VTR,MRT,1997-12-31,1997-12-31,1997-12-31,2021-09-23,0.0,3334739000.0,3188427250.0,858148000.0,2476591000.0,0.977,13.133,-281672000.0,82473000.0,82473000.0,0.0,130933000.0,2.078,2.683,1947092000.0,27468000.0,1919624000.0,1947092000.0,0.0,123865000.0,0.0,0.0,0.0,323007000.0,446872000.0,0.143,446872000.0,323007000.0,220271000.0,1.9,1.86,1.9,905350000.0,891332750.0,905350000.0,2695956737.0,8.0,6.033,-10741000.0,-0.156,1.0,3116004000.0,1.0,659311000.0,102736000.0,4126985000.0,3836561250.0,27605000.0,178301000.0,0.0,178301000.0,2429389000.0,413062000.0,2016327000.0,852287737.0,-29993000.0,-935701000.0,-67819000.0,1000762000.0,0.0,932736000.0,-1233660000.0,4174000.0,270931000.0,0.0,130933000.0,130933000.0,130933000.0,0.0,0.0,0.042,2794859000.0,321145000.0,106019000.0,0.0,0.941,6.509,6.432,1507818000.0,0.0,12.22,0.274,0.27,619068000.0,281803000.0,3116004000.0,3116004000.0,0.0,0.041,0.147,0.084,0.104,0.0,1788053000.0,1.0,69745314.0,68938000,70359000.0,45.2,2675428000.0,73413000.0,89338000.0,0.0,38.809,445086000.0
95,VTR,MRT,1997-09-30,1997-09-30,1997-09-30,2021-09-23,0.0,3348207000.0,2846956500.0,928354000.0,2419853000.0,1.043,13.315,-251735000.0,73995000.0,73995000.0,0.0,59671000.0,2.169,2.528,1917664000.0,27385000.0,1890279000.0,1917664000.0,0.0,112343000.0,0.0,0.0,0.0,184089000.0,296432000.0,0.1,296432000.0,184089000.0,108565000.0,0.86,0.84,0.86,948911000.0,864268000.0,948911000.0,3282896416.0,18.0,11.075,-75386000.0,-1.058,1.0,2970072000.0,1.0,720040000.0,75524000.0,4043836000.0,3371298750.0,35731000.0,175915000.0,0.0,175915000.0,2399296000.0,428000000.0,1971296000.0,1429606416.0,-69989000.0,-956993000.0,-2972000.0,965182000.0,0.0,962004000.0,-1208342000.0,22395000.0,176349000.0,0.0,59671000.0,59671000.0,59671000.0,0.0,0.0,0.02,2789053000.0,181019000.0,109801000.0,0.0,1.507,23.958,23.977,1450596000.0,0.0,20.62,0.481,0.495,664857000.0,254569000.0,2970072000.0,2970072000.0,0.0,0.021,0.069,0.055,0.062,0.0,1705732000.0,1.0,69331058.0,71266000,71277000.0,41.676,2628167000.0,103363000.0,48894000.0,0.0,36.878,500354000.0
96,VTR,MRT,1997-06-30,1997-06-30,1997-06-30,2021-09-23,0.0,3410057000.0,,938646000.0,2471411000.0,,12.358,-206473000.0,106476000.0,106476000.0,0.0,56673000.0,2.053,2.886,1959766000.0,24747000.0,1935019000.0,1959766000.0,0.0,103745000.0,0.0,0.0,0.0,154811000.0,258556000.0,0.093,258556000.0,154811000.0,102176000.0,0.83,0.81,0.83,877587000.0,,877587000.0,2653869670.0,17.0,10.264,-16216000.0,-0.228,1.0,2775883000.0,1.0,699671000.0,52635000.0,4106567000.0,,36525000.0,85974000.0,0.0,85974000.0,2532470000.0,457109000.0,2075361000.0,1457826670.0,52114000.0,-960561000.0,1069000.0,982737000.0,0.0,983536000.0,-1121679000.0,50417000.0,190257000.0,0.0,56673000.0,56673000.0,56673000.0,0.0,0.0,0.02,2625861000.0,150022000.0,146427000.0,0.0,1.661,25.723,25.446,1587946000.0,0.0,21.12,0.525,0.54,639889000.0,218013000.0,2775883000.0,2775883000.0,0.0,,,,0.056,0.0,1598294000.0,1.0,69025884.0,71016000,71144000.0,39.088,2710386000.0,103556000.0,45503000.0,0.0,38.166,481537000.0
97,VTR,MRT,1997-03-31,1997-03-31,1997-03-31,2021-09-23,0.0,2660706000.0,,841009000.0,1819697000.0,,12.092,-168862000.0,111315000.0,111315000.0,0.0,52118000.0,2.035,2.192,1307358000.0,20515000.0,1286843000.0,1307358000.0,0.0,99112000.0,0.0,,0.0,136020000.0,235132000.0,0.089,235132000.0,136020000.0,91918000.0,0.76,0.74,0.76,833483000.0,,833483000.0,,,,36724000.0,0.533,1.0,2632142000.0,1.0,374573000.0,44102000.0,3068857000.0,,32848000.0,0.0,0.0,0.0,1827223000.0,413319000.0,1413904000.0,,69996000.0,-353253000.0,-1112000.0,312663000.0,0.0,311500000.0,-447090000.0,75331000.0,205586000.0,0.0,52118000.0,52118000.0,52118000.0,0.0,0.0,0.02,2504055000.0,128087000.0,130157000.0,0.0,,,,1353882000.0,0.0,,,,584253000.0,182593000.0,2632142000.0,2632142000.0,0.0,,,,0.052,0.0,1515193000.0,1.0,68938295.0,68929000,70207000.0,38.186,2286133000.0,70596000.0,39800000.0,0.0,33.166,427690000.0
98,VTR,MRT,1996-12-31,1996-12-31,1996-12-31,2021-09-23,0.0,1968856000.0,,661133000.0,1307723000.0,,11.435,-135027000.0,112466000.0,112466000.0,0.0,48005000.0,1.939,1.47,765199000.0,54692000.0,710507000.0,765199000.0,0.0,99533000.0,0.0,,0.0,129102000.0,228635000.0,0.089,228635000.0,129102000.0,83180000.0,0.69,0.68,0.69,797091000.0,,797091000.0,,,,48512000.0,0.696,1.0,2577783000.0,1.0,14644000.0,45922000.0,2265935000.0,,24939000.0,14837000.0,0.0,14837000.0,1171765000.0,341010000.0,830755000.0,,77284000.0,-17089000.0,-816000.0,-24407000.0,0.0,-25269000.0,-80986000.0,77706000.0,183539000.0,0.0,48005000.0,48005000.0,48005000.0,0.0,0.0,0.019,2460884000.0,116899000.0,103518000.0,0.0,,,,1193162000.0,0.0,,,,420758000.0,150870000.0,2577783000.0,2577783000.0,0.0,,,,0.05,0.0,1490938000.0,1.0,68938295.0,69704000,70702000.0,36.982,1954212000.0,67808000.0,35175000.0,0.0,28.036,320123000.0
99,VTR,MRT,1996-09-30,1996-09-30,1996-09-30,2021-09-23,,,,,,,,,,,,,,,,,,,,,,,0.0,,,,,,,,,,,,,,,,,,1.0,,,,,,,,,,,,,,,,,,,,,,,,,,,,,,,,,,,,,,,,,,,,,,,,,,,,,,1.0,,70028000,,,,,,,,
100,VTR,MRT,1996-06-30,1996-06-30,1996-06-30,2021-09-23,,,,,,,,,,,,,,,,,,,,,,,0.0,,,,,,,,,,,,,,,,,,1.0,,,,,,,,,,,,,,,,,,,,,,,,,,,,,,,,,,,,,,,,,,,,,,,,,,,,,,1.0,,71373000,,,,,,,,
101,VTR,MRT,1996-03-31,1996-03-31,1996-03-31,2021-09-23,,,,,,,,,,,,,,,,,,,,,,,0.0,,,,,,,,,,,,,,,,,,1.0,,,,,,,,,,,,,,,,,,,,,,,,,,,,,,,,,,,,,,,,,,,,,,,,,,,,,,1.0,,71455000,,,,,,,,
102,VTR,MRT,1995-12-31,1995-12-31,1995-12-31,2021-09-23,,,,,,,,-136893000.0,,,0.0,-14889000.0,,,,,,,,89478000.0,,,0.0,70030000.0,159508000.0,0.069,159508000.0,70030000.0,9112000.0,-0.16,-0.03,-0.16,,,,,,,-23256000.0,-0.38,1.0,2323956000.0,1.0,,60918000.0,,,,,,,,,,,-3836000.0,-58444000.0,73014000.0,120893000.0,-2779000.0,94169000.0,-211642000.0,-8064000.0,113637000.0,0.0,-14889000.0,-9993000.0,-9993000.0,0.0,0.0,-0.004,2244118000.0,79838000.0,,0.0,,,,,-4896000.0,,,,,,2323956000.0,2323956000.0,0.0,,,,0.03,0.0,1360018000.0,1.0,,61196000,71967000.0,37.976,,,24001000.0,,,
