None,ticker,dimension,calendardate,datekey,reportperiod,lastupdated,accoci,assets,assetsavg,assetsc,assetsnc,assetturnover,bvps,capex,cashneq,cashnequsd,cor,consolinc,currentratio,de,debt,debtc,debtnc,debtusd,deferredrev,depamor,deposits,divyield,dps,ebit,ebitda,ebitdamargin,ebitdausd,ebitusd,ebt,eps,epsdil,epsusd,equity,equityavg,equityusd,ev,evebit,evebitda,fcf,fcfps,fxusd,gp,grossmargin,intangibles,intexp,invcap,invcapavg,inventory,investments,investmentsc,investmentsnc,liabilities,liabilitiesc,liabilitiesnc,marketcap,ncf,ncfbus,ncfcommon,ncfdebt,ncfdiv,ncff,ncfi,ncfinv,ncfo,ncfx,netinc,netinccmn,netinccmnusd,netincdis,netincnci,netmargin,opex,opinc,payables,payoutratio,pb,pe,pe1,ppnenet,prefdivis,price,ps,ps1,receivables,retearn,revenue,revenueusd,rnd,roa,roe,roic,ros,sbcomp,sgna,sharefactor,sharesbas,shareswa,shareswadil,sps,tangibles,taxassets,taxexp,taxliabilities,tbvps,workingcapital
0,NEM,MRY,2020-12-31,2020-12-31,2020-12-31,2021-07-22,-216000000.0,41369000000.0,40376000000.0,8505000000.0,32864000000.0,0.285,28.64,-146000000.0,5540000000.0,5540000000.0,5014000000.0,2791000000.0,2.524,0.76,6702000000.0,657000000.0,6045000000.0,6702000000.0,0.0,2300000000.0,0.0,0.017,1.04,3841000000.0,6141000000.0,0.534,6141000000.0,3841000000.0,3533000000.0,3.52,3.51,3.52,23008000000.0,22369750000.0,23008000000.0,49962113794.0,13.0,8.136,4736000000.0,5.895,1.0,6483000000.0,0.564,2771000000.0,308000000.0,36391000000.0,37234250000.0,3495000000.0,3487000000.0,290000000.0,3197000000.0,17490000000.0,3369000000.0,14121000000.0,48113113794.0,3299000000.0,0.0,-470000000.0,-241000000.0,-834000000.0,-1680000000.0,91000000.0,268000000.0,4882000000.0,6000000.0,2829000000.0,2829000000.0,2829000000.0,0.0,-38000000.0,0.246,3677000000.0,2806000000.0,493000000.0,0.295,2.091,17.007,17.014,24281000000.0,0.0,59.89,4.185,4.185,449000000.0,4002000000.0,11497000000.0,11497000000.0,309000000.0,0.07,0.126,0.103,0.334,72000000.0,269000000.0,1.0,803358053.0,803358053,,14.311,38598000000.0,337000000.0,704000000.0,2730000000.0,48.046,5136000000.0
1,NEM,MRY,2019-12-31,2019-12-31,2019-12-31,2021-07-22,-265000000.0,39974000000.0,34651000000.0,6272000000.0,33702000000.0,0.281,26.127,-1433000000.0,2243000000.0,2243000000.0,5195000000.0,2884000000.0,2.63,0.82,6734000000.0,0.0,6734000000.0,6734000000.0,0.0,1960000000.0,0.0,0.033,1.44,3938000000.0,5898000000.0,0.606,5898000000.0,3938000000.0,3637000000.0,3.82,3.81,3.82,21420000000.0,18175750000.0,21420000000.0,40371990646.0,10.0,6.845,1433000000.0,1.748,1.0,4545000000.0,0.467,2674000000.0,301000000.0,39406000000.0,34090250000.0,3310000000.0,3436000000.0,237000000.0,3199000000.0,17557000000.0,2385000000.0,15172000000.0,35621990646.0,-1140000000.0,127000000.0,-479000000.0,-1241000000.0,-889000000.0,-2777000000.0,-1226000000.0,59000000.0,2866000000.0,-3000000.0,2805000000.0,2805000000.0,2805000000.0,0.0,79000000.0,0.288,3268000000.0,1277000000.0,539000000.0,0.377,1.663,12.699,11.374,25276000000.0,0.0,43.45,3.657,3.657,373000000.0,2291000000.0,9740000000.0,9740000000.0,415000000.0,0.081,0.154,0.116,0.404,97000000.0,313000000.0,1.0,819838680.0,819838680,,11.88,37300000000.0,549000000.0,832000000.0,2569000000.0,45.497,3887000000.0
2,NEM,MRY,2018-12-31,2018-12-31,2018-12-31,2021-07-22,-284000000.0,20715000000.0,20603000000.0,5277000000.0,15438000000.0,0.352,19.716,-1008000000.0,3397000000.0,3397000000.0,4093000000.0,380000000.0,2.953,0.876,4261000000.0,653000000.0,3608000000.0,4261000000.0,0.0,1215000000.0,0.0,0.016,0.56,934000000.0,2149000000.0,0.296,2149000000.0,934000000.0,727000000.0,0.64,0.64,0.64,10502000000.0,10621750000.0,10502000000.0,19578676900.0,21.0,9.111,819000000.0,1.538,1.0,3160000000.0,0.436,58000000.0,207000000.0,19734000000.0,20304750000.0,3193000000.0,319000000.0,48000000.0,271000000.0,9203000000.0,1787000000.0,7416000000.0,18456676900.0,191000000.0,-140000000.0,-98000000.0,-4000000.0,-301000000.0,-455000000.0,-1177000000.0,-21000000.0,1827000000.0,-4000000.0,341000000.0,341000000.0,341000000.0,0.0,39000000.0,0.047,2370000000.0,790000000.0,303000000.0,0.875,1.757,54.125,54.141,12258000000.0,0.0,34.65,2.545,2.545,254000000.0,383000000.0,7253000000.0,7253000000.0,350000000.0,0.017,0.032,0.046,0.129,76000000.0,244000000.0,1.0,532660228.0,532660228,,13.617,20657000000.0,401000000.0,386000000.0,683000000.0,38.781,3490000000.0
3,NEM,MRY,2017-12-31,2017-12-31,2017-12-31,2021-07-22,-292000000.0,20646000000.0,20898250000.0,5066000000.0,15580000000.0,0.353,19.753,-866000000.0,3259000000.0,3259000000.0,4062000000.0,-109000000.0,3.624,0.866,4065000000.0,4000000.0,4061000000.0,4065000000.0,0.0,1261000000.0,0.0,0.007,0.25,1254000000.0,2515000000.0,0.341,2515000000.0,1254000000.0,1013000000.0,-0.21,-0.21,-0.21,10535000000.0,10839000000.0,10535000000.0,21091784354.0,17.0,8.386,1258000000.0,2.359,1.0,3317000000.0,0.45,0.0,241000000.0,20054000000.0,20753750000.0,3203000000.0,342000000.0,62000000.0,280000000.0,9127000000.0,1398000000.0,7729000000.0,20010784354.0,516000000.0,0.0,0.0,-384000000.0,-134000000.0,-668000000.0,-946000000.0,-95000000.0,2124000000.0,6000000.0,-114000000.0,-114000000.0,-114000000.0,0.0,5000000.0,-0.015,2058000000.0,1259000000.0,375000000.0,-1.19,1.899,-175.533,-178.667,12338000000.0,0.0,37.52,2.712,2.712,237000000.0,410000000.0,7379000000.0,7379000000.0,322000000.0,-0.005,-0.011,0.06,0.17,70000000.0,237000000.0,1.0,533336470.0,533336470,,13.836,20646000000.0,549000000.0,1127000000.0,843000000.0,38.711,3668000000.0
4,NEM,MRY,2016-12-31,2016-12-31,2016-12-31,2021-07-22,-334000000.0,21031000000.0,23592000000.0,4677000000.0,16354000000.0,0.283,20.2,-1133000000.0,2756000000.0,2756000000.0,3738000000.0,-943000000.0,2.673,0.854,4615000000.0,566000000.0,4049000000.0,4615000000.0,0.0,1213000000.0,0.0,0.004,0.125,223000000.0,1436000000.0,0.215,1436000000.0,223000000.0,-50000000.0,-1.19,-1.18,-1.19,10721000000.0,11148750000.0,10721000000.0,21099655021.0,95.0,14.693,1653000000.0,3.114,1.0,2942000000.0,0.44,0.0,273000000.0,21140000000.0,24513000000.0,3244000000.0,263000000.0,56000000.0,207000000.0,9157000000.0,1750000000.0,7407000000.0,18082655021.0,897000000.0,920000000.0,0.0,-1312000000.0,-67000000.0,-1817000000.0,-74000000.0,180000000.0,2786000000.0,2000000.0,-629000000.0,-629000000.0,-629000000.0,0.0,-586000000.0,-0.094,2958000000.0,-16000000.0,320000000.0,-0.105,1.687,-28.748,-28.63,12485000000.0,0.0,34.07,2.707,2.707,343000000.0,716000000.0,6680000000.0,6680000000.0,282000000.0,-0.027,-0.056,0.009,0.033,70000000.0,233000000.0,1.0,530750074.0,530750074,,12.586,21031000000.0,1331000000.0,579000000.0,745000000.0,39.625,2927000000.0
5,NEM,MRY,2015-12-31,2015-12-31,2015-12-31,2021-07-22,-334000000.0,25130000000.0,25561750000.0,4983000000.0,20147000000.0,0.238,21.451,-1311000000.0,2363000000.0,2363000000.0,3578000000.0,304000000.0,3.519,0.955,5863000000.0,9000000.0,5854000000.0,5863000000.0,0.0,1102000000.0,0.0,0.006,0.1,908000000.0,2010000000.0,0.33,2010000000.0,908000000.0,611000000.0,0.43,0.43,0.43,11350000000.0,11156750000.0,11350000000.0,12905823897.0,14.0,6.421,834000000.0,1.576,1.0,2507000000.0,0.412,0.0,297000000.0,27214000000.0,26941500000.0,3239000000.0,421000000.0,19000000.0,402000000.0,10838000000.0,1416000000.0,9422000000.0,9518823897.0,382000000.0,-823000000.0,675000000.0,-229000000.0,-52000000.0,302000000.0,-2041000000.0,12000000.0,2145000000.0,-24000000.0,220000000.0,220000000.0,220000000.0,0.0,-140000000.0,0.036,2050000000.0,457000000.0,315000000.0,0.233,0.839,43.267,41.837,13210000000.0,0.0,17.99,1.564,1.564,215000000.0,1410000000.0,6085000000.0,6085000000.0,282000000.0,0.009,0.02,0.034,0.149,77000000.0,241000000.0,1.0,529117504.0,529117504,,11.5,25130000000.0,1712000000.0,391000000.0,576000000.0,47.494,3567000000.0
6,NEM,MRY,2014-12-31,2014-12-31,2014-12-31,2021-07-22,-478000000.0,24916000000.0,24952750000.0,5439000000.0,19477000000.0,0.273,20.598,-1040000000.0,2403000000.0,2403000000.0,3919000000.0,329000000.0,2.475,1.151,6646000000.0,166000000.0,6480000000.0,6646000000.0,0.0,1088000000.0,0.0,0.012,0.225,1042000000.0,2130000000.0,0.312,2130000000.0,1042000000.0,712000000.0,1.02,1.02,1.02,10274000000.0,10226250000.0,10274000000.0,14422237615.0,14.0,6.771,398000000.0,0.798,1.0,2900000000.0,0.425,0.0,330000000.0,26961000000.0,27405500000.0,4186000000.0,407000000.0,73000000.0,334000000.0,11827000000.0,2198000000.0,9629000000.0,9427237615.0,849000000.0,-28000000.0,0.0,-87000000.0,-114000000.0,-65000000.0,-507000000.0,-1000000.0,1438000000.0,-17000000.0,508000000.0,508000000.0,508000000.0,0.0,-179000000.0,0.074,1907000000.0,993000000.0,406000000.0,0.221,0.918,18.558,18.529,13650000000.0,0.0,18.9,1.382,1.382,476000000.0,1242000000.0,6819000000.0,6819000000.0,322000000.0,0.02,0.05,0.038,0.153,51000000.0,237000000.0,1.0,498795641.0,498795641,,13.671,24916000000.0,2030000000.0,204000000.0,730000000.0,49.952,3241000000.0
7,NEM,MRY,2013-12-31,2013-12-31,2013-12-31,2021-07-22,-182000000.0,24607000000.0,26833250000.0,4889000000.0,19718000000.0,0.314,20.267,-1900000000.0,1555000000.0,1555000000.0,5299000000.0,-2795000000.0,1.784,1.171,6740000000.0,595000000.0,6145000000.0,6740000000.0,0.0,1362000000.0,0.0,0.053,1.225,-2986000000.0,-1624000000.0,-0.193,-1624000000.0,-2986000000.0,-3289000000.0,-5.09,-5.09,-5.09,9993000000.0,11661500000.0,9993000000.0,16416150958.0,-5.0,-10.108,-357000000.0,-0.724,1.0,3115000000.0,0.37,0.0,303000000.0,27052000000.0,29317000000.0,4202000000.0,517000000.0,78000000.0,439000000.0,11698000000.0,2740000000.0,8958000000.0,11355150958.0,-6000000.0,-13000000.0,2000000.0,388000000.0,-610000000.0,-212000000.0,-1313000000.0,588000000.0,1543000000.0,-24000000.0,-2534000000.0,-2534000000.0,-2534000000.0,0.0,-261000000.0,-0.301,6767000000.0,-3652000000.0,478000000.0,-0.241,1.136,-4.481,-4.525,14277000000.0,0.0,23.03,1.35,1.35,482000000.0,848000000.0,8414000000.0,8414000000.0,469000000.0,-0.094,-0.217,-0.102,-0.355,64000000.0,203000000.0,1.0,493059095.0,493059095,,17.065,24607000000.0,1724000000.0,-755000000.0,648000000.0,49.907,2149000000.0
8,NEM,MRY,2012-12-31,2012-12-31,2012-12-31,2021-07-22,490000000.0,29650000000.0,29198500000.0,5945000000.0,23705000000.0,0.341,28.02,-3210000000.0,1561000000.0,1561000000.0,4334000000.0,2111000000.0,1.893,0.922,6298000000.0,10000000.0,6288000000.0,6298000000.0,0.0,1032000000.0,0.0,0.03,1.4,2927000000.0,3959000000.0,0.397,3959000000.0,2927000000.0,2678000000.0,3.64,3.61,3.64,13773000000.0,13278750000.0,13773000000.0,27401935973.0,9.0,6.921,-838000000.0,-1.705,1.0,5630000000.0,0.565,0.0,249000000.0,31246000000.0,30806250000.0,4478000000.0,1532000000.0,86000000.0,1446000000.0,12702000000.0,3141000000.0,9561000000.0,22826935973.0,-199000000.0,-25000000.0,24000000.0,1548000000.0,-695000000.0,689000000.0,-3264000000.0,-10000000.0,2372000000.0,4000000.0,1802000000.0,1802000000.0,1802000000.0,0.0,309000000.0,0.181,2545000000.0,3085000000.0,657000000.0,0.385,1.657,12.668,12.758,18010000000.0,0.0,46.44,2.291,2.291,860000000.0,4166000000.0,9964000000.0,9964000000.0,704000000.0,0.062,0.136,0.095,0.294,72000000.0,212000000.0,1.0,491536089.0,491536089,,20.271,29650000000.0,676000000.0,876000000.0,909000000.0,60.321,2804000000.0
9,NEM,MRY,2011-12-31,2011-12-31,2011-12-31,2021-07-22,652000000.0,26111000000.0,27685500000.0,5388000000.0,20723000000.0,0.374,26.415,-2787000000.0,1760000000.0,1760000000.0,3890000000.0,972000000.0,1.368,0.802,4313000000.0,689000000.0,3624000000.0,4313000000.0,0.0,1036000000.0,0.0,0.017,1.0,1323000000.0,2359000000.0,0.228,2359000000.0,1323000000.0,1079000000.0,0.74,0.73,0.74,12896000000.0,13794000000.0,12896000000.0,31399738343.0,24.0,13.311,797000000.0,1.632,1.0,6468000000.0,0.624,0.0,244000000.0,24724000000.0,25598250000.0,3656000000.0,1566000000.0,94000000.0,1472000000.0,10340000000.0,3940000000.0,6400000000.0,29297738343.0,-2296000000.0,-2309000000.0,40000000.0,-262000000.0,-494000000.0,-854000000.0,-5067000000.0,60000000.0,3584000000.0,41000000.0,366000000.0,366000000.0,366000000.0,0.0,606000000.0,0.035,4426000000.0,2042000000.0,561000000.0,1.351,2.272,80.048,81.095,15881000000.0,0.0,60.01,2.829,2.829,620000000.0,3052000000.0,10358000000.0,10358000000.0,723000000.0,0.013,0.027,0.052,0.128,79000000.0,198000000.0,1.0,488214270.0,488214270,,21.216,26111000000.0,638000000.0,713000000.0,1034000000.0,53.483,1448000000.0
10,NEM,MRY,2010-12-31,2010-12-31,2010-12-31,2021-07-22,1108000000.0,25663000000.0,23863250000.0,7253000000.0,18410000000.0,0.4,27.448,-1402000000.0,4056000000.0,4056000000.0,3484000000.0,3116000000.0,2.64,0.745,4441000000.0,259000000.0,4182000000.0,4441000000.0,0.0,945000000.0,0.0,0.008,0.5,3412000000.0,4357000000.0,0.457,4357000000.0,3412000000.0,3133000000.0,4.63,4.55,4.63,13345000000.0,12114500000.0,13345000000.0,30494135768.0,9.0,6.999,1765000000.0,3.63,1.0,6056000000.0,0.635,0.0,279000000.0,23301000000.0,22223750000.0,3032000000.0,1681000000.0,113000000.0,1568000000.0,9947000000.0,2747000000.0,7200000000.0,29867135768.0,841000000.0,-4000000.0,60000000.0,-430000000.0,-246000000.0,-915000000.0,-1419000000.0,-25000000.0,3167000000.0,8000000.0,2277000000.0,2277000000.0,2277000000.0,0.0,839000000.0,0.239,1889000000.0,4167000000.0,427000000.0,0.108,2.238,13.117,13.268,12907000000.0,0.0,61.43,3.131,3.131,670000000.0,3180000000.0,9540000000.0,9540000000.0,434000000.0,0.095,0.188,0.154,0.358,70000000.0,178000000.0,1.0,486197880.0,486197880,,19.622,25663000000.0,1614000000.0,856000000.0,1843000000.0,52.783,4506000000.0
11,NEM,MRY,2009-12-31,2009-12-31,2009-12-31,2021-07-22,626000000.0,22299000000.0,19645500000.0,5822000000.0,16477000000.0,0.392,22.279,-1769000000.0,3215000000.0,3215000000.0,3008000000.0,2093000000.0,2.509,0.905,4809000000.0,157000000.0,4652000000.0,4809000000.0,0.0,806000000.0,0.0,0.008,0.4,2246000000.0,3052000000.0,0.396,3052000000.0,2246000000.0,2126000000.0,2.66,2.66,2.66,10703000000.0,9665000000.0,10703000000.0,24628990119.0,11.0,8.07,1178000000.0,2.452,1.0,4697000000.0,0.61,0.0,120000000.0,21573000000.0,19393750000.0,2398000000.0,1242000000.0,56000000.0,1186000000.0,9686000000.0,2320000000.0,7366000000.0,22727990119.0,2780000000.0,-1007000000.0,1278000000.0,1568000000.0,-196000000.0,2570000000.0,-2781000000.0,12000000.0,2947000000.0,44000000.0,1297000000.0,1297000000.0,1297000000.0,0.0,796000000.0,0.168,1711000000.0,2986000000.0,396000000.0,0.15,2.124,17.524,17.786,12370000000.0,0.0,47.31,2.95,2.95,540000000.0,1149000000.0,7705000000.0,7705000000.0,322000000.0,0.066,0.134,0.116,0.291,57000000.0,159000000.0,1.0,480405625.0,480405625,,16.039,22299000000.0,1152000000.0,829000000.0,1541000000.0,46.417,3502000000.0
12,NEM,MRY,2008-12-31,2008-12-31,2008-12-31,2021-07-22,-253000000.0,15727000000.0,16420500000.0,2301000000.0,13426000000.0,0.373,16.059,-1870000000.0,435000000.0,435000000.0,3038000000.0,1160000000.0,1.459,0.969,3237000000.0,165000000.0,3072000000.0,3237000000.0,0.0,738000000.0,0.0,0.01,0.4,1108000000.0,1846000000.0,0.301,1846000000.0,1108000000.0,973000000.0,1.83,1.83,1.83,7291000000.0,6829250000.0,7291000000.0,20610036001.0,19.0,11.165,-577000000.0,-1.271,1.0,3086000000.0,0.504,0.0,135000000.0,16952000000.0,17212250000.0,1933000000.0,667000000.0,12000000.0,655000000.0,7066000000.0,1577000000.0,5489000000.0,17967036001.0,-795000000.0,-325000000.0,29000000.0,595000000.0,-182000000.0,123000000.0,-2157000000.0,33000000.0,1293000000.0,-54000000.0,831000000.0,831000000.0,831000000.0,0.0,329000000.0,0.136,1780000000.0,1306000000.0,411000000.0,0.219,2.464,21.621,22.24,10128000000.0,0.0,40.7,2.934,3.017,318000000.0,4000000.0,6124000000.0,6124000000.0,379000000.0,0.051,0.122,0.064,0.181,50000000.0,144000000.0,1.0,441450516.0,454000000,455000000.0,13.489,15727000000.0,1323000000.0,142000000.0,1112000000.0,34.641,724000000.0
13,NEM,MRY,2007-12-31,2007-12-31,2007-12-31,2021-07-22,957000000.0,15598000000.0,14904500000.0,2672000000.0,12926000000.0,0.367,13.493,-1669000000.0,1231000000.0,1231000000.0,2826000000.0,-1485000000.0,1.781,1.082,2938000000.0,255000000.0,2683000000.0,2938000000.0,0.0,685000000.0,0.0,0.008,0.4,-1587000000.0,-902000000.0,-0.165,-902000000.0,-1587000000.0,-1705000000.0,-4.19,-4.19,-4.19,6099000000.0,6560000000.0,6099000000.0,23125368738.0,-15.0,-25.638,-1004000000.0,-2.221,1.0,2639000000.0,0.483,186000000.0,118000000.0,15619000000.0,13690500000.0,1624000000.0,1592000000.0,61000000.0,1531000000.0,6601000000.0,1500000000.0,5101000000.0,21145368738.0,67000000.0,-953000000.0,51000000.0,965000000.0,-181000000.0,465000000.0,-1113000000.0,127000000.0,665000000.0,50000000.0,-1895000000.0,-1895000000.0,-1895000000.0,0.0,410000000.0,-0.347,2479000000.0,160000000.0,339000000.0,-0.095,3.467,-11.159,-11.654,9140000000.0,0.0,48.83,3.869,4.039,345000000.0,-801000000.0,5465000000.0,5465000000.0,239000000.0,-0.127,-0.289,-0.116,-0.29,46000000.0,142000000.0,1.0,433040523.0,452000000,452000000.0,12.091,15412000000.0,1139000000.0,190000000.0,1113000000.0,34.097,1172000000.0
14,NEM,MRY,2006-12-31,2006-12-31,2006-12-31,2021-07-22,673000000.0,15601000000.0,14994250000.0,2625000000.0,12976000000.0,0.326,18.309,-1537000000.0,1166000000.0,1166000000.0,2335000000.0,791000000.0,1.538,0.627,2085000000.0,333000000.0,1752000000.0,2085000000.0,0.0,589000000.0,0.0,0.009,0.4,1214000000.0,1803000000.0,0.369,1803000000.0,1214000000.0,1117000000.0,1.76,1.75,1.76,8239000000.0,7955500000.0,8239000000.0,20425079836.0,17.0,11.328,-312000000.0,-0.693,1.0,2547000000.0,0.522,1338000000.0,97000000.0,13475000000.0,12103500000.0,1565000000.0,1428000000.0,109000000.0,1319000000.0,5166000000.0,1707000000.0,3459000000.0,19074079836.0,84000000.0,-348000000.0,78000000.0,87000000.0,-180000000.0,-340000000.0,-804000000.0,723000000.0,1225000000.0,3000000.0,791000000.0,791000000.0,791000000.0,-228000000.0,0.0,0.162,1253000000.0,1294000000.0,340000000.0,0.227,2.315,24.114,25.653,6544000000.0,0.0,45.15,3.907,4.162,348000000.0,1284000000.0,4882000000.0,4882000000.0,247000000.0,0.053,0.099,0.1,0.249,50000000.0,136000000.0,1.0,422460240.0,450000000,452000000.0,10.849,14263000000.0,949000000.0,326000000.0,963000000.0,31.696,918000000.0
15,NEM,MRY,2005-12-31,2005-12-31,2005-12-31,2021-07-22,378000000.0,13992000000.0,13716250000.0,3000000000.0,10992000000.0,0.311,16.693,-1204000000.0,1082000000.0,1082000000.0,2235000000.0,322000000.0,2.24,0.629,2188000000.0,465000000.0,1723000000.0,2188000000.0,0.0,589000000.0,0.0,0.007,0.4,689000000.0,1278000000.0,0.3,1278000000.0,689000000.0,592000000.0,0.72,0.72,0.72,7445000000.0,7323750000.0,7445000000.0,23071070711.0,33.0,18.052,39000000.0,0.087,1.0,2030000000.0,0.476,2879000000.0,97000000.0,10880000000.0,10677750000.0,1144000000.0,1772000000.0,817000000.0,955000000.0,4685000000.0,1339000000.0,3346000000.0,22159070711.0,301000000.0,0.0,43000000.0,366000000.0,-179000000.0,38000000.0,-977000000.0,-146000000.0,1243000000.0,-3000000.0,322000000.0,322000000.0,322000000.0,-44000000.0,0.0,0.075,1115000000.0,915000000.0,227000000.0,0.556,2.976,68.817,74.167,5581000000.0,0.0,53.4,5.196,5.584,229000000.0,754000000.0,4265000000.0,4265000000.0,198000000.0,0.023,0.044,0.065,0.162,27000000.0,120000000.0,1.0,414963871.0,446000000,449000000.0,9.563,11113000000.0,674000000.0,270000000.0,523000000.0,24.917,1661000000.0
16,NEM,MRY,2004-12-31,2004-12-31,2004-12-31,2021-07-22,147000000.0,12776000000.0,12653274250.0,2693000000.0,10083000000.0,0.342,16.169,-674000000.0,781000000.0,781000000.0,2183000000.0,443000000.0,2.487,0.567,1673000000.0,357000000.0,1316000000.0,1673000000.0,0.0,652000000.0,0.0,0.007,0.3,864000000.0,1516000000.0,0.35,1516000000.0,864000000.0,767000000.0,1.0,0.99,1.0,7163000000.0,6866171250.0,7163000000.0,18386375818.0,21.0,12.128,883000000.0,1.993,1.0,2143000000.0,0.495,2994000000.0,97000000.0,9591000000.0,8614339250.0,999000000.0,1329000000.0,943000000.0,386000000.0,4063000000.0,1083000000.0,2980000000.0,18113153818.0,-348000000.0,133000000.0,78000000.0,-196000000.0,-133000000.0,-475000000.0,-1432000000.0,-821000000.0,1557000000.0,2000000.0,443000000.0,443000000.0,443000000.0,-79000000.0,0.0,0.102,1080000000.0,1063000000.0,222000000.0,0.3,2.529,40.887,44.41,5136000000.0,0.0,44.41,4.187,4.548,207000000.0,611000000.0,4326000000.0,4326000000.0,187000000.0,0.035,0.065,0.1,0.2,0.0,116000000.0,1.0,407862054.0,443000000,447000000.0,9.765,9782000000.0,667000000.0,324000000.0,460000000.0,22.081,1610000000.0
17,NEM,MRY,2003-12-31,2003-12-31,2003-12-31,2021-07-22,22827000.0,10698154000.0,10293392250.0,2359045000.0,8339109000.0,0.297,17.125,-499000000.0,1131072000.0,1131072000.0,1634000000.0,476000000.0,2.8,0.422,1077499000.0,190866000.0,886633000.0,1077499000.0,53841000.0,530000000.0,0.0,0.003,0.17,777000000.0,1307000000.0,0.427,1307000000.0,777000000.0,688000000.0,1.16,1.15,1.16,7038417000.0,5817686750.0,7038417000.0,18769566118.0,24.0,14.361,185000000.0,0.45,1.0,1425000000.0,0.466,3042557000.0,89000000.0,6759491000.0,6305838500.0,780154000.0,1191520000.0,457543000.0,733977000.0,2966701000.0,842533000.0,2124168000.0,17801268118.0,729000000.0,-70000000.0,1287000000.0,-669000000.0,-71000000.0,401000000.0,-380000000.0,223000000.0,684000000.0,24000000.0,476000000.0,476000000.0,476000000.0,0.0,0.0,0.156,856000000.0,569000000.0,163164000.0,0.147,2.529,37.398,41.905,3715457000.0,0.0,48.61,5.819,6.531,90686000.0,300784000.0,3059000000.0,3059000000.0,111000000.0,0.046,0.082,0.123,0.254,0.0,130000000.0,1.0,366205886.0,411000000,414000000.0,7.443,7655597000.0,449054000.0,212000000.0,272603000.0,18.627,1516512000.0
18,NEM,MRY,2002-12-31,2002-12-31,2002-12-31,2021-07-22,-64026000.0,10147396000.0,9962658250.0,1113256000.0,9034140000.0,0.263,13.654,-271909000.0,401683000.0,401683000.0,1616387000.0,158061000.0,1.622,0.864,2280262000.0,190321000.0,2089941000.0,2280262000.0,53841000.0,505598000.0,0.0,0.004,0.12,307526000.0,813124000.0,0.31,813124000.0,307526000.0,177961000.0,0.42,0.41,0.42,5064690000.0,5050786000.0,5064690000.0,12220186776.0,40.0,15.029,412752000.0,1.113,1.0,1005767000.0,0.384,4439924000.0,129565000.0,6899710000.0,6814878500.0,698078000.0,1212771000.0,13188000.0,1199583000.0,4373590000.0,686341000.0,3687249000.0,10229193776.0,252252000.0,-90300000.0,67346000.0,-547436000.0,-49982000.0,-558919000.0,112110000.0,491103000.0,684661000.0,14400000.0,158061000.0,154323000.0,154323000.0,0.0,0.0,0.059,742760000.0,263007000.0,105277000.0,0.286,2.02,66.284,69.119,2287030000.0,3738000.0,29.03,3.901,4.107,82310000.0,-120213000.0,2622154000.0,2622154000.0,88886000.0,0.015,0.031,0.045,0.117,0.0,115252000.0,1.0,352366303.0,370940000,372975000.0,7.069,5707472000.0,812879000.0,19900000.0,684921000.0,15.387,426915000.0
19,NEM,MRY,2001-12-31,2001-12-31,2001-12-31,2021-07-22,-9448000.0,4141688000.0,3963014500.0,847023000.0,3294665000.0,0.421,7.689,-389964000.0,149431000.0,149431000.0,1117930000.0,-46644000.0,1.629,1.586,1426869000.0,192151000.0,1234718000.0,1426869000.0,53841000.0,301563000.0,0.0,0.006,0.12,-7832000.0,293731000.0,0.176,293731000.0,-7832000.0,-105912000.0,-0.28,-0.28,-0.28,1499766000.0,1462834500.0,1499766000.0,4937194468.0,-630.0,16.809,-20294000.0,-0.104,1.0,548776000.0,0.329,176998000.0,98080000.0,4722109000.0,4699420250.0,569806000.0,618427000.0,75103000.0,543324000.0,2379074000.0,520019000.0,1859055000.0,3746228468.0,71873000.0,-209000.0,7516000.0,70006000.0,-30972000.0,85086000.0,-385027000.0,5146000.0,369670000.0,2144000.0,-46644000.0,-54119000.0,-54119000.0,0.0,0.0,-0.032,522931000.0,25845000.0,80884000.0,-0.429,2.498,-69.222,-68.25,1930249000.0,7475000.0,19.11,2.248,2.236,19088000.0,-274536000.0,1666706000.0,1666706000.0,55528000.0,-0.014,-0.037,-0.002,-0.005,0.0,61153000.0,1.0,196034980.0,195059000,195059000.0,8.545,3964690000.0,440468000.0,-59268000.0,173719000.0,20.326,327004000.0
20,NEM,MRY,2000-12-31,2000-12-31,2000-12-31,2021-07-22,-25788000.0,4024215000.0,3585606500.0,755282000.0,3268933000.0,0.504,8.015,-387437000.0,119526000.0,119526000.0,1097970000.0,-89712000.0,1.754,1.48,1354837000.0,80447000.0,1274390000.0,1354837000.0,0.0,320697000.0,0.0,0.007,0.12,21962000.0,342659000.0,0.19,342659000.0,21962000.0,-84158000.0,-0.51,-0.51,-0.51,1540720000.0,1474232250.0,1540720000.0,3914809252.0,178.0,11.425,146830000.0,0.764,1.0,707453000.0,0.392,0.0,106120000.0,4828802000.0,4385151500.0,628482000.0,566514000.0,44963000.0,521551000.0,2280337000.0,430724000.0,1849613000.0,2869507252.0,-45274000.0,-123047000.0,2113000.0,-36631000.0,-27640000.0,-65382000.0,-510484000.0,0.0,534267000.0,-3675000.0,-89712000.0,-97187000.0,-97187000.0,0.0,0.0,-0.054,589211000.0,118242000.0,87757000.0,-0.235,1.862,-29.526,-33.451,2060833000.0,7475000.0,17.06,1.589,1.816,29281000.0,-220417000.0,1805423000.0,1805423000.0,77377000.0,-0.027,-0.066,0.005,0.012,0.0,63657000.0,1.0,168200894.0,192218000,192218000.0,9.393,4024215000.0,353504000.0,5554000.0,151625000.0,20.936,324558000.0
21,NEM,MRY,1999-12-31,1999-12-31,1999-12-31,2021-07-22,0.0,3383382000.0,3272531500.0,507753000.0,2875629000.0,0.512,7.576,-241568000.0,55314000.0,55314000.0,982121000.0,-111779000.0,1.854,1.244,1037486000.0,23293000.0,1014193000.0,1037486000.0,137198000.0,302088000.0,0.0,0.005,0.12,-15711000.0,286377000.0,0.171,286377000.0,-15711000.0,-98896000.0,-0.62,-0.62,-0.62,1451648000.0,1442604000.0,1451648000.0,5187193832.0,-330.0,18.113,180975000.0,0.945,1.0,692947000.0,0.414,0.0,83185000.0,4091681000.0,4170579500.0,493820000.0,447732000.0,9414000.0,438318000.0,1805377000.0,273873000.0,1531504000.0,4106374832.0,-113166000.0,-96316000.0,-1017000.0,-132396000.0,-27572000.0,-192030000.0,-337884000.0,0.0,422543000.0,-5795000.0,-111779000.0,-119254000.0,-119254000.0,0.0,0.0,-0.071,529819000.0,163128000.0,38039000.0,-0.194,2.829,-34.434,-39.516,1972348000.0,7475000.0,24.5,2.451,2.802,14253000.0,114240000.0,1675068000.0,1675068000.0,74213000.0,-0.036,-0.083,-0.004,-0.009,0.0,68330000.0,1.0,167607136.0,191602000,191602000.0,8.742,3383382000.0,256305000.0,12883000.0,63842000.0,17.658,233880000.0
22,NEM,MRY,1998-12-31,1998-12-31,1998-12-31,2021-07-22,0.0,1534954000.0,3019621750.0,17576000.0,1517378000.0,0.488,4.666,-216025000.0,5694000.0,5694000.0,824858000.0,-393383000.0,0.115,1.069,640000000.0,0.0,640000000.0,640000000.0,0.0,289067000.0,0.0,0.007,0.12,-495436000.0,-206369000.0,-0.14,-206369000.0,-495436000.0,-574259000.0,-0.2,-0.2,-0.2,741888000.0,1410153750.0,741888000.0,4228025409.0,-9.0,-20.488,157488000.0,0.99,1.0,650055000.0,0.441,0.0,78823000.0,2016194000.0,3802360000.0,8181000.0,0.0,0.0,0.0,793066000.0,153066000.0,640000000.0,3051694409.0,-67146000.0,-204798000.0,0.0,212000.0,-19105000.0,-19836000.0,-420823000.0,0.0,373513000.0,0.0,-393383000.0,-393383000.0,-393383000.0,0.0,0.0,-0.267,1033117000.0,-383062000.0,147281000.0,-0.6,4.113,-7.758,-91.25,1430260000.0,0.0,18.25,2.069,1.968,159000.0,111186000.0,1474913000.0,1474913000.0,68373000.0,-0.13,-0.279,-0.13,-0.336,0.0,49724000.0,1.0,167216132.0,159010000,159023000.0,9.276,1534954000.0,61572000.0,-180876000.0,5785000.0,9.653,-135490000.0
23,NEM,MRY,1997-12-31,1997-12-31,1997-12-31,2021-07-22,0.0,3613982000.0,3448056000.0,641370000.0,2972612000.0,0.472,10.183,-249913000.0,146232000.0,146232000.0,790545000.0,68377000.0,1.626,1.166,1248482000.0,69072000.0,1179410000.0,1248482000.0,0.0,95000.0,0.0,0.013,0.39,137544000.0,137639000.0,0.085,137639000.0,137544000.0,60477000.0,0.44,0.44,0.44,1591087000.0,1576919500.0,1591087000.0,,,,-252416000.0,-1.616,1.0,837447000.0,0.514,0.0,77067000.0,4321701000.0,4101812500.0,513994000.0,89651000.0,12790000.0,76861000.0,1854625000.0,394531000.0,1460094000.0,4597149005.0,12289000.0,0.0,0.0,-42794000.0,0.0,272199000.0,-257407000.0,0.0,-2503000.0,0.0,68377000.0,68377000.0,68377000.0,0.0,0.0,0.042,628465000.0,208982000.0,83101000.0,0.886,2.889,67.232,66.773,2598809000.0,0.0,29.38,2.824,2.82,52410000.0,523697000.0,1627992000.0,1627992000.0,98420000.0,0.02,0.043,0.034,0.084,0.0,66380000.0,1.0,156472056.0,156243000,156347000.0,10.42,3613982000.0,0.0,-7900000.0,0.0,23.131,246839000.0
24,NEM,MRY,1996-12-31,1996-12-31,1996-12-31,2021-07-22,0.0,3282130000.0,,600988000.0,2681142000.0,,10.045,-547757000.0,227053000.0,227053000.0,652305000.0,98601000.0,2.16,1.034,1105106000.0,65231000.0,1039875000.0,1105106000.0,0.0,204081000.0,0.0,0.011,0.48,141271000.0,345352000.0,0.304,345352000.0,141271000.0,82652000.0,0.63,0.63,0.63,1562752000.0,,1562752000.0,,,,-340149000.0,-2.186,1.0,482821000.0,0.425,0.0,58619000.0,3881924000.0,,279315000.0,12724000.0,12724000.0,0.0,1615169000.0,278259000.0,1336910000.0,,132059000.0,-3684000.0,265449000.0,267427000.0,-54305000.0,478227000.0,-553776000.0,0.0,207608000.0,0.0,98601000.0,98601000.0,98601000.0,0.0,0.0,0.087,385136000.0,97685000.0,72135000.0,0.762,,,71.032,2391872000.0,0.0,44.75,,6.133,29663000.0,509773000.0,1135126000.0,1135126000.0,92863000.0,,,,0.124,0.0,65671000.0,1.0,,155573000,155573000.0,7.296,3282130000.0,0.0,-15949000.0,0.0,21.097,322729000.0
25,NEM,MRY,1995-12-31,1995-12-31,1995-12-31,2021-07-22,,,,,,,,-520913000.0,,,533631000.0,147684000.0,,,,,,,,186785000.0,,0.011,0.48,224765000.0,411550000.0,0.361,411550000.0,224765000.0,177666000.0,0.95,0.95,0.95,,,,,,,-257417000.0,-1.795,1.0,607591000.0,0.532,,47099000.0,,,,,,,,,,,-99802000.0,-30543000.0,8034000.0,138296000.0,-48391000.0,76703000.0,-440001000.0,119799000.0,263496000.0,0.0,147684000.0,136527000.0,136527000.0,0.0,0.0,0.12,405612000.0,201979000.0,,0.505,,,47.768,,11157000.0,45.38,,5.701,,,1141222000.0,1141222000.0,91748000.0,,,,0.197,0.0,62861000.0,1.0,,143379000,143379000.0,7.959,,,29982000.0,,,
0,NEM,MRQ,2021-06-30,2021-06-30,2021-06-30,2021-07-22,-198000000.0,40677000000.0,,7445000000.0,33232000000.0,,29.007,-415000000.0,4583000000.0,4583000000.0,1281000000.0,661000000.0,2.671,0.714,6157000000.0,601000000.0,5556000000.0,6157000000.0,0.0,561000000.0,0.0,0.028,0.55,1059000000.0,1620000000.0,0.529,1620000000.0,1059000000.0,991000000.0,0.81,0.81,0.81,23239000000.0,,23239000000.0,51973643884.0,12.0,7.849,580000000.0,0.724,1.0,1784000000.0,0.582,2771000000.0,68000000.0,36693000000.0,,3698000000.0,3442000000.0,222000000.0,3220000000.0,16583000000.0,2787000000.0,13796000000.0,50777643884.0,-935000000.0,-328000000.0,-134000000.0,-568000000.0,-440000000.0,-1155000000.0,-777000000.0,-35000000.0,995000000.0,2000000.0,650000000.0,650000000.0,650000000.0,0.0,11000000.0,0.212,823000000.0,961000000.0,503000000.0,0.679,2.185,17.68,17.704,24500000000.0,0.0,63.38,4.066,4.066,341000000.0,4242000000.0,3065000000.0,3065000000.0,89000000.0,,,,,21000000.0,64000000.0,1.0,801161942.0,801161942,,3.826,37906000000.0,328000000.0,341000000.0,2572000000.0,47.314,4658000000.0
1,NEM,MRQ,2021-03-31,2021-03-31,2021-03-31,2021-07-22,-205000000.0,41063000000.0,,8364000000.0,32699000000.0,,28.897,-398000000.0,5518000000.0,5518000000.0,1247000000.0,579000000.0,2.403,0.738,6714000000.0,1151000000.0,5563000000.0,6714000000.0,0.0,553000000.0,0.0,0.024,0.55,868000000.0,1421000000.0,0.495,1421000000.0,868000000.0,794000000.0,0.7,0.7,0.7,23127000000.0,,23127000000.0,49290938220.0,13.0,8.059,443000000.0,0.554,1.0,1625000000.0,0.566,2771000000.0,74000000.0,36008000000.0,,3607000000.0,3405000000.0,240000000.0,3165000000.0,17071000000.0,3480000000.0,13591000000.0,48234938220.0,-22000000.0,0.0,0.0,-18000000.0,-441000000.0,-511000000.0,-350000000.0,49000000.0,841000000.0,-2000000.0,559000000.0,559000000.0,559000000.0,0.0,20000000.0,0.195,769000000.0,856000000.0,446000000.0,0.786,2.086,18.798,18.834,24081000000.0,0.0,60.27,4.092,4.092,263000000.0,4120000000.0,2872000000.0,2872000000.0,66000000.0,,,,,17000000.0,65000000.0,1.0,800314223.0,800314223,,3.589,38292000000.0,332000000.0,235000000.0,2493000000.0,47.846,4884000000.0
2,NEM,MRQ,2020-12-31,2020-12-31,2020-12-31,2021-07-22,-216000000.0,41369000000.0,,8505000000.0,32864000000.0,,28.64,-379000000.0,5540000000.0,5540000000.0,1355000000.0,764000000.0,2.524,0.76,6702000000.0,657000000.0,6045000000.0,6702000000.0,0.0,615000000.0,0.0,0.017,0.4,1155000000.0,1770000000.0,0.524,1770000000.0,1155000000.0,1082000000.0,1.03,1.02,1.03,23008000000.0,,23008000000.0,49962113794.0,13.0,8.136,1307000000.0,1.627,1.0,2026000000.0,0.599,2771000000.0,73000000.0,36391000000.0,,3495000000.0,3487000000.0,290000000.0,3197000000.0,17490000000.0,3369000000.0,14121000000.0,48113113794.0,716000000.0,0.0,-199000000.0,-17000000.0,-320000000.0,-561000000.0,-411000000.0,-47000000.0,1686000000.0,2000000.0,824000000.0,824000000.0,824000000.0,0.0,-60000000.0,0.244,1106000000.0,920000000.0,493000000.0,0.388,2.091,17.007,17.014,24281000000.0,0.0,59.89,4.185,4.185,449000000.0,4002000000.0,3381000000.0,3381000000.0,99000000.0,,,,,17000000.0,64000000.0,1.0,803358053.0,803358053,,4.209,38598000000.0,337000000.0,258000000.0,2730000000.0,48.046,5136000000.0
3,NEM,MRQ,2020-09-30,2020-09-30,2020-09-30,2021-07-22,-245000000.0,40551000000.0,,7660000000.0,32891000000.0,,28.218,-294000000.0,4828000000.0,4828000000.0,1269000000.0,856000000.0,2.834,0.747,6677000000.0,651000000.0,6026000000.0,6677000000.0,0.0,592000000.0,0.0,0.012,0.25,1219000000.0,1811000000.0,0.571,1811000000.0,1219000000.0,1144000000.0,1.04,1.04,1.04,22661000000.0,,22661000000.0,53824861612.0,16.0,9.341,1302000000.0,1.621,1.0,1901000000.0,0.6,2771000000.0,75000000.0,36926000000.0,,3478000000.0,3343000000.0,313000000.0,3030000000.0,16931000000.0,2703000000.0,14228000000.0,50954861612.0,1021000000.0,0.0,50000000.0,-16000000.0,-201000000.0,-242000000.0,-337000000.0,35000000.0,1596000000.0,4000000.0,839000000.0,839000000.0,839000000.0,0.0,17000000.0,0.265,903000000.0,998000000.0,418000000.0,0.24,2.249,19.827,20.143,24333000000.0,0.0,63.45,4.598,4.598,324000000.0,3623000000.0,3170000000.0,3170000000.0,87000000.0,,,,,17000000.0,68000000.0,1.0,803071105.0,803071105,,3.947,37780000000.0,505000000.0,305000000.0,2713000000.0,47.044,4957000000.0
4,NEM,MRQ,2020-06-30,2020-06-30,2020-06-30,2021-07-22,-247000000.0,39885000000.0,,6684000000.0,33201000000.0,,27.416,-266000000.0,3808000000.0,3808000000.0,1058000000.0,347000000.0,2.811,0.769,6678000000.0,650000000.0,6028000000.0,6678000000.0,0.0,528000000.0,0.0,0.011,0.25,586000000.0,1114000000.0,0.471,1114000000.0,586000000.0,508000000.0,0.43,0.43,0.43,22004000000.0,,22004000000.0,52581574315.0,10.0,7.191,398000000.0,0.496,1.0,1307000000.0,0.553,2771000000.0,78000000.0,37606000000.0,,3422000000.0,3313000000.0,310000000.0,3003000000.0,16914000000.0,2378000000.0,14536000000.0,49551574315.0,93000000.0,0.0,0.0,-107000000.0,-201000000.0,-291000000.0,-284000000.0,-24000000.0,664000000.0,4000000.0,344000000.0,344000000.0,344000000.0,0.0,3000000.0,0.145,876000000.0,431000000.0,473000000.0,0.581,2.252,12.676,12.943,24676000000.0,0.0,61.74,4.663,4.663,255000000.0,2989000000.0,2365000000.0,2365000000.0,52000000.0,,,,,17000000.0,72000000.0,1.0,802584618.0,802584618,,2.947,37114000000.0,530000000.0,164000000.0,2477000000.0,46.243,4306000000.0
5,NEM,MRQ,2020-03-31,2020-03-31,2020-03-31,2021-07-22,-252000000.0,39699000000.0,,6455000000.0,33244000000.0,,27.002,793000000.0,3709000000.0,3709000000.0,1332000000.0,824000000.0,3.307,0.776,6739000000.0,178000000.0,6561000000.0,6739000000.0,0.0,565000000.0,0.0,0.032,0.14,881000000.0,1446000000.0,0.56,1446000000.0,881000000.0,799000000.0,1.02,1.02,1.02,21806000000.0,,21806000000.0,41158366572.0,9.0,6.087,1729000000.0,2.141,1.0,1249000000.0,0.484,2763000000.0,82000000.0,38014000000.0,,3376000000.0,3065000000.0,175000000.0,2890000000.0,16919000000.0,1952000000.0,14967000000.0,36567366572.0,1469000000.0,0.0,-321000000.0,-101000000.0,-112000000.0,-586000000.0,1123000000.0,290000000.0,936000000.0,-4000000.0,822000000.0,822000000.0,822000000.0,0.0,2000000.0,0.318,792000000.0,457000000.0,509000000.0,0.137,1.677,10.33,10.506,24952000000.0,0.0,45.28,3.477,3.477,220000000.0,2846000000.0,2581000000.0,2581000000.0,71000000.0,,,,,21000000.0,65000000.0,1.0,807583184.0,807583184,,3.196,36936000000.0,517000000.0,-23000000.0,2468000000.0,45.736,4503000000.0
6,NEM,MRQ,2019-12-31,2019-12-31,2019-12-31,2021-07-22,-265000000.0,39974000000.0,,6272000000.0,33702000000.0,,26.127,-429000000.0,2243000000.0,2243000000.0,1459000000.0,561000000.0,2.63,0.82,6734000000.0,0.0,6734000000.0,6734000000.0,0.0,613000000.0,0.0,0.033,0.14,778000000.0,1391000000.0,0.469,1391000000.0,778000000.0,694000000.0,0.66,0.65,0.66,21420000000.0,,21420000000.0,40371990646.0,10.0,6.845,776000000.0,0.947,1.0,1508000000.0,0.508,2674000000.0,84000000.0,39406000000.0,,3310000000.0,3436000000.0,237000000.0,3199000000.0,17557000000.0,2385000000.0,15172000000.0,35621990646.0,-474000000.0,0.0,-479000000.0,-644000000.0,-114000000.0,-1271000000.0,-409000000.0,11000000.0,1205000000.0,1000000.0,565000000.0,565000000.0,565000000.0,0.0,-4000000.0,0.19,989000000.0,519000000.0,539000000.0,0.212,1.663,12.699,11.374,25276000000.0,0.0,43.45,3.657,3.657,373000000.0,2291000000.0,2967000000.0,2967000000.0,115000000.0,,,,,21000000.0,89000000.0,1.0,819838680.0,819838680,,3.619,37300000000.0,549000000.0,129000000.0,2569000000.0,45.497,3887000000.0
7,NEM,MRQ,2019-09-30,2019-09-30,2019-09-30,2021-07-22,-265000000.0,40763000000.0,,5698000000.0,35065000000.0,,26.138,-428000000.0,2712000000.0,2712000000.0,1392000000.0,2204000000.0,2.182,0.853,7462000000.0,723000000.0,6739000000.0,7462000000.0,0.0,548000000.0,0.0,0.038,0.14,2813000000.0,3361000000.0,1.239,3361000000.0,2813000000.0,2736000000.0,2.66,2.65,2.66,21430000000.0,,21430000000.0,36035373844.0,10.0,6.985,363000000.0,0.443,1.0,1321000000.0,0.487,3078000000.0,77000000.0,39824000000.0,,3383000000.0,3452000000.0,157000000.0,3295000000.0,18279000000.0,2611000000.0,15668000000.0,31090373844.0,881000000.0,6000000.0,0.0,679000000.0,-109000000.0,530000000.0,-438000000.0,-2000000.0,791000000.0,-2000000.0,2178000000.0,2178000000.0,2178000000.0,0.0,26000000.0,0.803,863000000.0,458000000.0,532000000.0,0.053,1.451,13.867,13.591,26197000000.0,0.0,37.92,3.525,3.525,383000000.0,2036000000.0,2713000000.0,2713000000.0,131000000.0,,,,,22000000.0,84000000.0,1.0,819893825.0,819893825,,3.309,37685000000.0,440000000.0,558000000.0,3097000000.0,45.963,3087000000.0
8,NEM,MRQ,2019-06-30,2019-06-30,2019-06-30,2021-07-22,-257000000.0,36987000000.0,,4638000000.0,32349000000.0,,23.613,-353000000.0,1827000000.0,1827000000.0,1366000000.0,0.0,1.827,0.858,6772000000.0,715000000.0,6057000000.0,6772000000.0,0.0,487000000.0,0.0,0.037,1.02,77000000.0,564000000.0,0.25,564000000.0,77000000.0,-5000000.0,-0.03,-0.03,-0.03,19354000000.0,,19354000000.0,32359300630.0,57.0,16.131,-54000000.0,-0.066,1.0,891000000.0,0.395,2156000000.0,82000000.0,37238000000.0,,3757000000.0,3734000000.0,24000000.0,3710000000.0,16614000000.0,2538000000.0,14076000000.0,31531300630.0,-1697000000.0,121000000.0,0.0,-1266000000.0,-590000000.0,-1893000000.0,-104000000.0,100000000.0,299000000.0,1000000.0,-25000000.0,-25000000.0,-25000000.0,0.0,25000000.0,-0.011,879000000.0,12000000.0,460000000.0,-34.0,1.629,-389.275,-274.786,23377000000.0,0.0,38.47,4.025,4.025,330000000.0,-25000000.0,2257000000.0,2257000000.0,101000000.0,,,,,35000000.0,81000000.0,1.0,819633497.0,819633497,,2.754,34831000000.0,525000000.0,20000000.0,2580000000.0,42.496,2100000000.0
9,NEM,MRQ,2019-03-31,2019-03-31,2019-03-31,2021-07-22,-269000000.0,20880000000.0,,5397000000.0,15483000000.0,,19.71,-223000000.0,3545000000.0,3545000000.0,978000000.0,119000000.0,2.974,0.892,4373000000.0,685000000.0,3688000000.0,4373000000.0,0.0,312000000.0,0.0,0.016,0.14,270000000.0,582000000.0,0.323,582000000.0,270000000.0,212000000.0,0.16,0.16,0.16,10499000000.0,,10499000000.0,19917586048.0,23.0,9.576,348000000.0,0.653,1.0,825000000.0,0.458,0.0,58000000.0,19893000000.0,,3208000000.0,392000000.0,56000000.0,336000000.0,9361000000.0,1815000000.0,7546000000.0,19053586048.0,150000000.0,0.0,0.0,-10000000.0,-76000000.0,-143000000.0,-275000000.0,-50000000.0,571000000.0,-3000000.0,87000000.0,87000000.0,87000000.0,0.0,32000000.0,0.048,537000000.0,288000000.0,287000000.0,0.875,1.815,80.736,81.295,12264000000.0,0.0,35.77,2.632,2.632,289000000.0,385000000.0,1803000000.0,1803000000.0,68000000.0,,,,,19000000.0,59000000.0,1.0,532669445.0,532669445,,3.385,20880000000.0,378000000.0,125000000.0,710000000.0,39.199,3582000000.0
10,NEM,MRQ,2018-12-31,2018-12-31,2018-12-31,2021-07-22,-284000000.0,20715000000.0,,5277000000.0,15438000000.0,,19.716,-245000000.0,3397000000.0,3397000000.0,1104000000.0,15000000.0,2.953,0.876,4261000000.0,653000000.0,3608000000.0,4261000000.0,0.0,336000000.0,0.0,0.016,0.14,316000000.0,652000000.0,0.318,652000000.0,316000000.0,262000000.0,0.0,0.01,0.0,10502000000.0,,10502000000.0,19578676900.0,21.0,9.111,495000000.0,0.929,1.0,944000000.0,0.461,58000000.0,54000000.0,19734000000.0,,3193000000.0,319000000.0,48000000.0,271000000.0,9203000000.0,1787000000.0,7416000000.0,18456676900.0,338000000.0,-2000000.0,-2000000.0,-1000000.0,-75000000.0,-109000000.0,-293000000.0,-20000000.0,740000000.0,0.0,2000000.0,2000000.0,2000000.0,0.0,13000000.0,0.001,570000000.0,374000000.0,303000000.0,,1.757,54.125,54.141,12258000000.0,0.0,34.65,2.545,2.545,254000000.0,383000000.0,2048000000.0,2048000000.0,101000000.0,,,,,19000000.0,63000000.0,1.0,532660228.0,532660228,,3.845,20657000000.0,401000000.0,260000000.0,683000000.0,38.781,3490000000.0
11,NEM,MRQ,2018-09-30,2018-09-30,2018-09-30,2021-07-22,-150000000.0,20559000000.0,,4935000000.0,15624000000.0,,19.867,-274000000.0,3068000000.0,3068000000.0,995000000.0,-124000000.0,4.696,0.843,4190000000.0,20000000.0,4170000000.0,4190000000.0,0.0,299000000.0,0.0,0.016,0.14,-91000000.0,208000000.0,0.121,208000000.0,-91000000.0,-142000000.0,-0.27,-0.27,-0.27,10597000000.0,,10597000000.0,17102641737.0,19.0,8.109,151000000.0,0.283,1.0,731000000.0,0.424,0.0,51000000.0,20630000000.0,,3259000000.0,389000000.0,58000000.0,331000000.0,8936000000.0,1051000000.0,7885000000.0,16108641737.0,-59000000.0,-99000000.0,-26000000.0,0.0,-76000000.0,-115000000.0,-367000000.0,-7000000.0,425000000.0,-2000000.0,-145000000.0,-145000000.0,-145000000.0,0.0,21000000.0,-0.084,845000000.0,-114000000.0,293000000.0,-0.519,1.52,-79.353,-81.622,12209000000.0,0.0,30.2,2.256,2.256,272000000.0,361000000.0,1726000000.0,1726000000.0,85000000.0,,,,,19000000.0,59000000.0,1.0,533398733.0,533398733,,3.236,20559000000.0,600000000.0,3000000.0,657000000.0,38.543,3884000000.0
12,NEM,MRQ,2018-06-30,2018-06-30,2018-06-30,2021-07-22,-162000000.0,20655000000.0,,4967000000.0,15688000000.0,,20.269,-258000000.0,3127000000.0,3127000000.0,965000000.0,298000000.0,4.599,0.816,4121000000.0,13000000.0,4108000000.0,4121000000.0,0.0,279000000.0,0.0,0.011,0.14,359000000.0,638000000.0,0.384,638000000.0,359000000.0,310000000.0,0.55,0.54,0.55,10813000000.0,,10813000000.0,21101772219.0,16.0,8.23,141000000.0,0.264,1.0,697000000.0,0.419,0.0,49000000.0,20569000000.0,,3245000000.0,409000000.0,56000000.0,353000000.0,8822000000.0,1080000000.0,7742000000.0,20117772219.0,64000000.0,-39000000.0,-6000000.0,-2000000.0,-74000000.0,-52000000.0,-281000000.0,12000000.0,399000000.0,-2000000.0,292000000.0,292000000.0,292000000.0,0.0,6000000.0,0.176,482000000.0,215000000.0,360000000.0,0.255,1.861,135.931,134.679,12351000000.0,0.0,37.71,2.759,2.759,234000000.0,592000000.0,1662000000.0,1662000000.0,90000000.0,,,,,19000000.0,63000000.0,1.0,533486402.0,533486402,,3.115,20655000000.0,537000000.0,18000000.0,660000000.0,38.717,3887000000.0
13,NEM,MRQ,2018-03-31,2018-03-31,2018-03-31,2021-07-22,-169000000.0,20483000000.0,,4938000000.0,15545000000.0,,19.823,-231000000.0,3111000000.0,3111000000.0,1029000000.0,191000000.0,4.181,0.844,4095000000.0,7000000.0,4088000000.0,4095000000.0,0.0,301000000.0,0.0,0.009,0.14,350000000.0,651000000.0,0.358,651000000.0,350000000.0,297000000.0,0.36,0.36,0.36,10575000000.0,,10575000000.0,21648862897.0,16.0,8.197,32000000.0,0.06,1.0,788000000.0,0.434,0.0,53000000.0,20286000000.0,,3194000000.0,332000000.0,59000000.0,273000000.0,8928000000.0,1181000000.0,7747000000.0,20842862897.0,-152000000.0,0.0,-64000000.0,-1000000.0,-76000000.0,-179000000.0,-236000000.0,-6000000.0,263000000.0,0.0,192000000.0,192000000.0,192000000.0,0.0,-1000000.0,0.106,473000000.0,315000000.0,331000000.0,0.389,1.971,672.35,651.167,12311000000.0,0.0,39.07,2.777,2.777,330000000.0,380000000.0,1817000000.0,1817000000.0,74000000.0,,,,,19000000.0,59000000.0,1.0,533474863.0,533474863,,3.406,20483000000.0,500000000.0,105000000.0,812000000.0,38.395,3757000000.0
14,NEM,MRQ,2017-12-31,2017-12-31,2017-12-31,2021-07-22,-292000000.0,20646000000.0,,5066000000.0,15580000000.0,,19.753,-309000000.0,3259000000.0,3259000000.0,1053000000.0,-517000000.0,3.624,0.866,4065000000.0,4000000.0,4061000000.0,4065000000.0,0.0,323000000.0,0.0,0.007,0.075,289000000.0,612000000.0,0.316,612000000.0,289000000.0,235000000.0,-1.01,-1.01,-1.01,10535000000.0,,10535000000.0,21091784354.0,17.0,8.386,436000000.0,0.817,1.0,882000000.0,0.456,0.0,54000000.0,20054000000.0,,3203000000.0,342000000.0,62000000.0,280000000.0,9127000000.0,1398000000.0,7729000000.0,20010784354.0,294000000.0,0.0,0.0,-1000000.0,-40000000.0,-126000000.0,-328000000.0,-16000000.0,745000000.0,3000000.0,-542000000.0,-542000000.0,-542000000.0,0.0,25000000.0,-0.28,585000000.0,297000000.0,375000000.0,-0.074,1.899,-175.533,-178.667,12338000000.0,0.0,37.52,2.712,2.712,237000000.0,410000000.0,1935000000.0,1935000000.0,88000000.0,,,,,17000000.0,66000000.0,1.0,533336470.0,533336470,,3.628,20646000000.0,549000000.0,777000000.0,843000000.0,38.711,3668000000.0
15,NEM,MRQ,2017-09-30,2017-09-30,2017-09-30,2021-07-22,-292000000.0,20836000000.0,,4808000000.0,16028000000.0,,20.886,-194000000.0,2969000000.0,2969000000.0,1053000000.0,199000000.0,4.181,0.773,4050000000.0,4000000.0,4046000000.0,4050000000.0,0.0,328000000.0,0.0,0.006,0.075,335000000.0,663000000.0,0.353,663000000.0,335000000.0,279000000.0,0.38,0.38,0.38,11138000000.0,,11138000000.0,21521014003.0,30.0,10.919,292000000.0,0.548,1.0,826000000.0,0.44,0.0,56000000.0,20767000000.0,,3202000000.0,368000000.0,76000000.0,292000000.0,8605000000.0,1150000000.0,7455000000.0,20003014003.0,-126000000.0,0.0,0.0,-383000000.0,-40000000.0,-435000000.0,-178000000.0,15000000.0,486000000.0,1000000.0,206000000.0,206000000.0,206000000.0,0.0,-7000000.0,0.11,502000000.0,324000000.0,315000000.0,0.197,1.796,243.939,267.929,12173000000.0,0.0,37.51,2.777,2.777,247000000.0,1051000000.0,1879000000.0,1879000000.0,89000000.0,,,,,18000000.0,58000000.0,1.0,533271501.0,533271501,,3.524,20836000000.0,1288000000.0,73000000.0,801000000.0,39.072,3658000000.0
16,NEM,MRQ,2017-06-30,2017-06-30,2017-06-30,2021-07-22,-318000000.0,21142000000.0,,5098000000.0,16044000000.0,,20.494,-183000000.0,3105000000.0,3105000000.0,999000000.0,151000000.0,3.243,0.833,4623000000.0,577000000.0,4046000000.0,4623000000.0,0.0,310000000.0,0.0,0.005,0.05,405000000.0,715000000.0,0.381,715000000.0,405000000.0,341000000.0,0.33,0.33,0.33,10928000000.0,,10928000000.0,18973426393.0,110.0,13.185,339000000.0,0.636,1.0,876000000.0,0.467,0.0,64000000.0,21088000000.0,,3267000000.0,367000000.0,61000000.0,306000000.0,9102000000.0,1572000000.0,7530000000.0,17271426393.0,186000000.0,0.0,0.0,0.0,-27000000.0,-55000000.0,-282000000.0,-113000000.0,522000000.0,1000000.0,175000000.0,175000000.0,175000000.0,0.0,-24000000.0,0.093,508000000.0,368000000.0,304000000.0,0.152,1.58,-35.833,-35.593,12262000000.0,0.0,32.39,2.428,2.428,337000000.0,885000000.0,1875000000.0,1875000000.0,83000000.0,,,,,19000000.0,58000000.0,1.0,533233294.0,533233294,,3.516,21142000000.0,1245000000.0,166000000.0,741000000.0,39.649,3526000000.0
17,NEM,MRQ,2017-03-31,2017-03-31,2017-03-31,2021-07-22,-322000000.0,20969000000.0,,4838000000.0,16131000000.0,,20.249,-180000000.0,2919000000.0,2919000000.0,957000000.0,58000000.0,3.091,0.842,4621000000.0,572000000.0,4049000000.0,4621000000.0,0.0,300000000.0,0.0,0.005,0.05,225000000.0,525000000.0,0.311,525000000.0,225000000.0,158000000.0,0.09,0.09,0.09,10755000000.0,,10755000000.0,19365698001.0,204.0,14.539,191000000.0,0.36,1.0,733000000.0,0.434,0.0,67000000.0,21106000000.0,,3255000000.0,259000000.0,51000000.0,208000000.0,9053000000.0,1565000000.0,7488000000.0,17506698001.0,162000000.0,0.0,0.0,0.0,-27000000.0,-52000000.0,-158000000.0,19000000.0,371000000.0,1000000.0,47000000.0,47000000.0,47000000.0,0.0,11000000.0,0.028,463000000.0,270000000.0,305000000.0,0.556,1.628,-27.613,-27.467,12378000000.0,0.0,32.96,2.534,2.534,285000000.0,735000000.0,1690000000.0,1690000000.0,62000000.0,,,,,16000000.0,55000000.0,1.0,531149818.0,531149818,,3.182,20969000000.0,1285000000.0,111000000.0,769000000.0,39.479,3273000000.0
18,NEM,MRQ,2016-12-31,2016-12-31,2016-12-31,2021-07-22,-334000000.0,21031000000.0,,4677000000.0,16354000000.0,,20.2,-301000000.0,2756000000.0,2756000000.0,1002000000.0,-827000000.0,2.673,0.854,4615000000.0,566000000.0,4049000000.0,4615000000.0,0.0,321000000.0,0.0,0.004,0.05,-253000000.0,68000000.0,0.039,68000000.0,-253000000.0,-322000000.0,-0.66,-0.65,-0.66,10721000000.0,,10721000000.0,21099655021.0,95.0,14.693,326000000.0,0.614,1.0,756000000.0,0.43,0.0,69000000.0,21140000000.0,,3244000000.0,263000000.0,56000000.0,207000000.0,9157000000.0,1750000000.0,7407000000.0,18082655021.0,687000000.0,920000000.0,0.0,-535000000.0,-26000000.0,-566000000.0,628000000.0,-4000000.0,627000000.0,-2000000.0,-346000000.0,-346000000.0,-346000000.0,0.0,-524000000.0,-0.197,1555000000.0,-799000000.0,320000000.0,-0.076,1.687,-28.748,-28.63,12485000000.0,0.0,34.07,2.707,2.707,343000000.0,716000000.0,1758000000.0,1758000000.0,70000000.0,,,,,16000000.0,55000000.0,1.0,530750074.0,530750074,,3.312,21031000000.0,1331000000.0,24000000.0,745000000.0,39.625,2927000000.0
19,NEM,MRQ,2016-09-30,2016-09-30,2016-09-30,2021-07-22,-302000000.0,24081000000.0,,7113000000.0,16968000000.0,,20.924,-269000000.0,2099000000.0,2099000000.0,983000000.0,-313000000.0,2.805,0.898,5116000000.0,564000000.0,4552000000.0,5116000000.0,0.0,335000000.0,0.0,0.003,0.025,-204000000.0,131000000.0,0.073,131000000.0,-204000000.0,-268000000.0,-0.67,-0.67,-0.67,11102000000.0,,11102000000.0,23516060380.0,62.0,14.846,587000000.0,1.106,1.0,808000000.0,0.451,0.0,64000000.0,24562000000.0,,3271000000.0,319000000.0,80000000.0,239000000.0,9972000000.0,2536000000.0,7436000000.0,20847060380.0,90000000.0,0.0,0.0,-276000000.0,-14000000.0,-469000000.0,-297000000.0,2000000.0,856000000.0,0.0,-358000000.0,-358000000.0,-358000000.0,0.0,-34000000.0,-0.2,517000000.0,291000000.0,304000000.0,-0.037,1.878,-38.821,-38.146,13170000000.0,0.0,39.29,3.271,3.271,293000000.0,1086000000.0,1791000000.0,1791000000.0,73000000.0,,,,,17000000.0,63000000.0,1.0,530594563.0,530594563,,3.375,24081000000.0,1295000000.0,90000000.0,660000000.0,45.385,4577000000.0
20,NEM,MRQ,2016-06-30,2016-06-30,2016-06-30,2021-07-22,-341000000.0,24703000000.0,,5294000000.0,19409000000.0,,21.531,-283000000.0,2902000000.0,2902000000.0,902000000.0,62000000.0,3.893,0.903,5571000000.0,196000000.0,5375000000.0,5571000000.0,0.0,281000000.0,0.0,0.003,0.025,327000000.0,608000000.0,0.364,608000000.0,327000000.0,261000000.0,0.04,0.04,0.04,11423000000.0,,11423000000.0,23997369004.0,26.0,11.798,494000000.0,0.931,1.0,767000000.0,0.46,0.0,66000000.0,26012000000.0,,4637000000.0,283000000.0,46000000.0,237000000.0,10320000000.0,1360000000.0,8960000000.0,20754369004.0,441000000.0,0.0,0.0,-2000000.0,-14000000.0,-40000000.0,-294000000.0,-2000000.0,777000000.0,-2000000.0,23000000.0,23000000.0,23000000.0,0.0,-16000000.0,0.014,461000000.0,306000000.0,348000000.0,0.625,1.817,518.859,652.0,14234000000.0,0.0,39.12,3.379,3.379,509000000.0,1458000000.0,1669000000.0,1669000000.0,82000000.0,,,,,21000000.0,62000000.0,1.0,530530905.0,530530905,,3.146,24703000000.0,1264000000.0,238000000.0,1052000000.0,46.563,3934000000.0
21,NEM,MRQ,2016-03-31,2016-03-31,2016-03-31,2021-07-22,-386000000.0,24553000000.0,,4780000000.0,19773000000.0,,21.447,-280000000.0,2461000000.0,2461000000.0,851000000.0,135000000.0,3.278,0.908,5704000000.0,335000000.0,5369000000.0,5704000000.0,0.0,276000000.0,0.0,0.004,0.025,353000000.0,629000000.0,0.43,629000000.0,353000000.0,279000000.0,0.1,0.1,0.1,11349000000.0,,11349000000.0,17519112909.0,19.0,8.725,246000000.0,0.465,1.0,611000000.0,0.418,0.0,74000000.0,26338000000.0,,4595000000.0,267000000.0,27000000.0,240000000.0,10300000000.0,1458000000.0,8842000000.0,14065112909.0,-321000000.0,0.0,0.0,-499000000.0,-13000000.0,-742000000.0,-111000000.0,184000000.0,526000000.0,6000000.0,52000000.0,52000000.0,52000000.0,0.0,-12000000.0,0.036,425000000.0,186000000.0,367000000.0,0.25,1.239,158.035,166.125,14284000000.0,0.0,26.58,2.204,2.204,495000000.0,1449000000.0,1462000000.0,1462000000.0,57000000.0,,,,,16000000.0,53000000.0,1.0,529161509.0,529161509,,2.763,24553000000.0,1533000000.0,227000000.0,940000000.0,46.4,3322000000.0
22,NEM,MRQ,2015-12-31,2015-12-31,2015-12-31,2021-07-22,-334000000.0,25130000000.0,,4983000000.0,20147000000.0,,21.451,-422000000.0,2363000000.0,2363000000.0,969000000.0,-358000000.0,3.519,0.955,5863000000.0,9000000.0,5854000000.0,5863000000.0,0.0,310000000.0,0.0,0.006,0.025,-94000000.0,216000000.0,0.149,216000000.0,-94000000.0,-165000000.0,-0.5,-0.5,-0.5,11350000000.0,,11350000000.0,12905823897.0,14.0,6.421,-150000000.0,-0.283,1.0,483000000.0,0.333,0.0,71000000.0,27214000000.0,,3239000000.0,421000000.0,19000000.0,402000000.0,10838000000.0,1416000000.0,9422000000.0,9518823897.0,-179000000.0,-4000000.0,0.0,-2000000.0,-14000000.0,-59000000.0,-389000000.0,-17000000.0,272000000.0,-3000000.0,-254000000.0,-254000000.0,-254000000.0,0.0,-328000000.0,-0.175,738000000.0,-255000000.0,315000000.0,-0.05,0.839,43.267,41.837,13210000000.0,0.0,17.99,1.564,1.564,215000000.0,1410000000.0,1452000000.0,1452000000.0,80000000.0,,,,,19000000.0,61000000.0,1.0,529117504.0,529117504,,2.744,25130000000.0,1712000000.0,89000000.0,576000000.0,47.494,3567000000.0
23,NEM,MRQ,2015-09-30,2015-09-30,2015-09-30,2021-07-22,-389000000.0,25554000000.0,,5195000000.0,20359000000.0,,21.82,-283000000.0,2964000000.0,2964000000.0,925000000.0,285000000.0,3.072,0.952,6351000000.0,266000000.0,6085000000.0,6351000000.0,0.0,227000000.0,0.0,0.006,0.025,354000000.0,581000000.0,0.372,581000000.0,354000000.0,280000000.0,0.42,0.42,0.42,11544000000.0,,11544000000.0,11576908467.0,8.0,4.877,527000000.0,0.996,1.0,635000000.0,0.407,0.0,74000000.0,27250000000.0,,4562000000.0,403000000.0,25000000.0,378000000.0,10985000000.0,1691000000.0,9294000000.0,8501908467.0,-344000000.0,-819000000.0,0.0,54000000.0,-15000000.0,-39000000.0,-1113000000.0,0.0,810000000.0,-2000000.0,219000000.0,219000000.0,219000000.0,0.0,66000000.0,0.14,465000000.0,170000000.0,435000000.0,0.06,0.736,17.386,16.74,14335000000.0,0.0,16.07,1.217,1.217,349000000.0,1678000000.0,1560000000.0,1560000000.0,65000000.0,,,,,18000000.0,59000000.0,1.0,529054665.0,529054665,,2.949,25554000000.0,1897000000.0,61000000.0,882000000.0,48.301,3504000000.0
24,NEM,MRQ,2015-06-30,2015-06-30,2015-06-30,2021-07-22,-440000000.0,25961000000.0,,6556000000.0,19405000000.0,,22.549,-322000000.0,3308000000.0,3308000000.0,1027000000.0,148000000.0,2.783,1.037,6383000000.0,243000000.0,6140000000.0,6383000000.0,0.0,276000000.0,0.0,0.004,0.025,306000000.0,582000000.0,0.305,582000000.0,306000000.0,224000000.0,0.14,0.14,0.14,11271000000.0,,11271000000.0,15530420594.0,12.0,6.564,116000000.0,0.232,1.0,881000000.0,0.462,0.0,82000000.0,26680000000.0,,4362000000.0,282000000.0,33000000.0,249000000.0,11693000000.0,2356000000.0,9337000000.0,11676420594.0,710000000.0,0.0,675000000.0,-76000000.0,-11000000.0,596000000.0,-325000000.0,0.0,438000000.0,1000000.0,72000000.0,72000000.0,72000000.0,0.0,76000000.0,0.038,478000000.0,403000000.0,397000000.0,0.179,1.036,24.175,24.082,13646000000.0,0.0,23.36,1.629,1.629,555000000.0,1474000000.0,1908000000.0,1908000000.0,81000000.0,,,,,20000000.0,68000000.0,1.0,499846772.0,499846772,,3.817,25961000000.0,1989000000.0,152000000.0,917000000.0,51.938,4200000000.0
25,NEM,MRQ,2015-03-31,2015-03-31,2015-03-31,2021-07-22,-492000000.0,25602000000.0,,6151000000.0,19451000000.0,,20.972,-284000000.0,2598000000.0,2598000000.0,1027000000.0,229000000.0,2.17,1.17,6452000000.0,231000000.0,6221000000.0,6452000000.0,0.0,289000000.0,0.0,0.005,0.025,461000000.0,750000000.0,0.38,750000000.0,461000000.0,376000000.0,0.37,0.37,0.37,10462000000.0,,10462000000.0,15073186990.0,12.0,6.522,341000000.0,0.684,1.0,945000000.0,0.479,0.0,85000000.0,26622000000.0,,4242000000.0,311000000.0,39000000.0,272000000.0,12239000000.0,2834000000.0,9405000000.0,10830186990.0,195000000.0,0.0,0.0,-205000000.0,-12000000.0,-196000000.0,-214000000.0,29000000.0,625000000.0,-20000000.0,183000000.0,183000000.0,183000000.0,0.0,46000000.0,0.093,448000000.0,497000000.0,376000000.0,0.068,1.035,18.325,18.244,13612000000.0,0.0,21.71,1.541,1.541,416000000.0,1413000000.0,1972000000.0,1972000000.0,61000000.0,,,,,20000000.0,58000000.0,1.0,498857070.0,498857070,,3.953,25602000000.0,2051000000.0,193000000.0,871000000.0,51.321,3317000000.0
26,NEM,MRQ,2014-12-31,2014-12-31,2014-12-31,2021-07-22,-478000000.0,24916000000.0,,5439000000.0,19477000000.0,,20.598,-274000000.0,2403000000.0,2403000000.0,591000000.0,61000000.0,2.475,1.151,6646000000.0,166000000.0,6480000000.0,6646000000.0,0.0,166000000.0,0.0,0.012,0.025,295000000.0,461000000.0,0.299,461000000.0,295000000.0,241000000.0,0.03,0.03,0.03,10274000000.0,,10274000000.0,14422237615.0,14.0,6.771,285000000.0,0.571,1.0,953000000.0,0.617,0.0,54000000.0,26961000000.0,,4186000000.0,407000000.0,73000000.0,334000000.0,11827000000.0,2198000000.0,9629000000.0,9427237615.0,626000000.0,0.0,0.0,-102000000.0,-12000000.0,-12000000.0,85000000.0,-26000000.0,559000000.0,-6000000.0,15000000.0,15000000.0,15000000.0,0.0,46000000.0,0.01,368000000.0,585000000.0,406000000.0,0.833,0.918,18.558,18.529,13650000000.0,0.0,18.9,1.382,1.382,476000000.0,1242000000.0,1544000000.0,1544000000.0,83000000.0,,,,,9000000.0,99000000.0,1.0,498795641.0,498795641,,3.095,24916000000.0,2030000000.0,226000000.0,730000000.0,49.952,3241000000.0
27,NEM,MRQ,2014-09-30,2014-09-30,2014-09-30,2021-07-22,-310000000.0,25121000000.0,,5488000000.0,19633000000.0,,20.814,-277000000.0,1778000000.0,1778000000.0,1185000000.0,75000000.0,2.186,1.158,6773000000.0,143000000.0,6630000000.0,6773000000.0,0.0,318000000.0,0.0,0.017,0.025,255000000.0,573000000.0,0.328,573000000.0,255000000.0,166000000.0,0.43,0.43,0.43,10381000000.0,,10381000000.0,16628393336.0,-14.0,113.893,47000000.0,0.094,1.0,561000000.0,0.321,0.0,89000000.0,27605000000.0,,4293000000.0,405000000.0,82000000.0,323000000.0,12022000000.0,2511000000.0,9511000000.0,11496393336.0,125000000.0,0.0,0.0,2000000.0,-13000000.0,-26000000.0,-164000000.0,1000000.0,324000000.0,-9000000.0,213000000.0,213000000.0,213000000.0,0.0,-138000000.0,0.122,526000000.0,35000000.0,440000000.0,0.058,1.107,-16.565,-16.583,13901000000.0,0.0,23.05,1.54,1.54,391000000.0,1239000000.0,1746000000.0,1746000000.0,80000000.0,,,,,15000000.0,45000000.0,1.0,498758930.0,498758930,,3.501,25121000000.0,2083000000.0,-47000000.0,764000000.0,50.367,2977000000.0
28,NEM,MRQ,2014-06-30,2014-06-30,2014-06-30,2021-07-22,-242000000.0,24976000000.0,,5354000000.0,19622000000.0,,20.522,-254000000.0,1653000000.0,1653000000.0,1060000000.0,145000000.0,2.377,1.162,6785000000.0,112000000.0,6673000000.0,6785000000.0,0.0,306000000.0,0.0,0.025,0.025,221000000.0,527000000.0,0.299,527000000.0,221000000.0,127000000.0,0.36,0.36,0.36,10231000000.0,,10231000000.0,17968583866.0,-23.0,35.441,121000000.0,0.243,1.0,705000000.0,0.399,0.0,94000000.0,27856000000.0,,4411000000.0,431000000.0,84000000.0,347000000.0,11885000000.0,2252000000.0,9633000000.0,12682583866.0,178000000.0,0.0,0.0,10000000.0,-12000000.0,53000000.0,-250000000.0,0.0,375000000.0,0.0,180000000.0,180000000.0,180000000.0,0.0,-35000000.0,0.102,522000000.0,183000000.0,435000000.0,0.069,1.24,-24.917,-24.941,14043000000.0,0.0,25.44,1.639,1.639,446000000.0,1039000000.0,1765000000.0,1765000000.0,83000000.0,,,,,14000000.0,48000000.0,1.0,498529240.0,498529240,,3.54,24976000000.0,1898000000.0,-53000000.0,782000000.0,50.099,3102000000.0
29,NEM,MRQ,2014-03-31,2014-03-31,2014-03-31,2021-07-22,-205000000.0,24798000000.0,,5247000000.0,19551000000.0,,20.312,-235000000.0,1475000000.0,1475000000.0,1083000000.0,48000000.0,1.819,1.189,6761000000.0,615000000.0,6146000000.0,6761000000.0,0.0,298000000.0,0.0,0.041,0.15,271000000.0,569000000.0,0.323,569000000.0,271000000.0,178000000.0,0.2,0.2,0.2,10019000000.0,,10019000000.0,16746664980.0,-5.0,-8.903,-55000000.0,-0.112,1.0,681000000.0,0.386,0.0,93000000.0,27200000000.0,,4297000000.0,476000000.0,83000000.0,393000000.0,11917000000.0,2884000000.0,9033000000.0,11561664980.0,-80000000.0,-28000000.0,0.0,3000000.0,-77000000.0,-80000000.0,-178000000.0,24000000.0,180000000.0,-2000000.0,100000000.0,100000000.0,100000000.0,0.0,-52000000.0,0.057,491000000.0,190000000.0,463000000.0,0.75,1.154,-4.207,-4.246,14138000000.0,0.0,23.44,1.447,1.447,525000000.0,968000000.0,1764000000.0,1764000000.0,76000000.0,,,,,13000000.0,45000000.0,1.0,493245093.0,493245093,,3.576,24798000000.0,1655000000.0,78000000.0,723000000.0,50.275,2363000000.0
30,NEM,MRQ,2013-12-31,2013-12-31,2013-12-31,2021-07-22,-182000000.0,24607000000.0,,4889000000.0,19718000000.0,,20.267,-372000000.0,1555000000.0,1555000000.0,1482000000.0,-1272000000.0,1.784,1.171,6740000000.0,595000000.0,6145000000.0,6740000000.0,0.0,381000000.0,0.0,0.053,0.2,-1904000000.0,-1523000000.0,-0.696,-1523000000.0,-1904000000.0,-1996000000.0,-2.38,-2.38,-2.38,9993000000.0,,9993000000.0,16416150958.0,-5.0,-10.108,10000000.0,0.02,1.0,706000000.0,0.323,0.0,92000000.0,27052000000.0,,4202000000.0,517000000.0,78000000.0,439000000.0,11698000000.0,2740000000.0,8958000000.0,11355150958.0,80000000.0,0.0,0.0,186000000.0,-101000000.0,80000000.0,-376000000.0,1000000.0,382000000.0,-6000000.0,-1187000000.0,-1187000000.0,-1187000000.0,0.0,-85000000.0,-0.543,2687000000.0,-1981000000.0,478000000.0,-0.084,1.136,-4.481,-4.525,14277000000.0,0.0,23.03,1.35,1.35,482000000.0,848000000.0,2188000000.0,2188000000.0,109000000.0,,,,,9000000.0,45000000.0,1.0,493059095.0,493059095,,4.438,24607000000.0,1724000000.0,-809000000.0,648000000.0,49.907,2149000000.0
31,NEM,MRQ,2013-09-30,2013-09-30,2013-09-30,2021-07-22,-56000000.0,26799000000.0,,5221000000.0,21578000000.0,,23.402,-408000000.0,1475000000.0,1475000000.0,1078000000.0,394000000.0,1.603,1.063,6536000000.0,587000000.0,5949000000.0,6536000000.0,0.0,299000000.0,0.0,0.049,0.25,635000000.0,934000000.0,0.462,934000000.0,635000000.0,559000000.0,0.8,0.8,0.8,11533000000.0,,11533000000.0,19374324783.0,-85.0,18.719,32000000.0,0.065,1.0,942000000.0,0.466,0.0,76000000.0,28602000000.0,,4438000000.0,631000000.0,91000000.0,540000000.0,12257000000.0,3258000000.0,8999000000.0,13848324783.0,227000000.0,0.0,0.0,-251000000.0,-124000000.0,-379000000.0,168000000.0,587000000.0,440000000.0,-2000000.0,398000000.0,398000000.0,398000000.0,0.0,-4000000.0,0.197,581000000.0,361000000.0,545000000.0,0.312,1.201,-20.335,-20.662,16322000000.0,0.0,28.1,1.574,1.574,472000000.0,2361000000.0,2020000000.0,2020000000.0,127000000.0,,,,,17000000.0,48000000.0,1.0,492822946.0,492822946,,4.099,26799000000.0,1251000000.0,161000000.0,856000000.0,54.379,1963000000.0
32,NEM,MRQ,2013-06-30,2013-06-30,2013-06-30,2021-07-22,-71000000.0,26476000000.0,,5022000000.0,21454000000.0,,22.802,-610000000.0,1248000000.0,1248000000.0,1682000000.0,-2273000000.0,2.285,1.09,6774000000.0,48000000.0,6726000000.0,6774000000.0,0.0,415000000.0,0.0,0.049,0.35,-2276000000.0,-1861000000.0,-0.922,-1861000000.0,-2276000000.0,-2346000000.0,-4.14,-4.14,-4.14,11226000000.0,,11226000000.0,19755964233.0,-99.0,19.088,-322000000.0,-0.654,1.0,336000000.0,0.167,0.0,70000000.0,29804000000.0,,4270000000.0,1113000000.0,628000000.0,485000000.0,12238000000.0,2198000000.0,10040000000.0,14744964233.0,-130000000.0,-5000000.0,1000000.0,373000000.0,-174000000.0,192000000.0,-598000000.0,0.0,288000000.0,-12000000.0,-2059000000.0,-2059000000.0,-2059000000.0,0.0,-214000000.0,-1.02,2947000000.0,-2611000000.0,551000000.0,-0.085,1.313,-20.709,-21.092,16244000000.0,0.0,29.95,1.593,1.593,546000000.0,2077000000.0,2018000000.0,2018000000.0,122000000.0,,,,,19000000.0,54000000.0,1.0,492319340.0,492319340,,4.099,26476000000.0,1403000000.0,-287000000.0,866000000.0,53.778,2824000000.0
33,NEM,MRQ,2013-03-31,2013-03-31,2013-03-31,2021-07-22,429000000.0,29451000000.0,,5626000000.0,23825000000.0,,28.249,-510000000.0,1378000000.0,1378000000.0,1057000000.0,356000000.0,2.121,0.887,6389000000.0,10000000.0,6379000000.0,6389000000.0,0.0,267000000.0,0.0,0.035,0.425,559000000.0,826000000.0,0.378,826000000.0,559000000.0,494000000.0,0.63,0.63,0.63,13894000000.0,,13894000000.0,25340078781.0,10.0,6.907,-77000000.0,-0.157,1.0,1131000000.0,0.517,0.0,65000000.0,31810000000.0,,4754000000.0,1436000000.0,75000000.0,1361000000.0,12326000000.0,2652000000.0,9674000000.0,20603078781.0,-183000000.0,-8000000.0,1000000.0,80000000.0,-211000000.0,-105000000.0,-507000000.0,0.0,433000000.0,-4000000.0,314000000.0,314000000.0,314000000.0,0.0,42000000.0,0.144,552000000.0,579000000.0,590000000.0,0.675,1.483,12.671,12.771,18151000000.0,0.0,41.89,2.176,2.176,765000000.0,4270000000.0,2188000000.0,2188000000.0,111000000.0,,,,,19000000.0,56000000.0,1.0,491837641.0,491837641,,4.449,29451000000.0,770000000.0,180000000.0,971000000.0,59.88,2974000000.0
34,NEM,MRQ,2012-12-31,2012-12-31,2012-12-31,2021-07-22,490000000.0,29650000000.0,,5945000000.0,23705000000.0,,28.02,-816000000.0,1561000000.0,1561000000.0,1227000000.0,690000000.0,1.893,0.922,6298000000.0,10000000.0,6288000000.0,6298000000.0,0.0,281000000.0,0.0,0.03,0.35,855000000.0,1136000000.0,0.442,1136000000.0,855000000.0,796000000.0,1.35,1.34,1.35,13773000000.0,,13773000000.0,27401935973.0,9.0,6.921,26000000.0,0.053,1.0,1345000000.0,0.523,0.0,59000000.0,31246000000.0,,4478000000.0,1532000000.0,86000000.0,1446000000.0,12702000000.0,3141000000.0,9561000000.0,22826935973.0,12000000.0,-3000000.0,4000000.0,161000000.0,-174000000.0,-20000000.0,-813000000.0,-10000000.0,842000000.0,3000000.0,666000000.0,666000000.0,666000000.0,0.0,24000000.0,0.259,639000000.0,706000000.0,657000000.0,0.259,1.657,12.668,12.758,18010000000.0,0.0,46.44,2.291,2.291,860000000.0,4166000000.0,2572000000.0,2572000000.0,137000000.0,,,,,17000000.0,50000000.0,1.0,491536089.0,491536089,,5.233,29650000000.0,676000000.0,130000000.0,909000000.0,60.321,2804000000.0
35,NEM,MRQ,2012-09-30,2012-09-30,2012-09-30,2021-07-22,595000000.0,29523000000.0,,5324000000.0,24199000000.0,,27.186,-816000000.0,1549000000.0,1549000000.0,1088000000.0,447000000.0,2.071,0.974,6124000000.0,25000000.0,6099000000.0,6124000000.0,0.0,272000000.0,0.0,0.025,0.35,662000000.0,934000000.0,0.377,934000000.0,662000000.0,595000000.0,0.74,0.74,0.74,13355000000.0,,13355000000.0,31748256496.0,34.0,16.231,-242000000.0,-0.493,1.0,1392000000.0,0.561,0.0,67000000.0,31527000000.0,,4337000000.0,1486000000.0,89000000.0,1397000000.0,13007000000.0,2571000000.0,10436000000.0,27517256496.0,-348000000.0,0.0,5000000.0,-15000000.0,-174000000.0,-185000000.0,-737000000.0,90000000.0,574000000.0,0.0,367000000.0,367000000.0,367000000.0,0.0,80000000.0,0.148,660000000.0,732000000.0,612000000.0,0.473,2.06,254.789,266.738,17472000000.0,0.0,56.015,2.709,2.709,784000000.0,3667000000.0,2480000000.0,2480000000.0,189000000.0,,,,,19000000.0,51000000.0,1.0,491247996.0,491247996,,5.048,29523000000.0,1910000000.0,228000000.0,2273000000.0,60.098,2753000000.0
36,NEM,MRQ,2012-06-30,2012-06-30,2012-06-30,2021-07-22,361000000.0,28660000000.0,,5272000000.0,23388000000.0,,26.317,-882000000.0,1897000000.0,1897000000.0,1002000000.0,371000000.0,2.227,0.981,6128000000.0,40000000.0,6088000000.0,6128000000.0,0.0,248000000.0,0.0,0.028,0.35,525000000.0,773000000.0,0.347,773000000.0,525000000.0,454000000.0,0.56,0.56,0.56,12912000000.0,,12912000000.0,27338429866.0,23.0,12.309,-535000000.0,-1.09,1.0,1227000000.0,0.55,0.0,71000000.0,30524000000.0,,4180000000.0,1317000000.0,132000000.0,1185000000.0,12671000000.0,2367000000.0,10304000000.0,23800429866.0,-715000000.0,-11000000.0,13000000.0,-37000000.0,-174000000.0,-200000000.0,-859000000.0,53000000.0,347000000.0,-3000000.0,279000000.0,279000000.0,279000000.0,0.0,92000000.0,0.125,635000000.0,592000000.0,574000000.0,0.625,1.843,101.711,103.213,16936000000.0,0.0,48.51,2.284,2.284,649000000.0,3474000000.0,2229000000.0,2229000000.0,188000000.0,,,,,19000000.0,57000000.0,1.0,490629352.0,490629352,,4.543,28660000000.0,1941000000.0,175000000.0,2229000000.0,58.415,2905000000.0
37,NEM,MRQ,2012-03-31,2012-03-31,2012-03-31,2021-07-22,658000000.0,28961000000.0,,6092000000.0,22869000000.0,,26.675,-696000000.0,2612000000.0,2612000000.0,1017000000.0,603000000.0,2.37,0.986,6150000000.0,69000000.0,6081000000.0,6150000000.0,0.0,231000000.0,0.0,0.023,0.35,885000000.0,1116000000.0,0.416,1116000000.0,885000000.0,833000000.0,0.99,0.97,0.99,13075000000.0,,13075000000.0,27683005778.0,21.0,11.856,-87000000.0,-0.177,1.0,1666000000.0,0.621,0.0,52000000.0,29928000000.0,,3913000000.0,1658000000.0,179000000.0,1479000000.0,12896000000.0,2571000000.0,10325000000.0,25130005778.0,852000000.0,-11000000.0,2000000.0,1439000000.0,-173000000.0,1094000000.0,-855000000.0,-143000000.0,609000000.0,4000000.0,490000000.0,490000000.0,490000000.0,0.0,113000000.0,0.183,611000000.0,1055000000.0,497000000.0,0.354,1.922,73.48,74.304,16364000000.0,0.0,51.27,2.376,2.376,711000000.0,3369000000.0,2683000000.0,2683000000.0,190000000.0,,,,,17000000.0,54000000.0,1.0,490150298.0,490150298,,5.474,28961000000.0,1915000000.0,343000000.0,2443000000.0,59.086,3521000000.0
38,NEM,MRQ,2011-12-31,2011-12-31,2011-12-31,2021-07-22,652000000.0,26111000000.0,,5388000000.0,20723000000.0,,26.415,-1006000000.0,1760000000.0,1760000000.0,1025000000.0,-897000000.0,1.368,0.802,4313000000.0,689000000.0,3624000000.0,4313000000.0,0.0,260000000.0,0.0,0.017,0.35,-1127000000.0,-867000000.0,-0.314,-867000000.0,-1127000000.0,-1178000000.0,-2.08,-2.05,-2.08,12896000000.0,,12896000000.0,31399738343.0,24.0,13.311,-84000000.0,-0.172,1.0,1740000000.0,0.629,0.0,51000000.0,24724000000.0,,3656000000.0,1566000000.0,94000000.0,1472000000.0,10340000000.0,3940000000.0,6400000000.0,29297738343.0,-375000000.0,-8000000.0,5000000.0,26000000.0,-173000000.0,-266000000.0,-1039000000.0,3000000.0,922000000.0,8000000.0,-1028000000.0,-1028000000.0,-1028000000.0,0.0,131000000.0,-0.372,2744000000.0,-1004000000.0,561000000.0,-0.168,2.272,80.048,81.095,15881000000.0,0.0,60.01,2.829,2.829,620000000.0,3052000000.0,2765000000.0,2765000000.0,221000000.0,,,,,17000000.0,53000000.0,1.0,488214270.0,488214270,,5.663,26111000000.0,638000000.0,-150000000.0,1034000000.0,53.483,1448000000.0
39,NEM,MRQ,2011-09-30,2011-09-30,2011-09-30,2021-07-22,462000000.0,29139000000.0,,6360000000.0,22779000000.0,,28.426,-761000000.0,2135000000.0,2135000000.0,1008000000.0,675000000.0,1.421,0.897,4237000000.0,578000000.0,3659000000.0,4237000000.0,0.0,270000000.0,0.0,0.013,0.3,929000000.0,1199000000.0,0.437,1199000000.0,929000000.0,864000000.0,1.0,0.98,1.0,13860000000.0,,13860000000.0,33147825791.0,10.0,7.488,500000000.0,1.025,1.0,1736000000.0,0.633,0.0,65000000.0,26766000000.0,,3443000000.0,1348000000.0,94000000.0,1254000000.0,12435000000.0,4475000000.0,7960000000.0,30692825791.0,280000000.0,-10000000.0,27000000.0,-90000000.0,-148000000.0,-208000000.0,-748000000.0,17000000.0,1261000000.0,-25000000.0,493000000.0,493000000.0,493000000.0,0.0,182000000.0,0.18,559000000.0,1177000000.0,542000000.0,0.3,2.214,13.913,14.083,17019000000.0,0.0,62.95,3.027,3.027,571000000.0,4253000000.0,2744000000.0,2744000000.0,197000000.0,,,,,18000000.0,50000000.0,1.0,487574675.0,487574675,,5.628,29139000000.0,2054000000.0,371000000.0,2973000000.0,59.763,1885000000.0
40,NEM,MRQ,2011-06-30,2011-06-30,2011-06-30,2021-07-22,1310000000.0,28638000000.0,,5899000000.0,22739000000.0,,29.416,-618000000.0,1855000000.0,1855000000.0,917000000.0,524000000.0,1.715,0.813,4310000000.0,539000000.0,3771000000.0,4310000000.0,0.0,250000000.0,0.0,0.012,0.2,637000000.0,887000000.0,0.372,887000000.0,637000000.0,574000000.0,0.78,0.77,0.78,14328000000.0,,14328000000.0,26185052684.0,8.0,5.907,-206000000.0,-0.423,1.0,1467000000.0,0.615,0.0,63000000.0,27653000000.0,,3317000000.0,1878000000.0,203000000.0,1675000000.0,11645000000.0,3440000000.0,8205000000.0,26288052684.0,-2678000000.0,-2284000000.0,5000000.0,-167000000.0,-99000000.0,-263000000.0,-2862000000.0,52000000.0,412000000.0,35000000.0,387000000.0,387000000.0,387000000.0,0.0,137000000.0,0.162,605000000.0,862000000.0,490000000.0,0.256,1.835,11.684,11.836,16663000000.0,0.0,53.97,2.63,2.63,553000000.0,3908000000.0,2384000000.0,2384000000.0,175000000.0,,,,,25000000.0,50000000.0,1.0,487086394.0,487086394,,4.894,28638000000.0,1813000000.0,187000000.0,2919000000.0,58.794,2459000000.0
41,NEM,MRQ,2011-03-31,2011-03-31,2011-03-31,2021-07-22,1389000000.0,26854000000.0,,7884000000.0,18970000000.0,,28.962,-402000000.0,4533000000.0,4533000000.0,940000000.0,670000000.0,2.252,0.726,4430000000.0,754000000.0,3676000000.0,4430000000.0,0.0,256000000.0,0.0,0.01,0.15,884000000.0,1140000000.0,0.462,1140000000.0,884000000.0,819000000.0,1.04,1.03,1.04,14092000000.0,,14092000000.0,26941698542.0,8.0,5.972,587000000.0,1.206,1.0,1525000000.0,0.619,0.0,65000000.0,23250000000.0,,3110000000.0,1908000000.0,129000000.0,1779000000.0,10233000000.0,3501000000.0,6732000000.0,26556698542.0,477000000.0,-7000000.0,3000000.0,-31000000.0,-74000000.0,-117000000.0,-418000000.0,-12000000.0,989000000.0,23000000.0,514000000.0,514000000.0,514000000.0,0.0,156000000.0,0.209,518000000.0,1007000000.0,420000000.0,0.144,1.885,11.829,11.969,13074000000.0,0.0,54.58,2.72,2.72,552000000.0,3620000000.0,2465000000.0,2465000000.0,130000000.0,,,,,19000000.0,45000000.0,1.0,486564649.0,486564649,,5.066,26854000000.0,1634000000.0,305000000.0,2005000000.0,55.191,4383000000.0
42,NEM,MRQ,2010-12-31,2010-12-31,2010-12-31,2021-07-22,1108000000.0,25663000000.0,,7253000000.0,18410000000.0,,27.448,-430000000.0,4056000000.0,4056000000.0,876000000.0,1022000000.0,2.64,0.745,4441000000.0,259000000.0,4182000000.0,4441000000.0,0.0,248000000.0,0.0,0.008,0.15,953000000.0,1201000000.0,0.471,1201000000.0,953000000.0,884000000.0,1.65,1.61,1.65,13345000000.0,,13345000000.0,30494135768.0,9.0,6.999,415000000.0,0.854,1.0,1672000000.0,0.656,0.0,69000000.0,23301000000.0,,3032000000.0,1681000000.0,113000000.0,1568000000.0,9947000000.0,2747000000.0,7200000000.0,29867135768.0,105000000.0,-2000000.0,4000000.0,-156000000.0,-74000000.0,-331000000.0,-417000000.0,-17000000.0,845000000.0,8000000.0,812000000.0,812000000.0,812000000.0,0.0,210000000.0,0.319,503000000.0,1169000000.0,427000000.0,0.091,2.238,13.117,13.268,12907000000.0,0.0,61.43,3.131,3.131,670000000.0,3180000000.0,2548000000.0,2548000000.0,122000000.0,,,,,16000000.0,45000000.0,1.0,486197880.0,486197880,,5.241,25663000000.0,1614000000.0,72000000.0,1843000000.0,52.783,4506000000.0
43,NEM,MRQ,2010-09-30,2010-09-30,2010-09-30,2021-07-22,768000000.0,24376000000.0,,7056000000.0,17320000000.0,,25.269,-344000000.0,3951000000.0,3951000000.0,891000000.0,814000000.0,2.522,0.805,4578000000.0,289000000.0,4289000000.0,4578000000.0,0.0,242000000.0,0.0,0.007,0.15,963000000.0,1205000000.0,0.464,1205000000.0,963000000.0,897000000.0,1.09,1.07,1.09,12248000000.0,,12248000000.0,31416887535.0,9.0,7.232,510000000.0,1.052,1.0,1706000000.0,0.657,0.0,66000000.0,22205000000.0,,2786000000.0,1324000000.0,46000000.0,1278000000.0,9857000000.0,2798000000.0,7059000000.0,30443887535.0,349000000.0,-2000000.0,26000000.0,-11000000.0,-74000000.0,-114000000.0,-397000000.0,-2000000.0,854000000.0,6000000.0,537000000.0,537000000.0,537000000.0,0.0,277000000.0,0.207,468000000.0,1238000000.0,396000000.0,0.138,2.486,15.049,15.245,12532000000.0,0.0,62.81,3.201,3.201,582000000.0,2442000000.0,2597000000.0,2597000000.0,113000000.0,,,,,15000000.0,45000000.0,1.0,484698098.0,484698098,,5.358,24376000000.0,1281000000.0,360000000.0,1697000000.0,50.291,4258000000.0
44,NEM,MRQ,2010-06-30,2010-06-30,2010-06-30,2021-07-22,526000000.0,22769000000.0,,6071000000.0,16698000000.0,,23.818,-319000000.0,3602000000.0,3602000000.0,848000000.0,537000000.0,2.766,0.8,4575000000.0,295000000.0,4280000000.0,4575000000.0,0.0,231000000.0,0.0,0.006,0.1,734000000.0,965000000.0,0.448,965000000.0,734000000.0,665000000.0,0.78,0.77,0.78,11515000000.0,,11515000000.0,31058678151.0,10.0,7.786,434000000.0,0.898,1.0,1305000000.0,0.606,0.0,69000000.0,21547000000.0,,2644000000.0,1210000000.0,64000000.0,1146000000.0,9214000000.0,2195000000.0,7019000000.0,29848678151.0,238000000.0,0.0,27000000.0,-13000000.0,-49000000.0,-190000000.0,-320000000.0,-3000000.0,753000000.0,-5000000.0,382000000.0,382000000.0,382000000.0,0.0,155000000.0,0.177,458000000.0,847000000.0,366000000.0,0.128,2.592,15.928,16.162,12399000000.0,0.0,61.74,3.331,3.331,464000000.0,1979000000.0,2153000000.0,2153000000.0,110000000.0,,,,,21000000.0,43000000.0,1.0,483457696.0,483457696,,4.453,22769000000.0,1285000000.0,283000000.0,1517000000.0,47.096,3876000000.0
45,NEM,MRQ,2010-03-31,2010-03-31,2010-03-31,2021-07-22,743000000.0,22645000000.0,,5961000000.0,16684000000.0,,23.498,-309000000.0,3364000000.0,3364000000.0,869000000.0,743000000.0,2.961,0.814,4574000000.0,78000000.0,4496000000.0,4574000000.0,0.0,224000000.0,0.0,0.008,0.1,762000000.0,986000000.0,0.44,986000000.0,762000000.0,687000000.0,1.11,1.11,1.11,11350000000.0,,11350000000.0,26194694421.0,10.0,7.44,406000000.0,0.841,1.0,1373000000.0,0.612,0.0,75000000.0,21842000000.0,,2490000000.0,1305000000.0,73000000.0,1232000000.0,9240000000.0,2013000000.0,7227000000.0,24600694421.0,149000000.0,0.0,3000000.0,-250000000.0,-49000000.0,-280000000.0,-285000000.0,-3000000.0,715000000.0,-1000000.0,546000000.0,546000000.0,546000000.0,0.0,197000000.0,0.244,460000000.0,913000000.0,356000000.0,0.09,2.167,14.873,15.113,12456000000.0,0.0,50.93,2.925,2.925,601000000.0,1646000000.0,2242000000.0,2242000000.0,89000000.0,,,,,18000000.0,45000000.0,1.0,483029539.0,483029539,,4.642,22645000000.0,1259000000.0,141000000.0,1650000000.0,46.881,3948000000.0
46,NEM,MRQ,2009-12-31,2009-12-31,2009-12-31,2021-07-22,626000000.0,22299000000.0,,5822000000.0,16477000000.0,,22.279,-455000000.0,3215000000.0,3215000000.0,808000000.0,865000000.0,2.509,0.905,4809000000.0,157000000.0,4652000000.0,4809000000.0,0.0,240000000.0,0.0,0.008,0.1,948000000.0,1188000000.0,0.472,1188000000.0,948000000.0,893000000.0,1.14,1.14,1.14,10703000000.0,,10703000000.0,24628990119.0,11.0,8.07,543000000.0,1.13,1.0,1710000000.0,0.679,0.0,55000000.0,21573000000.0,,2398000000.0,1242000000.0,56000000.0,1186000000.0,9686000000.0,2320000000.0,7366000000.0,22727990119.0,193000000.0,-241000000.0,30000000.0,-130000000.0,-49000000.0,-117000000.0,-693000000.0,12000000.0,998000000.0,5000000.0,558000000.0,558000000.0,558000000.0,-14000000.0,307000000.0,0.222,496000000.0,1214000000.0,396000000.0,0.088,2.124,17.524,17.786,12370000000.0,0.0,47.31,2.95,2.95,540000000.0,1149000000.0,2518000000.0,2518000000.0,75000000.0,,,,,13000000.0,41000000.0,1.0,480405625.0,480405625,,5.241,22299000000.0,1152000000.0,335000000.0,1541000000.0,46.417,3502000000.0
47,NEM,MRQ,2009-09-30,2009-09-30,2009-09-30,2021-07-22,454000000.0,21147000000.0,,5038000000.0,16109000000.0,,20.251,-404000000.0,3022000000.0,3022000000.0,765000000.0,645000000.0,2.289,0.955,4923000000.0,225000000.0,4698000000.0,4923000000.0,0.0,199000000.0,0.0,0.009,0.1,651000000.0,850000000.0,0.415,850000000.0,651000000.0,641000000.0,0.79,0.79,0.79,9923000000.0,,9923000000.0,23604161621.0,18.0,11.548,651000000.0,1.329,1.0,1284000000.0,0.627,188000000.0,10000000.0,20659000000.0,,2244000000.0,1088000000.0,19000000.0,1069000000.0,9478000000.0,2201000000.0,7277000000.0,21117161621.0,2478000000.0,-6000000.0,1000000.0,1872000000.0,-49000000.0,1821000000.0,-416000000.0,0.0,1055000000.0,18000000.0,388000000.0,388000000.0,388000000.0,0.0,257000000.0,0.189,395000000.0,889000000.0,338000000.0,0.127,2.128,28.421,28.771,12150000000.0,0.0,44.02,3.243,3.312,394000000.0,641000000.0,2049000000.0,2049000000.0,82000000.0,,,,,14000000.0,39000000.0,1.0,479717438.0,490000000,491000000.0,4.182,20959000000.0,1188000000.0,253000000.0,1440000000.0,42.773,2837000000.0
48,NEM,MRQ,2009-06-30,2009-06-30,2009-06-30,2021-07-22,141000000.0,18111000000.0,,2457000000.0,15654000000.0,,18.904,-580000000.0,544000000.0,544000000.0,696000000.0,306000000.0,1.325,0.794,3031000000.0,221000000.0,2810000000.0,3031000000.0,0.0,176000000.0,0.0,0.01,0.1,321000000.0,497000000.0,0.31,497000000.0,321000000.0,298000000.0,0.33,0.33,0.33,9263000000.0,,9263000000.0,21096699831.0,24.0,13.087,-71000000.0,-0.145,1.0,906000000.0,0.566,188000000.0,23000000.0,18556000000.0,,2125000000.0,921000000.0,19000000.0,902000000.0,7357000000.0,1854000000.0,5503000000.0,19575699831.0,-905000000.0,-749000000.0,8000000.0,46000000.0,-49000000.0,-116000000.0,-1318000000.0,0.0,509000000.0,20000000.0,162000000.0,162000000.0,162000000.0,14000000.0,144000000.0,0.101,433000000.0,473000000.0,310000000.0,0.303,2.113,35.853,35.233,11825000000.0,0.0,40.87,3.355,3.433,512000000.0,302000000.0,1602000000.0,1602000000.0,93000000.0,,,,,16000000.0,40000000.0,1.0,478974794.0,490000000,491000000.0,3.269,17923000000.0,1314000000.0,136000000.0,1327000000.0,36.578,603000000.0
49,NEM,MRQ,2009-03-31,2009-03-31,2009-03-31,2021-07-22,-208000000.0,17025000000.0,,3351000000.0,13674000000.0,,18.583,-330000000.0,1451000000.0,1451000000.0,739000000.0,277000000.0,2.133,0.775,2972000000.0,223000000.0,2749000000.0,2972000000.0,0.0,191000000.0,0.0,0.009,0.1,326000000.0,517000000.0,0.337,517000000.0,326000000.0,294000000.0,0.4,0.4,0.4,8771000000.0,,8771000000.0,24525007293.0,30.0,15.731,55000000.0,0.117,1.0,797000000.0,0.519,188000000.0,32000000.0,16787000000.0,,2031000000.0,766000000.0,13000000.0,753000000.0,6796000000.0,1571000000.0,5225000000.0,21418007293.0,1014000000.0,-11000000.0,1239000000.0,-220000000.0,-49000000.0,982000000.0,-354000000.0,0.0,385000000.0,1000000.0,189000000.0,189000000.0,189000000.0,0.0,88000000.0,0.123,387000000.0,410000000.0,276000000.0,0.25,2.442,32.699,31.301,10194000000.0,0.0,44.76,3.735,3.684,549000000.0,189000000.0,1536000000.0,1536000000.0,72000000.0,,,,,14000000.0,39000000.0,1.0,478507759.0,472000000,473000000.0,3.254,16837000000.0,1314000000.0,105000000.0,1222000000.0,35.672,1780000000.0
50,NEM,MRQ,2008-12-31,2008-12-31,2008-12-31,2021-07-22,-253000000.0,15727000000.0,,2301000000.0,13426000000.0,,16.059,-520000000.0,435000000.0,435000000.0,727000000.0,42000000.0,1.459,0.969,3237000000.0,165000000.0,3072000000.0,3237000000.0,0.0,190000000.0,0.0,0.01,0.1,-10000000.0,180000000.0,0.136,180000000.0,-10000000.0,-47000000.0,0.01,0.02,0.01,7291000000.0,,7291000000.0,20610036001.0,19.0,11.165,-290000000.0,-0.639,1.0,598000000.0,0.451,0.0,37000000.0,16952000000.0,,1933000000.0,667000000.0,12000000.0,655000000.0,7066000000.0,1577000000.0,5489000000.0,17967036001.0,-418000000.0,0.0,2000000.0,43000000.0,-46000000.0,-89000000.0,-529000000.0,1000000.0,230000000.0,-30000000.0,4000000.0,4000000.0,4000000.0,0.0,38000000.0,0.003,590000000.0,8000000.0,411000000.0,10.0,2.464,21.621,22.24,10128000000.0,0.0,40.7,2.934,3.017,318000000.0,4000000.0,1325000000.0,1325000000.0,112000000.0,,,,,12000000.0,41000000.0,1.0,441450516.0,454000000,452000000.0,2.919,15727000000.0,1323000000.0,-51000000.0,1112000000.0,34.641,724000000.0
51,NEM,MRQ,2008-09-30,2008-09-30,2008-09-30,2021-07-22,704000000.0,16698000000.0,,2625000000.0,14073000000.0,,14.535,-457000000.0,854000000.0,854000000.0,780000000.0,222000000.0,1.694,1.083,3497000000.0,142000000.0,3355000000.0,3497000000.0,0.0,186000000.0,0.0,0.01,0.1,232000000.0,418000000.0,0.305,418000000.0,232000000.0,197000000.0,0.42,0.42,0.42,6599000000.0,,6599000000.0,19334528133.0,21.0,11.761,-258000000.0,-0.568,1.0,591000000.0,0.431,188000000.0,35000000.0,17603000000.0,,1865000000.0,1333000000.0,26000000.0,1307000000.0,7147000000.0,1550000000.0,5597000000.0,17024528133.0,-182000000.0,0.0,3000000.0,154000000.0,-45000000.0,23000000.0,-384000000.0,32000000.0,199000000.0,-20000000.0,191000000.0,191000000.0,191000000.0,0.0,31000000.0,0.139,400000000.0,191000000.0,331000000.0,0.238,2.58,32.182,32.847,10172000000.0,0.0,38.76,2.761,2.854,322000000.0,43000000.0,1371000000.0,1371000000.0,101000000.0,,,,,14000000.0,37000000.0,1.0,439229312.0,454000000,455000000.0,3.02,16510000000.0,1238000000.0,6000000.0,1238000000.0,36.366,1075000000.0
52,NEM,MRQ,2008-06-30,2008-06-30,2008-06-30,2021-07-22,1395000000.0,17243000000.0,,2847000000.0,14396000000.0,,15.524,-443000000.0,1036000000.0,1036000000.0,749000000.0,339000000.0,1.762,1.008,3346000000.0,261000000.0,3085000000.0,3346000000.0,0.0,180000000.0,0.0,0.008,0.1,264000000.0,444000000.0,0.295,444000000.0,264000000.0,229000000.0,0.6,0.59,0.6,7048000000.0,,7048000000.0,24904904933.0,20.0,13.08,-73000000.0,-0.161,1.0,754000000.0,0.502,186000000.0,35000000.0,17751000000.0,,1722000000.0,2005000000.0,72000000.0,1933000000.0,7101000000.0,1616000000.0,5485000000.0,22771904933.0,22000000.0,-7000000.0,7000000.0,202000000.0,-46000000.0,118000000.0,-474000000.0,3000000.0,370000000.0,8000000.0,271000000.0,271000000.0,271000000.0,0.0,68000000.0,0.18,443000000.0,311000000.0,321000000.0,0.167,3.231,30.982,31.805,10032000000.0,0.0,52.16,3.552,3.694,410000000.0,-154000000.0,1503000000.0,1503000000.0,97000000.0,,,,,13000000.0,37000000.0,1.0,436577932.0,454000000,456000000.0,3.311,17057000000.0,1172000000.0,-42000000.0,1429000000.0,37.57,1231000000.0
53,NEM,MRQ,2008-03-31,2008-03-31,2008-03-31,2021-07-22,937000000.0,16014000000.0,,2546000000.0,13468000000.0,,14.082,-450000000.0,1014000000.0,1014000000.0,791000000.0,557000000.0,1.795,1.039,3147000000.0,261000000.0,2886000000.0,3147000000.0,0.0,182000000.0,0.0,0.009,0.1,625000000.0,807000000.0,0.415,807000000.0,625000000.0,597000000.0,0.81,0.8,0.81,6379000000.0,,6379000000.0,21453504797.0,-20.0,-52.326,44000000.0,0.097,1.0,1152000000.0,0.593,186000000.0,28000000.0,16543000000.0,,1620000000.0,1581000000.0,59000000.0,1522000000.0,6629000000.0,1418000000.0,5211000000.0,19743504797.0,-217000000.0,-318000000.0,17000000.0,196000000.0,-45000000.0,71000000.0,-770000000.0,-3000000.0,494000000.0,-12000000.0,365000000.0,365000000.0,365000000.0,0.0,192000000.0,0.188,351000000.0,801000000.0,304000000.0,0.123,3.095,-12.355,-12.833,9744000000.0,0.0,45.3,3.193,3.318,451000000.0,-430000000.0,1943000000.0,1943000000.0,69000000.0,,,,,11000000.0,29000000.0,1.0,435838958.0,453000000,457000000.0,4.289,15828000000.0,1045000000.0,232000000.0,1140000000.0,34.94,1128000000.0
54,NEM,MRQ,2007-12-31,2007-12-31,2007-12-31,2021-07-22,957000000.0,15598000000.0,,2672000000.0,12926000000.0,,13.404,-510000000.0,1231000000.0,1231000000.0,667000000.0,112000000.0,1.781,1.082,2938000000.0,255000000.0,2683000000.0,2938000000.0,0.0,153000000.0,0.0,0.008,0.1,-178000000.0,-25000000.0,-0.019,-25000000.0,-178000000.0,-219000000.0,-0.65,-0.65,-0.65,6099000000.0,,6099000000.0,23125368738.0,-15.0,-25.638,162000000.0,0.356,1.0,682000000.0,0.506,186000000.0,41000000.0,15619000000.0,,1624000000.0,1592000000.0,61000000.0,1531000000.0,6601000000.0,1500000000.0,5101000000.0,21145368738.0,180000000.0,-1114000000.0,31000000.0,-112000000.0,-45000000.0,-269000000.0,-262000000.0,159000000.0,672000000.0,39000000.0,-298000000.0,-298000000.0,-298000000.0,-1567000000.0,410000000.0,-0.221,1463000000.0,-781000000.0,339000000.0,-0.154,3.467,-11.159,-11.654,9140000000.0,0.0,48.83,3.869,4.039,345000000.0,-801000000.0,1349000000.0,1349000000.0,62000000.0,,,,,10000000.0,38000000.0,1.0,433040523.0,455000000,455000000.0,2.965,15412000000.0,1139000000.0,79000000.0,1113000000.0,33.873,1172000000.0
55,NEM,MRQ,2007-09-30,2007-09-30,2007-09-30,2021-07-22,743000000.0,14984000000.0,,3692000000.0,11292000000.0,,13.546,-449000000.0,1053000000.0,1053000000.0,692000000.0,397000000.0,2.276,0.955,3033000000.0,288000000.0,2745000000.0,3033000000.0,0.0,167000000.0,0.0,0.009,0.1,511000000.0,678000000.0,0.42,678000000.0,511000000.0,483000000.0,0.88,0.88,0.88,6123000000.0,,6123000000.0,21081681929.0,-19.0,-52.573,107000000.0,0.237,1.0,924000000.0,0.572,1320000000.0,28000000.0,14022000000.0,,1564000000.0,1436000000.0,1085000000.0,351000000.0,5849000000.0,1622000000.0,4227000000.0,19095681929.0,385000000.0,0.0,6000000.0,334000000.0,-46000000.0,180000000.0,-357000000.0,-8000000.0,556000000.0,6000000.0,397000000.0,397000000.0,397000000.0,-66000000.0,0.0,0.246,327000000.0,597000000.0,265000000.0,0.114,3.119,-13.898,-14.714,7334000000.0,0.0,44.73,3.49,3.695,499000000.0,-512000000.0,1616000000.0,1616000000.0,63000000.0,,,,,11000000.0,37000000.0,1.0,426909947.0,452000000,453000000.0,3.575,13664000000.0,1147000000.0,86000000.0,680000000.0,30.23,2070000000.0
56,NEM,MRQ,2007-06-30,2007-06-30,2007-06-30,2021-07-22,789000000.0,13861000000.0,,3071000000.0,10790000000.0,,13.29,-350000000.0,668000000.0,668000000.0,714000000.0,-2062000000.0,2.411,0.876,2654000000.0,161000000.0,2493000000.0,2654000000.0,0.0,186000000.0,0.0,0.01,0.1,-2056000000.0,-1870000000.0,-1.466,-1870000000.0,-2056000000.0,-2081000000.0,-4.57,-4.57,-4.57,5994000000.0,,5994000000.0,17757931431.0,-14.0,-29.696,-971000000.0,-2.153,1.0,562000000.0,0.44,1320000000.0,25000000.0,13253000000.0,,1538000000.0,1500000000.0,1028000000.0,472000000.0,5251000000.0,1274000000.0,3977000000.0,16612931431.0,-118000000.0,161000000.0,5000000.0,764000000.0,-45000000.0,604000000.0,-104000000.0,5000000.0,-621000000.0,3000000.0,-2062000000.0,-2062000000.0,-2062000000.0,1661000000.0,0.0,-1.616,365000000.0,197000000.0,274000000.0,-0.022,2.772,-10.561,-11.224,7024000000.0,0.0,39.06,3.351,3.554,366000000.0,-908000000.0,1276000000.0,1276000000.0,59000000.0,,,,,12000000.0,34000000.0,1.0,425318265.0,451000000,451000000.0,2.829,12541000000.0,813000000.0,-19000000.0,474000000.0,27.807,1797000000.0
57,NEM,MRQ,2007-03-31,2007-03-31,2007-03-31,2021-07-22,582000000.0,15175000000.0,,2295000000.0,12880000000.0,,17.792,-360000000.0,786000000.0,786000000.0,753000000.0,68000000.0,1.565,0.601,1931000000.0,205000000.0,1726000000.0,1931000000.0,0.0,179000000.0,0.0,0.01,0.1,136000000.0,315000000.0,0.257,315000000.0,136000000.0,112000000.0,0.15,0.15,0.15,8024000000.0,,8024000000.0,18702589852.0,17.0,10.886,-302000000.0,-0.67,1.0,471000000.0,0.385,2986000000.0,24000000.0,11868000000.0,,1539000000.0,1360000000.0,130000000.0,1230000000.0,4825000000.0,1466000000.0,3359000000.0,17783589852.0,-380000000.0,0.0,9000000.0,-21000000.0,-45000000.0,-50000000.0,-390000000.0,-29000000.0,58000000.0,2000000.0,68000000.0,68000000.0,68000000.0,-28000000.0,0.0,0.056,324000000.0,147000000.0,291000000.0,0.667,2.216,27.359,28.959,7036000000.0,0.0,41.99,3.575,3.807,417000000.0,1199000000.0,1224000000.0,1224000000.0,55000000.0,,,,,13000000.0,33000000.0,1.0,423519644.0,451000000,452000000.0,2.714,12189000000.0,787000000.0,44000000.0,903000000.0,27.027,829000000.0
58,NEM,MRQ,2006-12-31,2006-12-31,2006-12-31,2021-07-22,673000000.0,15601000000.0,,2625000000.0,12976000000.0,,18.188,-433000000.0,1166000000.0,1166000000.0,556000000.0,223000000.0,1.538,0.627,2085000000.0,333000000.0,1752000000.0,2085000000.0,0.0,159000000.0,0.0,0.009,0.1,317000000.0,476000000.0,0.351,476000000.0,317000000.0,290000000.0,0.5,0.49,0.5,8239000000.0,,8239000000.0,20425079836.0,17.0,11.328,-4000000.0,-0.009,1.0,799000000.0,0.59,1338000000.0,27000000.0,13475000000.0,,1565000000.0,1428000000.0,109000000.0,1319000000.0,5166000000.0,1707000000.0,3459000000.0,19074079836.0,107000000.0,0.0,12000000.0,-48000000.0,-45000000.0,-105000000.0,-214000000.0,135000000.0,429000000.0,-3000000.0,223000000.0,223000000.0,223000000.0,-24000000.0,0.0,0.165,478000000.0,321000000.0,340000000.0,0.2,2.315,24.114,25.653,6544000000.0,0.0,45.15,3.907,4.162,348000000.0,1284000000.0,1355000000.0,1355000000.0,66000000.0,,,,,50000000.0,33000000.0,1.0,422460240.0,453000000,455000000.0,2.991,14263000000.0,949000000.0,67000000.0,963000000.0,31.486,918000000.0
59,NEM,MRQ,2006-09-30,2006-09-30,2006-09-30,2021-07-22,572000000.0,15121000000.0,,2593000000.0,12528000000.0,,17.867,-404000000.0,1059000000.0,1059000000.0,591000000.0,198000000.0,1.583,0.633,2410000000.0,611000000.0,1799000000.0,2410000000.0,0.0,149000000.0,0.0,0.009,0.1,332000000.0,481000000.0,0.436,481000000.0,332000000.0,304000000.0,0.44,0.44,0.44,8040000000.0,,8040000000.0,19356190079.0,18.0,11.956,-179000000.0,-0.398,1.0,511000000.0,0.464,2895000000.0,28000000.0,11939000000.0,,1503000000.0,1512000000.0,273000000.0,1239000000.0,5089000000.0,1638000000.0,3451000000.0,17994190079.0,-76000000.0,-161000000.0,9000000.0,99000000.0,-45000000.0,-147000000.0,-157000000.0,115000000.0,225000000.0,3000000.0,198000000.0,198000000.0,198000000.0,-156000000.0,0.0,0.18,275000000.0,236000000.0,251000000.0,0.227,2.238,28.562,30.319,6547000000.0,0.0,42.75,3.803,4.065,298000000.0,1106000000.0,1102000000.0,1102000000.0,63000000.0,,,,,0.0,29000000.0,1.0,420916727.0,450000000,452000000.0,2.449,12226000000.0,954000000.0,106000000.0,571000000.0,27.169,955000000.0
60,NEM,MRQ,2006-06-30,2006-06-30,2006-06-30,2021-07-22,602000000.0,14830000000.0,,2818000000.0,12012000000.0,,17.481,-333000000.0,1135000000.0,1135000000.0,628000000.0,161000000.0,1.709,0.622,2497000000.0,788000000.0,1709000000.0,2497000000.0,0.0,141000000.0,0.0,0.008,0.1,305000000.0,446000000.0,0.345,446000000.0,305000000.0,282000000.0,0.36,0.36,0.36,7849000000.0,,7849000000.0,23495623292.0,24.0,15.327,3000000.0,0.007,1.0,665000000.0,0.514,2902000000.0,23000000.0,11641000000.0,,1424000000.0,1662000000.0,354000000.0,1308000000.0,4885000000.0,1649000000.0,3236000000.0,22157623292.0,156000000.0,0.0,19000000.0,56000000.0,-45000000.0,-8000000.0,-176000000.0,175000000.0,336000000.0,4000000.0,161000000.0,161000000.0,161000000.0,-33000000.0,0.0,0.125,266000000.0,399000000.0,231000000.0,0.278,2.823,39.709,42.344,6185000000.0,0.0,52.93,4.64,4.977,353000000.0,953000000.0,1293000000.0,1293000000.0,70000000.0,,,,,0.0,37000000.0,1.0,418621260.0,449000000,452000000.0,2.88,11928000000.0,802000000.0,121000000.0,461000000.0,26.566,1169000000.0
61,NEM,MRQ,2006-03-31,2006-03-31,2006-03-31,2021-07-22,533000000.0,14425000000.0,,2709000000.0,11716000000.0,,17.174,-367000000.0,979000000.0,979000000.0,559000000.0,209000000.0,1.804,0.621,2317000000.0,612000000.0,1705000000.0,2317000000.0,0.0,140000000.0,0.0,0.008,0.1,266000000.0,406000000.0,0.359,406000000.0,266000000.0,246000000.0,0.47,0.46,0.47,7694000000.0,,7694000000.0,22775038066.0,29.0,16.661,-132000000.0,-0.295,1.0,573000000.0,0.506,2902000000.0,20000000.0,11359000000.0,,1313000000.0,1717000000.0,535000000.0,1182000000.0,4777000000.0,1502000000.0,3275000000.0,21658038066.0,-103000000.0,-187000000.0,38000000.0,-20000000.0,-45000000.0,-80000000.0,-257000000.0,298000000.0,235000000.0,-1000000.0,209000000.0,209000000.0,209000000.0,-2000000.0,0.0,0.185,245000000.0,328000000.0,232000000.0,0.213,2.815,48.452,51.89,6011000000.0,0.0,51.89,4.835,5.19,274000000.0,838000000.0,1132000000.0,1132000000.0,54000000.0,,,,,0.0,37000000.0,1.0,417383659.0,448000000,451000000.0,2.527,11523000000.0,840000000.0,37000000.0,509000000.0,25.721,1207000000.0
62,NEM,MRQ,2005-12-31,2005-12-31,2005-12-31,2021-07-22,378000000.0,13992000000.0,,3000000000.0,10992000000.0,,16.693,-320000000.0,1082000000.0,1082000000.0,572000000.0,62000000.0,2.24,0.629,2188000000.0,465000000.0,1723000000.0,2188000000.0,0.0,123000000.0,0.0,0.007,0.1,163000000.0,286000000.0,0.237,286000000.0,163000000.0,141000000.0,0.14,0.14,0.14,7445000000.0,,7445000000.0,23071070711.0,33.0,18.052,162000000.0,0.363,1.0,633000000.0,0.525,2879000000.0,22000000.0,10880000000.0,,1144000000.0,1772000000.0,817000000.0,955000000.0,4685000000.0,1339000000.0,3346000000.0,22159070711.0,-13000000.0,-61000000.0,26000000.0,-77000000.0,-45000000.0,-193000000.0,-302000000.0,-178000000.0,482000000.0,0.0,62000000.0,62000000.0,62000000.0,-75000000.0,0.0,0.051,343000000.0,290000000.0,227000000.0,0.714,2.976,68.817,74.167,5581000000.0,0.0,53.4,5.196,5.584,229000000.0,754000000.0,1205000000.0,1205000000.0,48000000.0,,,,,27000000.0,25000000.0,1.0,414963871.0,446000000,449000000.0,2.702,11113000000.0,674000000.0,79000000.0,523000000.0,24.917,1661000000.0
63,NEM,MRQ,2005-09-30,2005-09-30,2005-09-30,2021-07-22,399000000.0,13955000000.0,,3136000000.0,10819000000.0,,16.655,-388000000.0,1095000000.0,1095000000.0,588000000.0,126000000.0,2.529,0.632,2007000000.0,217000000.0,1790000000.0,2007000000.0,0.0,150000000.0,0.0,0.008,0.1,245000000.0,395000000.0,0.345,395000000.0,245000000.0,222000000.0,0.28,0.28,0.28,7428000000.0,,7428000000.0,20854062392.0,25.0,14.264,49000000.0,0.11,1.0,557000000.0,0.486,2992000000.0,23000000.0,10635000000.0,,1163000000.0,1747000000.0,952000000.0,795000000.0,4691000000.0,1240000000.0,3451000000.0,19513062392.0,354000000.0,61000000.0,11000000.0,-71000000.0,-45000000.0,-122000000.0,39000000.0,250000000.0,437000000.0,0.0,126000000.0,126000000.0,126000000.0,-1000000.0,0.0,0.11,264000000.0,293000000.0,237000000.0,0.357,2.627,43.362,46.703,5527000000.0,0.0,47.17,4.667,5.032,278000000.0,737000000.0,1145000000.0,1145000000.0,57000000.0,,,,,0.0,32000000.0,1.0,413675268.0,446000000,449000000.0,2.567,10963000000.0,633000000.0,96000000.0,519000000.0,24.581,1896000000.0
64,NEM,MRQ,2005-06-30,2005-06-30,2005-06-30,2021-07-22,195000000.0,13434000000.0,,2938000000.0,10496000000.0,,16.17,-306000000.0,741000000.0,741000000.0,550000000.0,50000000.0,2.772,0.63,2082000000.0,287000000.0,1795000000.0,2082000000.0,0.0,155000000.0,0.0,0.01,0.1,125000000.0,280000000.0,0.281,280000000.0,125000000.0,94000000.0,0.11,0.11,0.11,7212000000.0,,7212000000.0,17214025260.0,20.0,11.639,-170000000.0,-0.381,1.0,447000000.0,0.448,2992000000.0,31000000.0,10723000000.0,,1073000000.0,1637000000.0,1098000000.0,539000000.0,4544000000.0,1060000000.0,3484000000.0,16091025260.0,-316000000.0,0.0,2000000.0,-53000000.0,-44000000.0,-156000000.0,-295000000.0,11000000.0,136000000.0,-1000000.0,50000000.0,50000000.0,50000000.0,38000000.0,0.0,0.05,253000000.0,194000000.0,204000000.0,0.909,2.231,35.521,38.265,5344000000.0,0.0,39.03,3.85,4.164,293000000.0,655000000.0,997000000.0,997000000.0,50000000.0,,,,,0.0,32000000.0,1.0,412273258.0,446000000,449000000.0,2.235,10442000000.0,578000000.0,44000000.0,502000000.0,23.413,1878000000.0
65,NEM,MRQ,2005-03-31,2005-03-31,2005-03-31,2021-07-22,177000000.0,13484000000.0,,3215000000.0,10269000000.0,,16.166,-190000000.0,1059000000.0,1059000000.0,539000000.0,84000000.0,2.899,0.645,2182000000.0,292000000.0,1890000000.0,2182000000.0,47000000.0,161000000.0,0.0,0.008,0.1,158000000.0,319000000.0,0.338,319000000.0,158000000.0,137000000.0,0.19,0.19,0.19,7210000000.0,,7210000000.0,18135986271.0,22.0,12.482,-2000000.0,-0.004,1.0,406000000.0,0.43,3025000000.0,21000000.0,10473000000.0,,1045000000.0,1625000000.0,1110000000.0,515000000.0,4652000000.0,1109000000.0,3543000000.0,17321955271.0,276000000.0,0.0,4000000.0,567000000.0,-45000000.0,509000000.0,-419000000.0,-229000000.0,188000000.0,-2000000.0,84000000.0,84000000.0,84000000.0,1000000.0,0.0,0.089,259000000.0,147000000.0,216000000.0,0.526,2.402,39.368,42.677,5400000000.0,0.0,42.25,4.159,4.524,257000000.0,651000000.0,945000000.0,945000000.0,43000000.0,,,,,0.0,31000000.0,1.0,409987107.0,446000000,448000000.0,2.119,10459000000.0,693000000.0,53000000.0,491000000.0,23.451,2106000000.0
66,NEM,MRQ,2004-12-31,2004-12-31,2004-12-31,2021-07-22,147000000.0,12776000000.0,,2693000000.0,10083000000.0,,16.169,-177000000.0,781000000.0,781000000.0,514000000.0,190000000.0,2.487,0.567,1673000000.0,357000000.0,1316000000.0,1673000000.0,0.0,148000000.0,0.0,0.007,0.1,320000000.0,468000000.0,0.428,468000000.0,320000000.0,300000000.0,0.43,0.42,0.43,7163000000.0,,7163000000.0,18386375818.0,21.0,12.128,408000000.0,0.921,1.0,580000000.0,0.53,2994000000.0,20000000.0,9591000000.0,,999000000.0,1329000000.0,943000000.0,386000000.0,4063000000.0,1083000000.0,2980000000.0,18113153818.0,-8000000.0,51000000.0,78000000.0,-93000000.0,-44000000.0,-239000000.0,-359000000.0,-161000000.0,585000000.0,5000000.0,190000000.0,190000000.0,190000000.0,-80000000.0,0.0,0.174,335000000.0,245000000.0,222000000.0,0.233,2.529,40.887,44.41,5136000000.0,0.0,44.41,4.187,4.548,207000000.0,611000000.0,1094000000.0,1094000000.0,52000000.0,,,,,0.0,36000000.0,1.0,407862054.0,443000000,447000000.0,2.47,9782000000.0,667000000.0,110000000.0,460000000.0,22.081,1610000000.0
67,NEM,MRQ,2004-09-30,2004-09-30,2004-09-30,2021-07-22,85406000.0,12417581000.0,,2586151000.0,9831430000.0,,15.437,-156000000.0,1417004000.0,1417004000.0,569000000.0,129000000.0,2.431,0.575,1690226000.0,329004000.0,1361222000.0,1690226000.0,49120000.0,162000000.0,0.0,0.005,0.075,250000000.0,412000000.0,0.36,412000000.0,250000000.0,223000000.0,0.29,0.29,0.29,6838652000.0,,6838652000.0,18769254266.0,27.0,14.359,183000000.0,0.413,1.0,575000000.0,0.503,3088592000.0,27000000.0,8538498000.0,,1016792000.0,438193000.0,132650000.0,305543000.0,3931427000.0,1063713000.0,2867714000.0,18488220266.0,54000000.0,0.0,0.0,-64000000.0,-34000000.0,-121000000.0,-166000000.0,-12000000.0,339000000.0,2000000.0,129000000.0,129000000.0,129000000.0,1000000.0,0.0,0.113,247000000.0,328000000.0,207926000.0,0.259,2.703,45.486,48.957,5263960000.0,0.0,45.53,4.675,5.1,253311000.0,464962000.0,1144000000.0,1144000000.0,53000000.0,,,,,0.0,22000000.0,1.0,406066775.0,443000000,447000000.0,2.582,9328989000.0,555225000.0,94000000.0,377581000.0,21.059,1522438000.0
68,NEM,MRQ,2004-06-30,2004-06-30,2004-06-30,2021-07-22,19923000.0,12607519000.0,,2714993000.0,9892526000.0,,15.192,-186000000.0,1474825000.0,1474825000.0,535000000.0,37000000.0,2.685,0.646,1755859000.0,289793000.0,1466066000.0,1755859000.0,51244000.0,160000000.0,0.0,0.006,0.075,94000000.0,254000000.0,0.259,254000000.0,94000000.0,69000000.0,0.08,0.08,0.08,6732138000.0,,6732138000.0,15952234263.0,24.0,12.653,94000000.0,0.212,1.0,447000000.0,0.455,3088592000.0,25000000.0,8788846000.0,,1011686000.0,226153000.0,201933000.0,24220000.0,4349671000.0,1011115000.0,3338556000.0,15593087263.0,-248000000.0,0.0,-19000000.0,-17000000.0,-33000000.0,-69000000.0,-453000000.0,-267000000.0,280000000.0,-6000000.0,37000000.0,37000000.0,37000000.0,4000000.0,0.0,0.038,268000000.0,179000000.0,221874000.0,0.938,2.316,39.789,42.13,5268246000.0,0.0,38.76,4.223,4.652,188458000.0,369589000.0,982000000.0,982000000.0,47000000.0,,,,,0.0,31000000.0,1.0,402298433.0,443145000,445918000.0,2.216,9518927000.0,965980000.0,32000000.0,744835000.0,21.48,1703878000.0
69,NEM,MRQ,2004-03-31,2004-03-31,2004-03-31,2021-07-22,13201000.0,12811997000.0,,2955140000.0,9856857000.0,,15.194,-155000000.0,1548606000.0,1548606000.0,575000000.0,87000000.0,2.484,0.683,1907753000.0,380874000.0,1526879000.0,1907753000.0,53841000.0,182000000.0,0.0,0.004,0.05,200000000.0,382000000.0,0.34,382000000.0,200000000.0,174000000.0,0.2,0.2,0.2,6730895000.0,,6730895000.0,18454937760.0,24.0,13.684,198000000.0,0.447,1.0,547000000.0,0.488,4442529000.0,26000000.0,7539013000.0,,1021858000.0,293663000.0,269241000.0,24422000.0,4597602000.0,1189602000.0,3408000000.0,18678298760.0,-146000000.0,82000000.0,19000000.0,-22000000.0,-22000000.0,-46000000.0,-454000000.0,-381000000.0,353000000.0,1000000.0,87000000.0,87000000.0,87000000.0,0.0,0.0,0.078,251000000.0,296000000.0,216147000.0,0.25,2.775,41.904,43.579,3917785000.0,0.0,46.63,5.442,6.018,214982000.0,365318000.0,1122000000.0,1122000000.0,37000000.0,,,,,0.0,27000000.0,1.0,400563988.0,443000000,447000000.0,2.533,8369468000.0,948927000.0,87000000.0,734951000.0,18.893,1765538000.0
70,NEM,MRQ,2003-12-31,2003-12-31,2003-12-31,2021-07-22,22827000.0,10698154000.0,,2359045000.0,8339109000.0,,16.434,-132815000.0,1131072000.0,1131072000.0,326063000.0,153464000.0,2.8,0.422,1077499000.0,190866000.0,886633000.0,1077499000.0,53841000.0,108627000.0,0.0,0.003,0.05,150515000.0,259142000.0,0.366,259142000.0,150515000.0,132886000.0,0.36,0.36,0.36,7038417000.0,,7038417000.0,18769566118.0,24.0,14.361,70701000.0,0.165,1.0,381027000.0,0.539,3042557000.0,17629000.0,6759491000.0,,780154000.0,1191520000.0,457543000.0,733977000.0,2966701000.0,842533000.0,2124168000.0,17801268118.0,711272000.0,-211600000.0,1232152000.0,-322895000.0,-22305000.0,821225000.0,-318669000.0,2005000.0,203516000.0,5200000.0,153464000.0,153464000.0,153464000.0,0.0,0.0,0.217,227423000.0,153604000.0,163164000.0,0.139,2.529,37.398,41.905,3715457000.0,0.0,48.61,5.819,6.531,90686000.0,300784000.0,707090000.0,707090000.0,28261000.0,,,,,0.0,43344000.0,1.0,366205886.0,428271000,432177000.0,1.651,7655597000.0,449054000.0,-20578000.0,272603000.0,17.876,1516512000.0
71,NEM,MRQ,2003-09-30,2003-09-30,2003-09-30,2021-07-22,29146000.0,10155214000.0,,1325158000.0,8830056000.0,,13.7,-147084000.0,419411000.0,419411000.0,461348000.0,114434000.0,1.608,0.683,1387709000.0,181020000.0,1206689000.0,1387709000.0,53841000.0,151443000.0,0.0,0.004,0.04,214167000.0,365610000.0,0.415,365610000.0,214167000.0,195411000.0,0.28,0.28,0.28,5595689000.0,,5595689000.0,15435775314.0,22.0,12.083,138814000.0,0.34,1.0,419812000.0,0.476,4410658000.0,18756000.0,5888923000.0,,717284000.0,968323000.0,241189000.0,727134000.0,3823049000.0,823931000.0,2999118000.0,14231760314.0,144670000.0,5162000.0,29997000.0,-138745000.0,-16387000.0,-205408000.0,62680000.0,232190000.0,285898000.0,1500000.0,114434000.0,114434000.0,114434000.0,0.0,0.0,0.13,221638000.0,198174000.0,148890000.0,0.143,2.543,35.79,39.09,2378020000.0,0.0,39.09,4.569,5.126,52802000.0,169717000.0,881160000.0,881160000.0,30646000.0,,,,,0.0,28954000.0,1.0,364076754.0,408433000,411213000.0,2.157,5744556000.0,963561000.0,80977000.0,806731000.0,14.065,501227000.0
72,NEM,MRQ,2003-06-30,2003-06-30,2003-06-30,2021-07-22,-3867000.0,10151626000.0,,1058333000.0,9093293000.0,,13.415,-136380000.0,274741000.0,274741000.0,432218000.0,90847000.0,1.2,0.733,1478756000.0,184336000.0,1294420000.0,1478756000.0,53841000.0,139337000.0,0.0,0.004,0.04,202554000.0,341891000.0,0.473,341891000.0,202554000.0,179885000.0,0.23,0.22,0.23,5438598000.0,,5438598000.0,13188112314.0,24.0,11.88,-80605000.0,-0.199,1.0,290063000.0,0.402,4473723000.0,22669000.0,6000124000.0,,730016000.0,1112380000.0,126317000.0,986063000.0,3988636000.0,881794000.0,3106842000.0,11665220314.0,-105575000.0,19656000.0,23917000.0,-24573000.0,-16219000.0,-16875000.0,-153975000.0,-11195000.0,55775000.0,9500000.0,90847000.0,90847000.0,90847000.0,0.0,0.0,0.126,206340000.0,83723000.0,151042000.0,0.174,2.145,38.376,42.156,2343102000.0,0.0,32.46,3.949,4.455,44971000.0,71670000.0,722281000.0,722281000.0,30621000.0,,,,,0.0,31292000.0,1.0,359372160.0,405406000,408391000.0,1.782,5677903000.0,952124000.0,89038000.0,751408000.0,14.005,176539000.0
73,NEM,MRQ,2003-03-31,2003-03-31,2003-03-31,2021-07-22,-22997000.0,10168575000.0,,1060956000.0,9107619000.0,,12.934,-82721000.0,380316000.0,380316000.0,414371000.0,117255000.0,1.511,0.812,1903208000.0,136229000.0,1766979000.0,1903208000.0,53841000.0,130593000.0,0.0,0.005,0.04,209764000.0,340357000.0,0.455,340357000.0,209764000.0,179818000.0,0.29,0.29,0.29,5198043000.0,,5198043000.0,11121032542.0,23.0,10.842,56090000.0,0.14,1.0,334098000.0,0.446,4414370000.0,29946000.0,6574816000.0,,732041000.0,1104400000.0,13470000.0,1090930000.0,4220284000.0,702281000.0,3518003000.0,9242453542.0,-21367000.0,116782000.0,934000.0,-182787000.0,-16089000.0,-197942000.0,29964000.0,0.0,138811000.0,7800000.0,117255000.0,117255000.0,117255000.0,0.0,0.0,0.157,200599000.0,133499000.0,126879000.0,0.138,1.778,32.98,35.338,2360336000.0,0.0,26.15,3.215,3.655,27519000.0,-2958000.0,748469000.0,748469000.0,21472000.0,,,,,0.0,26410000.0,1.0,353439906.0,401890000,404219000.0,1.862,5754205000.0,902163000.0,62563000.0,685520000.0,14.318,358675000.0
74,NEM,MRQ,2002-12-31,2002-12-31,2002-12-31,2021-07-22,-64026000.0,10147396000.0,,1113256000.0,9034140000.0,,12.598,-33738000.0,401683000.0,401683000.0,442591000.0,75109000.0,1.622,0.864,2280262000.0,190321000.0,2089941000.0,2280262000.0,53841000.0,146161000.0,0.0,0.004,0.03,83489000.0,229650000.0,0.301,229650000.0,83489000.0,53244000.0,0.2,0.19,0.2,5064690000.0,,5064690000.0,12220186776.0,40.0,15.029,223033000.0,0.555,1.0,320438000.0,0.42,4439924000.0,30245000.0,6899710000.0,,698078000.0,1212771000.0,13188000.0,1199583000.0,4373590000.0,686341000.0,3687249000.0,10229193776.0,109535000.0,-7752000.0,-618000.0,-13949000.0,-12051000.0,-55461000.0,-97575000.0,-51158000.0,256771000.0,5800000.0,75109000.0,75109000.0,75109000.0,0.0,0.0,0.098,242455000.0,77983000.0,105277000.0,0.15,2.02,66.284,69.119,2287030000.0,0.0,29.03,3.901,4.107,82310000.0,-120213000.0,763029000.0,763029000.0,33175000.0,,,,,0.0,36543000.0,1.0,352366303.0,402029000,405831000.0,1.898,5707472000.0,812879000.0,-21865000.0,684921000.0,14.197,426915000.0
75,NEM,MRQ,2002-09-30,2002-09-30,2002-09-30,2021-07-22,-27185000.0,9747966000.0,,1138983000.0,8608983000.0,,12.556,-97361000.0,292148000.0,292148000.0,442367000.0,20760000.0,1.737,0.792,2283141000.0,165965000.0,2117176000.0,2283141000.0,53841000.0,133649000.0,0.0,0.004,0.03,64598000.0,198247000.0,0.275,198247000.0,64598000.0,31516000.0,0.05,0.05,0.05,5048750000.0,,5048750000.0,11478682184.0,51.0,17.315,130597000.0,0.325,1.0,277701000.0,0.386,4416182000.0,33082000.0,6666973000.0,,710568000.0,1032283000.0,15418000.0,1016865000.0,4001036000.0,655804000.0,3345232000.0,9573986184.0,6743000.0,10199000.0,5066000.0,-110801000.0,-12060000.0,-117108000.0,-98307000.0,712000.0,227958000.0,-5800000.0,20760000.0,20760000.0,20760000.0,0.0,0.0,0.029,196116000.0,81585000.0,124896000.0,0.6,1.896,98.071,88.742,2337493000.0,0.0,27.51,4.151,4.796,39041000.0,-195322000.0,720068000.0,720068000.0,25356000.0,,,,,0.0,29742000.0,1.0,348018400.0,402097000,403545000.0,1.791,5331784000.0,570398000.0,10756000.0,588391000.0,13.26,483179000.0
76,NEM,MRQ,2002-06-30,2002-06-30,2002-06-30,2021-07-22,48258000.0,9837504000.0,,1193686000.0,8643818000.0,,12.906,-88980000.0,285405000.0,285405000.0,392189000.0,68990000.0,1.809,0.791,2335101000.0,175917000.0,2159184000.0,2335101000.0,53841000.0,123602000.0,0.0,0.005,0.03,133912000.0,257514000.0,0.4,257514000.0,133912000.0,98811000.0,0.2,0.2,0.2,5138821000.0,,5138821000.0,11116233133.0,59.0,19.836,42997000.0,0.108,1.0,251464000.0,0.391,4480907000.0,35101000.0,6746374000.0,,711090000.0,1034254000.0,20950000.0,1013304000.0,4062481000.0,659919000.0,3402562000.0,8956444133.0,-226153000.0,-49953000.0,47159000.0,-397873000.0,-12079000.0,-363484000.0,-4115000.0,134818000.0,131977000.0,9469000.0,68990000.0,67121000.0,67121000.0,0.0,0.0,0.104,168251000.0,83213000.0,138098000.0,0.15,1.743,100.674,79.788,2330516000.0,1869000.0,26.33,4.462,5.222,55536000.0,-216082000.0,643653000.0,643653000.0,18788000.0,,,,,0.0,27652000.0,1.0,340161190.0,398167000,401057000.0,1.617,5356597000.0,549434000.0,29821000.0,610934000.0,13.453,533767000.0
77,NEM,MRQ,2002-03-31,2002-03-31,2002-03-31,2021-07-22,18430000.0,10117767000.0,,1516060000.0,8601707000.0,,17.59,-51830000.0,511558000.0,511558000.0,339240000.0,-6798000.0,1.474,0.919,2823966000.0,564363000.0,2259603000.0,2823966000.0,53841000.0,102186000.0,0.0,0.004,0.03,25527000.0,127713000.0,0.258,127713000.0,25527000.0,-5610000.0,-0.03,-0.03,-0.03,4950883000.0,,4950883000.0,10409129173.0,208.0,28.612,16125000.0,0.057,1.0,156164000.0,0.315,4455100000.0,31137000.0,6946457000.0,,691708000.0,1164950000.0,122763000.0,1042187000.0,4547660000.0,1028618000.0,3519042000.0,9276691173.0,362127000.0,-42794000.0,15739000.0,-24813000.0,-13792000.0,-22866000.0,312107000.0,406731000.0,67955000.0,4931000.0,-6798000.0,-8667000.0,-8667000.0,0.0,0.0,-0.017,135938000.0,20226000.0,85255000.0,-1.0,1.874,-859.271,-692.25,2317812000.0,1869000.0,27.69,5.348,4.493,51485000.0,-283203000.0,495404000.0,495404000.0,11567000.0,,,,,0.0,21315000.0,1.0,335019544.0,281467000,281467000.0,1.76,5662667000.0,528756000.0,1188000.0,629939000.0,20.118,487442000.0
78,NEM,MRQ,2001-12-31,2001-12-31,2001-12-31,2021-07-22,-9448000.0,4141688000.0,,847023000.0,3294665000.0,,7.649,-71897000.0,149431000.0,149431000.0,308933000.0,20277000.0,1.629,1.586,1426869000.0,192151000.0,1234718000.0,1426869000.0,53841000.0,79548000.0,0.0,0.006,0.03,-87000.0,79461000.0,0.178,79461000.0,-87000.0,-26810000.0,0.09,0.09,0.09,1499766000.0,,1499766000.0,4937194468.0,-630.0,16.809,74744000.0,0.381,1.0,138391000.0,0.309,176998000.0,26723000.0,4722109000.0,,569806000.0,618427000.0,75103000.0,543324000.0,2379074000.0,520019000.0,1859055000.0,3746228468.0,58915000.0,-11062000.0,2150000.0,-2348000.0,-7753000.0,-9894000.0,-77813000.0,5146000.0,146641000.0,-19000.0,20277000.0,18409000.0,18409000.0,0.0,0.0,0.041,134202000.0,4189000.0,80884000.0,0.333,2.498,-69.222,-68.25,1930249000.0,1868000.0,19.11,2.248,2.236,19088000.0,-274536000.0,447324000.0,447324000.0,12065000.0,,,,,0.0,16601000.0,1.0,196034980.0,196076000,196076000.0,2.281,3964690000.0,440468000.0,-47087000.0,173719000.0,20.22,327004000.0
79,NEM,MRQ,2001-09-30,2001-09-30,2001-09-30,2021-07-22,-14648000.0,3977256000.0,,590988000.0,3386268000.0,,7.451,-108097000.0,90516000.0,90516000.0,282452000.0,13972000.0,1.296,1.567,1281482000.0,189189000.0,1092293000.0,1281482000.0,191039000.0,65342000.0,0.0,0.005,0.03,30389000.0,95731000.0,0.227,95731000.0,30389000.0,5746000.0,0.07,0.07,0.07,1459577000.0,,1459577000.0,5823993124.0,-350.0,21.776,596000.0,0.003,1.0,138654000.0,0.329,0.0,24643000.0,4712168000.0,,476275000.0,611142000.0,69678000.0,541464000.0,2287140000.0,456054000.0,1831086000.0,4621539124.0,13770000.0,10552000.0,985000.0,881000.0,-7746000.0,-2129000.0,-97545000.0,0.0,108693000.0,4751000.0,13972000.0,12102000.0,12102000.0,0.0,0.0,0.029,97657000.0,40997000.0,72400000.0,0.429,3.166,-32.701,-33.239,2261642000.0,1870000.0,23.6,2.381,2.382,26381000.0,-311471000.0,421106000.0,421106000.0,12843000.0,,,,,0.0,13677000.0,1.0,195827929.0,195898000,194758000.0,2.15,3977256000.0,371500000.0,-8226000.0,131029000.0,20.303,134934000.0
80,NEM,MRQ,2001-06-30,2001-06-30,2001-06-30,2021-07-22,-21811000.0,3913543000.0,,558284000.0,3355259000.0,,7.329,-118738000.0,78124000.0,78124000.0,259263000.0,-30772000.0,1.24,1.582,1280578000.0,194948000.0,1085630000.0,1280578000.0,137198000.0,66742000.0,0.0,0.006,0.03,-5849000.0,60893000.0,0.164,60893000.0,-5849000.0,-29409000.0,-0.17,-0.17,-0.17,1434039000.0,,1434039000.0,4802460941.0,-69.0,20.12,-14428000.0,-0.074,1.0,111488000.0,0.301,0.0,23560000.0,4665830000.0,,489013000.0,590999000.0,58173000.0,532826000.0,2268277000.0,450167000.0,1818110000.0,3637726941.0,29567000.0,-8681000.0,4705000.0,68033000.0,-7743000.0,61723000.0,-127419000.0,0.0,104310000.0,-9047000.0,-30772000.0,-32640000.0,-32640000.0,0.0,0.0,-0.088,99963000.0,11525000.0,84340000.0,-0.176,2.537,-19.15,-19.186,2240931000.0,1868000.0,18.61,1.875,1.877,21718000.0,-333046000.0,370751000.0,370751000.0,15305000.0,,,,,0.0,14964000.0,1.0,195471625.0,195655000,196795000.0,1.895,3913543000.0,356508000.0,1363000.0,120701000.0,20.002,108117000.0
81,NEM,MRQ,2001-03-31,2001-03-31,2001-03-31,2021-07-22,-30445000.0,3819571000.0,,531364000.0,3288207000.0,,7.57,-91232000.0,48545000.0,48545000.0,267282000.0,-50121000.0,1.853,1.482,1213279000.0,48329000.0,1164950000.0,1213279000.0,137198000.0,89931000.0,0.0,0.007,0.03,-32285000.0,57646000.0,0.135,57646000.0,-32285000.0,-55439000.0,-0.27,-0.27,-0.27,1457956000.0,,1457956000.0,3756700411.0,-64.0,14.131,-81206000.0,-0.422,1.0,160243000.0,0.375,0.0,23154000.0,4697574000.0,,495942000.0,552721000.0,38626000.0,514095000.0,2160683000.0,286731000.0,1873952000.0,2711398411.0,-30379000.0,8982000.0,-324000.0,3440000.0,-7730000.0,35386000.0,-82250000.0,0.0,10026000.0,6459000.0,-50121000.0,-51990000.0,-51990000.0,0.0,0.0,-0.122,191109000.0,-30866000.0,57783000.0,-0.111,1.86,-14.804,-18.529,2193988000.0,1869000.0,16.12,1.369,1.568,23929000.0,-299595000.0,427525000.0,427525000.0,15315000.0,,,,,0.0,15911000.0,1.0,168200894.0,192607000,192607000.0,2.22,3819571000.0,368580000.0,-5318000.0,107970000.0,19.831,244633000.0
82,NEM,MRQ,2000-12-31,2000-12-31,2000-12-31,2021-07-22,-25788000.0,4024215000.0,,755282000.0,3268933000.0,,8.015,-116374000.0,119526000.0,119526000.0,467270000.0,-61326000.0,1.754,1.48,1354837000.0,80447000.0,1274390000.0,1354837000.0,0.0,62092000.0,0.0,0.007,0.03,-8917000.0,53175000.0,0.074,53175000.0,-8917000.0,-55203000.0,-0.34,-0.34,-0.34,1540720000.0,,1540720000.0,3914809252.0,178.0,11.425,79652000.0,0.414,1.0,254482000.0,0.353,0.0,46286000.0,4828802000.0,,628482000.0,566514000.0,44963000.0,521551000.0,2280337000.0,430724000.0,1849613000.0,2869507252.0,18028000.0,30372000.0,2113000.0,-77660000.0,-6916000.0,-84749000.0,-86002000.0,0.0,196026000.0,-7247000.0,-61326000.0,-68801000.0,-68801000.0,0.0,0.0,-0.095,236517000.0,17965000.0,87757000.0,-0.088,1.862,-29.526,-33.451,2060833000.0,7475000.0,17.06,1.589,1.816,29281000.0,-220417000.0,721752000.0,721752000.0,29098000.0,,,,,0.0,22921000.0,1.0,168200894.0,192218000,192218000.0,3.755,4024215000.0,353504000.0,6123000.0,151625000.0,20.936,324558000.0
83,NEM,MRQ,2000-09-30,2000-09-30,2000-09-30,2021-07-22,0.0,3464418000.0,,547933000.0,2916485000.0,,7.591,-111477000.0,48306000.0,48306000.0,256320000.0,-34660000.0,2.231,1.262,1093608000.0,28328000.0,1065280000.0,1093608000.0,137198000.0,89204000.0,0.0,0.007,0.03,-22228000.0,66976000.0,0.159,66976000.0,-22228000.0,-45212000.0,-0.19,-0.19,-0.19,1458847000.0,,1458847000.0,3874513251.0,-129.0,11.072,15483000.0,0.081,1.0,163772000.0,0.39,0.0,22984000.0,4264144000.0,,537932000.0,539870000.0,5733000.0,534137000.0,1840719000.0,245576000.0,1595143000.0,2857438251.0,7268000.0,-18214000.0,0.0,16286000.0,-6913000.0,9054000.0,-129691000.0,0.0,126960000.0,945000.0,-34660000.0,-36530000.0,-36530000.0,0.0,0.0,-0.087,191293000.0,-27521000.0,47501000.0,-0.158,1.959,-17.208,-21.795,1940990000.0,1870000.0,17.0,1.456,1.665,48000000.0,70705000.0,420092000.0,420092000.0,20699000.0,,,,,0.0,18593000.0,1.0,168084603.0,192191000,192191000.0,2.186,3464418000.0,226854000.0,-10552000.0,7380000.0,18.026,302357000.0
84,NEM,MRQ,2000-06-30,2000-06-30,2000-06-30,2021-07-22,0.0,3415994000.0,,554473000.0,2861521000.0,,7.5,-102703000.0,52163000.0,52163000.0,240934000.0,-23962000.0,2.323,1.271,1069238000.0,23681000.0,1045557000.0,1069238000.0,137198000.0,83385000.0,0.0,0.006,0.03,4657000.0,88042000.0,0.214,88042000.0,4657000.0,-18690000.0,-0.07,-0.07,-0.07,1439709000.0,,1439709000.0,4663043290.0,-116.0,14.97,16161000.0,0.084,1.0,169620000.0,0.413,0.0,23347000.0,4194382000.0,,510070000.0,516085000.0,5425000.0,510660000.0,1830375000.0,238687000.0,1591688000.0,3631184290.0,-36476000.0,3999000.0,0.0,-50290000.0,-6908000.0,-56710000.0,-98704000.0,0.0,118864000.0,74000.0,-23962000.0,-25830000.0,-25830000.0,0.0,0.0,-0.063,123963000.0,45657000.0,42380000.0,-0.429,2.522,-21.542,-26.378,1943982000.0,1868000.0,21.63,1.932,2.209,53257000.0,94432000.0,410554000.0,410554000.0,21049000.0,,,,,0.0,15470000.0,1.0,167877221.0,191955000,191955000.0,2.139,3415994000.0,216704000.0,5272000.0,14760000.0,17.796,315786000.0
85,NEM,MRQ,2000-03-31,2000-03-31,2000-03-31,2021-07-22,0.0,3437799000.0,,567312000.0,2870487000.0,,7.596,-56883000.0,90663000.0,90663000.0,261372000.0,-4595000.0,2.622,1.265,1122522000.0,22632000.0,1099890000.0,1122522000.0,137198000.0,86016000.0,0.0,0.005,0.03,31199000.0,117215000.0,0.256,117215000.0,31199000.0,6467000.0,-0.03,-0.03,-0.03,1457653000.0,,1457653000.0,4747371095.0,-257.0,15.271,35534000.0,0.185,1.0,196154000.0,0.429,0.0,24732000.0,4253278000.0,,488614000.0,525686000.0,5415000.0,520271000.0,1843276000.0,216380000.0,1626896000.0,3765199095.0,-34094000.0,-139204000.0,0.0,75033000.0,-6903000.0,67023000.0,-196087000.0,0.0,92417000.0,2553000.0,-4595000.0,-6464000.0,-6464000.0,0.0,0.0,-0.014,119676000.0,76478000.0,35423000.0,-1.0,2.583,-27.754,-31.606,1935163000.0,1869000.0,22.44,2.089,2.389,48509000.0,115856000.0,457526000.0,457526000.0,17136000.0,,,,,0.0,15326000.0,1.0,167789621.0,191897000,191897000.0,2.384,3437799000.0,212447000.0,11062000.0,22183000.0,17.915,350932000.0
86,NEM,MRQ,1999-12-31,1999-12-31,1999-12-31,2021-07-22,0.0,3383382000.0,,507753000.0,2875629000.0,,7.576,-219125000.0,55314000.0,55314000.0,381105000.0,-89756000.0,1.854,1.244,1037486000.0,23293000.0,1014193000.0,1037486000.0,137198000.0,121437000.0,0.0,0.005,0.03,-43725000.0,77712000.0,0.115,77712000.0,-43725000.0,-76771000.0,-0.49,-0.49,-0.49,1451648000.0,,1451648000.0,5187193832.0,-330.0,18.113,-1775000.0,-0.009,1.0,292927000.0,0.435,0.0,33046000.0,4091681000.0,,493820000.0,447732000.0,9414000.0,438318000.0,1805377000.0,273873000.0,1531504000.0,4106374832.0,-54825000.0,-18426000.0,-1017000.0,14758000.0,-12503000.0,-28829000.0,-237551000.0,0.0,217350000.0,-5795000.0,-89756000.0,-97231000.0,-97231000.0,0.0,0.0,-0.144,262762000.0,30165000.0,38039000.0,-0.061,2.829,-34.434,-39.516,1972348000.0,7475000.0,24.5,2.451,2.802,14253000.0,114240000.0,674032000.0,674032000.0,34003000.0,,,,,0.0,30493000.0,1.0,167607136.0,191602000,191602000.0,3.518,3383382000.0,256305000.0,12985000.0,63842000.0,17.658,233880000.0
87,NEM,MRQ,1999-09-30,1999-09-30,1999-09-30,2021-07-22,0.0,3283203000.0,,490969000.0,2792234000.0,,8.413,54835000.0,20745000.0,20745000.0,206568000.0,-39035000.0,2.543,1.246,1101564000.0,28096000.0,1073468000.0,1101564000.0,137198000.0,60703000.0,0.0,0.005,0.03,-32189000.0,28514000.0,0.084,28514000.0,-32189000.0,-46851000.0,-0.23,-0.23,-0.23,1409378000.0,,1409378000.0,5487535173.0,-10.0,-17.548,93892000.0,0.56,1.0,131271000.0,0.389,0.0,14662000.0,4170963000.0,,500043000.0,397642000.0,10683000.0,386959000.0,1756204000.0,193059000.0,1563145000.0,4335560173.0,-61148000.0,-17310000.0,0.0,-132308000.0,-5026000.0,-137730000.0,37525000.0,0.0,39057000.0,0.0,-39035000.0,-39035000.0,-39035000.0,0.0,0.0,-0.116,91613000.0,39658000.0,34707000.0,-0.13,3.076,-9.777,-50.745,1988933000.0,0.0,25.88,3.194,3.194,40286000.0,73897000.0,337839000.0,337839000.0,14310000.0,,,,,0.0,12562000.0,1.0,167525509.0,167522000,167290000.0,2.017,3283203000.0,0.0,-7816000.0,0.0,19.599,297910000.0
88,NEM,MRQ,1999-06-30,1999-06-30,1999-06-30,2021-07-22,0.0,3214961000.0,,550070000.0,2664891000.0,,8.699,-40247000.0,81893000.0,81893000.0,198090000.0,7068000.0,2.946,1.127,1233868000.0,36649000.0,1197219000.0,1233868000.0,0.0,61166000.0,0.0,0.006,0.03,26265000.0,87431000.0,0.263,87431000.0,26265000.0,9161000.0,0.04,0.04,0.04,1456382000.0,,1456382000.0,4524613151.0,-9.0,-18.387,70626000.0,0.422,1.0,134915000.0,0.405,0.0,17104000.0,4180195000.0,,453657000.0,362953000.0,11167000.0,351786000.0,1640650000.0,186741000.0,1453909000.0,3328238151.0,9847000.0,-20833000.0,0.0,-34559000.0,-5023000.0,-39875000.0,-61151000.0,0.0,110873000.0,0.0,7068000.0,7068000.0,7068000.0,0.0,0.0,0.021,90808000.0,44107000.0,30741000.0,0.75,2.285,-8.356,-82.833,1975912000.0,0.0,19.88,2.425,2.425,37098000.0,123442000.0,333005000.0,333005000.0,14428000.0,,,,,0.0,12656000.0,1.0,167416406.0,167417000,167643000.0,1.989,3214961000.0,0.0,2093000.0,0.0,19.203,363329000.0
89,NEM,MRQ,1999-03-31,1999-03-31,1999-03-31,2021-07-22,0.0,3208580000.0,,508122000.0,2700458000.0,,8.685,-37031000.0,72046000.0,72046000.0,196358000.0,9944000.0,3.071,1.136,1268421000.0,35649000.0,1232772000.0,1268421000.0,0.0,58782000.0,0.0,0.007,0.03,33938000.0,92720000.0,0.281,92720000.0,33938000.0,15565000.0,0.06,0.06,0.06,1453008000.0,,1453008000.0,4098233292.0,-8.0,-19.373,18232000.0,0.109,1.0,133834000.0,0.405,0.0,18373000.0,4239479000.0,,431220000.0,320474000.0,12043000.0,308431000.0,1650598000.0,165476000.0,1485122000.0,2928613292.0,-7040000.0,-39747000.0,0.0,19713000.0,-5020000.0,14404000.0,-76707000.0,0.0,55263000.0,0.0,9944000.0,9944000.0,9944000.0,0.0,0.0,0.03,84636000.0,49198000.0,28568000.0,0.5,2.016,-7.691,-145.833,2030576000.0,0.0,17.5,2.069,2.068,53250000.0,121675000.0,330192000.0,330192000.0,11472000.0,,,,,0.0,12619000.0,1.0,167349331.0,167297000,167303000.0,1.974,3208580000.0,0.0,5621000.0,0.0,19.179,342646000.0
90,NEM,MRQ,1998-12-31,1998-12-31,1998-12-31,2021-07-22,0.0,1534954000.0,,17576000.0,1517378000.0,,4.455,-40722000.0,5694000.0,5694000.0,200894000.0,-421430000.0,0.115,1.069,640000000.0,0.0,640000000.0,640000000.0,0.0,72531000.0,0.0,0.007,0.03,-593904000.0,-521373000.0,-1.462,-521373000.0,-593904000.0,-612635000.0,-0.38,-0.38,-0.38,741888000.0,,741888000.0,4228025409.0,-9.0,-20.488,55987000.0,0.336,1.0,155655000.0,0.437,0.0,18731000.0,2016194000.0,,8181000.0,0.0,0.0,0.0,793066000.0,153066000.0,640000000.0,3051694409.0,23712000.0,-35883000.0,0.0,17000000.0,-5020000.0,11697000.0,-84694000.0,0.0,96709000.0,0.0,-421430000.0,-421430000.0,-421430000.0,0.0,0.0,-1.182,721752000.0,-566097000.0,147281000.0,-0.079,4.113,-7.758,-91.25,1430260000.0,0.0,18.25,2.069,1.968,159000.0,111186000.0,356549000.0,356549000.0,16468000.0,,,,,0.0,11247000.0,1.0,167216132.0,166534000,166586000.0,2.141,1534954000.0,61572000.0,-191205000.0,5785000.0,9.217,-135490000.0
91,NEM,MRQ,1998-09-30,1998-09-30,1998-09-30,2021-07-22,0.0,3505263000.0,,531090000.0,2974173000.0,,10.49,-60105000.0,55374000.0,55374000.0,206522000.0,6093000.0,2.251,1.026,1231705000.0,51568000.0,1180137000.0,1231705000.0,0.0,72886000.0,0.0,0.005,0.03,22253000.0,95139000.0,0.27,95139000.0,22253000.0,2805000.0,0.04,0.04,0.04,1641885000.0,,1641885000.0,4972281378.0,34.0,29.768,46133000.0,0.295,1.0,146050000.0,0.414,0.0,19448000.0,4445607000.0,,329403000.0,11234000.0,11234000.0,0.0,1684204000.0,235987000.0,1448217000.0,3795422378.0,1240000.0,-47156000.0,0.0,663000.0,-4696000.0,-4398000.0,-100600000.0,0.0,106238000.0,0.0,6093000.0,6093000.0,6093000.0,0.0,0.0,0.017,102445000.0,43605000.0,39425000.0,0.75,2.312,56.923,56.395,2542376000.0,0.0,24.25,2.473,2.473,30207000.0,572811000.0,352572000.0,352572000.0,18915000.0,,,,,0.0,11718000.0,1.0,156512263.0,156518000,156518000.0,2.253,3505263000.0,0.0,-3288000.0,0.0,22.395,295103000.0
92,NEM,MRQ,1998-06-30,1998-06-30,1998-06-30,2021-07-22,0.0,3514120000.0,,602867000.0,2911253000.0,,10.472,-59166000.0,54134000.0,54134000.0,207635000.0,24604000.0,2.287,1.046,1230993000.0,56132000.0,1174861000.0,1230993000.0,0.0,71551000.0,0.0,0.009,0.03,50421000.0,121972000.0,0.324,121972000.0,50421000.0,30777000.0,0.16,0.16,0.16,1639030000.0,,1639030000.0,4841492775.0,24.0,21.935,56612000.0,0.362,1.0,168656000.0,0.448,0.0,19644000.0,4427375000.0,,386235000.0,11180000.0,11180000.0,0.0,1714077000.0,263604000.0,1450473000.0,3698384775.0,-10348000.0,-77475000.0,0.0,18472000.0,-4694000.0,12887000.0,-139013000.0,0.0,115778000.0,0.0,24604000.0,24604000.0,24604000.0,0.0,0.0,0.065,103332000.0,65324000.0,38973000.0,0.188,2.256,35.655,35.269,2554409000.0,0.0,23.63,2.345,2.345,24501000.0,570535000.0,376291000.0,376291000.0,16860000.0,,,,,0.0,12287000.0,1.0,156512263.0,156508000,156508000.0,2.404,3514120000.0,0.0,6173000.0,0.0,22.453,339263000.0
93,NEM,MRQ,1998-03-31,1998-03-31,1998-03-31,2021-07-22,0.0,3524150000.0,,562413000.0,2961737000.0,,10.339,-56032000.0,64482000.0,64482000.0,209807000.0,-2650000.0,1.621,1.084,1207590000.0,72729000.0,1134861000.0,1207590000.0,0.0,72099000.0,0.0,0.01,0.03,25794000.0,97893000.0,0.251,97893000.0,25794000.0,4794000.0,-0.02,-0.02,-0.02,1617812000.0,,1617812000.0,5884036031.0,74.0,64.6,-1244000.0,-0.008,1.0,179694000.0,0.461,0.0,21000000.0,4320264000.0,,339147000.0,9090000.0,9090000.0,0.0,1753426000.0,346994000.0,1406432000.0,4781786031.0,-81750000.0,-44284000.0,0.0,-35923000.0,-4695000.0,-40022000.0,-96516000.0,0.0,54788000.0,0.0,-2650000.0,-2650000.0,-2650000.0,0.0,0.0,-0.007,105588000.0,74106000.0,55868000.0,-1.5,2.956,330.279,339.556,2557033000.0,0.0,30.56,2.937,2.937,43204000.0,549530000.0,389501000.0,389501000.0,16130000.0,,,,,0.0,14472000.0,1.0,156472056.0,156480000,156480000.0,2.489,3524150000.0,0.0,7444000.0,0.0,22.521,215419000.0
94,NEM,MRQ,1997-12-31,1997-12-31,1997-12-31,2021-07-22,0.0,3613982000.0,,641370000.0,2972612000.0,,10.17,50354000.0,146232000.0,146232000.0,213498000.0,38630000.0,1.626,1.166,1248482000.0,69072000.0,1179410000.0,1248482000.0,0.0,-196881000.0,0.0,0.013,0.03,48913000.0,-147968000.0,-0.355,-147968000.0,48913000.0,29816000.0,0.25,0.25,0.25,1591087000.0,,1591087000.0,,,,-68913000.0,-0.44,1.0,203028000.0,0.487,0.0,19097000.0,4321701000.0,,513994000.0,89651000.0,12790000.0,76861000.0,1854625000.0,394531000.0,1460094000.0,4597149005.0,131171000.0,-35017000.0,-11556000.0,-112819000.0,49842000.0,242886000.0,7552000.0,0.0,-119267000.0,0.0,38630000.0,38630000.0,38630000.0,0.0,0.0,0.093,136095000.0,66933000.0,83101000.0,0.12,2.889,67.232,66.773,2598809000.0,0.0,29.38,2.824,2.82,52410000.0,523697000.0,416526000.0,416526000.0,23754000.0,,,,,0.0,15834000.0,1.0,156472056.0,156447000,156863000.0,2.662,3613982000.0,0.0,-8814000.0,0.0,23.1,246839000.0
95,NEM,MRQ,1997-09-30,1997-09-30,1997-09-30,2021-07-22,,,,,,,,-113792000.0,,,181300000.0,43142000.0,,,,,,,,70347000.0,,0.011,0.12,78473000.0,148820000.0,0.377,148820000.0,78473000.0,59444000.0,0.28,0.28,0.28,,,,,,,-9777000.0,-0.063,1.0,213468000.0,0.541,,19029000.0,,,,,,,,,,,-5989000.0,-1325000.0,11556000.0,14971000.0,-19163000.0,4455000.0,-114459000.0,0.0,104015000.0,0.0,43142000.0,43142000.0,43142000.0,0.0,0.0,0.109,112707000.0,100761000.0,,0.429,,,,,0.0,45.0,,,,,394768000.0,394768000.0,21794000.0,,,,,0.0,16189000.0,1.0,,156331000,156331000.0,2.525,,,16302000.0,,,
96,NEM,MRQ,1997-06-30,1997-06-30,1997-06-30,2021-07-22,,,,,,,,-81207000.0,,,211741000.0,-64644000.0,,,,,,,,66140000.0,,0.012,0.12,-73801000.0,-7661000.0,-0.018,-7661000.0,-73801000.0,-93453000.0,-0.42,-0.42,-0.42,,,,,,,-816000.0,-0.005,1.0,215678000.0,0.505,,19652000.0,,,,,,,,,,,-21133000.0,594000.0,0.0,-4438000.0,-18736000.0,-23679000.0,-77845000.0,0.0,80391000.0,0.0,-64644000.0,-64644000.0,-64644000.0,0.0,0.0,-0.151,277039000.0,-61361000.0,,-0.286,,,,,0.0,39.0,,,,,427419000.0,427419000.0,29300000.0,,,,,0.0,17722000.0,1.0,,156121000,156121000.0,2.738,,,-28809000.0,,,
97,NEM,MRQ,1997-03-31,1997-03-31,1997-03-31,2021-07-22,,,,,,,,-105268000.0,,,184006000.0,51249000.0,,,,,,,,60489000.0,,0.012,0.12,83959000.0,144448000.0,0.371,144448000.0,83959000.0,64670000.0,0.33,0.33,0.33,,,,,,,-172910000.0,-1.108,1.0,205273000.0,0.527,,19289000.0,,,,,,,,,,,-91760000.0,35748000.0,0.0,59492000.0,-11943000.0,48537000.0,-72655000.0,0.0,-67642000.0,0.0,51249000.0,51249000.0,51249000.0,0.0,0.0,0.132,102624000.0,102649000.0,,0.364,,,,,0.0,38.75,,,,,389279000.0,389279000.0,23572000.0,,,,,0.0,16635000.0,1.0,,156073000,156073000.0,2.494,,,13421000.0,,,
98,NEM,MRQ,1996-12-31,1996-12-31,1996-12-31,2021-07-22,0.0,3282130000.0,,600988000.0,2681142000.0,,10.045,,227053000.0,227053000.0,,,2.16,1.034,1105106000.0,65231000.0,1039875000.0,1105106000.0,0.0,,0.0,0.011,0.12,,,,,,,,,,1562752000.0,,1562752000.0,,,,,,1.0,,,0.0,,3881924000.0,,279315000.0,12724000.0,12724000.0,0.0,1615169000.0,278259000.0,1336910000.0,,,,,,,,,,,,,,,,,,,,72135000.0,,,,71.032,2391872000.0,,44.75,,6.133,29663000.0,509773000.0,,,,,,,,,,1.0,,155573000,,,3282130000.0,0.0,,0.0,21.097,322729000.0
0,NEM,MRT,2021-06-30,2021-06-30,2021-06-30,2021-07-22,-198000000.0,40677000000.0,40915000000.0,7445000000.0,33232000000.0,0.305,29.007,-1486000000.0,4583000000.0,4583000000.0,5152000000.0,2860000000.0,2.671,0.714,6157000000.0,601000000.0,5556000000.0,6157000000.0,0.0,2321000000.0,0.0,0.028,1.75,4301000000.0,6622000000.0,0.53,6622000000.0,4301000000.0,4011000000.0,3.58,3.57,3.58,23239000000.0,23008750000.0,23239000000.0,51973643884.0,12.0,7.849,3632000000.0,4.533,1.0,7336000000.0,0.587,2771000000.0,290000000.0,36693000000.0,36504500000.0,3698000000.0,3442000000.0,222000000.0,3220000000.0,16583000000.0,2787000000.0,13796000000.0,50777643884.0,780000000.0,-328000000.0,-283000000.0,-619000000.0,-1402000000.0,-2469000000.0,-1875000000.0,2000000.0,5118000000.0,6000000.0,2872000000.0,2872000000.0,2872000000.0,0.0,-12000000.0,0.23,3601000000.0,3735000000.0,503000000.0,0.489,2.185,17.68,17.704,24500000000.0,0.0,63.38,4.066,4.066,341000000.0,4242000000.0,12488000000.0,12488000000.0,341000000.0,0.07,0.125,0.118,0.344,72000000.0,261000000.0,1.0,801161942.0,801161942,,15.587,37906000000.0,328000000.0,1139000000.0,2572000000.0,47.314,4658000000.0
1,NEM,MRT,2021-03-31,2021-03-31,2021-03-31,2021-07-22,-205000000.0,41063000000.0,40717000000.0,8364000000.0,32699000000.0,0.29,28.897,-1337000000.0,5518000000.0,5518000000.0,4929000000.0,2546000000.0,2.403,0.738,6714000000.0,1151000000.0,5563000000.0,6714000000.0,0.0,2288000000.0,0.0,0.024,1.45,3828000000.0,6116000000.0,0.519,6116000000.0,3828000000.0,3528000000.0,3.2,3.19,3.2,23127000000.0,22700000000.0,23127000000.0,49290938220.0,13.0,8.059,3450000000.0,4.311,1.0,6859000000.0,0.582,2771000000.0,300000000.0,36008000000.0,36732750000.0,3607000000.0,3405000000.0,240000000.0,3165000000.0,17071000000.0,3480000000.0,13591000000.0,48234938220.0,1808000000.0,0.0,-149000000.0,-158000000.0,-1163000000.0,-1605000000.0,-1382000000.0,13000000.0,4787000000.0,8000000.0,2566000000.0,2566000000.0,2566000000.0,0.0,-20000000.0,0.218,3654000000.0,3205000000.0,446000000.0,0.453,2.086,18.798,18.834,24081000000.0,0.0,60.27,4.092,4.092,263000000.0,4120000000.0,11788000000.0,11788000000.0,304000000.0,0.063,0.113,0.104,0.325,68000000.0,269000000.0,1.0,800314223.0,800314223,,14.729,38292000000.0,332000000.0,962000000.0,2493000000.0,47.846,4884000000.0
2,NEM,MRT,2020-12-31,2020-12-31,2020-12-31,2021-07-22,-216000000.0,41369000000.0,40376000000.0,8505000000.0,32864000000.0,0.285,28.64,-146000000.0,5540000000.0,5540000000.0,5014000000.0,2791000000.0,2.524,0.76,6702000000.0,657000000.0,6045000000.0,6702000000.0,0.0,2300000000.0,0.0,0.017,1.04,3841000000.0,6141000000.0,0.534,6141000000.0,3841000000.0,3533000000.0,3.52,3.51,3.52,23008000000.0,22369750000.0,23008000000.0,49962113794.0,13.0,8.136,4736000000.0,5.895,1.0,6483000000.0,0.564,2771000000.0,308000000.0,36391000000.0,37234250000.0,3495000000.0,3487000000.0,290000000.0,3197000000.0,17490000000.0,3369000000.0,14121000000.0,48113113794.0,3299000000.0,0.0,-470000000.0,-241000000.0,-834000000.0,-1680000000.0,91000000.0,268000000.0,4882000000.0,6000000.0,2829000000.0,2829000000.0,2829000000.0,0.0,-38000000.0,0.246,3677000000.0,2806000000.0,493000000.0,0.295,2.091,17.007,17.014,24281000000.0,0.0,59.89,4.185,4.185,449000000.0,4002000000.0,11497000000.0,11497000000.0,309000000.0,0.07,0.126,0.103,0.334,72000000.0,269000000.0,1.0,803358053.0,803358053,,14.311,38598000000.0,337000000.0,704000000.0,2730000000.0,48.046,5136000000.0
3,NEM,MRT,2020-09-30,2020-09-30,2020-09-30,2021-07-22,-245000000.0,40551000000.0,40027250000.0,7660000000.0,32891000000.0,0.277,28.218,-196000000.0,4828000000.0,4828000000.0,5118000000.0,2588000000.0,2.834,0.747,6677000000.0,651000000.0,6026000000.0,6677000000.0,0.0,2298000000.0,0.0,0.012,0.78,3464000000.0,5762000000.0,0.52,5762000000.0,3464000000.0,3145000000.0,3.15,3.14,3.15,22661000000.0,21972750000.0,22661000000.0,53824861612.0,16.0,9.341,4205000000.0,5.236,1.0,5965000000.0,0.538,2771000000.0,319000000.0,36926000000.0,37988000000.0,3478000000.0,3343000000.0,313000000.0,3030000000.0,16931000000.0,2703000000.0,14228000000.0,50954861612.0,2109000000.0,0.0,-750000000.0,-868000000.0,-628000000.0,-2390000000.0,93000000.0,312000000.0,4401000000.0,5000000.0,2570000000.0,2570000000.0,2570000000.0,0.0,18000000.0,0.232,3560000000.0,2405000000.0,418000000.0,0.248,2.249,19.827,20.143,24333000000.0,0.0,63.45,4.598,4.598,324000000.0,3623000000.0,11083000000.0,11083000000.0,325000000.0,0.064,0.117,0.091,0.313,76000000.0,294000000.0,1.0,803071105.0,803071105,,13.801,37780000000.0,505000000.0,575000000.0,2713000000.0,47.044,4957000000.0
4,NEM,MRT,2020-06-30,2020-06-30,2020-06-30,2021-07-22,-247000000.0,39885000000.0,40080250000.0,6684000000.0,33201000000.0,0.265,27.416,-330000000.0,3808000000.0,3808000000.0,5241000000.0,3936000000.0,2.811,0.769,6678000000.0,650000000.0,6028000000.0,6678000000.0,0.0,2254000000.0,0.0,0.011,0.67,5058000000.0,7312000000.0,0.688,7312000000.0,5058000000.0,4737000000.0,4.77,4.75,4.77,22004000000.0,21665000000.0,22004000000.0,52581574315.0,10.0,7.191,3266000000.0,4.069,1.0,5385000000.0,0.507,2771000000.0,321000000.0,37606000000.0,38712500000.0,3422000000.0,3313000000.0,310000000.0,3003000000.0,16914000000.0,2378000000.0,14536000000.0,49551574315.0,1969000000.0,6000000.0,-800000000.0,-173000000.0,-536000000.0,-1618000000.0,-8000000.0,275000000.0,3596000000.0,-1000000.0,3909000000.0,3909000000.0,3909000000.0,0.0,27000000.0,0.368,3520000000.0,1865000000.0,473000000.0,0.14,2.252,12.676,12.943,24676000000.0,0.0,61.74,4.663,4.663,255000000.0,2989000000.0,10626000000.0,10626000000.0,369000000.0,0.098,0.18,0.131,0.476,81000000.0,310000000.0,1.0,802584618.0,802584618,,13.24,37114000000.0,530000000.0,828000000.0,2477000000.0,46.243,4306000000.0
5,NEM,MRT,2020-03-31,2020-03-31,2020-03-31,2021-07-22,-252000000.0,39699000000.0,39355750000.0,6455000000.0,33244000000.0,0.267,27.002,-417000000.0,3709000000.0,3709000000.0,5549000000.0,3589000000.0,3.307,0.776,6739000000.0,178000000.0,6561000000.0,6739000000.0,0.0,2213000000.0,0.0,0.032,1.44,4549000000.0,6762000000.0,0.643,6762000000.0,4549000000.0,4224000000.0,4.31,4.29,4.31,21806000000.0,21002500000.0,21806000000.0,41158366572.0,9.0,6.087,2814000000.0,3.484,1.0,4969000000.0,0.472,2763000000.0,325000000.0,38014000000.0,38620500000.0,3376000000.0,3065000000.0,175000000.0,2890000000.0,16919000000.0,1952000000.0,14967000000.0,36567366572.0,179000000.0,127000000.0,-800000000.0,-1332000000.0,-925000000.0,-3220000000.0,172000000.0,399000000.0,3231000000.0,-4000000.0,3540000000.0,3540000000.0,3540000000.0,0.0,49000000.0,0.337,3523000000.0,1446000000.0,509000000.0,0.334,1.677,10.33,10.506,24952000000.0,0.0,45.28,3.477,3.477,220000000.0,2846000000.0,10518000000.0,10518000000.0,418000000.0,0.09,0.169,0.118,0.432,99000000.0,319000000.0,1.0,807583184.0,807583184,,13.024,36936000000.0,517000000.0,684000000.0,2468000000.0,45.736,4503000000.0
6,NEM,MRT,2019-12-31,2019-12-31,2019-12-31,2021-07-22,-265000000.0,39974000000.0,34651000000.0,6272000000.0,33702000000.0,0.281,26.127,-1433000000.0,2243000000.0,2243000000.0,5195000000.0,2884000000.0,2.63,0.82,6734000000.0,0.0,6734000000.0,6734000000.0,0.0,1960000000.0,0.0,0.033,1.44,3938000000.0,5898000000.0,0.606,5898000000.0,3938000000.0,3637000000.0,3.82,3.81,3.82,21420000000.0,18175750000.0,21420000000.0,40371990646.0,10.0,6.845,1433000000.0,1.748,1.0,4545000000.0,0.467,2674000000.0,301000000.0,39406000000.0,34090250000.0,3310000000.0,3436000000.0,237000000.0,3199000000.0,17557000000.0,2385000000.0,15172000000.0,35621990646.0,-1140000000.0,127000000.0,-479000000.0,-1241000000.0,-889000000.0,-2777000000.0,-1226000000.0,59000000.0,2866000000.0,-3000000.0,2805000000.0,2805000000.0,2805000000.0,0.0,79000000.0,0.288,3268000000.0,1277000000.0,539000000.0,0.377,1.663,12.699,11.374,25276000000.0,0.0,43.45,3.657,3.657,373000000.0,2291000000.0,9740000000.0,9740000000.0,415000000.0,0.081,0.154,0.116,0.404,97000000.0,313000000.0,1.0,819838680.0,819838680,,11.88,37300000000.0,549000000.0,832000000.0,2569000000.0,45.497,3887000000.0
7,NEM,MRT,2019-09-30,2019-09-30,2019-09-30,2021-07-22,-265000000.0,40763000000.0,29836250000.0,5698000000.0,35065000000.0,0.296,26.138,-1249000000.0,2712000000.0,2712000000.0,4840000000.0,2338000000.0,2.182,0.853,7462000000.0,723000000.0,6739000000.0,7462000000.0,0.0,1683000000.0,0.0,0.038,1.44,3476000000.0,5159000000.0,0.585,5159000000.0,3476000000.0,3205000000.0,2.79,2.79,2.79,21430000000.0,15446250000.0,21430000000.0,36035373844.0,10.0,6.985,1152000000.0,1.405,1.0,3981000000.0,0.451,3078000000.0,271000000.0,39824000000.0,29172250000.0,3383000000.0,3452000000.0,157000000.0,3295000000.0,18279000000.0,2611000000.0,15668000000.0,31090373844.0,-328000000.0,125000000.0,-2000000.0,-598000000.0,-850000000.0,-1615000000.0,-1110000000.0,28000000.0,2401000000.0,-4000000.0,2242000000.0,2242000000.0,2242000000.0,0.0,96000000.0,0.254,2849000000.0,1132000000.0,532000000.0,0.516,1.451,13.867,13.591,26197000000.0,0.0,37.92,3.525,3.525,383000000.0,2036000000.0,8821000000.0,8821000000.0,401000000.0,0.075,0.145,0.119,0.394,95000000.0,287000000.0,1.0,819893825.0,819893825,,10.759,37685000000.0,440000000.0,963000000.0,3097000000.0,45.963,3087000000.0
8,NEM,MRT,2019-06-30,2019-06-30,2019-06-30,2021-07-22,-257000000.0,36987000000.0,24785250000.0,4638000000.0,32349000000.0,0.316,23.613,-1095000000.0,1827000000.0,1827000000.0,4443000000.0,10000000.0,1.827,0.858,6772000000.0,715000000.0,6057000000.0,6772000000.0,0.0,1434000000.0,0.0,0.037,1.44,572000000.0,2006000000.0,0.256,2006000000.0,572000000.0,327000000.0,-0.14,-0.13,-0.14,19354000000.0,12738000000.0,19354000000.0,32359300630.0,57.0,16.131,940000000.0,1.147,1.0,3391000000.0,0.433,2156000000.0,245000000.0,37238000000.0,24373750000.0,3757000000.0,3734000000.0,24000000.0,3710000000.0,16614000000.0,2538000000.0,14076000000.0,31531300630.0,-1268000000.0,20000000.0,-28000000.0,-1277000000.0,-817000000.0,-2260000000.0,-1039000000.0,23000000.0,2035000000.0,-4000000.0,-81000000.0,-81000000.0,-81000000.0,0.0,91000000.0,-0.01,2831000000.0,560000000.0,460000000.0,-10.286,1.629,-389.275,-274.786,23377000000.0,0.0,38.47,4.025,4.025,330000000.0,-25000000.0,7834000000.0,7834000000.0,355000000.0,-0.003,-0.006,0.023,0.073,92000000.0,262000000.0,1.0,819633497.0,819633497,,9.558,34831000000.0,525000000.0,408000000.0,2580000000.0,42.496,2100000000.0
9,NEM,MRT,2019-03-31,2019-03-31,2019-03-31,2021-07-22,-269000000.0,20880000000.0,20702250000.0,5397000000.0,15483000000.0,0.35,19.71,-1000000000.0,3545000000.0,3545000000.0,4042000000.0,308000000.0,2.974,0.892,4373000000.0,685000000.0,3688000000.0,4373000000.0,0.0,1226000000.0,0.0,0.016,0.56,854000000.0,2080000000.0,0.287,2080000000.0,854000000.0,642000000.0,0.44,0.44,0.44,10499000000.0,10602750000.0,10499000000.0,19917586048.0,23.0,9.576,1135000000.0,2.131,1.0,3197000000.0,0.442,0.0,212000000.0,19893000000.0,20206500000.0,3208000000.0,392000000.0,56000000.0,336000000.0,9361000000.0,1815000000.0,7546000000.0,19053586048.0,493000000.0,-140000000.0,-34000000.0,-13000000.0,-301000000.0,-419000000.0,-1216000000.0,-65000000.0,2135000000.0,-7000000.0,236000000.0,236000000.0,236000000.0,0.0,72000000.0,0.033,2434000000.0,763000000.0,287000000.0,1.273,1.815,80.736,81.295,12264000000.0,0.0,35.77,2.632,2.632,289000000.0,385000000.0,7239000000.0,7239000000.0,344000000.0,0.011,0.022,0.042,0.118,76000000.0,244000000.0,1.0,532669445.0,532669445,,13.59,20880000000.0,378000000.0,406000000.0,710000000.0,39.199,3582000000.0
10,NEM,MRT,2018-12-31,2018-12-31,2018-12-31,2021-07-22,-284000000.0,20715000000.0,20603000000.0,5277000000.0,15438000000.0,0.352,19.716,-1008000000.0,3397000000.0,3397000000.0,4093000000.0,380000000.0,2.953,0.876,4261000000.0,653000000.0,3608000000.0,4261000000.0,0.0,1215000000.0,0.0,0.016,0.56,934000000.0,2149000000.0,0.296,2149000000.0,934000000.0,727000000.0,0.64,0.64,0.64,10502000000.0,10621750000.0,10502000000.0,19578676900.0,21.0,9.111,819000000.0,1.538,1.0,3160000000.0,0.436,58000000.0,207000000.0,19734000000.0,20304750000.0,3193000000.0,319000000.0,48000000.0,271000000.0,9203000000.0,1787000000.0,7416000000.0,18456676900.0,191000000.0,-140000000.0,-98000000.0,-4000000.0,-301000000.0,-455000000.0,-1177000000.0,-21000000.0,1827000000.0,-4000000.0,341000000.0,341000000.0,341000000.0,0.0,39000000.0,0.047,2370000000.0,790000000.0,303000000.0,0.875,1.757,54.125,54.141,12258000000.0,0.0,34.65,2.545,2.545,254000000.0,383000000.0,7253000000.0,7253000000.0,350000000.0,0.017,0.032,0.046,0.129,76000000.0,244000000.0,1.0,532660228.0,532660228,,13.617,20657000000.0,401000000.0,386000000.0,683000000.0,38.781,3490000000.0
11,NEM,MRT,2018-09-30,2018-09-30,2018-09-30,2021-07-22,-150000000.0,20559000000.0,20585750000.0,4935000000.0,15624000000.0,0.347,19.867,-1072000000.0,3068000000.0,3068000000.0,4042000000.0,-152000000.0,4.696,0.843,4190000000.0,20000000.0,4170000000.0,4190000000.0,0.0,1202000000.0,0.0,0.016,0.495,907000000.0,2109000000.0,0.295,2109000000.0,907000000.0,700000000.0,-0.37,-0.38,-0.37,10597000000.0,10630000000.0,10597000000.0,17102641737.0,19.0,8.109,760000000.0,1.425,1.0,3098000000.0,0.434,0.0,207000000.0,20630000000.0,20384750000.0,3259000000.0,389000000.0,58000000.0,331000000.0,8936000000.0,1051000000.0,7885000000.0,16108641737.0,147000000.0,-138000000.0,-96000000.0,-4000000.0,-266000000.0,-472000000.0,-1212000000.0,-17000000.0,1832000000.0,-1000000.0,-203000000.0,-203000000.0,-203000000.0,0.0,51000000.0,-0.028,2385000000.0,713000000.0,293000000.0,-1.338,1.52,-79.353,-81.622,12209000000.0,0.0,30.2,2.256,2.256,272000000.0,361000000.0,7140000000.0,7140000000.0,337000000.0,-0.01,-0.019,0.044,0.127,74000000.0,247000000.0,1.0,533398733.0,533398733,,13.386,20559000000.0,600000000.0,903000000.0,657000000.0,38.543,3884000000.0
12,NEM,MRT,2018-06-30,2018-06-30,2018-06-30,2021-07-22,-162000000.0,20655000000.0,20655000000.0,4967000000.0,15688000000.0,0.353,20.269,-992000000.0,3127000000.0,3127000000.0,4100000000.0,171000000.0,4.599,0.816,4121000000.0,13000000.0,4108000000.0,4121000000.0,0.0,1231000000.0,0.0,0.011,0.43,1333000000.0,2564000000.0,0.352,2564000000.0,1333000000.0,1121000000.0,0.28,0.27,0.28,10813000000.0,10765250000.0,10813000000.0,21101772219.0,16.0,8.23,901000000.0,1.689,1.0,3193000000.0,0.438,0.0,212000000.0,20569000000.0,20419000000.0,3245000000.0,409000000.0,56000000.0,353000000.0,8822000000.0,1080000000.0,7742000000.0,20117772219.0,80000000.0,-39000000.0,-70000000.0,-387000000.0,-230000000.0,-792000000.0,-1023000000.0,5000000.0,1893000000.0,2000000.0,148000000.0,148000000.0,148000000.0,0.0,23000000.0,0.02,2042000000.0,1151000000.0,360000000.0,1.536,1.861,135.931,134.679,12351000000.0,0.0,37.71,2.759,2.759,234000000.0,592000000.0,7293000000.0,7293000000.0,341000000.0,0.007,0.014,0.065,0.183,73000000.0,246000000.0,1.0,533486402.0,533486402,,13.67,20655000000.0,537000000.0,973000000.0,660000000.0,38.717,3887000000.0
13,NEM,MRT,2018-03-31,2018-03-31,2018-03-31,2021-07-22,-169000000.0,20483000000.0,20776750000.0,4938000000.0,15545000000.0,0.361,19.823,-917000000.0,3111000000.0,3111000000.0,4134000000.0,24000000.0,4.181,0.844,4095000000.0,7000000.0,4088000000.0,4095000000.0,0.0,1262000000.0,0.0,0.009,0.34,1379000000.0,2641000000.0,0.352,2641000000.0,1379000000.0,1152000000.0,0.06,0.06,0.06,10575000000.0,10794000000.0,10575000000.0,21648862897.0,16.0,8.197,1099000000.0,2.06,1.0,3372000000.0,0.449,0.0,227000000.0,20286000000.0,20548750000.0,3194000000.0,332000000.0,59000000.0,273000000.0,8928000000.0,1181000000.0,7747000000.0,20842862897.0,202000000.0,0.0,-64000000.0,-385000000.0,-183000000.0,-795000000.0,-1024000000.0,-120000000.0,2016000000.0,5000000.0,31000000.0,31000000.0,31000000.0,0.0,-7000000.0,0.004,2068000000.0,1304000000.0,331000000.0,5.667,1.971,672.35,651.167,12311000000.0,0.0,39.07,2.777,2.777,330000000.0,380000000.0,7506000000.0,7506000000.0,334000000.0,0.001,0.003,0.067,0.184,73000000.0,241000000.0,1.0,533474863.0,533474863,,14.07,20483000000.0,500000000.0,1121000000.0,812000000.0,38.395,3757000000.0
14,NEM,MRT,2017-12-31,2017-12-31,2017-12-31,2021-07-22,-292000000.0,20646000000.0,20898250000.0,5066000000.0,15580000000.0,0.353,19.753,-866000000.0,3259000000.0,3259000000.0,4062000000.0,-109000000.0,3.624,0.866,4065000000.0,4000000.0,4061000000.0,4065000000.0,0.0,1261000000.0,0.0,0.007,0.25,1254000000.0,2515000000.0,0.341,2515000000.0,1254000000.0,1013000000.0,-0.21,-0.21,-0.21,10535000000.0,10839000000.0,10535000000.0,21091784354.0,17.0,8.386,1258000000.0,2.359,1.0,3317000000.0,0.45,0.0,241000000.0,20054000000.0,20753750000.0,3203000000.0,342000000.0,62000000.0,280000000.0,9127000000.0,1398000000.0,7729000000.0,20010784354.0,516000000.0,0.0,0.0,-384000000.0,-134000000.0,-668000000.0,-946000000.0,-95000000.0,2124000000.0,6000000.0,-114000000.0,-114000000.0,-114000000.0,0.0,5000000.0,-0.015,2058000000.0,1259000000.0,375000000.0,-1.19,1.899,-175.533,-178.667,12338000000.0,0.0,37.52,2.712,2.712,237000000.0,410000000.0,7379000000.0,7379000000.0,322000000.0,-0.005,-0.011,0.06,0.17,70000000.0,237000000.0,1.0,533336470.0,533336470,,13.836,20646000000.0,549000000.0,1127000000.0,843000000.0,38.711,3668000000.0
15,NEM,MRT,2017-09-30,2017-09-30,2017-09-30,2021-07-22,-292000000.0,20836000000.0,20994500000.0,4808000000.0,16028000000.0,0.343,20.886,-858000000.0,2969000000.0,2969000000.0,4011000000.0,-419000000.0,4.181,0.773,4050000000.0,4000000.0,4046000000.0,4050000000.0,0.0,1259000000.0,0.0,0.006,0.225,712000000.0,1971000000.0,0.274,1971000000.0,712000000.0,456000000.0,0.14,0.15,0.14,11138000000.0,10885500000.0,11138000000.0,21521014003.0,30.0,10.919,1148000000.0,2.153,1.0,3191000000.0,0.443,0.0,256000000.0,20767000000.0,21025250000.0,3202000000.0,368000000.0,76000000.0,292000000.0,8605000000.0,1150000000.0,7455000000.0,20003014003.0,909000000.0,920000000.0,0.0,-918000000.0,-120000000.0,-1108000000.0,10000000.0,-83000000.0,2006000000.0,1000000.0,82000000.0,82000000.0,82000000.0,0.0,-544000000.0,0.011,3028000000.0,163000000.0,315000000.0,1.607,1.796,243.939,267.929,12173000000.0,0.0,37.51,2.777,2.777,247000000.0,1051000000.0,7202000000.0,7202000000.0,304000000.0,0.004,0.008,0.034,0.099,69000000.0,226000000.0,1.0,533271501.0,533271501,,13.505,20836000000.0,1288000000.0,374000000.0,801000000.0,39.072,3658000000.0
16,NEM,MRT,2017-06-30,2017-06-30,2017-06-30,2021-07-22,-318000000.0,21142000000.0,21805750000.0,5098000000.0,16044000000.0,0.326,20.494,-933000000.0,3105000000.0,3105000000.0,3941000000.0,-931000000.0,3.243,0.833,4623000000.0,577000000.0,4046000000.0,4623000000.0,0.0,1266000000.0,0.0,0.005,0.175,173000000.0,1439000000.0,0.202,1439000000.0,173000000.0,-91000000.0,-0.91,-0.9,-0.91,10928000000.0,10876500000.0,10928000000.0,18973426393.0,110.0,13.185,1443000000.0,2.706,1.0,3173000000.0,0.446,0.0,264000000.0,21088000000.0,21974000000.0,3267000000.0,367000000.0,61000000.0,306000000.0,9102000000.0,1572000000.0,7530000000.0,17271426393.0,1125000000.0,920000000.0,0.0,-811000000.0,-94000000.0,-1142000000.0,-109000000.0,-96000000.0,2376000000.0,0.0,-482000000.0,-482000000.0,-482000000.0,0.0,-571000000.0,-0.068,3043000000.0,130000000.0,304000000.0,-0.192,1.58,-35.833,-35.593,12262000000.0,0.0,32.39,2.428,2.428,337000000.0,885000000.0,7114000000.0,7114000000.0,288000000.0,-0.022,-0.044,0.008,0.024,68000000.0,231000000.0,1.0,533233294.0,533233294,,13.341,21142000000.0,1245000000.0,391000000.0,741000000.0,39.649,3526000000.0
17,NEM,MRT,2017-03-31,2017-03-31,2017-03-31,2021-07-22,-322000000.0,20969000000.0,22696000000.0,4838000000.0,16131000000.0,0.304,20.249,-1033000000.0,2919000000.0,2919000000.0,3844000000.0,-1020000000.0,3.091,0.842,4621000000.0,572000000.0,4049000000.0,4621000000.0,0.0,1237000000.0,0.0,0.005,0.15,95000000.0,1332000000.0,0.193,1332000000.0,95000000.0,-171000000.0,-1.2,-1.19,-1.2,10755000000.0,11000250000.0,10755000000.0,19365698001.0,204.0,14.539,1598000000.0,3.009,1.0,3064000000.0,0.444,0.0,266000000.0,21106000000.0,23205000000.0,3255000000.0,259000000.0,51000000.0,208000000.0,9053000000.0,1565000000.0,7488000000.0,17506698001.0,1380000000.0,920000000.0,0.0,-813000000.0,-81000000.0,-1127000000.0,-121000000.0,15000000.0,2631000000.0,-3000000.0,-634000000.0,-634000000.0,-634000000.0,0.0,-563000000.0,-0.092,2996000000.0,68000000.0,305000000.0,-0.125,1.628,-27.613,-27.467,12378000000.0,0.0,32.96,2.534,2.534,285000000.0,735000000.0,6908000000.0,6908000000.0,287000000.0,-0.028,-0.058,0.004,0.014,70000000.0,235000000.0,1.0,531149818.0,531149818,,13.006,20969000000.0,1285000000.0,463000000.0,769000000.0,39.479,3273000000.0
18,NEM,MRT,2016-12-31,2016-12-31,2016-12-31,2021-07-22,-334000000.0,21031000000.0,23592000000.0,4677000000.0,16354000000.0,0.283,20.2,-1133000000.0,2756000000.0,2756000000.0,3738000000.0,-943000000.0,2.673,0.854,4615000000.0,566000000.0,4049000000.0,4615000000.0,0.0,1213000000.0,0.0,0.004,0.125,223000000.0,1436000000.0,0.215,1436000000.0,223000000.0,-50000000.0,-1.19,-1.18,-1.19,10721000000.0,11148750000.0,10721000000.0,21099655021.0,95.0,14.693,1653000000.0,3.114,1.0,2942000000.0,0.44,0.0,273000000.0,21140000000.0,24513000000.0,3244000000.0,263000000.0,56000000.0,207000000.0,9157000000.0,1750000000.0,7407000000.0,18082655021.0,897000000.0,920000000.0,0.0,-1312000000.0,-67000000.0,-1817000000.0,-74000000.0,180000000.0,2786000000.0,2000000.0,-629000000.0,-629000000.0,-629000000.0,0.0,-586000000.0,-0.094,2958000000.0,-16000000.0,320000000.0,-0.105,1.687,-28.748,-28.63,12485000000.0,0.0,34.07,2.707,2.707,343000000.0,716000000.0,6680000000.0,6680000000.0,282000000.0,-0.027,-0.056,0.009,0.033,70000000.0,233000000.0,1.0,530750074.0,530750074,,12.586,21031000000.0,1331000000.0,579000000.0,745000000.0,39.625,2927000000.0
19,NEM,MRT,2016-09-30,2016-09-30,2016-09-30,2021-07-22,-302000000.0,24081000000.0,24616750000.0,7113000000.0,16968000000.0,0.259,20.924,-1254000000.0,2099000000.0,2099000000.0,3705000000.0,-474000000.0,2.805,0.898,5116000000.0,564000000.0,4552000000.0,5116000000.0,0.0,1202000000.0,0.0,0.003,0.1,382000000.0,1584000000.0,0.249,1584000000.0,382000000.0,107000000.0,-1.03,-1.03,-1.03,11102000000.0,11306000000.0,11102000000.0,23516060380.0,62.0,14.846,1177000000.0,2.218,1.0,2669000000.0,0.419,0.0,275000000.0,24562000000.0,26031500000.0,3271000000.0,319000000.0,80000000.0,239000000.0,9972000000.0,2536000000.0,7436000000.0,20847060380.0,31000000.0,-4000000.0,0.0,-779000000.0,-55000000.0,-1310000000.0,-1091000000.0,167000000.0,2431000000.0,1000000.0,-537000000.0,-537000000.0,-537000000.0,0.0,-390000000.0,-0.084,2141000000.0,528000000.0,304000000.0,-0.097,1.878,-38.821,-38.146,13170000000.0,0.0,39.29,3.271,3.271,293000000.0,1086000000.0,6374000000.0,6374000000.0,292000000.0,-0.022,-0.047,0.015,0.06,73000000.0,239000000.0,1.0,530594563.0,530594563,,12.013,24081000000.0,1295000000.0,644000000.0,660000000.0,45.385,4577000000.0
20,NEM,MRT,2016-06-30,2016-06-30,2016-06-30,2021-07-22,-341000000.0,24703000000.0,24985000000.0,5294000000.0,19409000000.0,0.246,21.531,-1268000000.0,2902000000.0,2902000000.0,3647000000.0,124000000.0,3.893,0.903,5571000000.0,196000000.0,5375000000.0,5571000000.0,0.0,1094000000.0,0.0,0.003,0.1,940000000.0,2034000000.0,0.331,2034000000.0,940000000.0,655000000.0,0.06,0.06,0.06,11423000000.0,11416500000.0,11423000000.0,23997369004.0,26.0,11.798,1117000000.0,2.105,1.0,2496000000.0,0.406,0.0,285000000.0,26012000000.0,26703500000.0,4637000000.0,283000000.0,46000000.0,237000000.0,10320000000.0,1360000000.0,8960000000.0,20754369004.0,-403000000.0,-823000000.0,0.0,-449000000.0,-56000000.0,-880000000.0,-1907000000.0,165000000.0,2385000000.0,-1000000.0,40000000.0,40000000.0,40000000.0,0.0,-290000000.0,0.007,2089000000.0,407000000.0,348000000.0,1.667,1.817,518.859,652.0,14234000000.0,0.0,39.12,3.379,3.379,509000000.0,1458000000.0,6143000000.0,6143000000.0,284000000.0,0.002,0.004,0.035,0.153,74000000.0,235000000.0,1.0,530530905.0,530530905,,11.579,24703000000.0,1264000000.0,615000000.0,1052000000.0,46.563,3934000000.0
21,NEM,MRT,2016-03-31,2016-03-31,2016-03-31,2021-07-22,-386000000.0,24553000000.0,25299500000.0,4780000000.0,19773000000.0,0.252,21.447,-1307000000.0,2461000000.0,2461000000.0,3772000000.0,210000000.0,3.278,0.908,5704000000.0,335000000.0,5369000000.0,5704000000.0,0.0,1089000000.0,0.0,0.004,0.1,919000000.0,2008000000.0,0.315,2008000000.0,919000000.0,618000000.0,0.16,0.16,0.16,11349000000.0,11378500000.0,11349000000.0,17519112909.0,19.0,8.725,739000000.0,1.397,1.0,2610000000.0,0.409,0.0,301000000.0,26338000000.0,26870500000.0,4595000000.0,267000000.0,27000000.0,240000000.0,10300000000.0,1458000000.0,8842000000.0,14065112909.0,-134000000.0,-823000000.0,675000000.0,-523000000.0,-53000000.0,-244000000.0,-1938000000.0,167000000.0,2046000000.0,2000000.0,89000000.0,89000000.0,89000000.0,0.0,-198000000.0,0.014,2106000000.0,504000000.0,367000000.0,0.625,1.239,158.035,166.125,14284000000.0,0.0,26.58,2.204,2.204,495000000.0,1449000000.0,6382000000.0,6382000000.0,283000000.0,0.004,0.008,0.034,0.144,73000000.0,241000000.0,1.0,529161509.0,529161509,,12.061,24553000000.0,1533000000.0,529000000.0,940000000.0,46.4,3322000000.0
22,NEM,MRT,2015-12-31,2015-12-31,2015-12-31,2021-07-22,-334000000.0,25130000000.0,25561750000.0,4983000000.0,20147000000.0,0.238,21.451,-1311000000.0,2363000000.0,2363000000.0,3578000000.0,304000000.0,3.519,0.955,5863000000.0,9000000.0,5854000000.0,5863000000.0,0.0,1102000000.0,0.0,0.006,0.1,908000000.0,2010000000.0,0.33,2010000000.0,908000000.0,611000000.0,0.43,0.43,0.43,11350000000.0,11156750000.0,11350000000.0,12905823897.0,14.0,6.421,834000000.0,1.576,1.0,2507000000.0,0.412,0.0,297000000.0,27214000000.0,26941500000.0,3239000000.0,421000000.0,19000000.0,402000000.0,10838000000.0,1416000000.0,9422000000.0,9518823897.0,382000000.0,-823000000.0,675000000.0,-229000000.0,-52000000.0,302000000.0,-2041000000.0,12000000.0,2145000000.0,-24000000.0,220000000.0,220000000.0,220000000.0,0.0,-140000000.0,0.036,2050000000.0,457000000.0,315000000.0,0.233,0.839,43.267,41.837,13210000000.0,0.0,17.99,1.564,1.564,215000000.0,1410000000.0,6085000000.0,6085000000.0,282000000.0,0.009,0.02,0.034,0.149,77000000.0,241000000.0,1.0,529117504.0,529117504,,11.5,25130000000.0,1712000000.0,391000000.0,576000000.0,47.494,3567000000.0
23,NEM,MRT,2015-09-30,2015-09-30,2015-09-30,2021-07-22,-389000000.0,25554000000.0,25508250000.0,5195000000.0,20359000000.0,0.274,21.82,-1163000000.0,2964000000.0,2964000000.0,3570000000.0,723000000.0,3.072,0.952,6351000000.0,266000000.0,6085000000.0,6351000000.0,0.0,958000000.0,0.0,0.006,0.1,1416000000.0,2374000000.0,0.34,2374000000.0,1416000000.0,1121000000.0,0.96,0.96,0.96,11544000000.0,10887750000.0,11544000000.0,11576908467.0,8.0,4.877,1269000000.0,2.399,1.0,3414000000.0,0.489,0.0,295000000.0,27250000000.0,26878250000.0,4562000000.0,403000000.0,25000000.0,378000000.0,10985000000.0,1691000000.0,9294000000.0,8501908467.0,1187000000.0,-819000000.0,675000000.0,-329000000.0,-50000000.0,349000000.0,-1567000000.0,3000000.0,2432000000.0,-27000000.0,489000000.0,489000000.0,489000000.0,0.0,234000000.0,0.07,1759000000.0,1655000000.0,435000000.0,0.104,0.736,17.386,16.74,14335000000.0,0.0,16.07,1.217,1.217,349000000.0,1678000000.0,6984000000.0,6984000000.0,290000000.0,0.019,0.045,0.053,0.203,67000000.0,284000000.0,1.0,529054665.0,529054665,,13.201,25554000000.0,1897000000.0,632000000.0,882000000.0,48.301,3504000000.0
24,NEM,MRT,2015-06-30,2015-06-30,2015-06-30,2021-07-22,-440000000.0,25961000000.0,25400000000.0,6556000000.0,19405000000.0,0.282,22.549,-1157000000.0,3308000000.0,3308000000.0,3830000000.0,513000000.0,2.783,1.037,6383000000.0,243000000.0,6140000000.0,6383000000.0,0.0,1049000000.0,0.0,0.004,0.1,1317000000.0,2366000000.0,0.33,2366000000.0,1317000000.0,1007000000.0,0.97,0.97,0.97,11271000000.0,10597000000.0,11271000000.0,15530420594.0,12.0,6.564,789000000.0,1.578,1.0,3340000000.0,0.466,0.0,310000000.0,26680000000.0,26967000000.0,4362000000.0,282000000.0,33000000.0,249000000.0,11693000000.0,2356000000.0,9337000000.0,11676420594.0,1656000000.0,0.0,675000000.0,-381000000.0,-48000000.0,362000000.0,-618000000.0,4000000.0,1946000000.0,-34000000.0,483000000.0,483000000.0,483000000.0,0.0,30000000.0,0.067,1820000000.0,1520000000.0,397000000.0,0.103,1.036,24.175,24.082,13646000000.0,0.0,23.36,1.629,1.629,555000000.0,1474000000.0,7170000000.0,7170000000.0,305000000.0,0.019,0.046,0.049,0.184,64000000.0,270000000.0,1.0,499846772.0,499846772,,14.344,25961000000.0,1989000000.0,524000000.0,917000000.0,51.938,4200000000.0
25,NEM,MRT,2015-03-31,2015-03-31,2015-03-31,2021-07-22,-492000000.0,25602000000.0,25153750000.0,6151000000.0,19451000000.0,0.279,20.972,-1089000000.0,2598000000.0,2598000000.0,3863000000.0,510000000.0,2.17,1.17,6452000000.0,231000000.0,6221000000.0,6452000000.0,0.0,1079000000.0,0.0,0.005,0.1,1232000000.0,2311000000.0,0.329,2311000000.0,1232000000.0,910000000.0,1.19,1.19,1.19,10462000000.0,10337000000.0,10462000000.0,15073186990.0,12.0,6.522,794000000.0,1.592,1.0,3164000000.0,0.45,0.0,322000000.0,26622000000.0,27261000000.0,4242000000.0,311000000.0,39000000.0,272000000.0,12239000000.0,2834000000.0,9405000000.0,10830186990.0,1124000000.0,0.0,0.0,-295000000.0,-49000000.0,-181000000.0,-543000000.0,4000000.0,1883000000.0,-35000000.0,591000000.0,591000000.0,591000000.0,0.0,-81000000.0,0.084,1864000000.0,1300000000.0,376000000.0,0.084,1.035,18.325,18.244,13612000000.0,0.0,21.71,1.541,1.541,416000000.0,1413000000.0,7027000000.0,7027000000.0,307000000.0,0.023,0.057,0.045,0.175,58000000.0,250000000.0,1.0,498857070.0,498857070,,14.086,25602000000.0,2051000000.0,319000000.0,871000000.0,51.321,3317000000.0
26,NEM,MRT,2014-12-31,2014-12-31,2014-12-31,2021-07-22,-478000000.0,24916000000.0,24952750000.0,5439000000.0,19477000000.0,0.273,20.598,-1040000000.0,2403000000.0,2403000000.0,3919000000.0,329000000.0,2.475,1.151,6646000000.0,166000000.0,6480000000.0,6646000000.0,0.0,1088000000.0,0.0,0.012,0.225,1042000000.0,2130000000.0,0.312,2130000000.0,1042000000.0,712000000.0,1.02,1.02,1.02,10274000000.0,10226250000.0,10274000000.0,14422237615.0,14.0,6.771,398000000.0,0.798,1.0,2900000000.0,0.425,0.0,330000000.0,26961000000.0,27405500000.0,4186000000.0,407000000.0,73000000.0,334000000.0,11827000000.0,2198000000.0,9629000000.0,9427237615.0,849000000.0,-28000000.0,0.0,-87000000.0,-114000000.0,-65000000.0,-507000000.0,-1000000.0,1438000000.0,-17000000.0,508000000.0,508000000.0,508000000.0,0.0,-179000000.0,0.074,1907000000.0,993000000.0,406000000.0,0.221,0.918,18.558,18.529,13650000000.0,0.0,18.9,1.382,1.382,476000000.0,1242000000.0,6819000000.0,6819000000.0,322000000.0,0.02,0.05,0.038,0.153,51000000.0,237000000.0,1.0,498795641.0,498795641,,13.671,24916000000.0,2030000000.0,204000000.0,730000000.0,49.952,3241000000.0
27,NEM,MRT,2014-09-30,2014-09-30,2014-09-30,2021-07-22,-310000000.0,25121000000.0,24875500000.0,5488000000.0,19633000000.0,0.3,20.814,-1138000000.0,1778000000.0,1778000000.0,4810000000.0,-1004000000.0,2.186,1.158,6773000000.0,143000000.0,6630000000.0,6773000000.0,0.0,1303000000.0,0.0,0.017,0.4,-1157000000.0,146000000.0,0.02,146000000.0,-1157000000.0,-1525000000.0,-1.39,-1.39,-1.39,10381000000.0,10156000000.0,10381000000.0,16628393336.0,-14.0,113.893,123000000.0,0.247,1.0,2653000000.0,0.355,0.0,368000000.0,27605000000.0,27428250000.0,4293000000.0,405000000.0,82000000.0,323000000.0,12022000000.0,2511000000.0,9511000000.0,11496393336.0,303000000.0,-28000000.0,0.0,201000000.0,-203000000.0,27000000.0,-968000000.0,26000000.0,1261000000.0,-17000000.0,-694000000.0,-694000000.0,-694000000.0,0.0,-310000000.0,-0.093,4226000000.0,-1573000000.0,440000000.0,-0.288,1.107,-16.565,-16.583,13901000000.0,0.0,23.05,1.54,1.54,391000000.0,1239000000.0,7463000000.0,7463000000.0,348000000.0,-0.028,-0.068,-0.042,-0.155,51000000.0,183000000.0,1.0,498758930.0,498758930,,14.963,25121000000.0,2083000000.0,-831000000.0,764000000.0,50.367,2977000000.0
28,NEM,MRT,2014-06-30,2014-06-30,2014-06-30,2021-07-22,-242000000.0,24976000000.0,25295000000.0,5354000000.0,19622000000.0,0.306,20.522,-1269000000.0,1653000000.0,1653000000.0,4703000000.0,-685000000.0,2.377,1.162,6785000000.0,112000000.0,6673000000.0,6785000000.0,0.0,1284000000.0,0.0,0.025,0.625,-777000000.0,507000000.0,0.066,507000000.0,-777000000.0,-1132000000.0,-1.02,-1.02,-1.02,10231000000.0,10444000000.0,10231000000.0,17968583866.0,-23.0,35.441,108000000.0,0.217,1.0,3034000000.0,0.392,0.0,355000000.0,27856000000.0,27677500000.0,4411000000.0,431000000.0,84000000.0,347000000.0,11885000000.0,2252000000.0,9633000000.0,12682583866.0,405000000.0,-28000000.0,0.0,-52000000.0,-314000000.0,-326000000.0,-636000000.0,612000000.0,1377000000.0,-10000000.0,-509000000.0,-509000000.0,-509000000.0,0.0,-176000000.0,-0.066,4281000000.0,-1247000000.0,435000000.0,-0.613,1.24,-24.917,-24.941,14043000000.0,0.0,25.44,1.639,1.639,446000000.0,1039000000.0,7737000000.0,7737000000.0,395000000.0,-0.02,-0.049,-0.028,-0.1,53000000.0,186000000.0,1.0,498529240.0,498529240,,15.52,24976000000.0,1898000000.0,-623000000.0,782000000.0,50.099,3102000000.0
29,NEM,MRT,2014-03-31,2014-03-31,2014-03-31,2021-07-22,-205000000.0,24798000000.0,25670000000.0,5247000000.0,19551000000.0,0.311,20.312,-1625000000.0,1475000000.0,1475000000.0,5325000000.0,-3103000000.0,1.819,1.189,6761000000.0,615000000.0,6146000000.0,6761000000.0,0.0,1393000000.0,0.0,0.041,0.95,-3274000000.0,-1881000000.0,-0.235,-1881000000.0,-3274000000.0,-3605000000.0,-5.52,-5.52,-5.52,10019000000.0,10692750000.0,10019000000.0,16746664980.0,-5.0,-8.903,-335000000.0,-0.679,1.0,2665000000.0,0.334,0.0,331000000.0,27200000000.0,28164500000.0,4297000000.0,476000000.0,83000000.0,393000000.0,11917000000.0,2884000000.0,9033000000.0,11561664980.0,97000000.0,-33000000.0,1000000.0,311000000.0,-476000000.0,-187000000.0,-984000000.0,612000000.0,1290000000.0,-22000000.0,-2748000000.0,-2748000000.0,-2748000000.0,0.0,-355000000.0,-0.344,6706000000.0,-4041000000.0,463000000.0,-0.172,1.154,-4.207,-4.246,14138000000.0,0.0,23.44,1.447,1.447,525000000.0,968000000.0,7990000000.0,7990000000.0,434000000.0,-0.107,-0.257,-0.116,-0.41,58000000.0,192000000.0,1.0,493245093.0,493245093,,16.199,24798000000.0,1655000000.0,-857000000.0,723000000.0,50.275,2363000000.0
30,NEM,MRT,2013-12-31,2013-12-31,2013-12-31,2021-07-22,-182000000.0,24607000000.0,26833250000.0,4889000000.0,19718000000.0,0.314,20.267,-1900000000.0,1555000000.0,1555000000.0,5299000000.0,-2795000000.0,1.784,1.171,6740000000.0,595000000.0,6145000000.0,6740000000.0,0.0,1362000000.0,0.0,0.053,1.225,-2986000000.0,-1624000000.0,-0.193,-1624000000.0,-2986000000.0,-3289000000.0,-5.09,-5.09,-5.09,9993000000.0,11661500000.0,9993000000.0,16416150958.0,-5.0,-10.108,-357000000.0,-0.724,1.0,3115000000.0,0.37,0.0,303000000.0,27052000000.0,29317000000.0,4202000000.0,517000000.0,78000000.0,439000000.0,11698000000.0,2740000000.0,8958000000.0,11355150958.0,-6000000.0,-13000000.0,2000000.0,388000000.0,-610000000.0,-212000000.0,-1313000000.0,588000000.0,1543000000.0,-24000000.0,-2534000000.0,-2534000000.0,-2534000000.0,0.0,-261000000.0,-0.301,6767000000.0,-3652000000.0,478000000.0,-0.241,1.136,-4.481,-4.525,14277000000.0,0.0,23.03,1.35,1.35,482000000.0,848000000.0,8414000000.0,8414000000.0,469000000.0,-0.094,-0.217,-0.102,-0.355,64000000.0,203000000.0,1.0,493059095.0,493059095,,17.065,24607000000.0,1724000000.0,-755000000.0,648000000.0,49.907,2149000000.0
31,NEM,MRT,2013-09-30,2013-09-30,2013-09-30,2021-07-22,-56000000.0,26799000000.0,28094000000.0,5221000000.0,21578000000.0,0.313,23.402,-2344000000.0,1475000000.0,1475000000.0,5044000000.0,-833000000.0,1.603,1.063,6536000000.0,587000000.0,5949000000.0,6536000000.0,0.0,1262000000.0,0.0,0.049,1.375,-227000000.0,1035000000.0,0.118,1035000000.0,-227000000.0,-497000000.0,-1.36,-1.37,-1.36,11533000000.0,12606500000.0,11533000000.0,19374324783.0,-85.0,18.719,-341000000.0,-0.692,1.0,3754000000.0,0.427,0.0,270000000.0,28602000000.0,30365500000.0,4438000000.0,631000000.0,91000000.0,540000000.0,12257000000.0,3258000000.0,8999000000.0,13848324783.0,-74000000.0,-16000000.0,6000000.0,363000000.0,-683000000.0,-312000000.0,-1750000000.0,577000000.0,2003000000.0,-15000000.0,-681000000.0,-681000000.0,-681000000.0,0.0,-152000000.0,-0.077,4719000000.0,-965000000.0,545000000.0,-1.011,1.201,-20.335,-20.662,16322000000.0,0.0,28.1,1.574,1.574,472000000.0,2361000000.0,8798000000.0,8798000000.0,497000000.0,-0.024,-0.054,-0.007,-0.026,72000000.0,208000000.0,1.0,492822946.0,492822946,,17.852,26799000000.0,1251000000.0,184000000.0,856000000.0,54.379,1963000000.0
32,NEM,MRT,2013-06-30,2013-06-30,2013-06-30,2021-07-22,-71000000.0,26476000000.0,28775000000.0,5022000000.0,21454000000.0,0.322,22.802,-2752000000.0,1248000000.0,1248000000.0,5054000000.0,-780000000.0,2.285,1.09,6774000000.0,48000000.0,6726000000.0,6774000000.0,0.0,1235000000.0,0.0,0.049,1.475,-200000000.0,1035000000.0,0.112,1035000000.0,-200000000.0,-461000000.0,-1.42,-1.43,-1.42,11226000000.0,13062000000.0,11226000000.0,19755964233.0,-99.0,19.088,-615000000.0,-1.249,1.0,4204000000.0,0.454,0.0,261000000.0,29804000000.0,31096750000.0,4270000000.0,1113000000.0,628000000.0,485000000.0,12238000000.0,2198000000.0,10040000000.0,14744964233.0,-649000000.0,-16000000.0,11000000.0,599000000.0,-733000000.0,-118000000.0,-2655000000.0,80000000.0,2137000000.0,-13000000.0,-712000000.0,-712000000.0,-712000000.0,0.0,-68000000.0,-0.077,4798000000.0,-594000000.0,551000000.0,-1.039,1.313,-20.709,-21.092,16244000000.0,0.0,29.95,1.593,1.593,546000000.0,2077000000.0,9258000000.0,9258000000.0,559000000.0,-0.025,-0.055,-0.006,-0.022,74000000.0,211000000.0,1.0,492319340.0,492319340,,18.805,26476000000.0,1403000000.0,251000000.0,866000000.0,53.778,2824000000.0
33,NEM,MRT,2013-03-31,2013-03-31,2013-03-31,2021-07-22,429000000.0,29451000000.0,29321000000.0,5626000000.0,23825000000.0,0.323,28.249,-3024000000.0,1378000000.0,1378000000.0,4374000000.0,1864000000.0,2.121,0.887,6389000000.0,10000000.0,6379000000.0,6389000000.0,0.0,1068000000.0,0.0,0.035,1.475,2601000000.0,3669000000.0,0.387,3669000000.0,2601000000.0,2339000000.0,3.28,3.27,3.28,13894000000.0,13483500000.0,13894000000.0,25340078781.0,10.0,6.907,-828000000.0,-1.683,1.0,5095000000.0,0.538,0.0,262000000.0,31810000000.0,31276750000.0,4754000000.0,1436000000.0,75000000.0,1361000000.0,12326000000.0,2652000000.0,9674000000.0,20603078781.0,-1234000000.0,-22000000.0,23000000.0,189000000.0,-733000000.0,-510000000.0,-2916000000.0,133000000.0,2196000000.0,-4000000.0,1626000000.0,1626000000.0,1626000000.0,0.0,238000000.0,0.172,2486000000.0,2609000000.0,590000000.0,0.45,1.483,12.671,12.771,18151000000.0,0.0,41.89,2.176,2.176,765000000.0,4270000000.0,9469000000.0,9469000000.0,625000000.0,0.055,0.121,0.083,0.275,74000000.0,214000000.0,1.0,491837641.0,491837641,,19.252,29451000000.0,770000000.0,713000000.0,971000000.0,59.88,2974000000.0
34,NEM,MRT,2012-12-31,2012-12-31,2012-12-31,2021-07-22,490000000.0,29650000000.0,29198500000.0,5945000000.0,23705000000.0,0.341,28.02,-3210000000.0,1561000000.0,1561000000.0,4334000000.0,2111000000.0,1.893,0.922,6298000000.0,10000000.0,6288000000.0,6298000000.0,0.0,1032000000.0,0.0,0.03,1.4,2927000000.0,3959000000.0,0.397,3959000000.0,2927000000.0,2678000000.0,3.64,3.61,3.64,13773000000.0,13278750000.0,13773000000.0,27401935973.0,9.0,6.921,-838000000.0,-1.705,1.0,5630000000.0,0.565,0.0,249000000.0,31246000000.0,30806250000.0,4478000000.0,1532000000.0,86000000.0,1446000000.0,12702000000.0,3141000000.0,9561000000.0,22826935973.0,-199000000.0,-25000000.0,24000000.0,1548000000.0,-695000000.0,689000000.0,-3264000000.0,-10000000.0,2372000000.0,4000000.0,1802000000.0,1802000000.0,1802000000.0,0.0,309000000.0,0.181,2545000000.0,3085000000.0,657000000.0,0.385,1.657,12.668,12.758,18010000000.0,0.0,46.44,2.291,2.291,860000000.0,4166000000.0,9964000000.0,9964000000.0,704000000.0,0.062,0.136,0.095,0.294,72000000.0,212000000.0,1.0,491536089.0,491536089,,20.271,29650000000.0,676000000.0,876000000.0,909000000.0,60.321,2804000000.0
35,NEM,MRT,2012-09-30,2012-09-30,2012-09-30,2021-07-22,595000000.0,29523000000.0,28313750000.0,5324000000.0,24199000000.0,0.359,27.186,-3400000000.0,1549000000.0,1549000000.0,4132000000.0,524000000.0,2.071,0.974,6124000000.0,25000000.0,6099000000.0,6124000000.0,0.0,1011000000.0,0.0,0.025,1.4,945000000.0,1956000000.0,0.193,1956000000.0,945000000.0,704000000.0,0.21,0.22,0.21,13355000000.0,13059500000.0,13355000000.0,31748256496.0,34.0,16.231,-948000000.0,-1.93,1.0,6025000000.0,0.593,0.0,241000000.0,31527000000.0,29175750000.0,4337000000.0,1486000000.0,89000000.0,1397000000.0,13007000000.0,2571000000.0,10436000000.0,27517256496.0,-586000000.0,-30000000.0,25000000.0,1413000000.0,-694000000.0,443000000.0,-3490000000.0,3000000.0,2452000000.0,9000000.0,108000000.0,108000000.0,108000000.0,0.0,416000000.0,0.011,4650000000.0,1375000000.0,612000000.0,6.667,2.06,254.789,266.738,17472000000.0,0.0,56.015,2.709,2.709,784000000.0,3667000000.0,10157000000.0,10157000000.0,788000000.0,0.004,0.008,0.032,0.093,72000000.0,215000000.0,1.0,491247996.0,491247996,,20.676,29523000000.0,1910000000.0,596000000.0,2273000000.0,60.098,2753000000.0
36,NEM,MRT,2012-06-30,2012-06-30,2012-06-30,2021-07-22,361000000.0,28660000000.0,28217750000.0,5272000000.0,23388000000.0,0.369,26.317,-3345000000.0,1897000000.0,1897000000.0,4052000000.0,752000000.0,2.227,0.981,6128000000.0,40000000.0,6088000000.0,6128000000.0,0.0,1009000000.0,0.0,0.028,1.35,1212000000.0,2221000000.0,0.213,2221000000.0,1212000000.0,973000000.0,0.47,0.46,0.47,12912000000.0,13185750000.0,12912000000.0,27338429866.0,23.0,12.309,-206000000.0,-0.42,1.0,6369000000.0,0.611,0.0,239000000.0,30524000000.0,27985500000.0,4180000000.0,1317000000.0,132000000.0,1185000000.0,12671000000.0,2367000000.0,10304000000.0,23800429866.0,42000000.0,-40000000.0,47000000.0,1338000000.0,-668000000.0,420000000.0,-3501000000.0,-70000000.0,3139000000.0,-16000000.0,234000000.0,234000000.0,234000000.0,0.0,518000000.0,0.022,4549000000.0,1820000000.0,574000000.0,2.872,1.843,101.711,103.213,16936000000.0,0.0,48.51,2.284,2.284,649000000.0,3474000000.0,10421000000.0,10421000000.0,796000000.0,0.008,0.018,0.043,0.116,71000000.0,214000000.0,1.0,490629352.0,490629352,,21.24,28660000000.0,1941000000.0,739000000.0,2229000000.0,58.415,2905000000.0
37,NEM,MRT,2012-03-31,2012-03-31,2012-03-31,2021-07-22,658000000.0,28961000000.0,28212250000.0,6092000000.0,22869000000.0,0.375,26.675,-3081000000.0,2612000000.0,2612000000.0,3967000000.0,905000000.0,2.37,0.986,6150000000.0,69000000.0,6081000000.0,6150000000.0,0.0,1011000000.0,0.0,0.023,1.2,1324000000.0,2335000000.0,0.221,2335000000.0,1324000000.0,1093000000.0,0.69,0.67,0.69,13075000000.0,13539750000.0,13075000000.0,27683005778.0,21.0,11.856,123000000.0,0.251,1.0,6609000000.0,0.625,0.0,231000000.0,29928000000.0,27267750000.0,3913000000.0,1658000000.0,179000000.0,1479000000.0,12896000000.0,2571000000.0,10325000000.0,25130005778.0,-1921000000.0,-2313000000.0,39000000.0,1208000000.0,-593000000.0,357000000.0,-5504000000.0,-71000000.0,3204000000.0,22000000.0,342000000.0,342000000.0,342000000.0,0.0,563000000.0,0.032,4519000000.0,2090000000.0,497000000.0,1.739,1.922,73.48,74.304,16364000000.0,0.0,51.27,2.376,2.376,711000000.0,3369000000.0,10576000000.0,10576000000.0,783000000.0,0.012,0.025,0.049,0.125,77000000.0,207000000.0,1.0,490150298.0,490150298,,21.577,28961000000.0,1915000000.0,751000000.0,2443000000.0,59.086,3521000000.0
38,NEM,MRT,2011-12-31,2011-12-31,2011-12-31,2021-07-22,652000000.0,26111000000.0,27685500000.0,5388000000.0,20723000000.0,0.374,26.415,-2787000000.0,1760000000.0,1760000000.0,3890000000.0,972000000.0,1.368,0.802,4313000000.0,689000000.0,3624000000.0,4313000000.0,0.0,1036000000.0,0.0,0.017,1.0,1323000000.0,2359000000.0,0.228,2359000000.0,1323000000.0,1079000000.0,0.74,0.73,0.74,12896000000.0,13794000000.0,12896000000.0,31399738343.0,24.0,13.311,797000000.0,1.632,1.0,6468000000.0,0.624,0.0,244000000.0,24724000000.0,25598250000.0,3656000000.0,1566000000.0,94000000.0,1472000000.0,10340000000.0,3940000000.0,6400000000.0,29297738343.0,-2296000000.0,-2309000000.0,40000000.0,-262000000.0,-494000000.0,-854000000.0,-5067000000.0,60000000.0,3584000000.0,41000000.0,366000000.0,366000000.0,366000000.0,0.0,606000000.0,0.035,4426000000.0,2042000000.0,561000000.0,1.351,2.272,80.048,81.095,15881000000.0,0.0,60.01,2.829,2.829,620000000.0,3052000000.0,10358000000.0,10358000000.0,723000000.0,0.013,0.027,0.052,0.128,79000000.0,198000000.0,1.0,488214270.0,488214270,,21.216,26111000000.0,638000000.0,713000000.0,1034000000.0,53.483,1448000000.0
39,NEM,MRT,2011-09-30,2011-09-30,2011-09-30,2021-07-22,462000000.0,29139000000.0,27573500000.0,6360000000.0,22779000000.0,0.368,28.426,-2211000000.0,2135000000.0,2135000000.0,3741000000.0,2891000000.0,1.421,0.897,4237000000.0,578000000.0,3659000000.0,4237000000.0,0.0,1024000000.0,0.0,0.013,0.8,3403000000.0,4427000000.0,0.437,4427000000.0,3403000000.0,3141000000.0,4.47,4.39,4.47,13860000000.0,13906250000.0,13860000000.0,33147825791.0,10.0,7.488,1296000000.0,2.658,1.0,6400000000.0,0.631,0.0,262000000.0,26766000000.0,25242500000.0,3443000000.0,1348000000.0,94000000.0,1254000000.0,12435000000.0,4475000000.0,7960000000.0,30692825791.0,-1816000000.0,-2303000000.0,39000000.0,-444000000.0,-395000000.0,-919000000.0,-4445000000.0,40000000.0,3507000000.0,41000000.0,2206000000.0,2206000000.0,2206000000.0,0.0,685000000.0,0.218,2185000000.0,4215000000.0,542000000.0,0.179,2.214,13.913,14.083,17019000000.0,0.0,62.95,3.027,3.027,571000000.0,4253000000.0,10141000000.0,10141000000.0,624000000.0,0.08,0.159,0.135,0.336,78000000.0,190000000.0,1.0,487574675.0,487574675,,20.799,29139000000.0,2054000000.0,935000000.0,2973000000.0,59.763,1885000000.0
40,NEM,MRT,2011-06-30,2011-06-30,2011-06-30,2021-07-22,1310000000.0,28638000000.0,26382750000.0,5899000000.0,22739000000.0,0.379,29.416,-1794000000.0,1855000000.0,1855000000.0,3624000000.0,3030000000.0,1.715,0.813,4310000000.0,539000000.0,3771000000.0,4310000000.0,0.0,996000000.0,0.0,0.012,0.65,3437000000.0,4433000000.0,0.444,4433000000.0,3437000000.0,3174000000.0,4.56,4.48,4.56,14328000000.0,13503250000.0,14328000000.0,26185052684.0,8.0,5.907,1306000000.0,2.681,1.0,6370000000.0,0.637,0.0,263000000.0,27653000000.0,24102250000.0,3317000000.0,1878000000.0,203000000.0,1675000000.0,11645000000.0,3440000000.0,8205000000.0,26288052684.0,-1747000000.0,-2295000000.0,38000000.0,-365000000.0,-321000000.0,-825000000.0,-4094000000.0,21000000.0,3100000000.0,72000000.0,2250000000.0,2250000000.0,2250000000.0,0.0,780000000.0,0.225,2094000000.0,4276000000.0,490000000.0,0.143,1.835,11.684,11.836,16663000000.0,0.0,53.97,2.63,2.63,553000000.0,3908000000.0,9994000000.0,9994000000.0,540000000.0,0.085,0.167,0.143,0.344,75000000.0,185000000.0,1.0,487086394.0,487086394,,20.518,28638000000.0,1813000000.0,924000000.0,2919000000.0,58.794,2459000000.0
41,NEM,MRT,2011-03-31,2011-03-31,2011-03-31,2021-07-22,1389000000.0,26854000000.0,24915500000.0,7884000000.0,18970000000.0,0.392,28.962,-1495000000.0,4533000000.0,4533000000.0,3555000000.0,3043000000.0,2.252,0.726,4430000000.0,754000000.0,3676000000.0,4430000000.0,0.0,977000000.0,0.0,0.01,0.55,3534000000.0,4511000000.0,0.462,4511000000.0,3534000000.0,3265000000.0,4.56,4.48,4.56,14092000000.0,12800000000.0,14092000000.0,26941698542.0,8.0,5.972,1946000000.0,3.999,1.0,6208000000.0,0.636,0.0,269000000.0,23250000000.0,22575750000.0,3110000000.0,1908000000.0,129000000.0,1779000000.0,10233000000.0,3501000000.0,6732000000.0,26556698542.0,1169000000.0,-11000000.0,60000000.0,-211000000.0,-271000000.0,-752000000.0,-1552000000.0,-34000000.0,3441000000.0,32000000.0,2245000000.0,2245000000.0,2245000000.0,0.0,798000000.0,0.23,1947000000.0,4261000000.0,420000000.0,0.121,1.885,11.829,11.969,13074000000.0,0.0,54.58,2.72,2.72,552000000.0,3620000000.0,9763000000.0,9763000000.0,475000000.0,0.09,0.175,0.157,0.362,71000000.0,178000000.0,1.0,486564649.0,486564649,,20.065,26854000000.0,1634000000.0,1020000000.0,2005000000.0,55.191,4383000000.0
42,NEM,MRT,2010-12-31,2010-12-31,2010-12-31,2021-07-22,1108000000.0,25663000000.0,23863250000.0,7253000000.0,18410000000.0,0.4,27.448,-1402000000.0,4056000000.0,4056000000.0,3484000000.0,3116000000.0,2.64,0.745,4441000000.0,259000000.0,4182000000.0,4441000000.0,0.0,945000000.0,0.0,0.008,0.5,3412000000.0,4357000000.0,0.457,4357000000.0,3412000000.0,3133000000.0,4.63,4.55,4.63,13345000000.0,12114500000.0,13345000000.0,30494135768.0,9.0,6.999,1765000000.0,3.63,1.0,6056000000.0,0.635,0.0,279000000.0,23301000000.0,22223750000.0,3032000000.0,1681000000.0,113000000.0,1568000000.0,9947000000.0,2747000000.0,7200000000.0,29867135768.0,841000000.0,-4000000.0,60000000.0,-430000000.0,-246000000.0,-915000000.0,-1419000000.0,-25000000.0,3167000000.0,8000000.0,2277000000.0,2277000000.0,2277000000.0,0.0,839000000.0,0.239,1889000000.0,4167000000.0,427000000.0,0.108,2.238,13.117,13.268,12907000000.0,0.0,61.43,3.131,3.131,670000000.0,3180000000.0,9540000000.0,9540000000.0,434000000.0,0.095,0.188,0.154,0.358,70000000.0,178000000.0,1.0,486197880.0,486197880,,19.622,25663000000.0,1614000000.0,856000000.0,1843000000.0,52.783,4506000000.0
43,NEM,MRT,2010-09-30,2010-09-30,2010-09-30,2021-07-22,768000000.0,24376000000.0,23022250000.0,7056000000.0,17320000000.0,0.413,25.269,-1427000000.0,3951000000.0,3951000000.0,3416000000.0,2959000000.0,2.522,0.805,4578000000.0,289000000.0,4289000000.0,4578000000.0,0.0,937000000.0,0.0,0.007,0.45,3407000000.0,4344000000.0,0.457,4344000000.0,3407000000.0,3142000000.0,4.12,4.09,4.12,12248000000.0,11454000000.0,12248000000.0,31416887535.0,9.0,7.232,1893000000.0,3.906,1.0,6094000000.0,0.641,0.0,265000000.0,22205000000.0,21791750000.0,2786000000.0,1324000000.0,46000000.0,1278000000.0,9857000000.0,2798000000.0,7059000000.0,30443887535.0,929000000.0,-243000000.0,86000000.0,-404000000.0,-221000000.0,-701000000.0,-1695000000.0,4000000.0,3320000000.0,5000000.0,2023000000.0,2023000000.0,2023000000.0,-14000000.0,936000000.0,0.213,1882000000.0,4212000000.0,396000000.0,0.109,2.486,15.049,15.245,12532000000.0,0.0,62.81,3.201,3.201,582000000.0,2442000000.0,9510000000.0,9510000000.0,387000000.0,0.088,0.177,0.156,0.358,67000000.0,174000000.0,1.0,484698098.0,484698098,,19.62,24376000000.0,1281000000.0,1119000000.0,1697000000.0,50.291,4258000000.0
44,NEM,MRT,2010-06-30,2010-06-30,2010-06-30,2021-07-22,526000000.0,22769000000.0,22215000000.0,6071000000.0,16698000000.0,0.403,23.818,-1487000000.0,3602000000.0,3602000000.0,3290000000.0,2790000000.0,2.766,0.8,4575000000.0,295000000.0,4280000000.0,4575000000.0,0.0,894000000.0,0.0,0.006,0.4,3095000000.0,3989000000.0,0.445,3989000000.0,3095000000.0,2886000000.0,3.82,3.81,3.82,11515000000.0,10872750000.0,11515000000.0,31058678151.0,10.0,7.786,2034000000.0,4.207,1.0,5672000000.0,0.633,0.0,209000000.0,21547000000.0,21405250000.0,2644000000.0,1210000000.0,64000000.0,1146000000.0,9214000000.0,2195000000.0,7019000000.0,29848678151.0,3058000000.0,-247000000.0,61000000.0,1479000000.0,-196000000.0,1234000000.0,-1714000000.0,6000000.0,3521000000.0,17000000.0,1874000000.0,1874000000.0,1874000000.0,-14000000.0,916000000.0,0.209,1809000000.0,3863000000.0,366000000.0,0.105,2.592,15.928,16.162,12399000000.0,0.0,61.74,3.331,3.331,464000000.0,1979000000.0,8962000000.0,8962000000.0,356000000.0,0.084,0.172,0.145,0.345,66000000.0,168000000.0,1.0,483457696.0,483457696,,18.537,22769000000.0,1285000000.0,1012000000.0,1517000000.0,47.096,3876000000.0
45,NEM,MRT,2010-03-31,2010-03-31,2010-03-31,2021-07-22,743000000.0,22645000000.0,21050500000.0,5961000000.0,16684000000.0,0.4,23.498,-1748000000.0,3364000000.0,3364000000.0,3138000000.0,2559000000.0,2.961,0.814,4574000000.0,78000000.0,4496000000.0,4574000000.0,0.0,839000000.0,0.0,0.008,0.4,2682000000.0,3521000000.0,0.419,3521000000.0,2682000000.0,2519000000.0,3.37,3.37,3.37,11350000000.0,10309750000.0,11350000000.0,26194694421.0,10.0,7.44,1529000000.0,3.165,1.0,5273000000.0,0.627,0.0,163000000.0,21842000000.0,20657500000.0,2490000000.0,1305000000.0,73000000.0,1232000000.0,9240000000.0,2013000000.0,7227000000.0,24600694421.0,1915000000.0,-996000000.0,42000000.0,1538000000.0,-196000000.0,1308000000.0,-2712000000.0,9000000.0,3277000000.0,42000000.0,1654000000.0,1654000000.0,1654000000.0,0.0,905000000.0,0.197,1784000000.0,3489000000.0,356000000.0,0.119,2.167,14.873,15.113,12456000000.0,0.0,50.93,2.925,2.925,601000000.0,1646000000.0,8411000000.0,8411000000.0,339000000.0,0.079,0.16,0.13,0.319,61000000.0,165000000.0,1.0,483029539.0,483029539,,17.413,22645000000.0,1259000000.0,865000000.0,1650000000.0,46.881,3948000000.0
46,NEM,MRT,2009-12-31,2009-12-31,2009-12-31,2021-07-22,626000000.0,22299000000.0,19645500000.0,5822000000.0,16477000000.0,0.392,22.279,-1769000000.0,3215000000.0,3215000000.0,3008000000.0,2093000000.0,2.509,0.905,4809000000.0,157000000.0,4652000000.0,4809000000.0,0.0,806000000.0,0.0,0.008,0.4,2246000000.0,3052000000.0,0.396,3052000000.0,2246000000.0,2126000000.0,2.66,2.66,2.66,10703000000.0,9665000000.0,10703000000.0,24628990119.0,11.0,8.07,1178000000.0,2.452,1.0,4697000000.0,0.61,0.0,120000000.0,21573000000.0,19393750000.0,2398000000.0,1242000000.0,56000000.0,1186000000.0,9686000000.0,2320000000.0,7366000000.0,22727990119.0,2780000000.0,-1007000000.0,1278000000.0,1568000000.0,-196000000.0,2570000000.0,-2781000000.0,12000000.0,2947000000.0,44000000.0,1297000000.0,1297000000.0,1297000000.0,0.0,796000000.0,0.168,1711000000.0,2986000000.0,396000000.0,0.15,2.124,17.524,17.786,12370000000.0,0.0,47.31,2.95,2.95,540000000.0,1149000000.0,7705000000.0,7705000000.0,322000000.0,0.066,0.134,0.116,0.291,57000000.0,159000000.0,1.0,480405625.0,480405625,,16.039,22299000000.0,1152000000.0,829000000.0,1541000000.0,46.417,3502000000.0
47,NEM,MRT,2009-09-30,2009-09-30,2009-09-30,2021-07-22,454000000.0,21147000000.0,18002500000.0,5038000000.0,16109000000.0,0.362,20.251,-1834000000.0,3022000000.0,3022000000.0,2927000000.0,1270000000.0,2.289,0.955,4923000000.0,225000000.0,4698000000.0,4923000000.0,0.0,756000000.0,0.0,0.009,0.4,1288000000.0,2044000000.0,0.314,2044000000.0,1288000000.0,1186000000.0,1.53,1.54,1.53,9923000000.0,8812000000.0,9923000000.0,23604161621.0,18.0,11.548,345000000.0,0.704,1.0,3585000000.0,0.551,188000000.0,102000000.0,20659000000.0,18238500000.0,2244000000.0,1088000000.0,19000000.0,1069000000.0,9478000000.0,2201000000.0,7277000000.0,21117161621.0,2169000000.0,-766000000.0,1250000000.0,1741000000.0,-193000000.0,2598000000.0,-2617000000.0,1000000.0,2179000000.0,9000000.0,743000000.0,743000000.0,743000000.0,14000000.0,527000000.0,0.114,1805000000.0,1780000000.0,338000000.0,0.261,2.128,28.421,28.771,12150000000.0,0.0,44.02,3.243,3.312,394000000.0,641000000.0,6512000000.0,6512000000.0,359000000.0,0.041,0.084,0.071,0.198,56000000.0,159000000.0,1.0,479717438.0,490000000,491000000.0,13.29,20959000000.0,1188000000.0,443000000.0,1440000000.0,42.773,2837000000.0
48,NEM,MRT,2009-06-30,2009-06-30,2009-06-30,2021-07-22,141000000.0,18111000000.0,16890250000.0,2457000000.0,15654000000.0,0.345,18.904,-1887000000.0,544000000.0,544000000.0,2942000000.0,847000000.0,1.325,0.794,3031000000.0,221000000.0,2810000000.0,3031000000.0,0.0,743000000.0,0.0,0.01,0.4,869000000.0,1612000000.0,0.276,1612000000.0,869000000.0,742000000.0,1.16,1.17,1.16,9263000000.0,7981000000.0,9263000000.0,21096699831.0,24.0,13.087,-564000000.0,-1.151,1.0,2892000000.0,0.496,188000000.0,127000000.0,18556000000.0,17474500000.0,2125000000.0,921000000.0,19000000.0,902000000.0,7357000000.0,1854000000.0,5503000000.0,19575699831.0,-491000000.0,-760000000.0,1252000000.0,23000000.0,-189000000.0,800000000.0,-2585000000.0,33000000.0,1323000000.0,-29000000.0,546000000.0,546000000.0,546000000.0,14000000.0,301000000.0,0.094,1810000000.0,1082000000.0,310000000.0,0.345,2.113,35.853,35.233,11825000000.0,0.0,40.87,3.355,3.433,512000000.0,302000000.0,5834000000.0,5834000000.0,378000000.0,0.032,0.068,0.05,0.149,56000000.0,157000000.0,1.0,478974794.0,490000000,491000000.0,11.906,17923000000.0,1314000000.0,196000000.0,1327000000.0,36.578,603000000.0
49,NEM,MRT,2009-03-31,2009-03-31,2009-03-31,2021-07-22,-208000000.0,17025000000.0,16673250000.0,3351000000.0,13674000000.0,0.344,18.583,-1750000000.0,1451000000.0,1451000000.0,2995000000.0,880000000.0,2.133,0.775,2972000000.0,223000000.0,2749000000.0,2972000000.0,0.0,747000000.0,0.0,0.009,0.4,812000000.0,1559000000.0,0.272,1559000000.0,812000000.0,673000000.0,1.43,1.43,1.43,8771000000.0,7427250000.0,8771000000.0,24525007293.0,30.0,15.731,-566000000.0,-1.199,1.0,2740000000.0,0.478,188000000.0,139000000.0,16787000000.0,17273250000.0,2031000000.0,766000000.0,13000000.0,753000000.0,6796000000.0,1571000000.0,5225000000.0,21418007293.0,436000000.0,-18000000.0,1251000000.0,179000000.0,-186000000.0,1034000000.0,-1741000000.0,36000000.0,1184000000.0,-41000000.0,655000000.0,655000000.0,655000000.0,0.0,225000000.0,0.114,1820000000.0,920000000.0,276000000.0,0.28,2.442,32.699,31.301,10194000000.0,0.0,44.76,3.735,3.684,549000000.0,189000000.0,5735000000.0,5735000000.0,382000000.0,0.039,0.088,0.047,0.142,53000000.0,154000000.0,1.0,478507759.0,472000000,473000000.0,12.15,16837000000.0,1314000000.0,18000000.0,1222000000.0,35.672,1780000000.0
50,NEM,MRT,2008-12-31,2008-12-31,2008-12-31,2021-07-22,-253000000.0,15727000000.0,16420500000.0,2301000000.0,13426000000.0,0.373,16.059,-1870000000.0,435000000.0,435000000.0,3038000000.0,1160000000.0,1.459,0.969,3237000000.0,165000000.0,3072000000.0,3237000000.0,0.0,738000000.0,0.0,0.01,0.4,1108000000.0,1846000000.0,0.301,1846000000.0,1108000000.0,973000000.0,1.83,1.83,1.83,7291000000.0,6829250000.0,7291000000.0,20610036001.0,19.0,11.165,-577000000.0,-1.271,1.0,3086000000.0,0.504,0.0,135000000.0,16952000000.0,17212250000.0,1933000000.0,667000000.0,12000000.0,655000000.0,7066000000.0,1577000000.0,5489000000.0,17967036001.0,-795000000.0,-325000000.0,29000000.0,595000000.0,-182000000.0,123000000.0,-2157000000.0,33000000.0,1293000000.0,-54000000.0,831000000.0,831000000.0,831000000.0,0.0,329000000.0,0.136,1780000000.0,1306000000.0,411000000.0,0.219,2.464,21.621,22.24,10128000000.0,0.0,40.7,2.934,3.017,318000000.0,4000000.0,6124000000.0,6124000000.0,379000000.0,0.051,0.122,0.064,0.181,50000000.0,144000000.0,1.0,441450516.0,454000000,455000000.0,13.489,15727000000.0,1323000000.0,142000000.0,1112000000.0,34.641,724000000.0
51,NEM,MRT,2008-09-30,2008-09-30,2008-09-30,2021-07-22,704000000.0,16698000000.0,16388250000.0,2625000000.0,14073000000.0,0.376,14.535,-1860000000.0,854000000.0,854000000.0,2987000000.0,1230000000.0,1.694,1.083,3497000000.0,142000000.0,3355000000.0,3497000000.0,0.0,701000000.0,0.0,0.01,0.4,943000000.0,1644000000.0,0.267,1644000000.0,943000000.0,804000000.0,1.18,1.16,1.18,6599000000.0,6531250000.0,6599000000.0,19334528133.0,21.0,11.761,-125000000.0,-0.275,1.0,3179000000.0,0.516,188000000.0,139000000.0,17603000000.0,16879000000.0,1865000000.0,1333000000.0,26000000.0,1307000000.0,7147000000.0,1550000000.0,5597000000.0,17024528133.0,-197000000.0,-1439000000.0,58000000.0,440000000.0,-181000000.0,-57000000.0,-1890000000.0,191000000.0,1735000000.0,15000000.0,529000000.0,529000000.0,529000000.0,-1567000000.0,701000000.0,0.086,2657000000.0,522000000.0,331000000.0,0.339,2.58,32.182,32.847,10172000000.0,0.0,38.76,2.761,2.854,322000000.0,43000000.0,6166000000.0,6166000000.0,329000000.0,0.032,0.081,0.056,0.153,48000000.0,141000000.0,1.0,439229312.0,454000000,455000000.0,13.581,16510000000.0,1238000000.0,275000000.0,1238000000.0,36.366,1075000000.0
52,NEM,MRT,2008-06-30,2008-06-30,2008-06-30,2021-07-22,1395000000.0,17243000000.0,15959750000.0,2847000000.0,14396000000.0,0.402,15.524,-1852000000.0,1036000000.0,1036000000.0,2899000000.0,1405000000.0,1.762,1.008,3346000000.0,261000000.0,3085000000.0,3346000000.0,0.0,682000000.0,0.0,0.008,0.4,1222000000.0,1904000000.0,0.297,1904000000.0,1222000000.0,1090000000.0,1.64,1.62,1.64,7048000000.0,6412250000.0,7048000000.0,24904904933.0,20.0,13.08,240000000.0,0.529,1.0,3512000000.0,0.548,186000000.0,132000000.0,17751000000.0,15983750000.0,1722000000.0,2005000000.0,72000000.0,1933000000.0,7101000000.0,1616000000.0,5485000000.0,22771904933.0,370000000.0,-1439000000.0,61000000.0,620000000.0,-182000000.0,100000000.0,-1863000000.0,151000000.0,2092000000.0,41000000.0,735000000.0,735000000.0,735000000.0,-1633000000.0,670000000.0,0.115,2584000000.0,928000000.0,321000000.0,0.244,3.231,30.982,31.805,10032000000.0,0.0,52.16,3.552,3.694,410000000.0,-154000000.0,6411000000.0,6411000000.0,291000000.0,0.046,0.115,0.076,0.191,45000000.0,141000000.0,1.0,436577932.0,454000000,456000000.0,14.121,17057000000.0,1172000000.0,355000000.0,1429000000.0,37.57,1231000000.0
53,NEM,MRT,2008-03-31,2008-03-31,2008-03-31,2021-07-22,937000000.0,16014000000.0,15114250000.0,2546000000.0,13468000000.0,0.409,14.082,-1759000000.0,1014000000.0,1014000000.0,2864000000.0,-996000000.0,1.795,1.039,3147000000.0,261000000.0,2886000000.0,3147000000.0,0.0,688000000.0,0.0,0.009,0.4,-1098000000.0,-410000000.0,-0.066,-410000000.0,-1098000000.0,-1220000000.0,-3.53,-3.54,-3.53,6379000000.0,6148750000.0,6379000000.0,21453504797.0,-20.0,-52.326,-658000000.0,-1.453,1.0,3320000000.0,0.537,186000000.0,122000000.0,16543000000.0,14859250000.0,1620000000.0,1581000000.0,59000000.0,1522000000.0,6629000000.0,1418000000.0,5211000000.0,19743504797.0,230000000.0,-1271000000.0,59000000.0,1182000000.0,-181000000.0,586000000.0,-1493000000.0,153000000.0,1101000000.0,36000000.0,-1598000000.0,-1598000000.0,-1598000000.0,28000000.0,602000000.0,-0.258,2506000000.0,814000000.0,304000000.0,-0.113,3.095,-12.355,-12.833,9744000000.0,0.0,45.3,3.193,3.318,451000000.0,-430000000.0,6184000000.0,6184000000.0,253000000.0,-0.106,-0.26,-0.074,-0.178,44000000.0,138000000.0,1.0,435838958.0,453000000,457000000.0,13.651,15828000000.0,1045000000.0,378000000.0,1140000000.0,34.94,1128000000.0
54,NEM,MRT,2007-12-31,2007-12-31,2007-12-31,2021-07-22,957000000.0,15598000000.0,14904500000.0,2672000000.0,12926000000.0,0.367,13.493,-1669000000.0,1231000000.0,1231000000.0,2826000000.0,-1485000000.0,1.781,1.082,2938000000.0,255000000.0,2683000000.0,2938000000.0,0.0,685000000.0,0.0,0.008,0.4,-1587000000.0,-902000000.0,-0.165,-902000000.0,-1587000000.0,-1705000000.0,-4.19,-4.19,-4.19,6099000000.0,6560000000.0,6099000000.0,23125368738.0,-15.0,-25.638,-1004000000.0,-2.221,1.0,2639000000.0,0.483,186000000.0,118000000.0,15619000000.0,13690500000.0,1624000000.0,1592000000.0,61000000.0,1531000000.0,6601000000.0,1500000000.0,5101000000.0,21145368738.0,67000000.0,-953000000.0,51000000.0,965000000.0,-181000000.0,465000000.0,-1113000000.0,127000000.0,665000000.0,50000000.0,-1895000000.0,-1895000000.0,-1895000000.0,0.0,410000000.0,-0.347,2479000000.0,160000000.0,339000000.0,-0.095,3.467,-11.159,-11.654,9140000000.0,0.0,48.83,3.869,4.039,345000000.0,-801000000.0,5465000000.0,5465000000.0,239000000.0,-0.127,-0.289,-0.116,-0.29,46000000.0,142000000.0,1.0,433040523.0,452000000,452000000.0,12.091,15412000000.0,1139000000.0,190000000.0,1113000000.0,34.097,1172000000.0
55,NEM,MRT,2007-09-30,2007-09-30,2007-09-30,2021-07-22,743000000.0,14984000000.0,14905250000.0,3692000000.0,11292000000.0,0.367,13.546,-1592000000.0,1053000000.0,1053000000.0,2715000000.0,-1374000000.0,2.276,0.955,3033000000.0,288000000.0,2745000000.0,3033000000.0,0.0,691000000.0,0.0,0.009,0.4,-1092000000.0,-401000000.0,-0.073,-401000000.0,-1092000000.0,-1196000000.0,-3.04,-3.05,-3.04,6123000000.0,7095000000.0,6123000000.0,21081681929.0,-19.0,-52.573,-1170000000.0,-2.588,1.0,2756000000.0,0.504,1320000000.0,104000000.0,14022000000.0,13154500000.0,1564000000.0,1436000000.0,1085000000.0,351000000.0,5849000000.0,1622000000.0,4227000000.0,19095681929.0,-6000000.0,161000000.0,32000000.0,1029000000.0,-181000000.0,629000000.0,-1065000000.0,103000000.0,422000000.0,8000000.0,-1374000000.0,-1374000000.0,-1374000000.0,1543000000.0,0.0,-0.251,1494000000.0,1262000000.0,265000000.0,-0.132,3.119,-13.898,-14.714,7334000000.0,0.0,44.73,3.49,3.695,499000000.0,-512000000.0,5471000000.0,5471000000.0,243000000.0,-0.092,-0.194,-0.083,-0.2,86000000.0,137000000.0,1.0,426909947.0,452000000,453000000.0,12.104,13664000000.0,1147000000.0,178000000.0,680000000.0,30.23,2070000000.0
56,NEM,MRT,2007-06-30,2007-06-30,2007-06-30,2021-07-22,789000000.0,13861000000.0,14939500000.0,3071000000.0,10790000000.0,0.332,13.29,-1547000000.0,668000000.0,668000000.0,2614000000.0,-1573000000.0,2.411,0.876,2654000000.0,161000000.0,2493000000.0,2654000000.0,0.0,673000000.0,0.0,0.01,0.4,-1271000000.0,-598000000.0,-0.121,-598000000.0,-1271000000.0,-1375000000.0,-3.48,-3.49,-3.48,5994000000.0,7574250000.0,5994000000.0,17757931431.0,-14.0,-29.696,-1456000000.0,-3.228,1.0,2343000000.0,0.473,1320000000.0,104000000.0,13253000000.0,12633750000.0,1538000000.0,1500000000.0,1028000000.0,472000000.0,5251000000.0,1274000000.0,3977000000.0,16612931431.0,-467000000.0,0.0,35000000.0,794000000.0,-180000000.0,302000000.0,-865000000.0,226000000.0,91000000.0,5000000.0,-1573000000.0,-1573000000.0,-1573000000.0,1453000000.0,0.0,-0.317,1442000000.0,901000000.0,274000000.0,-0.115,2.772,-10.561,-11.224,7024000000.0,0.0,39.06,3.351,3.554,366000000.0,-908000000.0,4957000000.0,4957000000.0,243000000.0,-0.105,-0.208,-0.101,-0.256,75000000.0,129000000.0,1.0,425318265.0,451000000,451000000.0,10.991,12541000000.0,813000000.0,198000000.0,474000000.0,27.807,1797000000.0
57,NEM,MRT,2007-03-31,2007-03-31,2007-03-31,2021-07-22,582000000.0,15175000000.0,15181750000.0,2295000000.0,12880000000.0,0.328,17.792,-1530000000.0,786000000.0,786000000.0,2528000000.0,650000000.0,1.565,0.601,1931000000.0,205000000.0,1726000000.0,1931000000.0,0.0,628000000.0,0.0,0.01,0.4,1090000000.0,1718000000.0,0.345,1718000000.0,1090000000.0,988000000.0,1.45,1.44,1.45,8024000000.0,8038000000.0,8024000000.0,18702589852.0,17.0,10.886,-482000000.0,-1.069,1.0,2446000000.0,0.492,2986000000.0,102000000.0,11868000000.0,12230750000.0,1539000000.0,1360000000.0,130000000.0,1230000000.0,4825000000.0,1466000000.0,3359000000.0,17783589852.0,-193000000.0,-161000000.0,49000000.0,86000000.0,-180000000.0,-310000000.0,-937000000.0,396000000.0,1048000000.0,6000000.0,650000000.0,650000000.0,650000000.0,-241000000.0,0.0,0.131,1343000000.0,1103000000.0,291000000.0,0.276,2.216,27.359,28.959,7036000000.0,0.0,41.99,3.575,3.807,417000000.0,1199000000.0,4974000000.0,4974000000.0,254000000.0,0.043,0.081,0.089,0.219,63000000.0,132000000.0,1.0,423519644.0,451000000,452000000.0,11.029,12189000000.0,787000000.0,338000000.0,903000000.0,27.027,829000000.0
58,NEM,MRT,2006-12-31,2006-12-31,2006-12-31,2021-07-22,673000000.0,15601000000.0,14994250000.0,2625000000.0,12976000000.0,0.326,18.309,-1537000000.0,1166000000.0,1166000000.0,2335000000.0,791000000.0,1.538,0.627,2085000000.0,333000000.0,1752000000.0,2085000000.0,0.0,589000000.0,0.0,0.009,0.4,1214000000.0,1803000000.0,0.369,1803000000.0,1214000000.0,1117000000.0,1.76,1.75,1.76,8239000000.0,7955500000.0,8239000000.0,20425079836.0,17.0,11.328,-312000000.0,-0.693,1.0,2547000000.0,0.522,1338000000.0,97000000.0,13475000000.0,12103500000.0,1565000000.0,1428000000.0,109000000.0,1319000000.0,5166000000.0,1707000000.0,3459000000.0,19074079836.0,84000000.0,-348000000.0,78000000.0,87000000.0,-180000000.0,-340000000.0,-804000000.0,723000000.0,1225000000.0,3000000.0,791000000.0,791000000.0,791000000.0,-228000000.0,0.0,0.162,1253000000.0,1294000000.0,340000000.0,0.227,2.315,24.114,25.653,6544000000.0,0.0,45.15,3.907,4.162,348000000.0,1284000000.0,4882000000.0,4882000000.0,247000000.0,0.053,0.099,0.1,0.249,50000000.0,136000000.0,1.0,422460240.0,450000000,452000000.0,10.849,14263000000.0,949000000.0,326000000.0,963000000.0,31.696,918000000.0
59,NEM,MRT,2006-09-30,2006-09-30,2006-09-30,2021-07-22,572000000.0,15121000000.0,14592000000.0,2593000000.0,12528000000.0,0.324,17.867,-1424000000.0,1059000000.0,1059000000.0,2350000000.0,630000000.0,1.583,0.633,2410000000.0,611000000.0,1799000000.0,2410000000.0,0.0,553000000.0,0.0,0.009,0.4,1066000000.0,1619000000.0,0.342,1619000000.0,1066000000.0,973000000.0,1.41,1.4,1.41,8040000000.0,7757000000.0,8040000000.0,19356190079.0,18.0,11.956,-146000000.0,-0.324,1.0,2382000000.0,0.503,2895000000.0,93000000.0,11939000000.0,11454750000.0,1503000000.0,1512000000.0,273000000.0,1239000000.0,5089000000.0,1638000000.0,3451000000.0,17994190079.0,-36000000.0,-409000000.0,92000000.0,58000000.0,-180000000.0,-428000000.0,-892000000.0,410000000.0,1278000000.0,6000000.0,630000000.0,630000000.0,630000000.0,-266000000.0,0.0,0.133,1129000000.0,1253000000.0,251000000.0,0.284,2.238,28.562,30.319,6547000000.0,0.0,42.75,3.803,4.065,298000000.0,1106000000.0,4732000000.0,4732000000.0,235000000.0,0.043,0.081,0.093,0.225,27000000.0,128000000.0,1.0,420916727.0,450000000,452000000.0,10.516,12226000000.0,954000000.0,343000000.0,571000000.0,27.169,955000000.0
60,NEM,MRT,2006-06-30,2006-06-30,2006-06-30,2021-07-22,602000000.0,14830000000.0,14300500000.0,2818000000.0,12012000000.0,0.334,17.481,-1408000000.0,1135000000.0,1135000000.0,2347000000.0,558000000.0,1.709,0.622,2497000000.0,788000000.0,1709000000.0,2497000000.0,0.0,554000000.0,0.0,0.008,0.4,979000000.0,1533000000.0,0.321,1533000000.0,979000000.0,891000000.0,1.25,1.24,1.25,7849000000.0,7604000000.0,7849000000.0,23495623292.0,24.0,15.327,82000000.0,0.183,1.0,2428000000.0,0.508,2902000000.0,88000000.0,11641000000.0,11128750000.0,1424000000.0,1662000000.0,354000000.0,1308000000.0,4885000000.0,1649000000.0,3236000000.0,22157623292.0,394000000.0,-187000000.0,94000000.0,-112000000.0,-180000000.0,-403000000.0,-696000000.0,545000000.0,1490000000.0,3000000.0,558000000.0,558000000.0,558000000.0,-111000000.0,0.0,0.117,1118000000.0,1310000000.0,231000000.0,0.32,2.823,39.709,42.344,6185000000.0,0.0,52.93,4.64,4.977,353000000.0,953000000.0,4775000000.0,4775000000.0,229000000.0,0.039,0.073,0.088,0.205,27000000.0,131000000.0,1.0,418621260.0,449000000,452000000.0,10.635,11928000000.0,802000000.0,333000000.0,461000000.0,26.566,1169000000.0
61,NEM,MRT,2006-03-31,2006-03-31,2006-03-31,2021-07-22,533000000.0,14425000000.0,13951500000.0,2709000000.0,11716000000.0,0.321,17.174,-1381000000.0,979000000.0,979000000.0,2269000000.0,447000000.0,1.804,0.621,2317000000.0,612000000.0,1705000000.0,2317000000.0,0.0,568000000.0,0.0,0.008,0.4,799000000.0,1367000000.0,0.305,1367000000.0,799000000.0,703000000.0,1.0,0.99,1.0,7694000000.0,7444750000.0,7694000000.0,22775038066.0,29.0,16.661,-91000000.0,-0.203,1.0,2210000000.0,0.493,2902000000.0,96000000.0,11359000000.0,10899250000.0,1313000000.0,1717000000.0,535000000.0,1182000000.0,4777000000.0,1502000000.0,3275000000.0,21658038066.0,-78000000.0,-187000000.0,77000000.0,-221000000.0,-179000000.0,-551000000.0,-815000000.0,381000000.0,1290000000.0,-2000000.0,447000000.0,447000000.0,447000000.0,-40000000.0,0.0,0.1,1105000000.0,1105000000.0,232000000.0,0.4,2.815,48.452,51.89,6011000000.0,0.0,51.89,4.835,5.19,274000000.0,838000000.0,4479000000.0,4479000000.0,209000000.0,0.032,0.06,0.073,0.178,27000000.0,126000000.0,1.0,417383659.0,448000000,451000000.0,9.998,11523000000.0,840000000.0,256000000.0,509000000.0,25.721,1207000000.0
62,NEM,MRT,2005-12-31,2005-12-31,2005-12-31,2021-07-22,378000000.0,13992000000.0,13716250000.0,3000000000.0,10992000000.0,0.311,16.693,-1204000000.0,1082000000.0,1082000000.0,2235000000.0,322000000.0,2.24,0.629,2188000000.0,465000000.0,1723000000.0,2188000000.0,0.0,589000000.0,0.0,0.007,0.4,689000000.0,1278000000.0,0.3,1278000000.0,689000000.0,592000000.0,0.72,0.72,0.72,7445000000.0,7323750000.0,7445000000.0,23071070711.0,33.0,18.052,39000000.0,0.087,1.0,2030000000.0,0.476,2879000000.0,97000000.0,10880000000.0,10677750000.0,1144000000.0,1772000000.0,817000000.0,955000000.0,4685000000.0,1339000000.0,3346000000.0,22159070711.0,301000000.0,0.0,43000000.0,366000000.0,-179000000.0,38000000.0,-977000000.0,-146000000.0,1243000000.0,-3000000.0,322000000.0,322000000.0,322000000.0,-44000000.0,0.0,0.075,1115000000.0,915000000.0,227000000.0,0.556,2.976,68.817,74.167,5581000000.0,0.0,53.4,5.196,5.584,229000000.0,754000000.0,4265000000.0,4265000000.0,198000000.0,0.023,0.044,0.065,0.162,27000000.0,120000000.0,1.0,414963871.0,446000000,449000000.0,9.563,11113000000.0,674000000.0,270000000.0,523000000.0,24.917,1661000000.0
63,NEM,MRT,2005-09-30,2005-09-30,2005-09-30,2021-07-22,399000000.0,13955000000.0,13412250000.0,3136000000.0,10819000000.0,0.312,16.655,-1061000000.0,1095000000.0,1095000000.0,2191000000.0,450000000.0,2.529,0.632,2007000000.0,217000000.0,1790000000.0,2007000000.0,0.0,614000000.0,0.0,0.008,0.4,848000000.0,1462000000.0,0.35,1462000000.0,848000000.0,753000000.0,1.01,1.0,1.01,7428000000.0,7253250000.0,7428000000.0,20854062392.0,25.0,14.264,285000000.0,0.639,1.0,1990000000.0,0.476,2992000000.0,95000000.0,10635000000.0,10355500000.0,1163000000.0,1747000000.0,952000000.0,795000000.0,4691000000.0,1240000000.0,3451000000.0,19513062392.0,306000000.0,112000000.0,95000000.0,350000000.0,-178000000.0,-8000000.0,-1034000000.0,-129000000.0,1346000000.0,2000000.0,450000000.0,450000000.0,450000000.0,-42000000.0,0.0,0.108,1111000000.0,879000000.0,237000000.0,0.396,2.627,43.362,46.703,5527000000.0,0.0,47.17,4.667,5.032,278000000.0,737000000.0,4181000000.0,4181000000.0,202000000.0,0.034,0.062,0.082,0.203,0.0,131000000.0,1.0,413675268.0,446000000,449000000.0,9.374,10963000000.0,633000000.0,303000000.0,519000000.0,24.581,1896000000.0
64,NEM,MRT,2005-06-30,2005-06-30,2005-06-30,2021-07-22,195000000.0,13434000000.0,13027895250.0,2938000000.0,10496000000.0,0.321,16.17,-829000000.0,741000000.0,741000000.0,2172000000.0,453000000.0,2.772,0.63,2082000000.0,287000000.0,1795000000.0,2082000000.0,0.0,626000000.0,0.0,0.01,0.375,853000000.0,1479000000.0,0.354,1479000000.0,853000000.0,754000000.0,1.02,1.01,1.02,7212000000.0,7105913000.0,7212000000.0,17214025260.0,20.0,11.639,419000000.0,0.939,1.0,2008000000.0,0.48,2992000000.0,99000000.0,10723000000.0,9831374500.0,1073000000.0,1637000000.0,1098000000.0,539000000.0,4544000000.0,1060000000.0,3484000000.0,16091025260.0,6000000.0,51000000.0,84000000.0,357000000.0,-167000000.0,-7000000.0,-1239000000.0,-391000000.0,1248000000.0,4000000.0,453000000.0,453000000.0,453000000.0,-40000000.0,0.0,0.108,1094000000.0,914000000.0,204000000.0,0.368,2.231,35.521,38.265,5344000000.0,0.0,39.03,3.85,4.164,293000000.0,655000000.0,4180000000.0,4180000000.0,198000000.0,0.035,0.064,0.087,0.204,0.0,121000000.0,1.0,412273258.0,446000000,449000000.0,9.372,10442000000.0,578000000.0,301000000.0,502000000.0,23.413,1878000000.0
65,NEM,MRT,2005-03-31,2005-03-31,2005-03-31,2021-07-22,177000000.0,13484000000.0,12821275000.0,3215000000.0,10269000000.0,0.325,16.166,-709000000.0,1059000000.0,1059000000.0,2157000000.0,440000000.0,2.899,0.645,2182000000.0,292000000.0,1890000000.0,2182000000.0,47000000.0,631000000.0,0.0,0.008,0.35,822000000.0,1453000000.0,0.349,1453000000.0,822000000.0,729000000.0,0.99,0.98,0.99,7210000000.0,6985947500.0,7210000000.0,18135986271.0,22.0,12.482,683000000.0,1.531,1.0,2008000000.0,0.482,3025000000.0,93000000.0,10473000000.0,9347836000.0,1045000000.0,1625000000.0,1110000000.0,515000000.0,4652000000.0,1109000000.0,3543000000.0,17321955271.0,74000000.0,51000000.0,63000000.0,393000000.0,-156000000.0,80000000.0,-1397000000.0,-669000000.0,1392000000.0,-1000000.0,440000000.0,440000000.0,440000000.0,-74000000.0,0.0,0.106,1109000000.0,899000000.0,216000000.0,0.354,2.402,39.368,42.677,5400000000.0,0.0,42.25,4.159,4.524,257000000.0,651000000.0,4165000000.0,4165000000.0,195000000.0,0.034,0.063,0.088,0.197,0.0,120000000.0,1.0,409987107.0,446000000,448000000.0,9.339,10459000000.0,693000000.0,289000000.0,491000000.0,23.451,2106000000.0
66,NEM,MRT,2004-12-31,2004-12-31,2004-12-31,2021-07-22,147000000.0,12776000000.0,12653274250.0,2693000000.0,10083000000.0,0.342,16.169,-674000000.0,781000000.0,781000000.0,2183000000.0,443000000.0,2.487,0.567,1673000000.0,357000000.0,1316000000.0,1673000000.0,0.0,652000000.0,0.0,0.007,0.3,864000000.0,1516000000.0,0.35,1516000000.0,864000000.0,767000000.0,1.0,0.99,1.0,7163000000.0,6866171250.0,7163000000.0,18386375818.0,21.0,12.128,883000000.0,1.993,1.0,2143000000.0,0.495,2994000000.0,97000000.0,9591000000.0,8614339250.0,999000000.0,1329000000.0,943000000.0,386000000.0,4063000000.0,1083000000.0,2980000000.0,18113153818.0,-348000000.0,133000000.0,78000000.0,-196000000.0,-133000000.0,-475000000.0,-1432000000.0,-821000000.0,1557000000.0,2000000.0,443000000.0,443000000.0,443000000.0,-79000000.0,0.0,0.102,1080000000.0,1063000000.0,222000000.0,0.3,2.529,40.887,44.41,5136000000.0,0.0,44.41,4.187,4.548,207000000.0,611000000.0,4326000000.0,4326000000.0,187000000.0,0.035,0.065,0.1,0.2,0.0,116000000.0,1.0,407862054.0,443000000,447000000.0,9.765,9782000000.0,667000000.0,324000000.0,460000000.0,22.081,1610000000.0
67,NEM,MRT,2004-09-30,2004-09-30,2004-09-30,2021-07-22,85406000.0,12417581000.0,12133812750.0,2586151000.0,9831430000.0,0.326,15.437,-629815000.0,1417004000.0,1417004000.0,2005063000.0,406464000.0,2.431,0.575,1690226000.0,329004000.0,1361222000.0,1690226000.0,49120000.0,612627000.0,0.0,0.005,0.25,694515000.0,1307142000.0,0.33,1307142000.0,694515000.0,598886000.0,0.93,0.93,0.93,6838652000.0,6835025500.0,6838652000.0,18769254266.0,27.0,14.359,545701000.0,1.232,1.0,1950027000.0,0.493,3088592000.0,95629000.0,8538498000.0,7906462000.0,1016792000.0,438193000.0,132650000.0,305543000.0,3931427000.0,1063713000.0,2867714000.0,18488220266.0,371272000.0,-129600000.0,1232152000.0,-425895000.0,-111305000.0,585225000.0,-1391669000.0,-657995000.0,1175516000.0,2200000.0,406464000.0,406464000.0,406464000.0,5000000.0,0.0,0.103,993423000.0,956604000.0,207926000.0,0.269,2.703,45.486,48.957,5263960000.0,0.0,45.53,4.675,5.1,253311000.0,464962000.0,3955090000.0,3955090000.0,165261000.0,0.033,0.059,0.088,0.176,0.0,123344000.0,1.0,406066775.0,443000000,447000000.0,8.928,9328989000.0,555225000.0,192422000.0,377581000.0,21.059,1522438000.0
68,NEM,MRT,2004-06-30,2004-06-30,2004-06-30,2021-07-22,19923000.0,12607519000.0,11568221000.0,2714993000.0,9892526000.0,0.319,15.192,-620899000.0,1474825000.0,1474825000.0,1897411000.0,391898000.0,2.685,0.646,1755859000.0,289793000.0,1466066000.0,1755859000.0,51244000.0,602070000.0,0.0,0.006,0.215,658682000.0,1260752000.0,0.341,1260752000.0,658682000.0,571297000.0,0.92,0.92,0.92,6732138000.0,6524284750.0,6732138000.0,15952234263.0,24.0,12.653,501515000.0,1.132,1.0,1794839000.0,0.486,3088592000.0,87385000.0,8788846000.0,7244068250.0,1011686000.0,226153000.0,201933000.0,24220000.0,4349671000.0,1011115000.0,3338556000.0,15593087263.0,461942000.0,-124438000.0,1262149000.0,-500640000.0,-93692000.0,500817000.0,-1162989000.0,-413805000.0,1122414000.0,1700000.0,391898000.0,391898000.0,391898000.0,4000000.0,0.0,0.106,968061000.0,826778000.0,221874000.0,0.234,2.316,39.789,42.13,5268246000.0,0.0,38.76,4.223,4.652,188458000.0,369589000.0,3692250000.0,3692250000.0,142907000.0,0.034,0.06,0.091,0.178,0.0,130298000.0,1.0,402298433.0,443145000,445918000.0,8.332,9518927000.0,965980000.0,179399000.0,744835000.0,21.48,1703878000.0
69,NEM,MRT,2004-03-31,2004-03-31,2004-03-31,2021-07-22,13201000.0,12811997000.0,10954247750.0,2955140000.0,9856857000.0,0.313,15.194,-571279000.0,1548606000.0,1548606000.0,1794629000.0,445745000.0,2.484,0.683,1907753000.0,380874000.0,1526879000.0,1907753000.0,53841000.0,581407000.0,0.0,0.004,0.18,767236000.0,1348643000.0,0.393,1348643000.0,767236000.0,682182000.0,1.07,1.06,1.07,6730895000.0,6200899750.0,6730895000.0,18454937760.0,24.0,13.684,326910000.0,0.738,1.0,1637902000.0,0.477,4442529000.0,85054000.0,7539013000.0,6546887750.0,1021858000.0,293663000.0,269241000.0,24422000.0,4597602000.0,1189602000.0,3408000000.0,18678298760.0,604367000.0,-104782000.0,1305066000.0,-508213000.0,-76911000.0,552942000.0,-863964000.0,-158000000.0,898189000.0,17200000.0,445745000.0,445745000.0,445745000.0,0.0,0.0,0.13,906401000.0,731501000.0,216147000.0,0.168,2.775,41.904,43.579,3917785000.0,0.0,46.63,5.442,6.018,214982000.0,365318000.0,3432531000.0,3432531000.0,126528000.0,0.041,0.072,0.117,0.224,0.0,130590000.0,1.0,400563988.0,443000000,447000000.0,7.748,8369468000.0,948927000.0,236437000.0,734951000.0,18.893,1765538000.0
70,NEM,MRT,2003-12-31,2003-12-31,2003-12-31,2021-07-22,22827000.0,10698154000.0,10293392250.0,2359045000.0,8339109000.0,0.297,17.125,-499000000.0,1131072000.0,1131072000.0,1634000000.0,476000000.0,2.8,0.422,1077499000.0,190866000.0,886633000.0,1077499000.0,53841000.0,530000000.0,0.0,0.003,0.17,777000000.0,1307000000.0,0.427,1307000000.0,777000000.0,688000000.0,1.16,1.15,1.16,7038417000.0,5817686750.0,7038417000.0,18769566118.0,24.0,14.361,185000000.0,0.45,1.0,1425000000.0,0.466,3042557000.0,89000000.0,6759491000.0,6305838500.0,780154000.0,1191520000.0,457543000.0,733977000.0,2966701000.0,842533000.0,2124168000.0,17801268118.0,729000000.0,-70000000.0,1287000000.0,-669000000.0,-71000000.0,401000000.0,-380000000.0,223000000.0,684000000.0,24000000.0,476000000.0,476000000.0,476000000.0,0.0,0.0,0.156,856000000.0,569000000.0,163164000.0,0.147,2.529,37.398,41.905,3715457000.0,0.0,48.61,5.819,6.531,90686000.0,300784000.0,3059000000.0,3059000000.0,111000000.0,0.046,0.082,0.123,0.254,0.0,130000000.0,1.0,366205886.0,411000000,414000000.0,7.443,7655597000.0,449054000.0,212000000.0,272603000.0,18.627,1516512000.0
71,NEM,MRT,2003-09-30,2003-09-30,2003-09-30,2021-07-22,29146000.0,10155214000.0,10155702750.0,1325158000.0,8830056000.0,0.307,13.7,-399923000.0,419411000.0,419411000.0,1750528000.0,397645000.0,1.608,0.683,1387709000.0,181020000.0,1206689000.0,1387709000.0,53841000.0,567534000.0,0.0,0.004,0.15,709974000.0,1277508000.0,0.41,1277508000.0,709974000.0,608358000.0,1.0,0.98,1.0,5595689000.0,5324255000.0,5595689000.0,15435775314.0,22.0,12.083,337332000.0,0.826,1.0,1364411000.0,0.438,4410658000.0,101616000.0,5888923000.0,6340893250.0,717284000.0,968323000.0,241189000.0,727134000.0,3823049000.0,823931000.0,2999118000.0,14231760314.0,127263000.0,133848000.0,54230000.0,-360054000.0,-60746000.0,-475686000.0,-158906000.0,169837000.0,737255000.0,24600000.0,397645000.0,397645000.0,397645000.0,0.0,0.0,0.128,871032000.0,493379000.0,148890000.0,0.15,2.543,35.79,39.09,2378020000.0,0.0,39.09,4.569,5.126,52802000.0,169717000.0,3114939000.0,3114939000.0,115914000.0,0.039,0.075,0.112,0.228,0.0,123199000.0,1.0,364076754.0,408433000,411213000.0,7.627,5744556000.0,963561000.0,210713000.0,806731000.0,14.065,501227000.0
72,NEM,MRT,2003-06-30,2003-06-30,2003-06-30,2021-07-22,-3867000.0,10151626000.0,10053890750.0,1058333000.0,9093293000.0,0.294,13.415,-350200000.0,274741000.0,274741000.0,1731547000.0,303971000.0,1.2,0.733,1478756000.0,184336000.0,1294420000.0,1478756000.0,53841000.0,549740000.0,0.0,0.004,0.14,560405000.0,1110145000.0,0.376,1110145000.0,560405000.0,444463000.0,0.77,0.75,0.77,5438598000.0,5187520250.0,5438598000.0,13188112314.0,24.0,11.88,329115000.0,0.812,1.0,1222300000.0,0.414,4473723000.0,115942000.0,6000124000.0,6535405750.0,730016000.0,1112380000.0,126317000.0,986063000.0,3988636000.0,881794000.0,3106842000.0,11665220314.0,-10664000.0,138885000.0,29299000.0,-332110000.0,-56419000.0,-387386000.0,-319893000.0,-61641000.0,679315000.0,17300000.0,303971000.0,303971000.0,303971000.0,0.0,0.0,0.103,845510000.0,376790000.0,151042000.0,0.182,2.145,38.376,42.156,2343102000.0,0.0,32.46,3.949,4.455,44971000.0,71670000.0,2953847000.0,2953847000.0,110624000.0,0.03,0.059,0.086,0.19,0.0,123987000.0,1.0,359372160.0,405406000,408391000.0,7.286,5677903000.0,952124000.0,140492000.0,751408000.0,14.005,176539000.0
73,NEM,MRT,2003-03-31,2003-03-31,2003-03-31,2021-07-22,-22997000.0,10168575000.0,9975360250.0,1060956000.0,9107619000.0,0.288,12.934,-302800000.0,380316000.0,380316000.0,1691518000.0,282114000.0,1.511,0.812,1903208000.0,136229000.0,1766979000.0,1903208000.0,53841000.0,534005000.0,0.0,0.005,0.13,491763000.0,1025768000.0,0.357,1025768000.0,491763000.0,363389000.0,0.74,0.73,0.74,5198043000.0,5112576000.0,5198043000.0,11121032542.0,23.0,10.842,452717000.0,1.126,1.0,1183701000.0,0.412,4414370000.0,128374000.0,6574816000.0,6721968250.0,732041000.0,1104400000.0,13470000.0,1090930000.0,4220284000.0,702281000.0,3518003000.0,9242453542.0,-131242000.0,69276000.0,52541000.0,-705410000.0,-52279000.0,-733995000.0,-170033000.0,84372000.0,755517000.0,17269000.0,282114000.0,280245000.0,280245000.0,0.0,0.0,0.097,807421000.0,376280000.0,126879000.0,0.176,1.778,32.98,35.338,2360336000.0,1869000.0,26.15,3.215,3.655,27519000.0,-2958000.0,2875219000.0,2875219000.0,98791000.0,0.028,0.055,0.073,0.171,0.0,120347000.0,1.0,353439906.0,401890000,404219000.0,7.154,5754205000.0,902163000.0,81275000.0,685520000.0,14.318,358675000.0
74,NEM,MRT,2002-12-31,2002-12-31,2002-12-31,2021-07-22,-64026000.0,10147396000.0,9962658250.0,1113256000.0,9034140000.0,0.263,13.654,-271909000.0,401683000.0,401683000.0,1616387000.0,158061000.0,1.622,0.864,2280262000.0,190321000.0,2089941000.0,2280262000.0,53841000.0,505598000.0,0.0,0.004,0.12,307526000.0,813124000.0,0.31,813124000.0,307526000.0,177961000.0,0.42,0.41,0.42,5064690000.0,5050786000.0,5064690000.0,12220186776.0,40.0,15.029,412752000.0,1.113,1.0,1005767000.0,0.384,4439924000.0,129565000.0,6899710000.0,6814878500.0,698078000.0,1212771000.0,13188000.0,1199583000.0,4373590000.0,686341000.0,3687249000.0,10229193776.0,252252000.0,-90300000.0,67346000.0,-547436000.0,-49982000.0,-558919000.0,112110000.0,491103000.0,684661000.0,14400000.0,158061000.0,154323000.0,154323000.0,0.0,0.0,0.059,742760000.0,263007000.0,105277000.0,0.286,2.02,66.284,69.119,2287030000.0,3738000.0,29.03,3.901,4.107,82310000.0,-120213000.0,2622154000.0,2622154000.0,88886000.0,0.015,0.031,0.045,0.117,0.0,115252000.0,1.0,352366303.0,370940000,372975000.0,7.069,5707472000.0,812879000.0,19900000.0,684921000.0,15.387,426915000.0
75,NEM,MRT,2002-09-30,2002-09-30,2002-09-30,2021-07-22,-27185000.0,9747966000.0,8461231250.0,1138983000.0,8608983000.0,0.273,12.556,-310068000.0,292148000.0,292148000.0,1482729000.0,103229000.0,1.737,0.792,2283141000.0,165965000.0,2117176000.0,2283141000.0,53841000.0,438985000.0,0.0,0.004,0.12,223950000.0,662935000.0,0.287,662935000.0,223950000.0,97907000.0,0.31,0.31,0.31,5048750000.0,4159555000.0,5048750000.0,11478682184.0,51.0,17.315,264463000.0,0.658,1.0,823720000.0,0.357,4416182000.0,126043000.0,6666973000.0,6270478250.0,710568000.0,1032283000.0,15418000.0,1016865000.0,4001036000.0,655804000.0,3345232000.0,9573986184.0,201632000.0,-93610000.0,70114000.0,-535835000.0,-45684000.0,-513352000.0,131872000.0,547407000.0,574531000.0,8581000.0,103229000.0,97623000.0,97623000.0,0.0,0.0,0.042,634507000.0,189213000.0,124896000.0,0.387,1.896,98.071,88.742,2337493000.0,5606000.0,27.51,4.151,4.796,39041000.0,-195322000.0,2306449000.0,2306449000.0,67776000.0,0.012,0.023,0.036,0.097,0.0,95310000.0,1.0,348018400.0,402097000,403545000.0,5.736,5331784000.0,570398000.0,-5322000.0,588391000.0,13.26,483179000.0
76,NEM,MRT,2002-06-30,2002-06-30,2002-06-30,2021-07-22,48258000.0,9837504000.0,7018553750.0,1193686000.0,8643818000.0,0.286,12.906,-320804000.0,285405000.0,285405000.0,1322814000.0,96441000.0,1.809,0.791,2335101000.0,175917000.0,2159184000.0,2335101000.0,53841000.0,370678000.0,0.0,0.005,0.12,189741000.0,560419000.0,0.279,560419000.0,189741000.0,72137000.0,0.33,0.33,0.33,5138821000.0,3262261750.0,5138821000.0,11116233133.0,59.0,19.836,134462000.0,0.338,1.0,684673000.0,0.341,4480907000.0,117604000.0,6746374000.0,5781777000.0,711090000.0,1034254000.0,20950000.0,1013304000.0,4062481000.0,659919000.0,3402562000.0,8956444133.0,208659000.0,-93257000.0,66033000.0,-424153000.0,-41370000.0,-398373000.0,132634000.0,546695000.0,455266000.0,19132000.0,96441000.0,88965000.0,88965000.0,0.0,0.0,0.044,536048000.0,148625000.0,138098000.0,0.364,1.743,100.674,79.788,2330516000.0,7476000.0,26.33,4.462,5.222,55536000.0,-216082000.0,2007487000.0,2007487000.0,55263000.0,0.013,0.027,0.033,0.095,0.0,79245000.0,1.0,340161190.0,398167000,401057000.0,5.042,5356597000.0,549434000.0,-24304000.0,610934000.0,13.453,533767000.0
77,NEM,MRT,2002-03-31,2002-03-31,2002-03-31,2021-07-22,18430000.0,10117767000.0,5537563500.0,1516060000.0,8601707000.0,0.313,17.59,-350562000.0,511558000.0,511558000.0,1189888000.0,-3321000.0,1.474,0.919,2823966000.0,564363000.0,2259603000.0,2823966000.0,53841000.0,313818000.0,0.0,0.004,0.12,49980000.0,363798000.0,0.21,363798000.0,49980000.0,-56083000.0,-0.04,-0.04,-0.04,4950883000.0,2336066250.0,4950883000.0,10409129173.0,208.0,28.612,77037000.0,0.274,1.0,544697000.0,0.314,4455100000.0,106063000.0,6946457000.0,5261641000.0,691708000.0,1164950000.0,122763000.0,1042187000.0,4547660000.0,1028618000.0,3519042000.0,9276691173.0,464379000.0,-51985000.0,23579000.0,41753000.0,-37034000.0,26834000.0,9330000.0,411877000.0,427599000.0,616000.0,-3321000.0,-10796000.0,-10796000.0,0.0,0.0,-0.006,467760000.0,76937000.0,85255000.0,-3.0,1.874,-859.271,-692.25,2317812000.0,7475000.0,27.69,5.348,4.493,51485000.0,-283203000.0,1734585000.0,1734585000.0,51780000.0,-0.002,-0.005,0.009,0.029,0.0,66557000.0,1.0,335019544.0,281467000,281467000.0,6.163,5662667000.0,528756000.0,-52762000.0,629939000.0,20.118,487442000.0
78,NEM,MRT,2001-12-31,2001-12-31,2001-12-31,2021-07-22,-9448000.0,4141688000.0,3963014500.0,847023000.0,3294665000.0,0.421,7.689,-389964000.0,149431000.0,149431000.0,1117930000.0,-46644000.0,1.629,1.586,1426869000.0,192151000.0,1234718000.0,1426869000.0,53841000.0,301563000.0,0.0,0.006,0.12,-7832000.0,293731000.0,0.176,293731000.0,-7832000.0,-105912000.0,-0.28,-0.28,-0.28,1499766000.0,1462834500.0,1499766000.0,4937194468.0,-630.0,16.809,-20294000.0,-0.104,1.0,548776000.0,0.329,176998000.0,98080000.0,4722109000.0,4699420250.0,569806000.0,618427000.0,75103000.0,543324000.0,2379074000.0,520019000.0,1859055000.0,3746228468.0,71873000.0,-209000.0,7516000.0,70006000.0,-30972000.0,85086000.0,-385027000.0,5146000.0,369670000.0,2144000.0,-46644000.0,-54119000.0,-54119000.0,0.0,0.0,-0.032,522931000.0,25845000.0,80884000.0,-0.429,2.498,-69.222,-68.25,1930249000.0,7475000.0,19.11,2.248,2.236,19088000.0,-274536000.0,1666706000.0,1666706000.0,55528000.0,-0.014,-0.037,-0.002,-0.005,0.0,61153000.0,1.0,196034980.0,195059000,195059000.0,8.545,3964690000.0,440468000.0,-59268000.0,173719000.0,20.326,327004000.0
79,NEM,MRT,2001-09-30,2001-09-30,2001-09-30,2021-07-22,-14648000.0,3977256000.0,3933646250.0,590988000.0,3386268000.0,0.493,7.451,-434441000.0,90516000.0,90516000.0,1276267000.0,-128247000.0,1.296,1.567,1281482000.0,189189000.0,1092293000.0,1281482000.0,191039000.0,284107000.0,0.0,0.005,0.12,-16662000.0,267445000.0,0.138,267445000.0,-16662000.0,-134305000.0,-0.71,-0.71,-0.71,1459577000.0,1473073000.0,1459577000.0,5823993124.0,-350.0,21.776,-15386000.0,-0.079,1.0,664867000.0,0.343,0.0,117643000.0,4712168000.0,4726093500.0,476275000.0,611142000.0,69678000.0,541464000.0,2287140000.0,456054000.0,1831086000.0,4621539124.0,30986000.0,41225000.0,7479000.0,-5306000.0,-30135000.0,10231000.0,-393216000.0,0.0,419055000.0,-5084000.0,-128247000.0,-141329000.0,-141329000.0,0.0,0.0,-0.073,625246000.0,39621000.0,72400000.0,-0.169,3.166,-32.701,-33.239,2261642000.0,13082000.0,23.6,2.381,2.382,26381000.0,-311471000.0,1941134000.0,1941134000.0,72561000.0,-0.036,-0.096,-0.004,-0.009,0.0,67473000.0,1.0,195827929.0,195898000,194758000.0,9.909,3977256000.0,371500000.0,-6058000.0,131029000.0,20.303,134934000.0
80,NEM,MRT,2001-06-30,2001-06-30,2001-06-30,2021-07-22,-21811000.0,3913543000.0,3805436750.0,558284000.0,3355259000.0,0.51,7.329,-437821000.0,78124000.0,78124000.0,1250135000.0,-176879000.0,1.24,1.582,1280578000.0,194948000.0,1085630000.0,1280578000.0,137198000.0,307969000.0,0.0,0.006,0.12,-69279000.0,238690000.0,0.123,238690000.0,-69279000.0,-185263000.0,-0.97,-0.97,-0.97,1434039000.0,1472890500.0,1434039000.0,4802460941.0,-69.0,20.12,-499000.0,-0.003,1.0,689985000.0,0.356,0.0,115984000.0,4665830000.0,4614087500.0,489013000.0,590999000.0,58173000.0,532826000.0,2268277000.0,450167000.0,1818110000.0,3637726941.0,24484000.0,12459000.0,6494000.0,10099000.0,-29302000.0,21414000.0,-425362000.0,0.0,437322000.0,-8890000.0,-176879000.0,-189961000.0,-189961000.0,0.0,0.0,-0.098,718882000.0,-28897000.0,84340000.0,-0.124,2.537,-19.15,-19.186,2240931000.0,13082000.0,18.61,1.875,1.877,21718000.0,-333046000.0,1940120000.0,1940120000.0,80417000.0,-0.05,-0.129,-0.015,-0.036,0.0,72389000.0,1.0,195471625.0,195655000,196795000.0,9.916,3913543000.0,356508000.0,-8384000.0,120701000.0,20.002,108117000.0
81,NEM,MRT,2001-03-31,2001-03-31,2001-03-31,2021-07-22,-30445000.0,3819571000.0,3681049500.0,531364000.0,3288207000.0,0.538,7.57,-421786000.0,48545000.0,48545000.0,1231806000.0,-170069000.0,1.853,1.482,1213279000.0,48329000.0,1164950000.0,1213279000.0,137198000.0,324612000.0,0.0,0.007,0.12,-58773000.0,265839000.0,0.134,265839000.0,-58773000.0,-174544000.0,-0.87,-0.87,-0.87,1457956000.0,1474308000.0,1457956000.0,3756700411.0,-64.0,14.131,30090000.0,0.156,1.0,748117000.0,0.378,0.0,115771000.0,4697574000.0,4496225500.0,495942000.0,552721000.0,38626000.0,514095000.0,2160683000.0,286731000.0,1873952000.0,2711398411.0,-41559000.0,25139000.0,1789000.0,-108224000.0,-28467000.0,-97019000.0,-396647000.0,0.0,451876000.0,231000.0,-170069000.0,-183151000.0,-183151000.0,0.0,0.0,-0.093,742882000.0,5235000.0,57783000.0,-0.138,1.86,-14.804,-18.529,2193988000.0,13082000.0,16.12,1.369,1.568,23929000.0,-299595000.0,1979923000.0,1979923000.0,86161000.0,-0.05,-0.124,-0.013,-0.03,0.0,72895000.0,1.0,168200894.0,192607000,192607000.0,10.28,3819571000.0,368580000.0,-4475000.0,107970000.0,19.831,244633000.0
82,NEM,MRT,2000-12-31,2000-12-31,2000-12-31,2021-07-22,-25788000.0,4024215000.0,3585606500.0,755282000.0,3268933000.0,0.504,8.015,-387437000.0,119526000.0,119526000.0,1097970000.0,-89712000.0,1.754,1.48,1354837000.0,80447000.0,1274390000.0,1354837000.0,0.0,320697000.0,0.0,0.007,0.12,21962000.0,342659000.0,0.19,342659000.0,21962000.0,-84158000.0,-0.51,-0.51,-0.51,1540720000.0,1474232250.0,1540720000.0,3914809252.0,178.0,11.425,146830000.0,0.764,1.0,707453000.0,0.392,0.0,106120000.0,4828802000.0,4385151500.0,628482000.0,566514000.0,44963000.0,521551000.0,2280337000.0,430724000.0,1849613000.0,2869507252.0,-45274000.0,-123047000.0,2113000.0,-36631000.0,-27640000.0,-65382000.0,-510484000.0,0.0,534267000.0,-3675000.0,-89712000.0,-97187000.0,-97187000.0,0.0,0.0,-0.054,589211000.0,118242000.0,87757000.0,-0.235,1.862,-29.526,-33.451,2060833000.0,7475000.0,17.06,1.589,1.816,29281000.0,-220417000.0,1805423000.0,1805423000.0,77377000.0,-0.027,-0.066,0.005,0.012,0.0,63657000.0,1.0,168200894.0,192218000,192218000.0,9.393,4024215000.0,353504000.0,5554000.0,151625000.0,20.936,324558000.0
83,NEM,MRT,2000-09-30,2000-09-30,2000-09-30,2021-07-22,0.0,3464418000.0,3425398250.0,547933000.0,2916485000.0,0.573,7.591,-490188000.0,48306000.0,48306000.0,1139731000.0,-152973000.0,2.231,1.262,1093608000.0,28328000.0,1065280000.0,1093608000.0,137198000.0,380042000.0,0.0,0.007,0.12,-30097000.0,349945000.0,0.178,349945000.0,-30097000.0,-134206000.0,-0.78,-0.78,-0.78,1458847000.0,1451964250.0,1458847000.0,3874513251.0,-129.0,11.072,65403000.0,0.34,1.0,822473000.0,0.419,0.0,104109000.0,4264144000.0,4200871250.0,537932000.0,539870000.0,5733000.0,534137000.0,1840719000.0,245576000.0,1595143000.0,2857438251.0,-118127000.0,-171845000.0,-1017000.0,55787000.0,-33227000.0,-9462000.0,-662033000.0,0.0,555591000.0,-2223000.0,-152973000.0,-166055000.0,-166055000.0,0.0,0.0,-0.085,697694000.0,124779000.0,47501000.0,-0.154,1.959,-17.208,-21.795,1940990000.0,13082000.0,17.0,1.456,1.665,48000000.0,70705000.0,1962204000.0,1962204000.0,92887000.0,-0.048,-0.114,-0.007,-0.015,0.0,79882000.0,1.0,168084603.0,192191000,192191000.0,10.21,3464418000.0,226854000.0,18767000.0,7380000.0,18.026,302357000.0
84,NEM,MRT,2000-06-30,2000-06-30,2000-06-30,2021-07-22,0.0,3415994000.0,3380094500.0,554473000.0,2861521000.0,0.556,7.5,-323876000.0,52163000.0,52163000.0,1089979000.0,-157348000.0,2.323,1.271,1069238000.0,23681000.0,1045557000.0,1069238000.0,137198000.0,351541000.0,0.0,0.006,0.12,-40058000.0,311483000.0,0.166,311483000.0,-40058000.0,-135845000.0,-0.82,-0.82,-0.82,1439709000.0,1439597000.0,1439709000.0,4663043290.0,-116.0,14.97,143812000.0,0.749,1.0,789972000.0,0.42,0.0,95787000.0,4194382000.0,4177576000.0,510070000.0,516085000.0,5425000.0,510660000.0,1830375000.0,238687000.0,1591688000.0,3631184290.0,-186543000.0,-170941000.0,-1017000.0,-92807000.0,-31340000.0,-156246000.0,-494817000.0,0.0,467688000.0,-3168000.0,-157348000.0,-168560000.0,-168560000.0,0.0,0.0,-0.09,598014000.0,191958000.0,42380000.0,-0.146,2.522,-21.542,-26.378,1943982000.0,11212000.0,21.63,1.932,2.209,53257000.0,94432000.0,1879951000.0,1879951000.0,86498000.0,-0.05,-0.117,-0.01,-0.021,0.0,73851000.0,1.0,167877221.0,191955000,191955000.0,9.794,3415994000.0,216704000.0,21503000.0,14760000.0,17.796,315786000.0
85,NEM,MRT,2000-03-31,2000-03-31,2000-03-31,2021-07-22,0.0,3437799000.0,3329836250.0,567312000.0,2870487000.0,0.541,7.596,-261420000.0,90663000.0,90663000.0,1047135000.0,-126318000.0,2.622,1.265,1122522000.0,22632000.0,1099890000.0,1122522000.0,137198000.0,329322000.0,0.0,0.005,0.12,-18450000.0,310872000.0,0.172,310872000.0,-18450000.0,-107994000.0,-0.71,-0.71,-0.71,1457653000.0,1443765250.0,1457653000.0,4747371095.0,-257.0,15.271,198277000.0,1.033,1.0,755267000.0,0.419,0.0,89544000.0,4253278000.0,4174029250.0,488614000.0,525686000.0,5415000.0,520271000.0,1843276000.0,216380000.0,1626896000.0,3765199095.0,-140220000.0,-195773000.0,-1017000.0,-77076000.0,-29455000.0,-139411000.0,-457264000.0,0.0,459697000.0,-3242000.0,-126318000.0,-135662000.0,-135662000.0,0.0,0.0,-0.075,564859000.0,190408000.0,35423000.0,-0.169,2.583,-27.754,-31.606,1935163000.0,9344000.0,22.44,2.089,2.389,48509000.0,115856000.0,1802402000.0,1802402000.0,79877000.0,-0.041,-0.094,-0.004,-0.01,0.0,71037000.0,1.0,167789621.0,191897000,191897000.0,9.393,3437799000.0,212447000.0,18324000.0,22183000.0,17.915,350932000.0
86,NEM,MRT,1999-12-31,1999-12-31,1999-12-31,2021-07-22,0.0,3383382000.0,3272531500.0,507753000.0,2875629000.0,0.512,7.576,-241568000.0,55314000.0,55314000.0,982121000.0,-111779000.0,1.854,1.244,1037486000.0,23293000.0,1014193000.0,1037486000.0,137198000.0,302088000.0,0.0,0.005,0.12,-15711000.0,286377000.0,0.171,286377000.0,-15711000.0,-98896000.0,-0.62,-0.62,-0.62,1451648000.0,1442604000.0,1451648000.0,5187193832.0,-330.0,18.113,180975000.0,0.945,1.0,692947000.0,0.414,0.0,83185000.0,4091681000.0,4170579500.0,493820000.0,447732000.0,9414000.0,438318000.0,1805377000.0,273873000.0,1531504000.0,4106374832.0,-113166000.0,-96316000.0,-1017000.0,-132396000.0,-27572000.0,-192030000.0,-337884000.0,0.0,422543000.0,-5795000.0,-111779000.0,-119254000.0,-119254000.0,0.0,0.0,-0.071,529819000.0,163128000.0,38039000.0,-0.194,2.829,-34.434,-39.516,1972348000.0,7475000.0,24.5,2.451,2.802,14253000.0,114240000.0,1675068000.0,1675068000.0,74213000.0,-0.036,-0.083,-0.004,-0.009,0.0,68330000.0,1.0,167607136.0,191602000,191602000.0,8.742,3383382000.0,256305000.0,12883000.0,63842000.0,17.658,233880000.0
87,NEM,MRT,1999-09-30,1999-09-30,1999-09-30,2021-07-22,0.0,3283203000.0,2810424500.0,490969000.0,2792234000.0,0.483,8.413,-63165000.0,20745000.0,20745000.0,801910000.0,-443453000.0,2.543,1.246,1101564000.0,28096000.0,1073468000.0,1101564000.0,137198000.0,253182000.0,0.0,0.005,0.12,-565890000.0,-312708000.0,-0.23,-312708000.0,-565890000.0,-634760000.0,-0.51,-0.51,-0.51,1409378000.0,1265164000.0,1409378000.0,5487535173.0,-10.0,-17.548,238737000.0,1.425,1.0,555675000.0,0.409,0.0,68870000.0,4170963000.0,3651707750.0,500043000.0,397642000.0,10683000.0,386959000.0,1756204000.0,193059000.0,1563145000.0,4335560173.0,-34629000.0,-113773000.0,0.0,-130154000.0,-20089000.0,-151504000.0,-185027000.0,0.0,301902000.0,0.0,-443453000.0,-443453000.0,-443453000.0,0.0,0.0,-0.327,988809000.0,-433134000.0,34707000.0,-0.235,3.076,-9.777,-50.745,1988933000.0,0.0,25.88,3.194,3.194,40286000.0,73897000.0,1357585000.0,1357585000.0,56678000.0,-0.158,-0.351,-0.155,-0.417,0.0,49084000.0,1.0,167525509.0,167522000,167290000.0,8.104,3283203000.0,0.0,-191307000.0,0.0,19.599,297910000.0
88,NEM,MRT,1999-06-30,1999-06-30,1999-06-30,2021-07-22,0.0,3214961000.0,2865939500.0,550070000.0,2664891000.0,0.479,8.699,-178105000.0,81893000.0,81893000.0,801864000.0,-398325000.0,2.946,1.127,1233868000.0,36649000.0,1197219000.0,1233868000.0,0.0,265365000.0,0.0,0.006,0.12,-511448000.0,-246083000.0,-0.179,-246083000.0,-511448000.0,-585104000.0,-0.24,-0.24,-0.24,1456382000.0,1323290750.0,1456382000.0,4524613151.0,-9.0,-18.387,190978000.0,1.141,1.0,570454000.0,0.416,0.0,73656000.0,4180195000.0,3720368750.0,453657000.0,362953000.0,11167000.0,351786000.0,1640650000.0,186741000.0,1453909000.0,3328238151.0,27759000.0,-143619000.0,0.0,2817000.0,-19759000.0,-18172000.0,-323152000.0,0.0,369083000.0,0.0,-398325000.0,-398325000.0,-398325000.0,0.0,0.0,-0.29,999641000.0,-429187000.0,30741000.0,-0.5,2.285,-8.356,-82.833,1975912000.0,0.0,19.88,2.425,2.425,37098000.0,123442000.0,1372318000.0,1372318000.0,61283000.0,-0.139,-0.301,-0.137,-0.373,0.0,48240000.0,1.0,167416406.0,167417000,167643000.0,8.197,3214961000.0,0.0,-186779000.0,0.0,19.203,363329000.0
89,NEM,MRT,1999-03-31,1999-03-31,1999-03-31,2021-07-22,0.0,3208580000.0,2940729250.0,508122000.0,2700458000.0,0.481,8.685,-197024000.0,72046000.0,72046000.0,811409000.0,-380789000.0,3.071,1.136,1268421000.0,35649000.0,1232772000.0,1268421000.0,0.0,275750000.0,0.0,0.007,0.12,-487292000.0,-211542000.0,-0.149,-211542000.0,-487292000.0,-563488000.0,-0.12,-0.12,-0.12,1453008000.0,1368952750.0,1453008000.0,4098233292.0,-8.0,-19.373,176964000.0,1.058,1.0,604195000.0,0.427,0.0,76196000.0,4239479000.0,3782163750.0,431220000.0,320474000.0,12043000.0,308431000.0,1650598000.0,165476000.0,1485122000.0,2928613292.0,7564000.0,-200261000.0,0.0,55848000.0,-19430000.0,34590000.0,-401014000.0,0.0,373988000.0,0.0,-380789000.0,-380789000.0,-380789000.0,0.0,0.0,-0.269,1012165000.0,-407970000.0,28568000.0,-1.0,2.016,-7.691,-145.833,2030576000.0,0.0,17.5,2.069,2.068,53250000.0,121675000.0,1415604000.0,1415604000.0,63715000.0,-0.129,-0.278,-0.129,-0.344,0.0,47871000.0,1.0,167349331.0,167297000,167303000.0,8.462,3208580000.0,0.0,-182699000.0,0.0,19.179,342646000.0
90,NEM,MRT,1998-12-31,1998-12-31,1998-12-31,2021-07-22,0.0,1534954000.0,3019621750.0,17576000.0,1517378000.0,0.488,4.666,-216025000.0,5694000.0,5694000.0,824858000.0,-393383000.0,0.115,1.069,640000000.0,0.0,640000000.0,640000000.0,0.0,289067000.0,0.0,0.007,0.12,-495436000.0,-206369000.0,-0.14,-206369000.0,-495436000.0,-574259000.0,-0.2,-0.2,-0.2,741888000.0,1410153750.0,741888000.0,4228025409.0,-9.0,-20.488,157488000.0,0.99,1.0,650055000.0,0.441,0.0,78823000.0,2016194000.0,3802360000.0,8181000.0,0.0,0.0,0.0,793066000.0,153066000.0,640000000.0,3051694409.0,-67146000.0,-204798000.0,0.0,212000.0,-19105000.0,-19836000.0,-420823000.0,0.0,373513000.0,0.0,-393383000.0,-393383000.0,-393383000.0,0.0,0.0,-0.267,1033117000.0,-383062000.0,147281000.0,-0.6,4.113,-7.758,-91.25,1430260000.0,0.0,18.25,2.069,1.968,159000.0,111186000.0,1474913000.0,1474913000.0,68373000.0,-0.13,-0.279,-0.13,-0.336,0.0,49724000.0,1.0,167216132.0,159010000,159023000.0,9.276,1534954000.0,61572000.0,-180876000.0,5785000.0,9.653,-135490000.0
91,NEM,MRT,1998-09-30,1998-09-30,1998-09-30,2021-07-22,0.0,3505263000.0,3539378750.0,531090000.0,2974173000.0,0.434,10.49,-124949000.0,55374000.0,55374000.0,837462000.0,66677000.0,2.251,1.026,1231705000.0,51568000.0,1180137000.0,1231705000.0,0.0,19655000.0,0.0,0.005,0.12,147381000.0,167036000.0,0.109,167036000.0,147381000.0,68192000.0,0.43,0.43,0.43,1641885000.0,1622453500.0,1641885000.0,4972281378.0,34.0,29.768,32588000.0,0.208,1.0,697428000.0,0.454,0.0,79189000.0,4445607000.0,4378736750.0,329403000.0,11234000.0,11234000.0,0.0,1684204000.0,235987000.0,1448217000.0,3795422378.0,40313000.0,-203932000.0,-11556000.0,-129607000.0,35757000.0,211353000.0,-328577000.0,0.0,157537000.0,0.0,66677000.0,66677000.0,66677000.0,0.0,0.0,0.043,447460000.0,249968000.0,39425000.0,0.279,2.312,56.923,56.395,2542376000.0,0.0,24.25,2.473,2.473,30207000.0,572811000.0,1534890000.0,1534890000.0,75659000.0,0.019,0.041,0.034,0.096,0.0,54311000.0,1.0,156512263.0,156518000,156518000.0,9.806,3505263000.0,0.0,1515000.0,0.0,22.395,295103000.0
92,NEM,MRT,1998-06-30,1998-06-30,1998-06-30,2021-07-22,0.0,3514120000.0,,602867000.0,2911253000.0,,10.472,-178636000.0,54134000.0,54134000.0,812240000.0,103726000.0,2.287,1.046,1230993000.0,56132000.0,1174861000.0,1230993000.0,0.0,17116000.0,0.0,0.009,0.21,203601000.0,220717000.0,0.14,220717000.0,203601000.0,124831000.0,0.67,0.67,0.67,1639030000.0,,1639030000.0,4841492775.0,24.0,21.935,-23322000.0,-0.149,1.0,764846000.0,0.485,0.0,78770000.0,4427375000.0,,386235000.0,11180000.0,11180000.0,0.0,1714077000.0,263604000.0,1450473000.0,3698384775.0,33084000.0,-158101000.0,0.0,-115299000.0,21290000.0,220206000.0,-342436000.0,0.0,155314000.0,0.0,103726000.0,103726000.0,103726000.0,0.0,0.0,0.066,457722000.0,307124000.0,38973000.0,0.313,2.256,35.655,35.269,2554409000.0,0.0,23.63,2.345,2.345,24501000.0,570535000.0,1577086000.0,1577086000.0,78538000.0,,,,0.129,0.0,58782000.0,1.0,156512263.0,156508000,156508000.0,10.077,3514120000.0,0.0,21105000.0,0.0,22.453,339263000.0
93,NEM,MRT,1998-03-31,1998-03-31,1998-03-31,2021-07-22,0.0,3524150000.0,,562413000.0,2961737000.0,,10.339,-200677000.0,64482000.0,64482000.0,816346000.0,14478000.0,1.621,1.084,1207590000.0,72729000.0,1134861000.0,1207590000.0,0.0,11705000.0,0.0,0.01,0.3,79379000.0,91084000.0,0.056,91084000.0,79379000.0,601000.0,0.09,0.09,0.09,1617812000.0,,1617812000.0,5884036031.0,74.0,64.6,-80750000.0,-0.516,1.0,811868000.0,0.499,0.0,78778000.0,4320264000.0,,339147000.0,9090000.0,9090000.0,0.0,1753426000.0,346994000.0,1406432000.0,4781786031.0,22299000.0,-80032000.0,0.0,-138209000.0,7248000.0,183640000.0,-281268000.0,0.0,119927000.0,0.0,14478000.0,14478000.0,14478000.0,0.0,0.0,0.009,631429000.0,180439000.0,55868000.0,3.333,2.956,330.279,339.556,2557033000.0,0.0,30.56,2.937,2.937,43204000.0,549530000.0,1628214000.0,1628214000.0,90978000.0,,,,0.049,0.0,64217000.0,1.0,156472056.0,156480000,156480000.0,10.405,3524150000.0,0.0,-13877000.0,0.0,22.521,215419000.0
94,NEM,MRT,1997-12-31,1997-12-31,1997-12-31,2021-07-22,0.0,3613982000.0,3448056000.0,641370000.0,2972612000.0,0.472,10.183,-249913000.0,146232000.0,146232000.0,790545000.0,68377000.0,1.626,1.166,1248482000.0,69072000.0,1179410000.0,1248482000.0,0.0,95000.0,0.0,0.013,0.39,137544000.0,137639000.0,0.085,137639000.0,137544000.0,60477000.0,0.44,0.44,0.44,1591087000.0,1576919500.0,1591087000.0,,,,-252416000.0,-1.616,1.0,837447000.0,0.514,0.0,77067000.0,4321701000.0,4101812500.0,513994000.0,89651000.0,12790000.0,76861000.0,1854625000.0,394531000.0,1460094000.0,4597149005.0,12289000.0,0.0,0.0,-42794000.0,0.0,272199000.0,-257407000.0,0.0,-2503000.0,0.0,68377000.0,68377000.0,68377000.0,0.0,0.0,0.042,628465000.0,208982000.0,83101000.0,0.886,2.889,67.232,66.773,2598809000.0,0.0,29.38,2.824,2.82,52410000.0,523697000.0,1627992000.0,1627992000.0,98420000.0,0.02,0.043,0.034,0.084,0.0,66380000.0,1.0,156472056.0,156243000,156347000.0,10.42,3613982000.0,0.0,-7900000.0,0.0,23.131,246839000.0
95,NEM,MRT,1997-09-30,1997-09-30,1997-09-30,2021-07-22,,,,,,,,,,,,,,,,,,,,,,0.011,0.48,,,,,,,,,,,,,,,,,,1.0,,,,,,,,,,,,,,,,,,,,,,,,,,,,,,,,,,,,,,,,45.0,,,,,,,,,,,,,,1.0,,156331000,,,,,,,,
96,NEM,MRT,1997-06-30,1997-06-30,1997-06-30,2021-07-22,,,,,,,,,,,,,,,,,,,,,,0.012,0.48,,,,,,,,,,,,,,,,,,1.0,,,,,,,,,,,,,,,,,,,,,,,,,,,,,,,,,,,,,,,,39.0,,,,,,,,,,,,,,1.0,,156121000,,,,,,,,
97,NEM,MRT,1997-03-31,1997-03-31,1997-03-31,2021-07-22,,,,,,,,,,,,,,,,,,,,,,0.012,0.48,,,,,,,,,,,,,,,,,,1.0,,,,,,,,,,,,,,,,,,,,,,,,,,,,,,,,,,,,,,,,38.75,,,,,,,,,,,,,,1.0,,156073000,,,,,,,,
98,NEM,MRT,1996-12-31,1996-12-31,1996-12-31,2021-07-22,0.0,3282130000.0,,600988000.0,2681142000.0,,10.045,-547757000.0,227053000.0,227053000.0,652305000.0,98601000.0,2.16,1.034,1105106000.0,65231000.0,1039875000.0,1105106000.0,0.0,204081000.0,0.0,0.011,0.48,141271000.0,345352000.0,0.304,345352000.0,141271000.0,82652000.0,0.63,0.63,0.63,1562752000.0,,1562752000.0,,,,-340149000.0,-2.186,1.0,482821000.0,0.425,0.0,58619000.0,3881924000.0,,279315000.0,12724000.0,12724000.0,0.0,1615169000.0,278259000.0,1336910000.0,,132059000.0,-3684000.0,265449000.0,267427000.0,-54305000.0,478227000.0,-553776000.0,0.0,207608000.0,0.0,98601000.0,98601000.0,98601000.0,0.0,0.0,0.087,385136000.0,97685000.0,72135000.0,0.762,,,71.032,2391872000.0,0.0,44.75,,6.133,29663000.0,509773000.0,1135126000.0,1135126000.0,92863000.0,,,,0.124,0.0,65671000.0,1.0,,155573000,155573000.0,7.296,3282130000.0,0.0,-15949000.0,0.0,21.097,322729000.0
99,NEM,MRT,1995-12-31,1995-12-31,1995-12-31,2021-07-22,,,,,,,,-520913000.0,,,533631000.0,147684000.0,,,,,,,,186785000.0,,0.011,0.48,224765000.0,411550000.0,0.361,411550000.0,224765000.0,177666000.0,0.95,0.95,0.95,,,,,,,-257417000.0,-1.795,1.0,607591000.0,0.532,,47099000.0,,,,,,,,,,,-99802000.0,-30543000.0,8034000.0,138296000.0,-48391000.0,76703000.0,-440001000.0,119799000.0,263496000.0,0.0,147684000.0,136527000.0,136527000.0,0.0,0.0,0.12,405612000.0,201979000.0,,0.505,,,47.768,,11157000.0,45.38,,5.701,,,1141222000.0,1141222000.0,91748000.0,,,,0.197,0.0,62861000.0,1.0,,143379000,143379000.0,7.959,,,29982000.0,,,
