None,ticker,dimension,calendardate,datekey,reportperiod,lastupdated,accoci,assets,assetsavg,assetsc,assetsnc,assetturnover,bvps,capex,cashneq,cashnequsd,cor,consolinc,currentratio,de,debt,debtc,debtnc,debtusd,deferredrev,depamor,deposits,divyield,dps,ebit,ebitda,ebitdamargin,ebitdausd,ebitusd,ebt,eps,epsdil,epsusd,equity,equityavg,equityusd,ev,evebit,evebitda,fcf,fcfps,fxusd,gp,grossmargin,intangibles,intexp,invcap,invcapavg,inventory,investments,investmentsc,investmentsnc,liabilities,liabilitiesc,liabilitiesnc,marketcap,ncf,ncfbus,ncfcommon,ncfdebt,ncfdiv,ncff,ncfi,ncfinv,ncfo,ncfx,netinc,netinccmn,netinccmnusd,netincdis,netincnci,netmargin,opex,opinc,payables,payoutratio,pb,pe,pe1,ppnenet,prefdivis,price,ps,ps1,receivables,retearn,revenue,revenueusd,rnd,roa,roe,roic,ros,sbcomp,sgna,sharefactor,sharesbas,shareswa,shareswadil,sps,tangibles,taxassets,taxexp,taxliabilities,tbvps,workingcapital
0,CMA,ARY,2020-12-31,2021-02-09,2020-12-31,2021-09-07,168000000,88129000000,83123500000,,,0.029,57.795,-79000000.0,15767000000,15767000000,0.0,474000000.0,,9.948,5728000000,,,5728000000,0,108000000.0,72869000000,0.043,2.72,591000000.0,699000000.0,0.294,699000000.0,591000000.0,591000000.0,3.29,3.27,3.29,8050000000,7782000000,8050000000,-1283479526,-2.0,-1.836,849000000.0,6.095,1.0,2375000000.0,1.0,0,0.0,78090000000,78970500000,0,66543000000,,,80079000000,,,8755520474,9949000000.0,0.0,-195000000.0,-1746000000.0,-383000000.0,13623000000.0,-4602000000.0,-4549000000.0,928000000.0,0.0,474000000.0,459000000.0,459000000.0,0.0,0.0,0.193,1784000000.0,591000000.0,0,0.827,1.088,19.075,19.106,459000000,15000000.0,62.86,3.687,3.687,0,9623000000,2375000000.0,2375000000.0,0.0,0.006,0.059,0.007,0.249,24000000.0,1224000000.0,1.0,139286040,139286040,,17.051,88129000000,0,117000000.0,0,632.72,
1,CMA,ARY,2019-12-31,2020-02-11,2019-12-31,2021-09-07,-235000000,73402000000,72369250000,,,0.045,51.837,-86000000.0,5818000000,5818000000,0.0,1198000000.0,,9.018,7340000000,,,7340000000,0,114000000.0,57295000000,0.043,2.68,1532000000.0,1646000000.0,0.503,1646000000.0,1532000000.0,1532000000.0,7.95,7.87,7.95,7327000000,7314750000,7327000000,10317964629,7.0,6.269,1004000000.0,7.103,1.0,3275000000.0,1.0,0,0.0,74924000000,75814000000,0,62285000000,,,66075000000,,,8795964629,1257000000.0,0.0,-1376000000.0,1077000000.0,-402000000.0,661000000.0,-494000000.0,-421000000.0,1090000000.0,0.0,1198000000.0,1191000000.0,1191000000.0,0.0,0.0,0.364,1743000000.0,1532000000.0,0,0.337,1.2,7.385,7.828,457000000,7000000.0,62.23,2.686,2.686,0,9538000000,3275000000.0,3275000000.0,0.0,0.016,0.163,0.02,0.468,39000000.0,1224000000.0,1.0,141346049,141346049,,23.17,73402000000,0,334000000.0,0,519.307,
2,CMA,ARY,2018-12-31,2019-02-12,2018-12-31,2021-09-07,-609000000,70818000000,71647000000,,,0.046,47.214,-90000000.0,4561000000,4561000000,0.0,1235000000.0,,8.434,6507000000,,,6507000000,0,120000000.0,55561000000,0.022,1.84,1535000000.0,1655000000.0,0.497,1655000000.0,1535000000.0,1535000000.0,7.31,7.2,7.31,7507000000,7843000000,7507000000,15343383310,10.0,9.271,1526000000.0,9.597,1.0,3329000000.0,1.0,0,0.0,72764000000,71996000000,0,61671000000,,,63311000000,,,13397383310,-1284000000.0,0.0,-1286000000.0,1884000000.0,-263000000.0,-1744000000.0,-1156000000.0,-1081000000.0,1616000000.0,0.0,1235000000.0,1227000000.0,1227000000.0,0.0,0.0,0.369,1794000000.0,1535000000.0,0,0.252,1.785,10.919,11.527,475000000,8000000.0,84.26,4.024,4.024,0,8781000000,3329000000.0,3329000000.0,0.0,0.017,0.156,0.021,0.461,48000000.0,1057000000.0,1.0,159000514,159000514,,20.937,70818000000,0,300000000.0,0,445.395,
3,CMA,ARY,2017-12-31,2018-02-15,2017-12-31,2021-09-07,-451000000,71567000000,72001750000,,,0.043,46.079,-69000000.0,5845000000,5845000000,0.0,743000000.0,,7.987,4632000000,,,4632000000,0,121000000.0,57903000000,0.011,1.09,1234000000.0,1355000000.0,0.438,1355000000.0,1234000000.0,1234000000.0,4.23,4.14,4.23,7963000000,7978000000,7963000000,15665674425,13.0,11.561,1034000000.0,5.983,1.0,3094000000.0,1.0,0,0.0,70354000000,70666000000,0,60761000000,,,63604000000,,,16878674425,-1373000000.0,0.0,-442000000.0,-531000000.0,-180000000.0,-2338000000.0,-138000000.0,-94000000.0,1103000000.0,0.0,743000000.0,738000000.0,738000000.0,0.0,0.0,0.239,1860000000.0,1234000000.0,0,0.258,2.12,22.871,23.09,466000000,5000000.0,97.67,5.455,5.455,0,7887000000,3094000000.0,3094000000.0,0.0,0.01,0.093,0.017,0.399,39000000.0,957000000.0,1.0,172813294,172813294,,17.904,71567000000,0,491000000.0,0,414.129,
4,CMA,ARY,2016-12-31,2017-02-15,2016-12-31,2021-09-07,-383000000,72978000000,71847250000,,,0.036,44.331,-95000000.0,7218000000,7218000000,0.0,477000000.0,,8.361,5185000000,,,5185000000,0,121000000.0,58985000000,0.012,0.89,670000000.0,791000000.0,0.304,791000000.0,670000000.0,670000000.0,2.74,2.68,2.74,7796000000,7715250000,7796000000,10846894923,16.0,13.713,398000000.0,2.263,1.0,2600000000.0,1.0,0,0.0,70945000000,71415500000,0,60819000000,,,65182000000,,,12879894923,1071000000.0,0.0,-158000000.0,2152000000.0,-152000000.0,848000000.0,-270000000.0,-195000000.0,493000000.0,0.0,477000000.0,473000000.0,473000000.0,0.0,0.0,0.182,1930000000.0,670000000.0,0,0.325,1.652,27.23,26.73,501000000,4000000.0,73.24,4.954,4.954,0,7331000000,2600000000.0,2600000000.0,0.0,0.007,0.061,0.009,0.258,25000000.0,1014000000.0,1.0,175858751,175858751,,14.785,72978000000,0,193000000.0,0,414.981,
5,CMA,ARY,2015-12-31,2016-02-26,2015-12-31,2021-09-07,-429000000,71877000000,70542500000,,,0.037,43.23,-119000000.0,6147000000,6147000000,0.0,521000000.0,,8.508,3081000000,,,3081000000,0,118000000.0,59853000000,0.024,0.83,750000000.0,868000000.0,0.335,868000000.0,750000000.0,750000000.0,2.93,2.84,2.93,7560000000,7551250000,7560000000,3047737117,4.0,3.511,743000000.0,4.249,1.0,2592000000.0,1.0,0,0.0,68811000000,67212250000,0,61063000000,,,64317000000,,,6113737117,76000000.0,0.0,-218000000.0,317000000.0,-147000000.0,2469000000.0,-3255000000.0,-3153000000.0,862000000.0,0.0,521000000.0,515000000.0,515000000.0,0.0,0.0,0.199,1842000000.0,750000000.0,0,0.283,0.809,11.871,11.932,550000000,6000000.0,34.96,2.359,2.359,0,7084000000,2592000000.0,2592000000.0,0.0,0.007,0.068,0.011,0.289,35000000.0,1062000000.0,1.0,174878064,174878064,,14.822,71877000000,0,229000000.0,0,411.012,
6,CMA,ARY,2014-12-31,2015-02-17,2014-12-31,2021-09-07,-412000000,69190000000,67270750000,,,0.037,41.5,-70000000.0,6071000000,6071000000,0.0,593000000.0,,8.347,2795000000,,,2795000000,0,123000000.0,57486000000,0.017,0.79,870000000.0,993000000.0,0.398,993000000.0,870000000.0,870000000.0,3.28,3.16,3.28,7402000000,7371750000,7402000000,5040898542,6.0,5.076,569000000.0,3.19,1.0,2496000000.0,1.0,0,0.0,65914000000,64466750000,0,58149000000,,,61788000000,,,8316898542,-380000000.0,0.0,-211000000.0,-947000000.0,-137000000.0,2724000000.0,-3743000000.0,-3694000000.0,639000000.0,0.0,593000000.0,586000000.0,586000000.0,0.0,0.0,0.235,1658000000.0,838000000.0,0,0.241,1.124,14.193,14.216,532000000,7000000.0,46.63,3.332,3.332,0,6744000000,2496000000.0,2496000000.0,0.0,0.009,0.079,0.013,0.349,31000000.0,1037000000.0,1.0,178359394,178359394,,13.994,69190000000,0,277000000.0,0,387.925,
7,CMA,ARY,2013-12-31,2014-02-14,2013-12-31,2021-09-07,-391000000,65227000000,64432250000,,,0.038,39.287,-102000000.0,6451000000,6451000000,0.0,541000000.0,,8.119,3796000000,,,3796000000,0,122000000.0,53292000000,0.014,0.68,730000000.0,852000000.0,0.347,852000000.0,730000000.0,730000000.0,2.92,2.85,2.92,7153000000,7005250000,7153000000,6017067926,8.0,7.062,734000000.0,4.031,1.0,2452000000.0,1.0,0,0.0,62572000000,62686000000,0,54291000000,,,58074000000,,,8672067926,1917000000.0,0.0,-258000000.0,-937000000.0,-123000000.0,-93000000.0,1174000000.0,1214000000.0,836000000.0,0.0,541000000.0,533000000.0,533000000.0,0.0,0.0,0.217,1722000000.0,730000000.0,0,0.233,1.212,16.27,16.312,594000000,8000000.0,47.63,3.537,3.537,0,6321000000,2452000000.0,2452000000.0,0.0,0.008,0.076,0.012,0.298,32000000.0,1069000000.0,1.0,182071550,182071550,,13.467,65227000000,0,189000000.0,0,358.249,
8,CMA,ARY,2012-12-31,2013-02-19,2012-12-31,2021-09-07,-413000000,65359000000,63479000000,,,0.039,36.991,0.0,4534000000,4534000000,0.0,521000000.0,,8.415,4830000000,,,4830000000,0,133000000.0,52202000000,0.016,0.55,710000000.0,843000000.0,0.342,843000000.0,710000000.0,710000000.0,2.68,2.67,2.68,6942000000,7009750000,6942000000,6939465856,10.0,8.232,754000000.0,4.018,1.0,2467000000.0,1.0,0,0.0,65655000000,64200500000,0,55850000000,,,58417000000,,,6643465856,978000000.0,0.0,-308000000.0,-153000000.0,-97000000.0,3962000000.0,-3738000000.0,-3687000000.0,754000000.0,0.0,521000000.0,515000000.0,515000000.0,0.0,0.0,0.209,1757000000.0,710000000.0,0,0.205,0.957,12.9,13.209,622000000,6000000.0,35.4,2.693,2.693,0,5931000000,2467000000.0,2467000000.0,0.0,0.008,0.073,0.011,0.288,36000000.0,1083000000.0,1.0,187668527,187668527,,13.146,65359000000,0,189000000.0,0,348.268,
9,CMA,ARY,2011-12-31,2012-02-21,2011-12-31,2021-09-07,-356000000,61008000000,57763500000,,,0.04,34.752,-121000000.0,3556000000,3556000000,0.0,393000000.0,,7.883,5014000000,,,5014000000,0,122000000.0,47755000000,0.013,0.4,530000000.0,652000000.0,0.284,652000000.0,530000000.0,530000000.0,2.11,2.09,2.11,6868000000,6433500000,6868000000,7535031726,14.0,11.557,781000000.0,3.952,1.0,2292000000.0,1.0,0,0.0,62466000000,59014500000,0,52206000000,,,54140000000,,,6077031726,1473000000.0,721000000.0,-112000000.0,-1586000000.0,-73000000.0,1526000000.0,-955000000.0,-1555000000.0,902000000.0,0.0,393000000.0,389000000.0,389000000.0,0.0,0.0,0.17,1762000000.0,530000000.0,0,0.19,0.885,15.622,14.573,675000000,4000000.0,30.75,2.651,2.651,0,5546000000,2292000000.0,2292000000.0,0.0,0.007,0.06,0.009,0.231,36000000.0,1084000000.0,1.0,197627048,197627048,,11.598,61008000000,0,137000000.0,0,308.703,
10,CMA,ARY,2010-12-31,2011-02-28,2010-12-31,2021-09-07,-389000000,53667000000,55415500000,,,0.035,32.772,-92000000.0,2083000000,2083000000,0.0,277000000.0,,8.264,6277000000,,,6277000000,0,124000000.0,40471000000,0.006,0.25,332000000.0,456000000.0,0.233,456000000.0,332000000.0,332000000.0,0.9,0.88,0.9,5793000000,5777500000,5793000000,11070241940,33.0,24.277,1194000000.0,6.755,1.0,1955000000.0,1.0,0,0.0,57861000000,60032250000,0,47036000000,,,47874000000,,,6876241940,-3534000000.0,0.0,850000000.0,-5326000000.0,-34000000.0,-6026000000.0,1206000000.0,1298000000.0,1286000000.0,0.0,277000000.0,153000000.0,153000000.0,-17000000.0,0.0,0.078,1640000000.0,315000000.0,0,0.278,1.187,44.943,43.222,630000000,124000000.0,38.9,3.517,3.517,0,5247000000,1955000000.0,1955000000.0,0.0,0.003,0.026,0.006,0.17,31000000.0,1017000000.0,1.0,176767145,176767145,,11.06,53667000000,0,55000000.0,0,303.603,
11,CMA,ARY,2009-12-31,2010-02-25,2009-12-31,2021-09-07,-336000000,59249000000,62459750000,,,0.025,46.496,-74000000.0,5617000000,5617000000,0.0,17000000.0,,7.429,11533000000,,,11533000000,0,122000000.0,39665000000,0.006,0.2,-249000000.0,-127000000.0,-0.083,-127000000.0,-249000000.0,-249000000.0,-0.79,-0.79,-0.79,7029000000,7085000000,7029000000,11326525906,-45.0,-89.185,17000000.0,0.112,1.0,1535000000.0,1.0,0,0.0,65165000000,71668250000,0,48730000000,,,52220000000,,,5410525906,2194000000.0,7000000.0,-1000000.0,-5170000000.0,-72000000.0,-7366000000.0,9469000000.0,9536000000.0,91000000.0,0.0,-118000000.0,-118000000.0,-118000000.0,-1000000.0,135000000.0,-0.077,1650000000.0,-115000000.0,0,-0.253,0.77,-45.852,-45.304,644000000,0.0,35.79,3.525,3.525,0,5161000000,1535000000.0,1535000000.0,0.0,-0.002,-0.017,-0.003,-0.162,32000000.0,996000000.0,1.0,151174236,151174236,,10.154,59249000000,0,-131000000.0,0,391.925,
12,CMA,ARY,2008-12-31,2009-02-24,2008-12-31,2021-09-07,-309000000,67548000000,66430250000,,,0.03,47.298,-166000000.0,3423000000,3423000000,0.0,213000000.0,,8.445,16816000000,,,16816000000,0,114000000.0,41955000000,0.154,2.31,272000000.0,386000000.0,0.191,386000000.0,272000000.0,272000000.0,1.31,1.29,1.31,7152000000,5647750000,7152000000,15661184140,58.0,40.573,696000000.0,4.603,1.0,2022000000.0,1.0,0,0.0,80941000000,80797500000,0,59094000000,,,60396000000,,,2268184140,1909000000.0,0.0,0.0,4908000000.0,-395000000.0,4464000000.0,-3417000000.0,-3251000000.0,862000000.0,0.0,213000000.0,196000000.0,196000000.0,-1000000.0,0.0,0.097,1751000000.0,271000000.0,0,1.763,0.317,11.572,11.45,683000000,17000000.0,15.0,1.122,1.122,0,5345000000,2022000000.0,2022000000.0,0.0,0.003,0.035,0.003,0.135,51000000.0,1037000000.0,1.0,151212276,151212276,,13.372,67548000000,0,59000000.0,0,446.71,
13,CMA,ARY,2007-12-31,2008-02-26,2007-12-31,2021-09-07,-177000000,62331000000,59612500000,,,0.045,33.997,-189000000.0,1476000000,1476000000,0.0,686000000.0,,11.181,11676000000,,,11676000000,0,96000000.0,44278000000,0.066,2.56,992000000.0,1088000000.0,0.406,1088000000.0,992000000.0,992000000.0,4.49,4.43,4.49,5117000000,5083000000,5117000000,16074559508,16.0,14.774,825000000.0,5.481,1.0,2679000000.0,1.0,0,0.0,72531000000,67561250000,0,56855000000,,,57214000000,,,5874559508,6000000.0,3000000.0,-491000000.0,4970000000.0,-390000000.0,2803000000.0,-3811000000.0,-3625000000.0,1014000000.0,0.0,686000000.0,686000000.0,686000000.0,-4000000.0,0.0,0.256,1691000000.0,988000000.0,0,0.57,1.148,8.563,8.693,650000000,0.0,39.03,2.193,2.193,0,5497000000,2679000000.0,2679000000.0,0.0,0.012,0.135,0.015,0.37,50000000.0,1097000000.0,1.0,150513951,150513951,,17.799,62331000000,0,306000000.0,0,414.121,
14,CMA,ARY,2006-12-31,2007-02-27,2006-12-31,2021-09-07,-324000000,58001000000,57499000000,,,0.049,32.685,-163000000.0,4066000000,4066000000,0.0,893000000.0,,10.256,6640000000,,,6640000000,0,84000000.0,44927000000,0.039,2.36,1238000000.0,1322000000.0,0.472,1322000000.0,1238000000.0,1238000000.0,5.57,5.49,5.57,5153000000,5161000000,5153000000,12129433123,10.0,9.175,812000000.0,5.151,1.0,2801000000.0,1.0,0,0.0,60575000000,61858750000,0,50927000000,,,52848000000,,,9555433123,-175000000.0,43000000.0,-339000000.0,2353000000.0,-377000000.0,4142000000.0,-1663000000.0,-3730000000.0,975000000.0,0.0,893000000.0,893000000.0,893000000.0,-111000000.0,0.0,0.319,1674000000.0,1127000000.0,0,0.424,1.854,10.7,10.882,568000000,0.0,60.61,3.411,3.411,0,5282000000,2801000000.0,2801000000.0,0.0,0.016,0.173,0.02,0.442,48000000.0,1062000000.0,1.0,157654399,157654399,,17.767,58001000000,0,345000000.0,0,367.9,
15,CMA,ARY,2005-12-31,2006-03-03,2005-12-31,2021-09-07,-170000000,53013000000,53890250000,,,0.055,31.134,-132000000.0,1609000000,1609000000,0.0,861000000.0,,9.46,4322000000,,,4322000000,0,73000000.0,42431000000,0.039,2.2,1279000000.0,1352000000.0,0.459,1352000000.0,1279000000.0,1279000000.0,5.17,5.11,5.17,5068000000,5076500000,5068000000,11978510970,9.0,8.86,714000000.0,4.386,1.0,2945000000.0,1.0,0,0.0,55726000000,56621500000,0,48130000000,,,47945000000,,,9265510970,470000000.0,97000000.0,-474000000.0,-182000000.0,-366000000.0,502000000.0,2115000000.0,-2958000000.0,846000000.0,0.0,861000000.0,861000000.0,861000000.0,0.0,0.0,0.292,1666000000.0,1279000000.0,0,0.426,1.828,10.761,11.01,510000000,0.0,56.92,3.146,3.146,0,4796000000,2945000000.0,2945000000.0,0.0,0.016,0.17,0.023,0.434,45000000.0,1060000000.0,1.0,162781289,162781289,,18.092,53013000000,0,418000000.0,0,325.67,
16,CMA,ARY,2004-12-31,2005-03-03,2004-12-31,2021-09-07,-69000000,51766000000,53434000000,,,0.049,29.995,-95000000.0,1139000000,1139000000,0.0,757000000.0,,9.14,4536000000,,,4536000000,0,71000000.0,40936000000,0.036,2.08,1110000000.0,1181000000.0,0.454,1181000000.0,1110000000.0,1110000000.0,4.41,4.36,4.41,5105000000,5042000000,5105000000,13151002736,12.0,11.135,933000000.0,5.482,1.0,2603000000.0,1.0,0,0.0,55163000000,56610000000,0,47343000000,,,46661000000,,,9754002736,-388000000.0,8000000.0,-298000000.0,-523000000.0,-357000000.0,-1705000000.0,677000000.0,-301000000.0,1028000000.0,0.0,757000000.0,757000000.0,757000000.0,0.0,0.0,0.291,1493000000.0,1110000000.0,0,0.472,1.911,12.885,12.995,415000000,0.0,57.31,3.747,3.747,0,4331000000,2603000000.0,2603000000.0,0.0,0.014,0.15,0.02,0.426,34000000.0,977000000.0,1.0,170197221,170197221,,15.294,51766000000,0,353000000.0,0,304.153,
17,CMA,ARY,2003-12-31,2004-03-09,2003-12-31,2021-09-07,74000000,52592000000,55479750000,,,0.044,29.29,-59000000.0,1527000000,1527000000,0.0,661000000.0,,9.292,5090000000,,,5090000000,0,70000000.0,41463000000,0.035,1.5,953000000.0,1023000000.0,0.42,1023000000.0,953000000.0,953000000.0,3.78,3.75,3.78,5110000000,5073000000,5110000000,13582366730,14.0,13.277,1262000000.0,7.234,1.0,2436000000.0,1.0,0,0.0,56155000000,58318750000,0,48001000000,,,47482000000,,,10019366730,-375000000.0,0.0,-11000000.0,-648000000.0,-347000000.0,-1313000000.0,-1630000000.0,1306000000.0,1321000000.0,0.0,661000000.0,661000000.0,661000000.0,0.0,0.0,0.271,1483000000.0,953000000.0,0,0.529,1.961,15.158,15.193,374000000,0.0,57.43,4.113,4.113,0,3973000000,2436000000.0,2436000000.0,0.0,0.012,0.13,0.016,0.391,0.0,958000000.0,1.0,174462245,174462245,,13.963,52592000000,0,292000000.0,0,301.452,
18,CMA,ARY,2002-12-31,2003-03-31,2002-12-31,2021-09-07,237000000,53301000000,51669000000,,,0.046,28.243,-80000000.0,1902000000,1902000000,0.0,601000000.0,,9.774,5789000000,,,5789000000,0,61000000.0,41775000000,0.051,1.94,882000000.0,943000000.0,0.393,943000000.0,882000000.0,882000000.0,3.43,3.4,3.43,4947000000,4880250000,4947000000,10522102468,12.0,11.158,1148000000.0,6.554,1.0,2397000000.0,1.0,0,0.0,57188000000,56207000000,0,46989000000,,,48354000000,,,6635102468,-23000000.0,8000000.0,-160000000.0,-1891000000.0,-331000000.0,1830000000.0,-1436000000.0,-455000000.0,1228000000.0,0.0,601000000.0,601000000.0,601000000.0,0.0,0.0,0.251,1515000000.0,882000000.0,0,0.566,1.341,11.04,11.044,371000000,0.0,37.88,2.768,2.768,0,3684000000,2397000000.0,2397000000.0,0.0,0.012,0.123,0.016,0.368,0.0,906000000.0,1.0,175161100,175161100,,13.685,53301000000,0,281000000.0,0,304.297,
19,CMA,ARY,2001-12-31,2002-04-01,2001-12-31,2021-09-07,225617000,50731973000,50005956750,,,0.053,26.897,-68206000.0,1925262000,1925262000,0.0,709578000.0,,9.553,7517363000,,,7517363000,0,97845000.0,37570379000,0.022,1.36,1099029000.0,1196874000.0,0.448,1196874000.0,1099029000.0,1099029000.0,3.93,3.88,3.93,4807464000,4756155750,4807464000,16696922207,15.0,13.95,932824000.0,5.219,1.0,2669670000.0,1.0,0,0.0,56324074000,55343101500,0,45910771000,,,45924509000,,,11104821207,-5420000.0,45463000.0,-55344000.0,-2956430000.0,-314052000.0,128039000.0,-1134489000.0,-944069000.0,1001030000.0,0.0,697970000.0,697970000.0,697970000.0,0.0,11608000.0,0.261,1559033000.0,1110637000.0,0,0.346,2.31,15.91,15.809,352814000,0.0,62.13,4.16,4.16,0,3447974000,2669670000.0,2669670000.0,0.0,0.014,0.147,0.02,0.412,0.0,879761000.0,1.0,178735252,178735252,,14.936,50731973000,0,401059000.0,0,283.839,
20,CMA,ARY,2000-12-31,2001-04-02,2000-12-31,2021-09-07,10565000,41985185000,40899091750,,,0.057,22.473,-30254000.0,1496705000,1496705000,0.0,749326000.0,,9.477,10192847000,,,10192847000,0,90872000.0,27168012000,0.027,1.64,1134271000.0,1225143000.0,0.524,1225143000.0,1134271000.0,1134271000.0,4.68,4.63,4.68,4007266000,3778144500,4007266000,19662368745,17.0,16.049,764999000.0,4.29,1.0,2339741000.0,1.0,0,0.0,50681327000,50599089750,0,38365361000,,,37977919000,,,10966226745,294715000.0,439711000.0,6510000.0,-1198851000.0,-261096000.0,2423172000.0,-2923710000.0,-3333167000.0,795253000.0,0.0,732226000.0,732226000.0,732226000.0,0.0,17100000.0,0.313,1188370000.0,1151371000.0,0,0.35,2.737,14.977,13.141,306753000,0.0,61.5,4.687,4.687,0,2937296000,2339741000.0,2339741000.0,0.0,0.018,0.194,0.022,0.485,0.0,727145000.0,1.0,178312630,178312630,,13.122,41985185000,0,402045000.0,0,235.458,
21,CMA,ARY,1999-12-31,2000-03-30,1999-12-31,2021-09-07,-31702000,38653332000,37334087750,,,0.058,22.099,-34971000.0,1201990000,1201990000,0.0,672589000.0,,10.124,11391698000,,,11391698000,0,90814000.0,23291403000,0.036,1.48,1015972000.0,1106786000.0,0.515,1106786000.0,1015972000.0,1015972000.0,4.2,4.14,4.2,3474644000,3310984250,3474644000,16617396637,16.0,15.014,1001579000.0,6.37,1.0,2150029000.0,1.0,0,0.0,48843040000,46719496750,0,35569231000,,,35178688000,,,6427688637,-571110000.0,0.0,20383000.0,2516951000.0,-235646000.0,1279958000.0,-2887618000.0,-2852647000.0,1036550000.0,0.0,655489000.0,655489000.0,655489000.0,0.0,17100000.0,0.305,1116957000.0,1033072000.0,0,0.352,1.85,9.806,9.733,330728000,0.0,40.88,2.99,2.99,0,2485204000,2150029000.0,2150029000.0,0.0,0.018,0.198,0.022,0.473,0.0,701449000.0,1.0,157233088,157233088,,13.674,38653332000,0,360483000.0,0,245.835,
22,CMA,ARY,1998-12-31,1999-03-29,1998-12-31,2021-09-07,-6455000,36600831000,35629850250,,,0.055,19.376,-35609000.0,1773100000,1773100000,0.0,607076000.0,,11.014,8874747000,,,8874747000,0,88047000.0,24313133000,0.02,1.32,914275000.0,1002322000.0,0.514,1002322000.0,914275000.0,914275000.0,3.79,3.72,3.79,3046613000,2910077750,3046613000,17282505247,19.0,17.242,654316000.0,4.161,1.0,1951419000.0,1.0,0,0.0,43702478000,43089590000,0,32974259000,,,33554218000,,,10180858247,-153987000.0,1878907000.0,-97799000.0,-1631303000.0,-211966000.0,-214252000.0,-629660000.0,-2472958000.0,689925000.0,0.0,589976000.0,589976000.0,589976000.0,0.0,17100000.0,0.302,1020044000.0,931375000.0,0,0.348,3.342,17.256,17.084,352650000,0.0,64.75,5.217,5.217,0,2086589000,1951419000.0,1951419000.0,0.0,0.017,0.203,0.021,0.469,0.0,625450000.0,1.0,157233332,157233332,,12.411,36600831000,0,324299000.0,0,232.78,
23,CMA,ARY,1997-12-31,1998-03-31,1997-12-31,2021-09-07,-1937000,36292398000,35729823000,,,0.051,17.562,-31023000.0,1927087000,1927087000,0.0,530476000.0,,12.141,10497680000,,,10497680000,0,86904000.0,22586317000,0.015,1.073,799642000.0,886546000.0,0.486,886546000.0,799642000.0,799642000.0,2.16,2.127,2.16,2761776000,2685934000,2761776000,19662462499,25.0,22.179,574442000.0,3.653,1.0,1824728000.0,1.0,0,0.0,44862991000,44052820000,0,32679816000,,,33530622000,,,11091869499,25327000.0,0.0,-220674000.0,1733618000.0,-195412000.0,1536676000.0,-2116814000.0,-2085791000.0,605465000.0,0.0,513376000.0,513376000.0,513376000.0,0.0,17100000.0,0.281,1007986000.0,816742000.0,0,0.497,4.016,21.606,32.654,380157000,0.0,70.533,6.079,6.079,0,1731419000,1824728000.0,1824728000.0,0.0,0.014,0.191,0.018,0.438,0.0,600685000.0,1.0,157257129,157257129,,11.603,36292398000,0,286266000.0,0,230.784,
0,CMA,ARQ,2021-06-30,2021-07-29,2021-06-30,2021-09-07,-120000000,88355000000,,,,,59.22,-17000000.0,16501000000,16501000000,0.0,328000000.0,,10.14,2854000000,,,2854000000,0,26000000.0,76066000000,0.039,0.68,421000000.0,447000000.0,0.506,447000000.0,421000000.0,421000000.0,2.35,2.32,2.35,7931000000,,7931000000,-4354037926,-3.0,-2.883,-173000000.0,-1.292,1.0,884000000.0,1.0,0,0.0,74708000000,,0,65596000000,,,80424000000,,,9292962074,1630000000.0,0.0,-443000000.0,0.0,-106000000.0,1105000000.0,681000000.0,680000000.0,-156000000.0,0.0,328000000.0,321000000.0,321000000.0,0.0,0.0,0.363,463000000.0,421000000.0,0,0.289,1.172,8.637,8.942,454000000,7000000.0,69.39,2.873,2.873,0,10202000000,884000000.0,884000000.0,0.0,,,,,7000000.0,328000000.0,1.0,133923650,133923650,,6.601,88355000000,0,93000000.0,0,659.742,
1,CMA,ARQ,2021-03-31,2021-04-28,2021-03-31,2021-09-07,-105000000,86291000000,,,,,58.39,-18000000.0,14871000000,14871000000,0.0,350000000.0,,9.585,2852000000,,,2852000000,0,25000000.0,73807000000,0.037,0.68,448000000.0,473000000.0,0.528,473000000.0,448000000.0,448000000.0,2.46,2.43,2.46,8152000000,,8152000000,-1777006533,-2.0,-1.442,141000000.0,1.01,1.0,895000000.0,1.0,0,0.0,74272000000,,0,65576000000,,,78139000000,,,10241993467,-896000000.0,0.0,2000000.0,-2800000000.0,-95000000.0,-2063000000.0,1008000000.0,1042000000.0,159000000.0,0.0,350000000.0,343000000.0,343000000.0,0.0,0.0,0.383,447000000.0,448000000.0,0,0.276,1.256,11.813,11.794,456000000,7000000.0,73.36,3.494,3.494,0,9975000000,895000000.0,895000000.0,0.0,,,,,22000000.0,333000000.0,1.0,139612779,139612779,,6.411,86291000000,0,98000000.0,0,618.074,
2,CMA,ARQ,2020-12-31,2021-02-09,2020-12-31,2021-09-07,168000000,88129000000,,,,,57.795,-28000000.0,15767000000,15767000000,0.0,215000000.0,,9.948,5728000000,,,5728000000,0,26000000.0,72869000000,0.043,0.68,278000000.0,304000000.0,0.405,304000000.0,278000000.0,278000000.0,1.5,1.49,1.5,8050000000,,8050000000,-1283479526,-2.0,-1.836,180000000.0,1.292,1.0,751000000.0,1.0,0,0.0,78090000000,,0,66543000000,,,80079000000,,,8755520474,4626000000.0,0.0,2000000.0,-10000000.0,-101000000.0,4390000000.0,28000000.0,47000000.0,208000000.0,0.0,215000000.0,209000000.0,209000000.0,0.0,0.0,0.278,473000000.0,278000000.0,0,0.453,1.088,19.075,19.106,459000000,6000000.0,62.86,3.687,3.687,0,9623000000,751000000.0,751000000.0,0.0,,,,,6000000.0,326000000.0,1.0,139286040,139286040,,5.392,88129000000,0,63000000.0,0,632.72,
3,CMA,ARQ,2020-09-30,2020-10-30,2020-09-30,2021-09-07,116000000,83631000000,,,,,56.612,-22000000.0,11141000000,11141000000,0.0,211000000.0,,9.621,5764000000,,,5764000000,0,27000000.0,68459000000,0.06,0.68,259000000.0,286000000.0,0.406,286000000.0,259000000.0,259000000.0,1.45,1.44,1.45,7874000000,,7874000000,952888600,1.0,1.228,-46000000.0,-0.331,1.0,705000000.0,1.0,0,0.0,78254000000,,0,66641000000,,,75757000000,,,6329888600,-2170000000.0,0.0,-3000000.0,-1492000000.0,-91000000.0,-860000000.0,-1286000000.0,-1270000000.0,-24000000.0,0.0,211000000.0,203000000.0,203000000.0,0.0,0.0,0.288,446000000.0,259000000.0,0,0.469,0.804,12.243,12.401,456000000,8000000.0,45.51,2.609,2.609,0,9511000000,705000000.0,705000000.0,0.0,,,,,6000000.0,309000000.0,1.0,139087862,139087862,,5.069,83631000000,0,48000000.0,0,601.282,
4,CMA,ARQ,2020-06-30,2020-07-31,2020-06-30,2021-09-07,158000000,84397000000,,,,,56.114,-14000000.0,13311000000,13311000000,0.0,113000000.0,,9.817,7273000000,,,7273000000,0,29000000.0,67720000000,0.07,0.68,140000000.0,169000000.0,0.291,169000000.0,140000000.0,140000000.0,0.81,0.8,0.81,7802000000,,7802000000,-682204315,-1.0,-0.767,31000000.0,0.223,1.0,580000000.0,1.0,0,0.0,78359000000,,0,65351000000,,,76595000000,,,5355795685,8456000000.0,0.0,2000000.0,-2436000000.0,-96000000.0,8221000000.0,190000000.0,201000000.0,45000000.0,0.0,113000000.0,112000000.0,112000000.0,0.0,0.0,0.193,440000000.0,140000000.0,0,0.84,0.686,8.867,9.171,450000000,1000000.0,38.52,2.119,2.119,0,9404000000,580000000.0,580000000.0,0.0,,,,,4000000.0,298000000.0,1.0,139039348,139039348,,4.171,84397000000,0,27000000.0,0,607.001,
5,CMA,ARQ,2020-03-31,2020-04-29,2020-03-31,2021-09-07,174000000,76337000000,,,,,53.239,-15000000.0,4855000000,4855000000,0.0,-65000000.0,,9.313,9697000000,,,9697000000,0,26000000.0,57366000000,0.072,0.68,-86000000.0,-60000000.0,-0.177,-60000000.0,-86000000.0,-86000000.0,-0.46,-0.46,-0.46,7402000000,,7402000000,10053021193,10.0,8.873,684000000.0,4.92,1.0,339000000.0,1.0,0,0.0,81179000000,,0,65721000000,,,68935000000,,,5211021193,-963000000.0,0.0,-196000000.0,2192000000.0,-95000000.0,1872000000.0,-3534000000.0,-3527000000.0,699000000.0,0.0,-65000000.0,-65000000.0,-65000000.0,0.0,0.0,-0.192,425000000.0,-86000000.0,0,-1.478,0.704,6.605,7.019,454000000,0.0,37.48,1.89,1.89,0,9389000000,339000000.0,339000000.0,0.0,,,,,8000000.0,291000000.0,1.0,139034717,139034717,,2.438,76337000000,0,-21000000.0,0,549.05,
6,CMA,ARQ,2019-12-31,2020-02-11,2019-12-31,2021-09-07,-235000000,73402000000,,,,,51.837,-24000000.0,5818000000,5818000000,0.0,269000000.0,,9.018,7340000000,,,7340000000,0,30000000.0,57295000000,0.043,0.67,351000000.0,381000000.0,0.475,381000000.0,351000000.0,351000000.0,1.87,1.85,1.87,7327000000,,7327000000,10317964629,7.0,6.269,197000000.0,1.394,1.0,802000000.0,1.0,0,0.0,74924000000,,0,62285000000,,,66075000000,,,8795964629,1701000000.0,0.0,-146000000.0,20000000.0,-99000000.0,384000000.0,1096000000.0,1117000000.0,221000000.0,0.0,269000000.0,267000000.0,267000000.0,0.0,0.0,0.333,451000000.0,351000000.0,0,0.358,1.2,7.385,7.828,457000000,2000000.0,62.23,2.686,2.686,0,9538000000,802000000.0,802000000.0,0.0,,,,,2000000.0,311000000.0,1.0,141346049,141346049,,5.674,73402000000,0,82000000.0,0,519.307,
7,CMA,ARQ,2019-09-30,2019-10-30,2019-09-30,2021-09-07,-336000000,72848000000,,,,,49.946,-33000000.0,4117000000,4117000000,0.0,292000000.0,,9.118,7362000000,,,7362000000,0,27000000.0,56809000000,0.039,0.67,372000000.0,399000000.0,0.494,399000000.0,372000000.0,372000000.0,1.98,1.96,1.98,7200000000,,7200000000,12834146298,8.0,7.572,411000000.0,2.851,1.0,807000000.0,1.0,0,0.0,76093000000,,0,63414000000,,,65648000000,,,9589146298,536000000.0,0.0,-369000000.0,-982000000.0,-100000000.0,-139000000.0,231000000.0,261000000.0,444000000.0,0.0,292000000.0,290000000.0,290000000.0,0.0,0.0,0.359,435000000.0,372000000.0,0,0.338,1.332,7.783,8.346,467000000,2000000.0,66.52,2.887,2.887,0,9369000000,807000000.0,807000000.0,0.0,,,,,5000000.0,305000000.0,1.0,144154334,144154334,,5.598,72848000000,0,80000000.0,0,505.347,
8,CMA,ARQ,2019-06-30,2019-08-01,2019-06-30,2021-09-07,-382000000,72537000000,,,,,49.029,-13000000.0,3581000000,3581000000,0.0,298000000.0,,8.905,8291000000,,,8291000000,0,28000000.0,55537000000,0.037,0.67,385000000.0,413000000.0,0.511,413000000.0,385000000.0,385000000.0,1.95,1.94,1.95,7323000000,,7323000000,14927795314,9.0,8.745,372000000.0,2.491,1.0,809000000.0,1.0,0,0.0,77247000000,,0,63622000000,,,65214000000,,,10217795314,100000000.0,0.0,-424000000.0,798000000.0,-104000000.0,1297000000.0,-1582000000.0,-1574000000.0,385000000.0,0.0,298000000.0,297000000.0,297000000.0,0.0,0.0,0.367,424000000.0,385000000.0,0,0.344,1.395,8.122,8.681,470000000,1000000.0,68.41,3.053,3.053,0,9176000000,809000000.0,809000000.0,0.0,,,,,8000000.0,257000000.0,1.0,149361136,149361136,,5.416,72537000000,0,87000000.0,0,485.648,
9,CMA,ARQ,2019-03-31,2019-04-29,2019-03-31,2021-09-07,-513000000,70690000000,,,,,48.06,-16000000.0,3481000000,3481000000,0.0,339000000.0,,8.541,7783000000,,,7783000000,0,29000000.0,54091000000,0.028,0.67,424000000.0,453000000.0,0.529,453000000.0,424000000.0,424000000.0,2.14,2.11,2.14,7409000000,,7409000000,16448332347,10.0,9.442,24000000.0,0.156,1.0,857000000.0,1.0,0,0.0,74992000000,,0,62003000000,,,63281000000,,,12146332347,-1080000000.0,0.0,-437000000.0,1241000000.0,-99000000.0,-881000000.0,-239000000.0,-225000000.0,40000000.0,0.0,339000000.0,337000000.0,337000000.0,0.0,0.0,0.393,433000000.0,424000000.0,0,0.313,1.639,9.452,10.063,474000000,2000000.0,78.79,3.567,3.567,0,8979000000,857000000.0,857000000.0,0.0,,,,,24000000.0,277000000.0,1.0,154160837,154160837,,5.559,70690000000,0,85000000.0,0,458.547,
10,CMA,ARQ,2018-12-31,2019-02-12,2018-12-31,2021-09-07,-609000000,70818000000,,,,,47.214,-25000000.0,4561000000,4561000000,0.0,310000000.0,,8.434,6507000000,,,6507000000,0,30000000.0,55561000000,0.022,0.6,400000000.0,430000000.0,0.507,430000000.0,400000000.0,400000000.0,1.9,1.88,1.9,7507000000,,7507000000,15343383310,10.0,9.271,624000000.0,3.925,1.0,848000000.0,1.0,0,0.0,72764000000,,0,61671000000,,,63311000000,,,13397383310,-1278000000.0,0.0,-499000000.0,-40000000.0,-102000000.0,-744000000.0,-1183000000.0,-1164000000.0,649000000.0,0.0,310000000.0,308000000.0,308000000.0,0.0,0.0,0.363,448000000.0,400000000.0,0,0.316,1.785,10.919,11.527,475000000,2000000.0,84.26,4.024,4.024,0,8781000000,848000000.0,848000000.0,0.0,,,,,7000000.0,264000000.0,1.0,159000514,159000514,,5.333,70818000000,0,90000000.0,0,445.395,
11,CMA,ARQ,2018-09-30,2018-10-31,2018-09-30,2021-09-07,-611000000,71448000000,,,,,48.151,-24000000.0,5839000000,5839000000,0.0,318000000.0,,8.176,6502000000,,,6502000000,0,30000000.0,56006000000,0.019,0.6,381000000.0,411000000.0,0.493,411000000.0,381000000.0,381000000.0,1.89,1.86,1.89,7786000000,,7786000000,13851114490,9.0,8.739,329000000.0,2.035,1.0,833000000.0,1.0,0,0.0,72111000000,,0,60344000000,,,63662000000,,,13188114490,179000000.0,0.0,-496000000.0,876000000.0,-57000000.0,-917000000.0,743000000.0,766000000.0,353000000.0,0.0,318000000.0,316000000.0,316000000.0,0.0,0.0,0.379,452000000.0,381000000.0,0,0.317,1.694,12.792,13.459,472000000,2000000.0,81.56,4.004,4.004,0,8587000000,833000000.0,833000000.0,0.0,,,,,7000000.0,266000000.0,1.0,161698314,161698314,,5.152,71448000000,0,63000000.0,0,441.86,
12,CMA,ARQ,2018-06-30,2018-07-31,2018-06-30,2021-09-07,-589000000,71987000000,,,,,47.136,-21000000.0,5660000000,5660000000,0.0,326000000.0,,7.91,5641000000,,,5641000000,0,29000000.0,57210000000,0.013,0.34,419000000.0,448000000.0,0.517,448000000.0,419000000.0,419000000.0,1.9,1.87,1.9,8079000000,,8079000000,16596438739,12.0,10.784,235000000.0,1.371,1.0,867000000.0,1.0,0,0.0,71968000000,,0,61164000000,,,63908000000,,,16615438739,-1176000000.0,0.0,-163000000.0,10000000.0,-51000000.0,-863000000.0,-569000000.0,-552000000.0,256000000.0,0.0,326000000.0,324000000.0,324000000.0,0.0,0.0,0.374,448000000.0,419000000.0,0,0.179,2.057,17.695,17.755,467000000,2000000.0,96.94,5.1,5.1,0,8374000000,867000000.0,867000000.0,0.0,,,,,10000000.0,261000000.0,1.0,171399203,171399203,,5.058,71987000000,0,93000000.0,0,419.996,
13,CMA,ARQ,2018-03-31,2018-04-30,2018-03-31,2021-09-07,-553000000,72335000000,,,,,46.53,-20000000.0,6836000000,6836000000,0.0,281000000.0,,8.042,5642000000,,,5642000000,0,31000000.0,57635000000,0.012,0.3,335000000.0,366000000.0,0.469,366000000.0,335000000.0,335000000.0,1.62,1.59,1.62,8000000000,,8000000000,15067447069,12.0,10.596,338000000.0,1.966,1.0,781000000.0,1.0,0,0.0,71141000000,,0,60646000000,,,64335000000,,,16261447069,991000000.0,0.0,-128000000.0,1038000000.0,-53000000.0,780000000.0,-147000000.0,-131000000.0,358000000.0,0.0,281000000.0,279000000.0,279000000.0,0.0,0.0,0.357,446000000.0,335000000.0,0,0.185,2.033,19.904,20.081,468000000,2000000.0,94.58,5.162,5.162,0,8110000000,781000000.0,781000000.0,0.0,,,,,24000000.0,266000000.0,1.0,171933253,171933253,,4.542,72335000000,0,54000000.0,0,420.716,
14,CMA,ARQ,2017-12-31,2018-02-15,2017-12-31,2021-09-07,-451000000,71567000000,,,,,46.079,-26000000.0,5845000000,5845000000,0.0,112000000.0,,7.987,4632000000,,,4632000000,0,30000000.0,57903000000,0.011,0.3,330000000.0,360000000.0,0.443,360000000.0,330000000.0,330000000.0,0.65,0.64,0.65,7963000000,,7963000000,15665674425,13.0,11.561,219000000.0,1.267,1.0,813000000.0,1.0,0,0.0,70354000000,,0,60761000000,,,63604000000,,,16878674425,-359000000.0,0.0,-136000000.0,-999000000.0,-52000000.0,-660000000.0,56000000.0,77000000.0,245000000.0,0.0,112000000.0,112000000.0,112000000.0,0.0,0.0,0.138,483000000.0,330000000.0,0,0.462,2.12,22.871,23.09,466000000,0.0,97.67,5.455,5.455,0,7887000000,813000000.0,813000000.0,0.0,,,,,10000000.0,246000000.0,1.0,172813294,172813294,,4.704,71567000000,0,218000000.0,0,414.129,
15,CMA,ARQ,2017-09-30,2017-10-30,2017-09-30,2021-09-07,-359000000,72017000000,,,,,46.195,-16000000.0,6204000000,6204000000,0.0,226000000.0,,7.964,5146000000,,,5146000000,0,31000000.0,57819000000,0.013,0.3,334000000.0,365000000.0,0.458,365000000.0,334000000.0,334000000.0,1.29,1.26,1.29,8034000000,,8034000000,12649983295,11.0,10.112,186000000.0,1.069,1.0,797000000.0,1.0,0,0.0,70959000000,,0,60931000000,,,63983000000,,,13707983295,573000000.0,0.0,-131000000.0,-32000000.0,-47000000.0,166000000.0,205000000.0,207000000.0,202000000.0,0.0,226000000.0,224000000.0,224000000.0,0.0,0.0,0.281,463000000.0,334000000.0,0,0.233,1.706,17.374,17.4,467000000,2000000.0,78.82,4.619,4.619,0,7746000000,797000000.0,797000000.0,0.0,,,,,5000000.0,237000000.0,1.0,173915038,173915038,,4.583,72017000000,0,108000000.0,0,414.093,
16,CMA,ARQ,2017-06-30,2017-07-31,2017-06-30,2021-09-07,-361000000,71447000000,,,,,45.392,-15000000.0,5631000000,5631000000,0.0,203000000.0,,7.948,5684000000,,,5684000000,0,29000000.0,56781000000,0.013,0.26,302000000.0,331000000.0,0.436,331000000.0,302000000.0,302000000.0,1.15,1.13,1.15,7985000000,,7985000000,12773117179,13.0,11.294,234000000.0,1.33,1.0,759000000.0,1.0,0,0.0,71500000000,,0,61167000000,,,63462000000,,,12720117179,-2688000000.0,0.0,-126000000.0,484000000.0,-41000000.0,-1765000000.0,-1172000000.0,-1159000000.0,249000000.0,0.0,203000000.0,202000000.0,202000000.0,0.0,0.0,0.266,457000000.0,302000000.0,0,0.226,1.593,17.84,17.594,484000000,1000000.0,72.31,4.421,4.421,0,7580000000,759000000.0,759000000.0,0.0,,,,,6000000.0,230000000.0,1.0,175910900,175910900,,4.315,71447000000,0,99000000.0,0,406.154,
17,CMA,ARQ,2017-03-31,2017-04-28,2017-03-31,2021-09-07,-379000000,72976000000,,,,,44.818,-12000000.0,8319000000,8319000000,0.0,202000000.0,,8.203,5194000000,,,5194000000,0,31000000.0,58863000000,0.013,0.23,268000000.0,299000000.0,0.412,299000000.0,268000000.0,268000000.0,1.15,1.11,1.15,7930000000,,7930000000,9384393653,11.0,9.625,395000000.0,2.232,1.0,725000000.0,1.0,0,0.0,69851000000,,0,60025000000,,,65046000000,,,12509393653,1101000000.0,0.0,-49000000.0,16000000.0,-40000000.0,-79000000.0,773000000.0,781000000.0,407000000.0,0.0,202000000.0,200000000.0,200000000.0,0.0,0.0,0.276,457000000.0,268000000.0,0,0.2,1.577,20.374,19.86,488000000,2000000.0,70.7,4.495,4.495,0,7431000000,725000000.0,725000000.0,0.0,,,,,18000000.0,244000000.0,1.0,176936261,176936261,,4.098,72976000000,0,66000000.0,0,412.442,
18,CMA,ARQ,2016-12-31,2017-02-15,2016-12-31,2021-09-07,-383000000,72978000000,,,,,44.331,-24000000.0,7218000000,7218000000,0.0,164000000.0,,8.361,5185000000,,,5185000000,0,30000000.0,58985000000,0.012,0.23,226000000.0,256000000.0,0.373,256000000.0,226000000.0,226000000.0,0.94,0.92,0.94,7796000000,,7796000000,10846894923,16.0,13.713,72000000.0,0.409,1.0,687000000.0,1.0,0,0.0,70945000000,,0,60819000000,,,65182000000,,,12879894923,-822000000.0,0.0,28000000.0,-637000000.0,-40000000.0,-955000000.0,37000000.0,59000000.0,96000000.0,0.0,164000000.0,163000000.0,163000000.0,0.0,0.0,0.237,461000000.0,226000000.0,0,0.245,1.652,27.23,26.73,501000000,1000000.0,73.24,4.954,4.954,0,7331000000,687000000.0,687000000.0,0.0,,,,,-4000000.0,232000000.0,1.0,175858751,175858751,,3.907,72978000000,0,62000000.0,0,414.981,
19,CMA,ARQ,2016-09-30,2016-11-01,2016-09-30,2021-09-07,-292000000,74124000000,,,,,44.856,-17000000.0,8040000000,8040000000,0.0,149000000.0,,8.593,5902000000,,,5902000000,0,32000000.0,59261000000,0.017,0.23,213000000.0,245000000.0,0.347,245000000.0,213000000.0,213000000.0,0.87,0.84,0.87,7727000000,,7727000000,6836901310,11.0,9.496,141000000.0,0.819,1.0,706000000.0,1.0,0,0.0,71986000000,,0,61123000000,,,66397000000,,,8974901310,3930000000.0,0.0,-84000000.0,0.0,-38000000.0,2699000000.0,1073000000.0,1084000000.0,158000000.0,0.0,149000000.0,148000000.0,148000000.0,0.0,0.0,0.21,493000000.0,213000000.0,0,0.264,1.161,21.117,21.093,528000000,1000000.0,52.1,3.507,3.507,0,7262000000,706000000.0,706000000.0,0.0,,,,,5000000.0,260000000.0,1.0,172262981,172262981,,4.098,74124000000,0,64000000.0,0,430.296,
20,CMA,ARQ,2016-06-30,2016-08-01,2016-06-30,2021-09-07,-295000000,71280000000,,,,,44.243,-27000000.0,4110000000,4110000000,0.0,104000000.0,,8.264,5933000000,,,5933000000,0,29000000.0,56374000000,0.019,0.22,146000000.0,175000000.0,0.263,175000000.0,146000000.0,146000000.0,0.6,0.58,0.6,7694000000,,7694000000,9584271788,16.0,13.614,-33000000.0,-0.19,1.0,665000000.0,1.0,0,0.0,73103000000,,0,62270000000,,,63586000000,,,7761271788,1108000000.0,0.0,-54000000.0,2298000000.0,-37000000.0,2236000000.0,-1122000000.0,-1099000000.0,-6000000.0,0.0,104000000.0,103000000.0,103000000.0,0.0,0.0,0.155,519000000.0,146000000.0,0,0.367,1.009,18.884,18.911,544000000,1000000.0,44.63,3.088,3.088,0,7157000000,665000000.0,665000000.0,0.0,,,,,4000000.0,261000000.0,1.0,173902572,173902572,,3.824,71280000000,0,42000000.0,0,409.885,
21,CMA,ARQ,2016-03-31,2016-04-29,2016-03-31,2021-09-07,-328000000,69007000000,,,,,43.647,-27000000.0,3002000000,3002000000,0.0,60000000.0,,8.028,3623000000,,,3623000000,0,30000000.0,56351000000,0.019,0.21,85000000.0,115000000.0,0.211,115000000.0,85000000.0,85000000.0,0.34,0.34,0.34,7644000000,,7644000000,8396948357,13.0,11.078,218000000.0,1.245,1.0,545000000.0,1.0,0,0.0,69628000000,,0,61261000000,,,61363000000,,,7775948357,-3145000000.0,0.0,-48000000.0,491000000.0,-37000000.0,-3132000000.0,-258000000.0,-239000000.0,245000000.0,0.0,60000000.0,59000000.0,59000000.0,0.0,0.0,0.108,460000000.0,85000000.0,0,0.618,1.017,17.593,17.619,541000000,1000000.0,44.4,3.132,3.132,0,7097000000,545000000.0,545000000.0,0.0,,,,,20000000.0,261000000.0,1.0,175133972,175133972,,3.112,69007000000,0,25000000.0,0,394.024,
22,CMA,ARQ,2015-12-31,2016-02-26,2015-12-31,2021-09-07,-429000000,71877000000,,,,,43.23,-41000000.0,6147000000,6147000000,0.0,116000000.0,,8.508,3081000000,,,3081000000,0,28000000.0,59853000000,0.024,0.21,157000000.0,185000000.0,0.288,185000000.0,157000000.0,157000000.0,0.66,0.64,0.66,7560000000,,7560000000,3047737117,4.0,3.511,158000000.0,0.903,1.0,643000000.0,1.0,0,0.0,68811000000,,0,61063000000,,,64317000000,,,6113737117,-1053000000.0,0.0,-64000000.0,-86000000.0,-38000000.0,980000000.0,-2232000000.0,-2195000000.0,199000000.0,0.0,116000000.0,115000000.0,115000000.0,0.0,0.0,0.179,486000000.0,157000000.0,0,0.318,0.809,11.871,11.932,550000000,1000000.0,34.96,2.359,2.359,0,7084000000,643000000.0,643000000.0,0.0,,,,,9000000.0,275000000.0,1.0,174878064,174878064,,3.677,71877000000,0,41000000.0,0,411.012,
23,CMA,ARQ,2015-09-30,2015-10-29,2015-09-30,2021-09-07,-345000000,71012000000,,,,,43.127,-24000000.0,7200000000,7200000000,0.0,136000000.0,,8.317,3209000000,,,3209000000,0,30000000.0,58768000000,0.019,0.21,199000000.0,229000000.0,0.347,229000000.0,199000000.0,199000000.0,0.76,0.74,0.76,7622000000,,7622000000,3820678823,5.0,4.095,245000000.0,1.386,1.0,660000000.0,1.0,0,0.0,67021000000,,0,59039000000,,,63390000000,,,7811678823,1235000000.0,0.0,-57000000.0,272000000.0,-37000000.0,565000000.0,401000000.0,419000000.0,269000000.0,0.0,136000000.0,134000000.0,134000000.0,0.0,0.0,0.203,461000000.0,199000000.0,0,0.276,1.025,14.255,14.212,541000000,2000000.0,44.2,3.018,3.018,0,7007000000,660000000.0,660000000.0,0.0,,,,,5000000.0,257000000.0,1.0,176734815,176734815,,3.734,71012000000,0,63000000.0,0,401.8,
24,CMA,ARQ,2015-06-30,2015-07-27,2015-06-30,2021-09-07,-396000000,69945000000,,,,,42.281,-29000000.0,5965000000,5965000000,0.0,135000000.0,,8.297,2897000000,,,2897000000,0,30000000.0,58260000000,0.017,0.21,199000000.0,229000000.0,0.361,229000000.0,199000000.0,199000000.0,0.76,0.73,0.76,7523000000,,7523000000,5228815468,6.0,5.435,27000000.0,0.152,1.0,635000000.0,1.0,0,0.0,66877000000,,0,59461000000,,,62422000000,,,8296815468,3000000.0,0.0,-37000000.0,167000000.0,-36000000.0,870000000.0,-923000000.0,-899000000.0,56000000.0,0.0,135000000.0,134000000.0,134000000.0,0.0,0.0,0.211,436000000.0,199000000.0,0,0.276,1.103,14.659,14.572,541000000,1000000.0,46.63,3.251,3.251,0,6908000000,635000000.0,635000000.0,0.0,,,,,7000000.0,264000000.0,1.0,177928704,177928704,,3.569,69945000000,0,64000000.0,0,393.107,
25,CMA,ARQ,2015-03-31,2015-04-29,2015-03-31,2021-09-07,-370000000,69336000000,,,,,42.133,-25000000.0,5962000000,5962000000,0.0,134000000.0,,8.245,2766000000,,,2766000000,0,30000000.0,57570000000,0.017,0.2,195000000.0,225000000.0,0.344,225000000.0,195000000.0,195000000.0,0.75,0.73,0.75,7500000000,,7500000000,5241644470,6.0,5.316,313000000.0,1.758,1.0,655000000.0,1.0,0,0.0,66140000000,,0,58657000000,,,61836000000,,,8437644470,-109000000.0,0.0,-60000000.0,-36000000.0,-36000000.0,54000000.0,-501000000.0,-478000000.0,338000000.0,0.0,134000000.0,132000000.0,132000000.0,0.0,0.0,0.202,460000000.0,195000000.0,0,0.267,1.125,14.523,14.495,531000000,2000000.0,47.4,3.319,3.319,0,6841000000,655000000.0,655000000.0,0.0,,,,,14000000.0,266000000.0,1.0,178009377,178009377,,3.68,69336000000,0,61000000.0,0,389.508,
26,CMA,ARQ,2014-12-31,2015-02-17,2014-12-31,2021-09-07,-412000000,69190000000,,,,,41.5,-32000000.0,6071000000,6071000000,0.0,149000000.0,,8.347,2795000000,,,2795000000,0,31000000.0,57486000000,0.017,0.2,219000000.0,250000000.0,0.392,250000000.0,219000000.0,219000000.0,0.84,0.81,0.84,7402000000,,7402000000,5040898542,6.0,5.076,42000000.0,0.235,1.0,638000000.0,1.0,0,0.0,65914000000,,0,58149000000,,,61788000000,,,8316898542,-1716000000.0,0.0,-56000000.0,-86000000.0,-36000000.0,-374000000.0,-1416000000.0,-1396000000.0,74000000.0,0.0,149000000.0,148000000.0,148000000.0,0.0,0.0,0.232,419000000.0,219000000.0,0,0.238,1.124,14.193,14.216,532000000,1000000.0,46.63,3.332,3.332,0,6744000000,638000000.0,638000000.0,0.0,,,,,6000000.0,259000000.0,1.0,178359394,178359394,,3.577,69190000000,0,70000000.0,0,387.925,
27,CMA,ARQ,2014-09-30,2014-10-28,2014-09-30,2021-09-07,-317000000,68887000000,,,,,41.366,-7000000.0,7787000000,7787000000,0.0,154000000.0,,8.268,2871000000,,,2871000000,0,31000000.0,57581000000,0.016,0.2,227000000.0,258000000.0,0.413,258000000.0,227000000.0,227000000.0,0.85,0.82,0.85,7433000000,,7433000000,3421457219,4.0,3.699,212000000.0,1.18,1.0,624000000.0,1.0,0,0.0,63971000000,,0,56696000000,,,61454000000,,,8337457219,3893000000.0,0.0,-50000000.0,123000000.0,-36000000.0,3484000000.0,190000000.0,198000000.0,219000000.0,0.0,154000000.0,152000000.0,152000000.0,0.0,0.0,0.244,429000000.0,195000000.0,0,0.235,1.122,15.077,15.065,524000000,2000000.0,46.4,3.358,3.358,0,6631000000,624000000.0,624000000.0,0.0,,,,,9000000.0,262000000.0,1.0,179686578,179686578,,3.473,68887000000,0,73000000.0,0,383.373,
28,CMA,ARQ,2014-06-30,2014-07-29,2014-06-30,2021-09-07,-304000000,65325000000,,,,,40.752,-15000000.0,3894000000,3894000000,0.0,151000000.0,,7.865,2796000000,,,2796000000,0,32000000.0,54170000000,0.015,0.2,221000000.0,253000000.0,0.405,253000000.0,221000000.0,221000000.0,0.83,0.8,0.83,7369000000,,7369000000,7869160001,10.0,8.763,117000000.0,0.647,1.0,625000000.0,1.0,0,0.0,64227000000,,0,56934000000,,,57956000000,,,8967160001,-1726000000.0,0.0,-51000000.0,-891000000.0,-34000000.0,-469000000.0,-1389000000.0,-1382000000.0,132000000.0,0.0,151000000.0,149000000.0,149000000.0,0.0,0.0,0.238,404000000.0,221000000.0,0,0.241,1.217,16.423,16.366,562000000,2000000.0,49.59,3.62,3.62,0,6520000000,625000000.0,625000000.0,0.0,,,,,7000000.0,255000000.0,1.0,180825973,180825973,,3.456,65325000000,0,70000000.0,0,361.259,
29,CMA,ARQ,2014-03-31,2014-04-29,2014-03-31,2021-09-07,-325000000,65681000000,,,,,40.088,-16000000.0,5620000000,5620000000,0.0,139000000.0,,8.018,3694000000,,,3694000000,0,29000000.0,53750000000,0.015,0.19,203000000.0,232000000.0,0.381,232000000.0,203000000.0,203000000.0,0.76,0.73,0.76,7283000000,,7283000000,6756184928,9.0,7.766,198000000.0,1.09,1.0,609000000.0,1.0,0,0.0,63755000000,,0,55487000000,,,58398000000,,,8682184928,-831000000.0,0.0,-54000000.0,-93000000.0,-31000000.0,83000000.0,-1128000000.0,-1114000000.0,214000000.0,0.0,139000000.0,137000000.0,137000000.0,0.0,0.0,0.225,406000000.0,203000000.0,0,0.25,1.192,16.138,16.091,583000000,2000000.0,47.79,3.528,3.528,0,6414000000,609000000.0,609000000.0,0.0,,,,,9000000.0,261000000.0,1.0,181673675,181673675,,3.352,65681000000,0,64000000.0,0,361.533,
30,CMA,ARQ,2013-12-31,2014-02-14,2013-12-31,2021-09-07,-391000000,65227000000,,,,,39.287,-102000000.0,6451000000,6451000000,0.0,117000000.0,,8.119,3796000000,,,3796000000,0,30000000.0,53292000000,0.014,0.17,152000000.0,182000000.0,0.291,182000000.0,152000000.0,152000000.0,0.64,0.62,0.64,7153000000,,7153000000,6017067926,8.0,7.062,284000000.0,1.56,1.0,625000000.0,1.0,0,0.0,62572000000,,0,54291000000,,,58074000000,,,8672067926,-637000000.0,0.0,-40000000.0,27000000.0,-31000000.0,167000000.0,-1190000000.0,-1210000000.0,386000000.0,0.0,117000000.0,115000000.0,115000000.0,0.0,0.0,0.184,473000000.0,152000000.0,0,0.266,1.212,16.27,16.312,594000000,2000000.0,47.63,3.537,3.537,0,6321000000,625000000.0,625000000.0,0.0,,,,,8000000.0,273000000.0,1.0,182071550,182071550,,3.433,65227000000,0,35000000.0,0,358.249,
31,CMA,ARQ,2013-09-30,2013-10-29,2013-09-30,2021-09-07,-541000000,64670000000,,,,,38.101,0.0,7088000000,7088000000,0.0,147000000.0,,8.28,3791000000,,,3791000000,0,30000000.0,52909000000,0.015,0.17,201000000.0,231000000.0,0.374,231000000.0,201000000.0,201000000.0,0.8,0.78,0.8,6969000000,,6969000000,4644982116,6.0,5.231,165000000.0,0.902,1.0,618000000.0,1.0,0,0.0,61373000000,,0,53141000000,,,57701000000,,,7941982116,3163000000.0,0.0,-72000000.0,70000000.0,-31000000.0,1607000000.0,1391000000.0,1414000000.0,165000000.0,0.0,147000000.0,145000000.0,145000000.0,0.0,0.0,0.235,417000000.0,201000000.0,0,0.212,1.14,14.546,14.669,604000000,2000000.0,43.42,3.256,3.256,0,6239000000,618000000.0,618000000.0,0.0,,,,,8000000.0,270000000.0,1.0,182910689,182910689,,3.379,64670000000,0,54000000.0,0,353.561,
32,CMA,ARQ,2013-06-30,2013-07-29,2013-06-30,2021-09-07,-538000000,62947000000,,,,,37.365,0.0,3925000000,3925000000,0.0,143000000.0,,8.108,3732000000,,,3732000000,0,32000000.0,51255000000,0.015,0.17,193000000.0,225000000.0,0.369,225000000.0,193000000.0,193000000.0,0.77,0.76,0.77,6911000000,,6911000000,7579086810,11.0,8.991,9000000.0,0.049,1.0,609000000.0,1.0,0,0.0,62754000000,,0,54596000000,,,56036000000,,,7772086810,-1672000000.0,0.0,-72000000.0,-982000000.0,-32000000.0,-1714000000.0,33000000.0,56000000.0,9000000.0,0.0,143000000.0,141000000.0,141000000.0,0.0,0.0,0.232,416000000.0,193000000.0,0,0.221,1.125,15.033,15.17,604000000,2000000.0,42.02,3.208,3.208,0,6127000000,609000000.0,609000000.0,0.0,,,,,7000000.0,260000000.0,1.0,184961609,184961609,,3.293,62947000000,0,50000000.0,0,340.325,
33,CMA,ARQ,2013-03-31,2013-04-29,2013-03-31,2021-09-07,-410000000,64885000000,,,,,37.44,0.0,5597000000,5597000000,0.0,134000000.0,,8.285,4757000000,,,4757000000,0,30000000.0,52117000000,0.017,0.17,184000000.0,214000000.0,0.357,214000000.0,184000000.0,184000000.0,0.71,0.7,0.71,6988000000,,6988000000,5922109838,8.0,7.0,276000000.0,1.479,1.0,600000000.0,1.0,0,0.0,64045000000,,0,54851000000,,,57897000000,,,6762109838,1063000000.0,0.0,-74000000.0,-52000000.0,-29000000.0,-153000000.0,940000000.0,954000000.0,276000000.0,0.0,134000000.0,132000000.0,132000000.0,0.0,0.0,0.22,416000000.0,184000000.0,0,0.239,0.968,13.054,13.271,618000000,2000000.0,36.23,2.77,2.77,0,6020000000,600000000.0,600000000.0,0.0,,,,,9000000.0,266000000.0,1.0,186643937,186643937,,3.215,64885000000,0,50000000.0,0,347.641,
34,CMA,ARQ,2012-12-31,2013-02-19,2012-12-31,2021-09-07,-413000000,65359000000,,,,,36.991,0.0,4534000000,4534000000,0.0,130000000.0,,8.415,4830000000,,,4830000000,0,33000000.0,52202000000,0.016,0.15,185000000.0,218000000.0,0.356,218000000.0,185000000.0,185000000.0,0.68,0.67,0.68,6942000000,,6942000000,6939465856,10.0,8.232,9000000.0,0.048,1.0,612000000.0,1.0,0,0.0,65655000000,,0,55850000000,,,58417000000,,,6643465856,596000000.0,0.0,-93000000.0,47000000.0,-28000000.0,2302000000.0,-1715000000.0,-1694000000.0,9000000.0,0.0,130000000.0,128000000.0,128000000.0,0.0,0.0,0.209,427000000.0,185000000.0,0,0.221,0.957,12.9,13.209,622000000,2000000.0,35.4,2.693,2.693,0,5931000000,612000000.0,612000000.0,0.0,,,,,8000000.0,270000000.0,1.0,187668527,187668527,,3.261,65359000000,0,55000000.0,0,348.268,
35,CMA,ARQ,2012-09-30,2012-10-30,2012-09-30,2021-09-07,-253000000,63314000000,,,,,37.217,0.0,3938000000,3938000000,0.0,117000000.0,,7.938,4803000000,,,4803000000,0,33000000.0,49977000000,0.017,0.15,153000000.0,186000000.0,0.309,186000000.0,153000000.0,153000000.0,0.61,0.61,0.61,7084000000,,7084000000,6426854836,10.0,8.177,313000000.0,1.644,1.0,602000000.0,1.0,0,0.0,64179000000,,0,54262000000,,,56230000000,,,5561854836,-203000000.0,0.0,-90000000.0,-20000000.0,-29000000.0,302000000.0,-818000000.0,-822000000.0,313000000.0,0.0,117000000.0,116000000.0,116000000.0,0.0,0.0,0.193,449000000.0,153000000.0,0,0.246,0.785,11.539,11.782,625000000,1000000.0,29.22,2.259,2.259,0,5831000000,602000000.0,602000000.0,0.0,,,,,8000000.0,270000000.0,1.0,190344108,190344108,,3.163,63314000000,0,36000000.0,0,332.629,
36,CMA,ARQ,2012-06-30,2012-07-30,2012-06-30,2021-09-07,-301000000,62650000000,,,,,36.321,0.0,4141000000,4141000000,0.0,144000000.0,,7.914,4825000000,,,4825000000,0,34000000.0,49388000000,0.015,0.15,194000000.0,228000000.0,0.364,228000000.0,194000000.0,194000000.0,0.73,0.73,0.73,7028000000,,7028000000,6579809348,10.0,8.692,274000000.0,1.416,1.0,627000000.0,1.0,0,0.0,63334000000,,0,53435000000,,,55622000000,,,5895809348,181000000.0,0.0,-89000000.0,-188000000.0,-20000000.0,809000000.0,-902000000.0,-882000000.0,274000000.0,0.0,144000000.0,142000000.0,142000000.0,0.0,0.0,0.226,433000000.0,194000000.0,0,0.205,0.839,12.734,12.803,667000000,2000000.0,30.47,2.41,2.41,0,5744000000,627000000.0,627000000.0,0.0,,,,,8000000.0,266000000.0,1.0,193495548,193495548,,3.24,62650000000,0,50000000.0,0,323.78,
37,CMA,ARQ,2012-03-31,2012-05-01,2012-03-31,2021-09-07,-326000000,62593000000,,,,,35.516,0.0,3960000000,3960000000,0.0,130000000.0,,7.961,5001000000,,,5001000000,0,33000000.0,49306000000,0.012,0.1,178000000.0,211000000.0,0.337,211000000.0,178000000.0,178000000.0,0.66,0.66,0.66,6985000000,,6985000000,7448602821,13.0,10.702,158000000.0,0.803,1.0,626000000.0,1.0,0,0.0,63634000000,,0,52549000000,,,55608000000,,,6407602821,404000000.0,0.0,-36000000.0,8000000.0,-20000000.0,549000000.0,-303000000.0,-289000000.0,158000000.0,0.0,130000000.0,129000000.0,129000000.0,0.0,0.0,0.206,448000000.0,178000000.0,0,0.152,0.917,15.403,14.877,670000000,1000000.0,32.58,2.709,2.709,0,5630000000,626000000.0,626000000.0,0.0,,,,,12000000.0,278000000.0,1.0,196672892,196672892,,3.183,62593000000,0,48000000.0,0,318.259,
38,CMA,ARQ,2011-12-31,2012-02-21,2011-12-31,2021-09-07,-356000000,61008000000,,,,,34.752,-29000000.0,3556000000,3556000000,0.0,96000000.0,,7.883,5014000000,,,5014000000,0,32000000.0,47755000000,0.013,0.1,129000000.0,161000000.0,0.265,161000000.0,129000000.0,129000000.0,0.48,0.48,0.48,6868000000,,6868000000,7535031726,14.0,11.557,117000000.0,0.592,1.0,607000000.0,1.0,0,0.0,62466000000,,0,52206000000,,,54140000000,,,6077031726,-1642000000.0,0.0,-40000000.0,-133000000.0,-20000000.0,205000000.0,-1993000000.0,-1964000000.0,146000000.0,0.0,96000000.0,95000000.0,95000000.0,0.0,0.0,0.157,478000000.0,129000000.0,0,0.208,0.885,15.622,14.573,675000000,1000000.0,30.75,2.651,2.651,0,5546000000,607000000.0,607000000.0,0.0,,,,,8000000.0,288000000.0,1.0,197627048,197627048,,3.071,61008000000,0,33000000.0,0,308.703,
39,CMA,ARQ,2011-09-30,2011-11-01,2011-09-30,2021-09-07,-230000000,60888000000,,,,,34.985,-35000000.0,5198000000,5198000000,0.0,98000000.0,,7.76,5181000000,,,5181000000,0,31000000.0,47452000000,0.016,0.1,126000000.0,157000000.0,0.268,157000000.0,126000000.0,126000000.0,0.51,0.51,0.51,6951000000,,6951000000,4914297590,9.0,7.596,259000000.0,1.304,1.0,586000000.0,1.0,0,0.0,60871000000,,0,50327000000,,,53937000000,,,4931297590,1732000000.0,721000000.0,-54000000.0,-451000000.0,-18000000.0,1241000000.0,197000000.0,-490000000.0,294000000.0,0.0,98000000.0,97000000.0,97000000.0,0.0,0.0,0.166,460000000.0,126000000.0,0,0.196,0.709,12.677,11.333,685000000,1000000.0,24.82,2.194,2.194,0,5471000000,586000000.0,586000000.0,0.0,,,,,8000000.0,274000000.0,1.0,198682417,198682417,,2.949,60888000000,0,28000000.0,0,306.459,
40,CMA,ARQ,2011-06-30,2011-08-02,2011-06-30,2021-09-07,-308000000,54141000000,,,,,34.156,-27000000.0,3466000000,3466000000,0.0,96000000.0,,7.967,5283000000,,,5283000000,0,30000000.0,41758000000,0.011,0.1,137000000.0,167000000.0,0.306,167000000.0,137000000.0,137000000.0,0.54,0.53,0.54,6038000000,,6038000000,7252913260,16.0,12.335,285000000.0,1.612,1.0,546000000.0,1.0,0,0.0,55958000000,,0,46048000000,,,48103000000,,,5435913260,-979000000.0,0.0,1000000.0,-938000000.0,-17000000.0,-1046000000.0,-245000000.0,-222000000.0,312000000.0,0.0,96000000.0,95000000.0,95000000.0,0.0,0.0,0.174,409000000.0,137000000.0,0,0.185,0.9,15.487,15.223,641000000,1000000.0,30.75,2.552,2.552,0,5395000000,546000000.0,546000000.0,0.0,,,,,8000000.0,260000000.0,1.0,176777667,176777667,,3.089,54141000000,0,41000000.0,0,306.266,
41,CMA,ARQ,2011-03-31,2011-05-02,2011-03-31,2021-09-07,-382000000,55017000000,,,,,33.246,-30000000.0,4445000000,4445000000,0.0,103000000.0,,8.361,6191000000,,,6191000000,0,29000000.0,41873000000,0.008,0.1,138000000.0,167000000.0,0.302,167000000.0,138000000.0,138000000.0,0.58,0.57,0.58,5877000000,,5877000000,8447381028,20.0,15.528,120000000.0,0.679,1.0,553000000.0,1.0,0,0.0,56763000000,,0,45887000000,,,49140000000,,,6701381028,2362000000.0,0.0,-19000000.0,-64000000.0,-18000000.0,1126000000.0,1086000000.0,1121000000.0,150000000.0,0.0,103000000.0,102000000.0,102000000.0,0.0,0.0,0.184,415000000.0,138000000.0,0,0.172,1.14,20.62,20.165,637000000,1000000.0,37.91,3.231,3.231,0,5317000000,553000000.0,553000000.0,0.0,,,,,12000000.0,262000000.0,1.0,176770800,176770800,,3.128,55017000000,0,35000000.0,0,311.234,
42,CMA,ARQ,2010-12-31,2011-02-28,2010-12-31,2021-09-07,-389000000,53667000000,,,,,32.772,-27000000.0,2083000000,2083000000,0.0,96000000.0,,8.264,6277000000,,,6277000000,0,30000000.0,40471000000,0.006,0.1,126000000.0,156000000.0,0.277,156000000.0,126000000.0,126000000.0,0.56,0.54,0.56,5793000000,,5793000000,11070241940,33.0,24.277,264000000.0,1.493,1.0,563000000.0,1.0,0,0.0,57861000000,,0,47036000000,,,47874000000,,,6876241940,-1911000000.0,0.0,1000000.0,-1077000000.0,-9000000.0,-1231000000.0,-971000000.0,-944000000.0,291000000.0,0.0,96000000.0,95000000.0,95000000.0,0.0,0.0,0.169,437000000.0,126000000.0,0,0.179,1.187,44.943,43.222,630000000,1000000.0,38.9,3.517,3.517,0,5247000000,563000000.0,563000000.0,0.0,,,,,8000000.0,273000000.0,1.0,176767145,176767145,,3.185,53667000000,0,30000000.0,0,303.603,
43,CMA,ARQ,2010-09-30,2010-10-29,2010-09-30,2021-09-07,-238000000,55004000000,,,,,33.186,-29000000.0,3994000000,3994000000,0.0,59000000.0,,8.391,7431000000,,,7431000000,0,32000000.0,40631000000,0.006,0.05,66000000.0,98000000.0,0.209,98000000.0,66000000.0,66000000.0,0.34,0.33,0.34,5857000000,,5857000000,9751870736,,78.015,226000000.0,1.281,1.0,468000000.0,1.0,0,0.0,58441000000,,0,46254000000,,,49147000000,,,6314870736,-231000000.0,0.0,0.0,-1884000000.0,-9000000.0,-1102000000.0,616000000.0,645000000.0,255000000.0,0.0,59000000.0,59000000.0,59000000.0,0.0,0.0,0.126,402000000.0,66000000.0,0,0.147,1.078,-1052.478,-238.533,639000000,0.0,35.78,3.617,3.617,0,5171000000,468000000.0,468000000.0,0.0,,,,,13000000.0,258000000.0,1.0,176491636,176491636,,2.652,55004000000,0,7000000.0,0,311.652,
44,CMA,ARQ,2010-06-30,2010-07-30,2010-06-30,2021-09-07,-240000000,55885000000,,,,,32.849,-19000000.0,4225000000,4225000000,0.0,70000000.0,,8.649,9265000000,,,9265000000,0,30000000.0,39780000000,0.005,0.05,93000000.0,123000000.0,0.251,123000000.0,93000000.0,93000000.0,0.4,0.39,0.4,5792000000,,5792000000,11803609959,-155.0,251.141,412000000.0,2.337,1.0,490000000.0,1.0,0,0.0,60925000000,,0,46957000000,,,50093000000,,,6763609959,-404000000.0,0.0,1000000.0,-1237000000.0,-8000000.0,-1173000000.0,338000000.0,357000000.0,431000000.0,0.0,70000000.0,69000000.0,69000000.0,0.0,0.0,0.141,397000000.0,93000000.0,0,0.125,1.168,-84.545,-65.017,634000000,1000000.0,38.36,4.057,4.057,0,5124000000,490000000.0,490000000.0,0.0,,,,,6000000.0,248000000.0,1.0,176319342,176319342,,2.779,55885000000,0,23000000.0,0,316.953,
45,CMA,ARQ,2010-03-31,2010-04-30,2010-03-31,2021-09-07,-303000000,57106000000,,,,,32.146,-17000000.0,4629000000,4629000000,0.0,52000000.0,,9.075,10425000000,,,10425000000,0,32000000.0,39966000000,0.005,0.05,47000000.0,79000000.0,0.182,79000000.0,47000000.0,47000000.0,-0.46,-0.46,-0.46,5668000000,,5668000000,13201528326,-63.0,-153.506,292000000.0,1.656,1.0,434000000.0,1.0,0,0.0,62902000000,,0,47369000000,,,51438000000,,,7405528326,-988000000.0,0.0,848000000.0,-1128000000.0,-8000000.0,-2520000000.0,1223000000.0,1240000000.0,309000000.0,0.0,52000000.0,-71000000.0,-71000000.0,-17000000.0,0.0,-0.164,404000000.0,30000000.0,0,-0.109,1.307,-44.882,-38.532,637000000,123000000.0,42.0,4.732,4.732,0,5064000000,434000000.0,434000000.0,0.0,,,,,4000000.0,239000000.0,1.0,176322103,176322103,,2.461,57106000000,0,-5000000.0,0,323.873,
46,CMA,ARQ,2009-12-31,2010-02-25,2009-12-31,2021-09-07,-336000000,59249000000,,,,,46.496,-20000000.0,5617000000,5617000000,0.0,-29000000.0,,7.429,11533000000,,,11533000000,0,31000000.0,39665000000,0.006,0.05,-206000000.0,-175000000.0,-0.494,-175000000.0,-206000000.0,-206000000.0,-0.43,-0.43,-0.43,7029000000,,7029000000,11326525906,-45.0,-89.185,-45000000.0,-0.298,1.0,354000000.0,1.0,0,0.0,65165000000,,0,48730000000,,,52220000000,,,5410525906,2599000000.0,0.0,0.0,-97000000.0,-7000000.0,53000000.0,2571000000.0,2591000000.0,-25000000.0,0.0,-164000000.0,-63000000.0,-63000000.0,0.0,135000000.0,-0.178,425000000.0,-71000000.0,0,-0.116,0.77,-45.852,-45.304,644000000,-101000000.0,35.79,3.525,3.525,0,5161000000,354000000.0,354000000.0,0.0,,,,,7000000.0,278000000.0,1.0,151174236,151174236,,2.342,59249000000,0,-42000000.0,0,391.925,
47,CMA,ARQ,2009-09-30,2009-10-30,2009-09-30,2021-09-07,-361000000,59590000000,,,,,46.551,-17000000.0,3018000000,3018000000,0.0,19000000.0,,7.471,11689000000,,,11689000000,0,30000000.0,39614000000,0.017,0.05,-10000000.0,20000000.0,0.051,20000000.0,-10000000.0,-10000000.0,-0.1,-0.1,-0.1,7035000000,,7035000000,12864713228,-322.0,160.809,156000000.0,1.032,1.0,389000000.0,1.0,0,0.0,68261000000,,0,51642000000,,,52555000000,,,4193713228,-2122000000.0,0.0,0.0,-2407000000.0,-8000000.0,-4007000000.0,1712000000.0,1729000000.0,173000000.0,0.0,19000000.0,-15000000.0,-15000000.0,0.0,0.0,-0.039,399000000.0,-10000000.0,0,-0.5,0.596,-80.648,-81.618,657000000,34000000.0,27.75,2.631,2.631,0,5205000000,389000000.0,389000000.0,0.0,,,,,7000000.0,237000000.0,1.0,151124801,151124801,,2.574,59590000000,0,-29000000.0,0,394.31,
48,CMA,ARQ,2009-06-30,2009-07-31,2009-06-30,2021-09-07,-342000000,63630000000,,,,,46.938,-18000000.0,5140000000,5140000000,0.0,18000000.0,,7.971,14068000000,,,14068000000,0,31000000.0,40991000000,0.046,0.05,-41000000.0,-10000000.0,-0.026,-10000000.0,-41000000.0,-41000000.0,-0.1,-0.1,-0.1,7093000000,,7093000000,12530546770,-6265.0,106.191,174000000.0,1.151,1.0,388000000.0,1.0,0,0.0,72558000000,,0,53558000000,,,56537000000,,,3602546770,1630000000.0,7000000.0,-1000000.0,-2720000000.0,-7000000.0,-3556000000.0,4994000000.0,5005000000.0,192000000.0,0.0,18000000.0,-16000000.0,-16000000.0,0.0,0.0,-0.041,429000000.0,-41000000.0,0,-0.5,0.508,-400.283,-476.8,667000000,34000000.0,23.84,2.063,2.063,0,5257000000,388000000.0,388000000.0,0.0,,,,,7000000.0,239000000.0,1.0,151113539,151113539,,2.568,63630000000,0,-59000000.0,0,421.074,
49,CMA,ARQ,2009-03-31,2009-05-08,2009-03-31,2021-09-07,-238000000,67370000000,,,,,47.532,-19000000.0,3510000000,3510000000,0.0,9000000.0,,8.379,16829000000,,,16829000000,0,30000000.0,41894000000,0.074,0.05,8000000.0,38000000.0,0.094,38000000.0,8000000.0,8000000.0,-0.16,-0.16,-0.16,7183000000,,7183000000,16790233245,129.0,67.703,-268000000.0,-1.773,1.0,404000000.0,1.0,0,0.0,80689000000,,0,58900000000,,,60187000000,,,3471233245,87000000.0,0.0,0.0,54000000.0,-50000000.0,144000000.0,192000000.0,211000000.0,-249000000.0,0.0,9000000.0,-24000000.0,-24000000.0,-1000000.0,0.0,-0.059,397000000.0,7000000.0,0,-0.312,0.483,55.099,54.69,676000000,33000000.0,22.97,1.854,1.854,0,5252000000,404000000.0,404000000.0,0.0,,,,,11000000.0,242000000.0,1.0,151120298,151120298,,2.673,67370000000,0,-1000000.0,0,445.804,
50,CMA,ARQ,2008-12-31,2009-02-24,2008-12-31,2021-09-07,-309000000,67548000000,,,,,47.298,-40000000.0,3423000000,3423000000,0.0,20000000.0,,8.445,16816000000,,,16816000000,0,29000000.0,41955000000,0.154,0.33,3000000.0,32000000.0,0.077,32000000.0,3000000.0,3000000.0,0.02,0.01,0.02,7152000000,,7152000000,15661184140,58.0,40.573,25000000.0,0.165,1.0,413000000.0,1.0,0,0.0,80941000000,,0,59094000000,,,60396000000,,,2268184140,1945000000.0,0.0,0.0,-2433000000.0,-100000000.0,2086000000.0,-206000000.0,-166000000.0,65000000.0,0.0,20000000.0,3000000.0,3000000.0,-1000000.0,0.0,0.007,411000000.0,2000000.0,0,16.5,0.317,11.572,11.45,683000000,17000000.0,15.0,1.122,1.122,0,5345000000,413000000.0,413000000.0,0.0,,,,,10000000.0,256000000.0,1.0,151212276,151212276,,2.731,67548000000,0,-17000000.0,0,446.71,
51,CMA,ARQ,2008-09-30,2008-10-31,2008-09-30,2021-09-07,-129000000,65153000000,,,,,33.89,-39000000.0,1407000000,1407000000,0.0,28000000.0,,11.775,19022000000,,,19022000000,0,30000000.0,39545000000,0.095,0.66,28000000.0,58000000.0,0.107,58000000.0,28000000.0,28000000.0,0.19,0.19,0.19,5100000000,,5100000000,21766905705,50.0,40.013,294000000.0,1.954,1.0,541000000.0,1.0,0,0.0,82768000000,,0,59248000000,,,60053000000,,,4151905705,-294000000.0,0.0,0.0,2056000000.0,-99000000.0,-784000000.0,157000000.0,196000000.0,333000000.0,0.0,28000000.0,28000000.0,28000000.0,-1000000.0,0.0,0.052,514000000.0,27000000.0,0,3.474,0.814,13.307,13.201,668000000,0.0,27.59,1.87,1.87,0,5379000000,541000000.0,541000000.0,0.0,,,,,10000000.0,253000000.0,1.0,150485890,150485890,,3.595,65153000000,0,0.0,0,432.951,
52,CMA,ARQ,2008-06-30,2008-07-31,2008-06-30,2021-09-07,-207000000,66003000000,,,,,33.778,-45000000.0,1775000000,1775000000,0.0,56000000.0,,11.988,16948000000,,,16948000000,0,29000000.0,42322000000,0.091,0.66,91000000.0,120000000.0,0.233,120000000.0,91000000.0,91000000.0,0.37,0.37,0.37,5082000000,,5082000000,19493953467,29.0,25.121,187000000.0,1.243,1.0,514000000.0,1.0,0,0.0,81176000000,,0,59580000000,,,60921000000,,,4320953467,-231000000.0,0.0,0.0,3778000000.0,-100000000.0,-994000000.0,531000000.0,576000000.0,232000000.0,0.0,56000000.0,56000000.0,56000000.0,0.0,0.0,0.109,423000000.0,91000000.0,0,1.784,0.85,9.292,9.265,674000000,0.0,28.72,1.825,1.825,0,5451000000,514000000.0,514000000.0,0.0,,,,,11000000.0,266000000.0,1.0,150451026,150451026,,3.416,66003000000,0,35000000.0,0,438.701,
53,CMA,ARQ,2008-03-31,2008-04-29,2008-03-31,2021-09-07,-67000000,67017000000,,,,,34.932,-42000000.0,1974000000,1974000000,0.0,109000000.0,,11.748,13262000000,,,13262000000,0,26000000.0,46819000000,0.073,0.66,150000000.0,176000000.0,0.318,176000000.0,150000000.0,150000000.0,0.73,0.73,0.73,5257000000,,5257000000,16580792808,19.0,17.164,190000000.0,1.263,1.0,554000000.0,1.0,0,0.0,78305000000,,0,60666000000,,,61760000000,,,5292792808,489000000.0,0.0,0.0,1507000000.0,-96000000.0,4156000000.0,-3899000000.0,-3857000000.0,232000000.0,0.0,109000000.0,109000000.0,109000000.0,1000000.0,0.0,0.197,403000000.0,151000000.0,0,0.904,1.007,8.748,8.771,670000000,0.0,35.17,2.075,2.075,0,5496000000,554000000.0,554000000.0,0.0,,,,,20000000.0,262000000.0,1.0,150491692,150491692,,3.681,67017000000,0,41000000.0,0,445.32,
54,CMA,ARQ,2007-12-31,2008-02-26,2007-12-31,2021-09-07,-177000000,62331000000,,,,,33.997,-63000000.0,1476000000,1476000000,0.0,119000000.0,,11.181,11676000000,,,11676000000,0,27000000.0,44278000000,0.066,0.64,163000000.0,190000000.0,0.311,190000000.0,163000000.0,163000000.0,0.8,0.8,0.8,5117000000,,5117000000,16074559508,16.0,14.774,235000000.0,1.561,1.0,611000000.0,1.0,0,0.0,72531000000,,0,56855000000,,,57214000000,,,5874559508,169000000.0,0.0,-47000000.0,-147000000.0,-97000000.0,2554000000.0,-2683000000.0,-2619000000.0,298000000.0,0.0,119000000.0,119000000.0,119000000.0,-2000000.0,0.0,0.195,450000000.0,161000000.0,0,0.8,1.148,8.563,8.693,650000000,0.0,39.03,2.193,2.193,0,5497000000,611000000.0,611000000.0,0.0,,,,,13000000.0,279000000.0,1.0,150513951,150513951,,4.059,62331000000,0,44000000.0,0,414.121,
55,CMA,ARQ,2007-09-30,2007-10-29,2007-09-30,2021-09-07,-238000000,60022000000,,,,,33.618,-39000000.0,1400000000,1400000000,0.0,181000000.0,,10.822,11758000000,,,11758000000,0,24000000.0,41920000000,0.053,0.64,266000000.0,290000000.0,0.422,290000000.0,266000000.0,266000000.0,1.2,1.18,1.2,5077000000,,5077000000,17455851828,14.0,13.224,189000000.0,1.252,1.0,688000000.0,1.0,0,0.0,70380000000,,0,54319000000,,,54945000000,,,7097851828,-101000000.0,0.0,-107000000.0,2615000000.0,-99000000.0,-10000000.0,-2513000000.0,1105000000.0,228000000.0,0.0,181000000.0,181000000.0,181000000.0,-1000000.0,0.0,0.263,423000000.0,265000000.0,0,0.533,1.398,8.196,8.438,635000000,0.0,47.0,2.53,2.53,0,5484000000,688000000.0,688000000.0,0.0,,,,,10000000.0,271000000.0,1.0,151018124,151018124,,4.556,60022000000,0,85000000.0,0,397.449,
56,CMA,ARQ,2007-06-30,2007-08-01,2007-06-30,2021-09-07,-308000000,58570000000,,,,,32.793,-41000000.0,2589000000,2589000000,0.0,196000000.0,,10.672,9085000000,,,9085000000,0,23000000.0,43207000000,0.047,0.64,287000000.0,310000000.0,0.444,310000000.0,287000000.0,287000000.0,1.28,1.25,1.28,5018000000,,5018000000,14515739155,12.0,10.857,205000000.0,1.34,1.0,698000000.0,1.0,0,0.0,65066000000,,0,52877000000,,,53552000000,,,8019739155,38000000.0,1000000.0,-189000000.0,1609000000.0,-101000000.0,858000000.0,210000000.0,-1236000000.0,246000000.0,0.0,196000000.0,196000000.0,196000000.0,0.0,0.0,0.281,411000000.0,287000000.0,0,0.5,1.598,9.062,9.326,616000000,0.0,52.41,2.863,2.863,0,5400000000,698000000.0,698000000.0,0.0,,,,,10000000.0,280000000.0,1.0,153019255,153019255,,4.562,58570000000,0,91000000.0,0,382.762,
57,CMA,ARQ,2007-03-31,2007-05-02,2007-03-31,2021-09-07,-284000000,57527000000,,,,,32.832,-46000000.0,2791000000,2791000000,0.0,190000000.0,,10.236,7532000000,,,7532000000,0,22000000.0,43670000000,0.039,0.64,276000000.0,298000000.0,0.437,298000000.0,276000000.0,276000000.0,1.21,1.19,1.21,5120000000,,5120000000,14462594344,11.0,10.753,196000000.0,1.257,1.0,682000000.0,1.0,0,0.0,62268000000,,0,51698000000,,,52407000000,,,9721594344,-100000000.0,2000000.0,-148000000.0,893000000.0,-93000000.0,-599000000.0,1175000000.0,-875000000.0,242000000.0,0.0,190000000.0,190000000.0,190000000.0,-1000000.0,0.0,0.279,407000000.0,275000000.0,0,0.529,1.899,10.935,11.172,596000000,0.0,62.34,3.468,3.468,0,5311000000,682000000.0,682000000.0,0.0,,,,,17000000.0,267000000.0,1.0,155944728,155944728,,4.373,57527000000,0,86000000.0,0,368.894,
58,CMA,ARQ,2006-12-31,2007-02-27,2006-12-31,2021-09-07,-324000000,58001000000,,,,,32.685,-57000000.0,4066000000,4066000000,0.0,299000000.0,,10.256,6640000000,,,6640000000,0,23000000.0,44927000000,0.039,0.59,399000000.0,422000000.0,0.572,422000000.0,399000000.0,399000000.0,1.88,1.85,1.88,5153000000,,5153000000,12129433123,10.0,9.175,74000000.0,0.469,1.0,738000000.0,1.0,0,0.0,60575000000,,0,50927000000,,,52848000000,,,9555433123,-22000000.0,0.0,-76000000.0,-401000000.0,-95000000.0,-574000000.0,966000000.0,-709000000.0,131000000.0,0.0,299000000.0,299000000.0,299000000.0,-114000000.0,0.0,0.405,453000000.0,285000000.0,0,0.314,1.854,10.7,10.882,568000000,0.0,60.61,3.411,3.411,0,5282000000,738000000.0,738000000.0,0.0,,,,,11000000.0,287000000.0,1.0,157654399,157654399,,4.681,58001000000,0,100000000.0,0,367.9,
59,CMA,ARQ,2006-09-30,2006-10-30,2006-09-30,2021-09-07,-128000000,58474000000,,,,,32.785,-37000000.0,1456000000,1456000000,0.0,200000000.0,,10.228,7044000000,,,7044000000,0,19000000.0,44930000000,0.039,0.59,288000000.0,307000000.0,0.449,307000000.0,288000000.0,288000000.0,1.25,1.23,1.25,5208000000,,5208000000,14955693149,13.0,12.042,316000000.0,1.989,1.0,683000000.0,1.0,0,0.0,64062000000,,0,53685000000,,,53266000000,,,9367693149,-208000000.0,43000000.0,-198000000.0,383000000.0,-96000000.0,894000000.0,-1462000000.0,1000000.0,353000000.0,0.0,200000000.0,200000000.0,200000000.0,-5000000.0,0.0,0.293,400000000.0,283000000.0,0,0.472,1.799,11.695,11.889,540000000,0.0,58.97,3.224,3.224,0,5079000000,683000000.0,683000000.0,0.0,,,,,7000000.0,263000000.0,1.0,158855234,158855234,,4.3,58474000000,0,88000000.0,0,368.096,
60,CMA,ARQ,2006-06-30,2006-08-01,2006-06-30,2021-09-07,-226000000,57080000000,,,,,31.989,-40000000.0,1664000000,1664000000,0.0,200000000.0,,10.0,6603000000,,,6603000000,0,23000000.0,44126000000,0.039,0.59,295000000.0,318000000.0,0.454,318000000.0,295000000.0,295000000.0,1.24,1.22,1.24,5189000000,,5189000000,14360242061,12.0,11.004,152000000.0,0.937,1.0,700000000.0,1.0,0,0.0,62019000000,,0,52279000000,,,51891000000,,,9421242061,-21000000.0,0.0,7000000.0,617000000.0,-96000000.0,560000000.0,734000000.0,-1467000000.0,192000000.0,0.0,200000000.0,200000000.0,200000000.0,0.0,0.0,0.286,405000000.0,295000000.0,0,0.476,1.816,11.229,11.3,522000000,0.0,58.08,3.144,3.144,0,4978000000,700000000.0,700000000.0,0.0,,,,,14000000.0,271000000.0,1.0,162211468,162211468,,4.315,57080000000,0,95000000.0,0,351.886,
61,CMA,ARQ,2006-03-31,2006-05-03,2006-03-31,2021-09-07,-198000000,56441000000,,,,,31.362,-29000000.0,1685000000,1685000000,0.0,194000000.0,,10.08,6023000000,,,6023000000,0,19000000.0,44096000000,0.041,0.59,264000000.0,283000000.0,0.393,283000000.0,264000000.0,264000000.0,1.2,1.18,1.2,5094000000,,5094000000,13271536095,11.0,10.031,270000000.0,1.662,1.0,721000000.0,1.0,0,0.0,60779000000,,0,51545000000,,,51347000000,,,8933536095,76000000.0,0.0,-72000000.0,1754000000.0,-90000000.0,3262000000.0,-1901000000.0,-1555000000.0,299000000.0,0.0,194000000.0,194000000.0,194000000.0,0.0,0.0,0.269,449000000.0,272000000.0,0,0.492,1.754,10.436,10.597,516000000,0.0,55.0,2.981,2.981,0,4880000000,721000000.0,721000000.0,0.0,,,,,16000000.0,271000000.0,1.0,162427929,162427929,,4.439,56441000000,0,70000000.0,0,347.483,
62,CMA,ARQ,2005-12-31,2006-03-03,2005-12-31,2021-09-07,-170000000,53013000000,,,,,31.134,-43000000.0,1609000000,1609000000,0.0,207000000.0,,9.46,4322000000,,,4322000000,0,19000000.0,42431000000,0.039,0.55,315000000.0,334000000.0,0.416,334000000.0,315000000.0,315000000.0,1.27,1.26,1.27,5068000000,,5068000000,11978510970,9.0,8.86,157000000.0,0.964,1.0,802000000.0,1.0,0,0.0,55726000000,,0,48130000000,,,47945000000,,,9265510970,-186000000.0,96000000.0,-140000000.0,-7000000.0,-92000000.0,-1589000000.0,2428000000.0,-1278000000.0,200000000.0,0.0,207000000.0,207000000.0,207000000.0,0.0,0.0,0.258,487000000.0,315000000.0,0,0.433,1.828,10.761,11.01,510000000,0.0,56.92,3.146,3.146,0,4796000000,802000000.0,802000000.0,0.0,,,,,12000000.0,286000000.0,1.0,162781289,162781289,,4.927,53013000000,0,108000000.0,0,325.67,
63,CMA,ARQ,2005-09-30,2005-11-03,2005-09-30,2021-09-07,-158000000,54349000000,,,,,30.804,9000000.0,1795000000,1795000000,0.0,238000000.0,,9.676,4346000000,,,4346000000,0,18000000.0,43670000000,0.038,0.55,352000000.0,370000000.0,0.478,370000000.0,352000000.0,352000000.0,1.43,1.41,1.43,5091000000,,5091000000,12078726315,9.0,8.974,197000000.0,1.192,1.0,774000000.0,1.0,0,0.0,56900000000,,0,49290000000,,,49258000000,,,9527726315,108000000.0,1000000.0,-124000000.0,-92000000.0,-92000000.0,-551000000.0,-145000000.0,606000000.0,188000000.0,0.0,238000000.0,238000000.0,238000000.0,0.0,0.0,0.307,422000000.0,352000000.0,0,0.385,1.871,11.066,11.26,499000000,0.0,57.65,3.363,3.363,0,4683000000,774000000.0,774000000.0,0.0,,,,,11000000.0,269000000.0,1.0,165268453,165268453,,4.683,54349000000,0,114000000.0,0,328.853,
64,CMA,ARQ,2005-06-30,2005-08-04,2005-06-30,2021-09-07,-99000000,54689000000,,,,,30.591,-75000000.0,1687000000,1687000000,0.0,217000000.0,,9.688,4452000000,,,4452000000,0,19000000.0,44053000000,0.035,0.55,317000000.0,336000000.0,0.48,336000000.0,317000000.0,317000000.0,1.29,1.28,1.29,5117000000,,5117000000,12864820263,11.0,10.066,157000000.0,0.939,1.0,700000000.0,1.0,0,0.0,57454000000,,0,49764000000,,,49572000000,,,10099820263,-148000000.0,0.0,-105000000.0,-287000000.0,-93000000.0,862000000.0,381000000.0,-1548000000.0,232000000.0,0.0,217000000.0,217000000.0,217000000.0,0.0,0.0,0.31,383000000.0,317000000.0,0,0.426,1.974,12.332,12.475,481000000,0.0,60.38,3.719,3.719,0,4546000000,700000000.0,700000000.0,0.0,,,,,13000000.0,255000000.0,1.0,167270955,167270955,,4.185,54689000000,0,100000000.0,0,326.949,
65,CMA,ARQ,2005-03-31,2005-05-04,2005-03-31,2021-09-07,-154000000,53510000000,,,,,29.798,-23000000.0,1835000000,1835000000,0.0,199000000.0,,9.638,4731000000,,,4731000000,0,17000000.0,42706000000,0.036,0.55,295000000.0,312000000.0,0.466,312000000.0,295000000.0,295000000.0,1.18,1.16,1.18,5030000000,,5030000000,12748904155,11.0,10.24,203000000.0,1.203,1.0,669000000.0,1.0,0,0.0,56406000000,,0,48581000000,,,48480000000,,,9852904155,696000000.0,0.0,-105000000.0,204000000.0,-89000000.0,1780000000.0,-549000000.0,-738000000.0,226000000.0,0.0,199000000.0,199000000.0,199000000.0,0.0,0.0,0.297,374000000.0,295000000.0,0,0.466,1.959,12.409,12.526,463000000,0.0,58.37,3.687,3.687,0,4427000000,669000000.0,669000000.0,0.0,,,,,9000000.0,250000000.0,1.0,168800825,168800825,,3.963,53510000000,0,96000000.0,0,317.001,
66,CMA,ARQ,2004-12-31,2005-03-03,2004-12-31,2021-09-07,-69000000,51766000000,,,,,29.995,-30000000.0,1139000000,1139000000,0.0,207000000.0,,9.14,4536000000,,,4536000000,0,18000000.0,40936000000,0.036,0.52,310000000.0,328000000.0,0.475,328000000.0,310000000.0,310000000.0,1.22,1.21,1.22,5105000000,,5105000000,13151002736,12.0,11.135,328000000.0,1.927,1.0,690000000.0,1.0,0,0.0,55163000000,,0,47343000000,,,46661000000,,,9754002736,-421000000.0,0.0,-14000000.0,-109000000.0,-89000000.0,-1511000000.0,1749000000.0,-987000000.0,358000000.0,0.0,207000000.0,207000000.0,207000000.0,0.0,0.0,0.3,380000000.0,310000000.0,0,0.426,1.911,12.885,12.995,415000000,0.0,57.31,3.747,3.747,0,4331000000,690000000.0,690000000.0,0.0,,,,,10000000.0,248000000.0,1.0,170197221,170197221,,4.054,51766000000,0,103000000.0,0,304.153,
67,CMA,ARQ,2004-09-30,2004-11-05,2004-09-30,2021-09-07,-24000000,52959000000,,,,,29.526,-22000000.0,1560000000,1560000000,0.0,196000000.0,,9.516,4667000000,,,4667000000,0,17000000.0,42235000000,0.033,0.52,285000000.0,302000000.0,0.46,302000000.0,285000000.0,285000000.0,1.15,1.13,1.15,5036000000,,5036000000,13719243200,13.0,12.575,305000000.0,1.788,1.0,657000000.0,1.0,0,0.0,56066000000,,0,48239000000,,,47923000000,,,10612243200,-305000000.0,0.0,-70000000.0,-236000000.0,-90000000.0,-2072000000.0,897000000.0,565000000.0,327000000.0,0.0,196000000.0,196000000.0,196000000.0,0.0,0.0,0.298,372000000.0,285000000.0,0,0.452,2.107,14.989,15.213,399000000,0.0,62.22,4.223,4.223,0,4222000000,657000000.0,657000000.0,0.0,,,,,3000000.0,239000000.0,1.0,170560000,170560000,,3.852,52959000000,0,89000000.0,0,310.501,
68,CMA,ARQ,2004-06-30,2004-08-06,2004-06-30,2021-09-07,-82000000,54543000000,,,,,28.787,-25000000.0,1865000000,1865000000,0.0,192000000.0,,10.055,4851000000,,,4851000000,0,19000000.0,43911000000,0.036,0.52,284000000.0,303000000.0,0.462,303000000.0,284000000.0,284000000.0,1.11,1.1,1.11,4934000000,,4934000000,12695526750,13.0,12.29,104000000.0,0.607,1.0,656000000.0,1.0,0,0.0,57529000000,,0,49646000000,,,49609000000,,,9709526750,204000000.0,8000000.0,-101000000.0,78000000.0,-90000000.0,275000000.0,-206000000.0,23000000.0,129000000.0,0.0,192000000.0,192000000.0,192000000.0,0.0,0.0,0.293,372000000.0,284000000.0,0,0.468,1.968,14.513,14.753,389000000,0.0,56.65,3.949,3.949,0,4125000000,656000000.0,656000000.0,0.0,,,,,21000000.0,249000000.0,1.0,171395000,171395000,,3.827,54543000000,0,92000000.0,0,318.23,
69,CMA,ARQ,2004-03-31,2004-05-05,2004-03-31,2021-09-07,92000000,54468000000,,,,,29.399,-18000000.0,1661000000,1661000000,0.0,162000000.0,,9.695,4875000000,,,4875000000,0,17000000.0,43523000000,0.038,0.52,231000000.0,248000000.0,0.413,248000000.0,231000000.0,231000000.0,0.93,0.92,0.93,5093000000,,5093000000,12485804800,13.0,12.511,196000000.0,1.131,1.0,600000000.0,1.0,0,0.0,57682000000,,0,49587000000,,,49375000000,,,9271804800,134000000.0,0.0,-113000000.0,-256000000.0,-88000000.0,1603000000.0,-1763000000.0,98000000.0,214000000.0,0.0,162000000.0,162000000.0,162000000.0,0.0,0.0,0.27,369000000.0,231000000.0,0,0.559,1.82,14.33,14.426,378000000,0.0,53.52,3.846,3.846,0,4030000000,600000000.0,600000000.0,0.0,,,,,0.0,241000000.0,1.0,173240000,173240000,,3.463,54468000000,0,69000000.0,0,314.408,
70,CMA,ARQ,2003-12-31,2004-03-09,2003-12-31,2021-09-07,74000000,52592000000,,,,,29.29,-20000000.0,1527000000,1527000000,0.0,158000000.0,,9.292,5090000000,,,5090000000,0,17000000.0,41463000000,0.035,0.5,221000000.0,238000000.0,0.397,238000000.0,221000000.0,221000000.0,0.9,0.89,0.9,5110000000,,5110000000,13582366730,14.0,13.277,314000000.0,1.8,1.0,600000000.0,1.0,0,0.0,56155000000,,0,48001000000,,,47482000000,,,10019366730,-428000000.0,0.0,-22000000.0,-4000000.0,-88000000.0,-2347000000.0,786000000.0,819000000.0,334000000.0,0.0,158000000.0,158000000.0,158000000.0,0.0,0.0,0.263,379000000.0,221000000.0,0,0.556,1.961,15.158,15.193,374000000,0.0,57.43,4.113,4.113,0,3973000000,600000000.0,600000000.0,0.0,,,,,0.0,242000000.0,1.0,174462245,174462245,,3.439,52592000000,0,63000000.0,0,301.452,
71,CMA,ARQ,2003-09-30,2003-11-13,2003-09-30,2021-09-07,111000000,54795000000,,,,,29.043,-11000000.0,1955000000,1955000000,0.0,157000000.0,,9.759,5136000000,,,5136000000,0,18000000.0,43696000000,0.037,0.5,226000000.0,244000000.0,0.405,244000000.0,226000000.0,226000000.0,0.9,0.89,0.9,5093000000,,5093000000,12518813500,12.0,11.454,282000000.0,1.608,1.0,603000000.0,1.0,0,0.0,57976000000,,0,49724000000,,,49702000000,,,9337813500,-2601000000.0,0.0,2000000.0,-619000000.0,-88000000.0,-4067000000.0,-671000000.0,1855000000.0,293000000.0,0.0,157000000.0,157000000.0,157000000.0,0.0,0.0,0.26,377000000.0,226000000.0,0,0.556,1.833,13.245,13.181,368000000,0.0,53.25,3.688,3.688,0,3909000000,603000000.0,603000000.0,0.0,,,,,0.0,245000000.0,1.0,175358000,175358000,,3.439,54795000000,0,69000000.0,0,312.475,
72,CMA,ARQ,2003-06-30,2003-08-14,2003-06-30,2021-09-07,181000000,58727000000,,,,,29.019,-16000000.0,4556000000,4556000000,0.0,170000000.0,,10.547,5791000000,,,5791000000,0,20000000.0,47058000000,0.042,0.5,248000000.0,268000000.0,0.441,268000000.0,248000000.0,248000000.0,0.98,0.97,0.98,5086000000,,5086000000,9432237590,11.0,10.598,420000000.0,2.396,1.0,608000000.0,1.0,0,0.0,59962000000,,0,51020000000,,,53641000000,,,8197237590,2292000000.0,0.0,4000000.0,121000000.0,-87000000.0,2725000000.0,27000000.0,-880000000.0,436000000.0,0.0,170000000.0,170000000.0,170000000.0,0.0,0.0,0.28,360000000.0,248000000.0,0,0.51,1.612,14.331,14.259,371000000,0.0,46.77,3.433,3.433,0,3842000000,608000000.0,608000000.0,0.0,,,,,0.0,233000000.0,1.0,175267000,175267000,,3.469,58727000000,0,78000000.0,0,335.072,
73,CMA,ARQ,2003-03-31,2003-05-14,2003-03-31,2021-09-07,192000000,55805000000,,,,,28.562,-12000000.0,2264000000,2264000000,0.0,176000000.0,,10.154,5641000000,,,5641000000,0,15000000.0,44373000000,0.043,0.5,258000000.0,273000000.0,0.437,273000000.0,258000000.0,258000000.0,1.01,1.0,1.01,5003000000,,5003000000,11311974500,14.0,12.928,246000000.0,1.404,1.0,625000000.0,1.0,0,0.0,59182000000,,0,50242000000,,,50802000000,,,7934974500,362000000.0,0.0,5000000.0,-146000000.0,-84000000.0,2376000000.0,-1772000000.0,-488000000.0,258000000.0,0.0,176000000.0,176000000.0,176000000.0,0.0,0.0,0.282,367000000.0,258000000.0,0,0.495,1.586,14.094,14.068,369000000,0.0,45.3,3.362,3.362,0,3761000000,625000000.0,625000000.0,0.0,,,,,0.0,238000000.0,1.0,175165000,175165000,,3.568,55805000000,0,82000000.0,0,318.585,
74,CMA,ARQ,2002-12-31,2003-03-31,2002-12-31,2021-09-07,237000000,53301000000,,,,,28.243,-29000000.0,1902000000,1902000000,0.0,202000000.0,,9.774,5789000000,,,5789000000,0,15000000.0,41775000000,0.051,0.5,293000000.0,308000000.0,0.443,308000000.0,293000000.0,293000000.0,1.15,1.16,1.15,4947000000,,4947000000,10522102468,12.0,11.158,253000000.0,1.444,1.0,696000000.0,1.0,0,0.0,57188000000,,0,46989000000,,,48354000000,,,6635102468,-269000000.0,0.0,-6000000.0,-422000000.0,-84000000.0,616000000.0,478000000.0,1400000000.0,282000000.0,0.0,202000000.0,202000000.0,202000000.0,0.0,0.0,0.29,403000000.0,293000000.0,0,0.435,1.341,11.04,11.044,371000000,0.0,37.88,2.768,2.768,0,3684000000,696000000.0,696000000.0,0.0,,,,,0.0,244000000.0,1.0,175161100,175161100,,3.973,53301000000,0,91000000.0,0,304.297,
75,CMA,ARQ,2002-09-30,2002-11-14,2002-09-30,2021-09-07,292000000,52566000000,,,,,27.874,-21000000.0,2171000000,2171000000,0.0,24000000.0,,9.794,6213000000,,,6213000000,0,15000000.0,40649000000,0.042,0.48,26000000.0,41000000.0,0.089,41000000.0,26000000.0,26000000.0,0.14,0.14,0.14,4870000000,,4870000000,11954751770,13.0,12.326,530000000.0,3.034,1.0,459000000.0,1.0,0,0.0,56608000000,,0,47166000000,,,47696000000,,,7912751770,423000000.0,8000000.0,-11000000.0,-611000000.0,-84000000.0,1759000000.0,-1887000000.0,-1868000000.0,551000000.0,0.0,24000000.0,24000000.0,24000000.0,0.0,0.0,0.052,433000000.0,26000000.0,0,3.429,1.625,13.232,13.321,356000000,0.0,45.29,3.32,3.32,0,3565000000,459000000.0,459000000.0,0.0,,,,,0.0,229000000.0,1.0,174713000,174713000,,2.627,52566000000,0,2000000.0,0,300.871,
76,CMA,ARQ,2002-06-30,2002-10-02,2002-06-30,2021-09-07,243000000,50562000000,,,,,27.982,-16000000.0,1748000000,1748000000,0.0,161000000.0,,9.336,6707000000,,,6707000000,0,16000000.0,38182000000,0.047,0.48,237000000.0,253000000.0,0.436,253000000.0,237000000.0,237000000.0,0.92,0.9,0.92,4892000000,,4892000000,11951960000,10.0,9.422,-9000000.0,-0.051,1.0,580000000.0,1.0,0,0.0,55521000000,,0,45704000000,,,45670000000,,,6992960000,-58000000.0,0.0,-77000000.0,-322000000.0,-85000000.0,246000000.0,-311000000.0,-293000000.0,7000000.0,0.0,161000000.0,161000000.0,161000000.0,0.0,0.0,0.278,343000000.0,237000000.0,0,0.522,1.429,8.972,9.05,354000000,0.0,40.0,2.681,2.681,0,3631000000,580000000.0,580000000.0,0.0,,,,,0.0,220000000.0,1.0,174824000,174824000,,3.318,50562000000,0,76000000.0,0,289.217,
77,CMA,ARQ,2002-06-30,2002-08-13,2002-06-30,2021-09-07,243000000,50602000000,,,,,28.114,-16000000.0,1748000000,1748000000,0.0,184000000.0,,9.295,6707000000,,,6707000000,0,16000000.0,38182000000,0.024,0.48,272000000.0,288000000.0,0.465,288000000.0,272000000.0,272000000.0,1.05,1.03,1.05,4915000000,,4915000000,14971170480,12.0,11.486,-9000000.0,-0.051,1.0,620000000.0,1.0,0,0.0,55561000000,,0,45744000000,,,45687000000,,,10012170480,-58000000.0,0.0,-77000000.0,-322000000.0,-85000000.0,246000000.0,-311000000.0,-293000000.0,7000000.0,0.0,184000000.0,184000000.0,184000000.0,0.0,0.0,0.297,348000000.0,272000000.0,0,0.457,2.037,12.477,12.587,354000000,0.0,57.27,3.781,3.781,0,3654000000,620000000.0,620000000.0,0.0,,,,,0.0,225000000.0,1.0,174824000,174824000,,3.546,50602000000,0,88000000.0,0,289.445,
78,CMA,ARQ,2002-03-31,2002-05-14,2002-03-31,2021-09-07,142000000,50207000000,,,,,27.176,-14000000.0,1806000000,1806000000,0.0,214000000.0,,9.484,7070000000,,,7070000000,0,15000000.0,37461000000,0.021,0.48,326000000.0,341000000.0,0.515,341000000.0,326000000.0,326000000.0,1.22,1.2,1.22,4789000000,,4789000000,16630125500,13.0,12.265,374000000.0,2.122,1.0,662000000.0,1.0,0,0.0,55471000000,,0,45525000000,,,45418000000,,,11366125500,-119000000.0,0.0,-66000000.0,-536000000.0,-78000000.0,-791000000.0,284000000.0,306000000.0,388000000.0,0.0,214000000.0,214000000.0,214000000.0,0.0,0.0,0.323,336000000.0,326000000.0,0,0.393,2.373,13.816,13.871,353000000,0.0,64.5,4.177,4.177,0,3563000000,662000000.0,662000000.0,0.0,,,,,0.0,213000000.0,1.0,176219000,176219000,,3.757,50207000000,0,112000000.0,0,284.913,
79,CMA,ARQ,2001-12-31,2002-04-01,2001-12-31,2021-09-07,225617000,50731973000,,,,,26.897,-34779000.0,1925262000,1925262000,0.0,198979000.0,,9.553,7517363000,,,7517363000,0,23909000.0,37570379000,0.022,0.48,310988000.0,334897000.0,0.491,334897000.0,310988000.0,310988000.0,1.12,1.11,1.12,4807464000,,4807464000,16696922207,15.0,13.95,307104000.0,1.718,1.0,682418000.0,1.0,0,0.0,56324074000,,0,45910771000,,,45924509000,,,11104821207,-234862000.0,45463000.0,-51963000.0,642458000.0,-78445000.0,954868000.0,-1531613000.0,-1374620000.0,341883000.0,0.0,198979000.0,198979000.0,198979000.0,0.0,0.0,0.292,371430000.0,310988000.0,0,0.429,2.31,15.91,15.809,352814000,0.0,62.13,4.16,4.16,0,3447974000,682418000.0,682418000.0,0.0,,,,,0.0,218069000.0,1.0,178735252,178735252,,3.818,50731973000,0,112009000.0,0,283.839,
80,CMA,ARQ,2001-09-30,2001-11-13,2001-09-30,2021-09-07,285825000,49733368000,,,,,26.941,-8482000.0,2160124000,2160124000,0.0,208535000.0,,9.366,6931538000,,,6931538000,0,23769000.0,37133749000,0.025,0.0,315809000.0,339578000.0,0.497,339578000.0,315809000.0,315809000.0,1.16,1.14,1.16,4797780000,,4797780000,13826883700,13.0,11.727,278085000.0,1.562,1.0,683681000.0,1.0,0,0.0,54504782000,,0,44513847000,,,44935588000,,,9055469700,396257000.0,0.0,1972000.0,62621000.0,-85828000.0,-190832000.0,300522000.0,309004000.0,286567000.0,0.0,205477000.0,205477000.0,205477000.0,0.0,3058000.0,0.301,364814000.0,318867000.0,0,0.0,1.887,13.144,12.649,349640000,0.0,50.85,3.509,3.509,0,3328942000,683681000.0,683681000.0,0.0,,,,,0.0,214670000.0,1.0,178082000,178082000,,3.839,49733368000,0,110332000.0,0,279.272,
81,CMA,ARQ,2001-06-30,2001-08-13,2001-06-30,2021-09-07,119135000,49288260000,,,,,26.694,-11803000.0,1763867000,1763867000,0.0,208472000.0,,9.375,6761714000,,,6761714000,0,24239000.0,37045653000,0.027,0.44,316210000.0,340449000.0,0.491,340449000.0,316210000.0,316210000.0,1.15,1.13,1.15,4750865000,,4750865000,16187135250,15.0,14.06,209630000.0,1.178,1.0,693297000.0,1.0,0,0.0,54286107000,,0,44751819000,,,44537395000,,,11189288250,-244936000.0,0.0,-35999000.0,-1198483000.0,-82589000.0,-1054593000.0,588224000.0,600027000.0,221433000.0,0.0,204197000.0,204197000.0,204197000.0,0.0,4275000.0,0.295,372812000.0,320485000.0,0,0.383,2.355,16.675,15.485,356328000,0.0,62.87,4.49,4.49,0,3211460000,693297000.0,693297000.0,0.0,,,,,0.0,220849000.0,1.0,177975000,177975000,,3.895,49288260000,0,112013000.0,0,276.939,
82,CMA,ARQ,2001-03-31,2001-05-15,2001-03-31,2021-09-07,127490000,50270226000,,,,,26.158,-13142000.0,2008803000,2008803000,0.0,93592000.0,,9.768,7996020000,,,7996020000,0,25928000.0,36785918000,0.03,0.44,156022000.0,181950000.0,0.298,181950000.0,156022000.0,156022000.0,0.5,0.5,0.5,4668514000,,4668514000,15624705000,15.0,14.021,138005000.0,0.773,1.0,610274000.0,1.0,0,0.0,56257443000,,0,45478820000,,,45601712000,,,9637488000,78121000.0,0.0,30646000.0,-2463026000.0,-67190000.0,418596000.0,-491622000.0,-478480000.0,151147000.0,0.0,89317000.0,89317000.0,89317000.0,0.0,4275000.0,0.146,449977000.0,160297000.0,0,0.88,2.064,14.87,13.268,360145000,0.0,54.0,4.05,4.05,0,3086915000,610274000.0,610274000.0,0.0,,,,,0.0,226173000.0,1.0,178472000,178472000,,3.419,50270226000,0,66705000.0,0,281.67,
83,CMA,ARQ,2000-12-31,2001-04-02,2000-12-31,2021-09-07,10565000,41985185000,,,,,22.473,-7080000.0,1496705000,1496705000,0.0,194218000.0,,9.477,10192847000,,,10192847000,0,22639000.0,27168012000,0.027,0.44,294427000.0,317066000.0,0.534,317066000.0,294427000.0,294427000.0,1.21,1.2,1.21,4007266000,,4007266000,19662368745,17.0,16.049,131325000.0,0.736,1.0,593647000.0,1.0,0,0.0,50681327000,,0,38365361000,,,37977919000,,,10966226745,-22346000.0,-21589000.0,8552000.0,-765701000.0,-66856000.0,824069000.0,-984820000.0,-956151000.0,138405000.0,0.0,189943000.0,189943000.0,189943000.0,0.0,4275000.0,0.32,294945000.0,298702000.0,0,0.364,2.737,14.977,13.141,306753000,0.0,61.5,4.687,4.687,0,2937296000,593647000.0,593647000.0,0.0,,,,,0.0,180085000.0,1.0,178312630,178312630,,3.329,41985185000,0,104484000.0,0,235.458,
84,CMA,ARQ,2000-09-30,2000-11-14,2000-09-30,2021-09-07,-14879000,40885390000,,,,,24.535,-8670000.0,1519051000,1519051000,0.0,191841000.0,,9.631,10958548000,,,10958548000,0,22667000.0,25519938000,0.03,0.4,289137000.0,311804000.0,0.524,311804000.0,289137000.0,289137000.0,1.2,1.18,1.2,3845690000,,3845690000,17492900960,16.0,14.614,298871000.0,1.907,1.0,594951000.0,1.0,0,0.0,50324887000,,0,37375231000,,,37039700000,,,8053403960,-224501000.0,16026000.0,5768000.0,-631260000.0,-66892000.0,-485455000.0,-46587000.0,-53943000.0,307541000.0,0.0,187566000.0,187566000.0,187566000.0,0.0,4275000.0,0.315,301539000.0,293412000.0,0,0.333,2.094,11.284,11.243,312992000,0.0,51.38,3.495,3.495,0,2821076000,594951000.0,594951000.0,0.0,,,,,0.0,184375000.0,1.0,156742000,156742000,,3.796,40885390000,0,101571000.0,0,260.845,
85,CMA,ARQ,2000-06-30,2000-08-11,2000-06-30,2021-09-07,-35245000,41065478000,,,,,23.606,-13270000.0,1743552000,1743552000,0.0,185551000.0,,10.116,11589808000,,,11589808000,0,23189000.0,25313009000,0.027,0.4,280365000.0,303554000.0,0.523,303554000.0,280365000.0,280365000.0,1.16,1.15,1.16,3694284000,,3694284000,18669500480,17.0,16.003,155814000.0,0.996,1.0,580503000.0,1.0,0,0.0,50911734000,,0,37395841000,,,37371194000,,,8823244480,299425000.0,0.0,1842000.0,-672416000.0,-66785000.0,1267105000.0,-1136764000.0,-1123494000.0,169084000.0,0.0,181276000.0,181276000.0,181276000.0,0.0,4275000.0,0.312,295863000.0,284640000.0,0,0.345,2.388,12.746,12.727,317601000,0.0,56.38,3.923,3.923,0,2704088000,580503000.0,580503000.0,0.0,,,,,0.0,179610000.0,1.0,156496000,156496000,,3.709,41065478000,0,99089000.0,0,262.406,
86,CMA,ARQ,2000-03-31,2000-05-15,2000-03-31,2021-09-07,-42864000,39660314000,,,,,22.793,-1234000.0,1444127000,1444127000,0.0,177716000.0,,10.124,12262224000,,,12262224000,0,22377000.0,23308545000,0.033,0.4,270342000.0,292719000.0,0.513,292719000.0,270342000.0,270342000.0,1.11,1.1,1.11,3565338000,,3565338000,17916618120,17.0,15.733,178989000.0,1.144,1.0,570640000.0,1.0,0,0.0,50478411000,,0,36232781000,,,36094976000,,,7098521120,242137000.0,445274000.0,-9652000.0,870526000.0,-60563000.0,817453000.0,-755539000.0,-1199579000.0,180223000.0,0.0,173441000.0,173441000.0,173441000.0,0.0,4275000.0,0.304,296023000.0,274617000.0,0,0.36,1.991,10.53,10.529,318101000,0.0,45.38,3.205,3.205,0,2587819000,570640000.0,570640000.0,0.0,,,,,0.0,183075000.0,1.0,156424000,156424000,,3.648,39660314000,0,96901000.0,0,253.544,
87,CMA,ARQ,1999-12-31,2000-03-30,1999-12-31,2021-09-07,-31702000,38653332000,,,,,22.099,-8655000.0,1201990000,1201990000,0.0,175681000.0,,10.124,11391698000,,,11391698000,0,22841000.0,23291403000,0.036,0.4,266055000.0,288896000.0,0.518,288896000.0,266055000.0,266055000.0,1.1,1.08,1.1,3474644000,,3474644000,16617396637,16.0,15.014,295289000.0,1.878,1.0,558143000.0,1.0,0,0.0,48843040000,,0,35569231000,,,35178688000,,,6427688637,-283749000.0,0.0,5305000.0,797998000.0,-60610000.0,1133796000.0,-1721489000.0,-1712834000.0,303944000.0,0.0,171406000.0,171406000.0,171406000.0,0.0,4275000.0,0.307,287813000.0,270330000.0,0,0.364,1.85,9.806,9.733,330728000,0.0,40.88,2.99,2.99,0,2485204000,558143000.0,558143000.0,0.0,,,,,0.0,180854000.0,1.0,157233088,157233088,,3.55,38653332000,0,94649000.0,0,245.835,
88,CMA,ARQ,1999-09-30,1999-11-12,1999-09-30,2021-09-07,-22096000,37284990000,,,,,21.505,-5328000.0,1485739000,1485739000,0.0,170414000.0,,10.086,10593700000,,,10593700000,0,22696000.0,22900300000,0.024,0.36,258742000.0,281438000.0,0.521,281438000.0,258742000.0,258742000.0,1.06,1.05,1.06,3363262000,,3363262000,18305374520,19.0,17.015,335903000.0,2.148,1.0,539867000.0,1.0,0,0.0,46392951000,,0,33928129000,,,33921728000,,,9197413520,-49982000.0,0.0,1608000.0,-398304000.0,-60507000.0,89515000.0,-480728000.0,-478229000.0,341231000.0,0.0,166139000.0,166139000.0,166139000.0,0.0,4275000.0,0.308,276850000.0,263017000.0,0,0.34,2.735,14.424,14.414,336410000,0.0,58.81,4.392,4.392,0,2379372000,539867000.0,539867000.0,0.0,,,,,0.0,175252000.0,1.0,156392000,156392000,,3.452,37284990000,0,92603000.0,0,238.407,
89,CMA,ARQ,1999-06-30,1999-08-13,1999-06-30,2021-09-07,-26058000,36950487000,,,,,20.774,-11966000.0,1535721000,1535721000,0.0,167382000.0,,10.379,10992004000,,,10992004000,0,22607000.0,22353582000,0.024,0.36,253138000.0,275745000.0,0.505,275745000.0,253138000.0,253138000.0,1.04,1.03,1.04,3247189000,,3247189000,18180111530,19.0,17.298,121348000.0,0.776,1.0,546293000.0,1.0,0,0.0,46406770000,,0,33536272000,,,33703298000,,,8723828530,46516000.0,0.0,3078000.0,715115000.0,-60413000.0,426031000.0,-512829000.0,-498034000.0,133314000.0,0.0,163107000.0,163107000.0,163107000.0,0.0,4275000.0,0.299,288880000.0,257413000.0,0,0.346,2.687,14.032,13.987,345298000,0.0,55.81,4.264,4.264,0,2271378000,546293000.0,546293000.0,0.0,,,,,0.0,178009000.0,1.0,156313000,156313000,,3.495,36950487000,0,90031000.0,0,236.388,
90,CMA,ARQ,1999-03-31,1999-05-13,1999-03-31,2021-09-07,-3917000,36447542000,,,,,20.218,-9022000.0,1489205000,1489205000,0.0,159112000.0,,10.538,10276889000,,,10276889000,0,22670000.0,22585331000,0.02,0.36,238037000.0,260707000.0,0.516,260707000.0,238037000.0,238037000.0,0.99,0.98,0.99,3158842000,,3158842000,19108700220,20.0,18.663,249039000.0,1.594,1.0,505726000.0,1.0,0,0.0,45235226000,,0,33098767000,,,33288700000,,,10321016220,-283895000.0,0.0,10392000.0,1402142000.0,-54116000.0,-369384000.0,-172572000.0,-163550000.0,258061000.0,0.0,154837000.0,154837000.0,154837000.0,0.0,4275000.0,0.306,263414000.0,242312000.0,0,0.364,3.267,17.068,16.982,347479000,0.0,66.06,5.2,5.2,0,2168145000,505726000.0,505726000.0,0.0,,,,,0.0,167334000.0,1.0,156237000,156237000,,3.237,36447542000,0,83200000.0,0,233.284,
91,CMA,ARQ,1998-12-31,1999-03-29,1998-12-31,2021-09-07,-6455000,36600831000,,,,,19.376,-6115000.0,1773100000,1773100000,0.0,157820000.0,,11.014,8874747000,,,8874747000,0,23120000.0,24313133000,0.02,0.36,234811000.0,257931000.0,0.514,257931000.0,234811000.0,234811000.0,0.99,0.97,0.99,3046613000,,3046613000,17282505247,19.0,17.242,228748000.0,1.455,1.0,502137000.0,1.0,0,0.0,43702478000,,0,32974259000,,,33554218000,,,10180858247,409037000.0,0.0,14072000.0,-100065000.0,-53899000.0,1939829000.0,-1765655000.0,-1759540000.0,234863000.0,0.0,153545000.0,153545000.0,153545000.0,0.0,4275000.0,0.306,263051000.0,239086000.0,0,0.364,3.342,17.256,17.084,352650000,0.0,64.75,5.217,5.217,0,2086589000,502137000.0,502137000.0,0.0,,,,,0.0,165187000.0,1.0,157233332,157233332,,3.194,36600831000,0,81266000.0,0,232.78,
92,CMA,ARQ,1998-09-30,1998-11-13,1998-09-30,2021-09-07,2676000,34376214000,,,,,18.902,-12718000.0,1364063000,1364063000,0.0,154490000.0,,10.693,8974812000,,,8974812000,0,23131000.0,22233412000,0.017,0.32,233453000.0,256584000.0,0.522,256584000.0,233453000.0,233453000.0,0.97,0.95,0.97,2940007000,,2940007000,17818970460,20.0,18.298,103014000.0,0.662,1.0,491549000.0,1.0,0,0.0,41986963000,,0,31265462000,,,31436207000,,,10208221460,-858391000.0,-127184000.0,4795000.0,-313510000.0,-54193000.0,-748129000.0,-226003000.0,-86101000.0,115732000.0,0.0,150215000.0,150215000.0,150215000.0,0.0,4275000.0,0.306,253821000.0,237728000.0,0,0.33,3.472,17.844,24.926,361171000,0.0,65.63,5.32,5.32,0,1999197000,491549000.0,491549000.0,0.0,,,,,0.0,157211000.0,1.0,155542000,155542000,,3.16,34376214000,0,83238000.0,0,221.009,
93,CMA,ARQ,1998-06-30,1998-08-06,1998-06-30,2021-09-07,-5206000,35050005000,,,,,18.184,-12315000.0,2222463000,2222463000,0.0,150383000.0,,11.399,9279952000,,,9279952000,0,20950000.0,22618633000,0.017,0.32,227699000.0,248649000.0,0.512,248649000.0,227699000.0,227699000.0,0.94,0.92,0.94,2826804000,,2826804000,17152736700,20.0,18.135,389863000.0,2.508,1.0,485273000.0,1.0,0,0.0,42107494000,,0,31225485000,,,32223201000,,,10095247700,339319000.0,2006091000.0,-85267000.0,-770099000.0,-54526000.0,-1484561000.0,1421711000.0,-572065000.0,402178000.0,0.0,146108000.0,146108000.0,146108000.0,0.0,4275000.0,0.301,253299000.0,231974000.0,0,0.34,3.571,18.201,26.154,361003000,0.0,64.94,5.338,5.338,0,1904223000,485273000.0,485273000.0,0.0,,,,,0.0,153161000.0,1.0,155455000,155455000,,3.122,35050005000,0,81591000.0,0,225.467,
94,CMA,ARQ,1998-03-31,1998-05-18,1998-03-31,2021-09-07,4425000,36492351000,,,,,18.05,-4461000.0,1980977000,1980977000,0.0,144383000.0,,11.909,10050051000,,,10050051000,0,20846000.0,23193302000,0.016,0.213,218312000.0,239158000.0,0.506,239158000.0,218312000.0,218312000.0,0.89,0.88,0.89,2826887000,,2826887000,18375709720,22.0,20.059,-67309000.0,-0.43,1.0,472460000.0,1.0,0,0.0,44561425000,,0,30528061000,,,33665464000,,,10306635720,-43952000.0,0.0,-31399000.0,-447629000.0,-49348000.0,78609000.0,-59713000.0,-55252000.0,-62848000.0,0.0,140108000.0,140108000.0,140108000.0,0.0,4275000.0,0.297,249873000.0,222587000.0,0,0.239,3.646,19.301,28.403,362905000,0.0,65.81,5.55,5.55,0,1814056000,472460000.0,472460000.0,0.0,,,,,0.0,149891000.0,1.0,156612000,156612000,,3.017,36492351000,0,78204000.0,0,233.011,
95,CMA,ARQ,1998-03-31,1998-05-15,1998-03-31,2021-09-07,4425000,36492351000,,,,,18.05,-4461000.0,1980977000,1980977000,0.0,144383000.0,,11.909,10050051000,,,10050051000,0,20846000.0,23193302000,0.016,0.213,218312000.0,239158000.0,0.506,239158000.0,218312000.0,218312000.0,0.89,0.88,0.89,2826887000,,2826887000,18269213560,22.0,19.943,-67309000.0,-0.43,1.0,472460000.0,1.0,0,0.0,44561425000,,0,30528061000,,,33665464000,,,10200139560,-43952000.0,0.0,-31399000.0,-447629000.0,-49348000.0,78609000.0,-59713000.0,-55252000.0,-62848000.0,0.0,140108000.0,140108000.0,140108000.0,0.0,4275000.0,0.297,249873000.0,222587000.0,0,0.239,3.608,19.102,28.11,362905000,0.0,65.13,5.493,5.493,0,1814056000,472460000.0,472460000.0,0.0,,,,,0.0,149891000.0,1.0,156612000,156612000,,3.017,36492351000,0,78204000.0,0,233.011,
96,CMA,ARQ,1997-12-31,1998-03-31,1997-12-31,2021-09-07,-1937000,36292398000,,,,,17.562,-10140000.0,1927087000,1927087000,0.0,139927000.0,,12.141,10497680000,,,10497680000,0,21428000.0,22586317000,0.015,0.213,208003000.0,229431000.0,0.489,229431000.0,208003000.0,208003000.0,-0.167,-0.2,-0.167,2761776000,,2761776000,19662462499,25.0,22.179,48570000.0,0.309,1.0,469646000.0,1.0,0,0.0,44862991000,,0,32679816000,,,33530622000,,,11091869499,40794000.0,0.0,-77389000.0,-234948000.0,-4277000.0,211399000.0,-229315000.0,-219175000.0,58710000.0,0.0,135652000.0,135652000.0,135652000.0,0.0,4275000.0,0.289,257368000.0,212278000.0,0,-1.275,4.016,21.606,32.654,380157000,0.0,70.533,6.079,6.079,0,1731419000,469646000.0,469646000.0,0.0,,,,,0.0,150728000.0,1.0,157257129,157257129,,2.986,36292398000,0,72351000.0,0,230.784,
97,CMA,ARQ,1997-09-30,1997-11-13,1997-09-30,2021-09-07,7606000,35904883000,,,,,16.918,-9869000.0,1930799000,1930799000,0.0,137067000.0,,12.083,10732628000,,,10732628000,0,21557000.0,22058304000,0.021,0.287,207031000.0,228588000.0,0.493,228588000.0,207031000.0,207031000.0,0.82,0.82,0.82,2744354000,,2744354000,17081292360,,,268822000.0,1.657,1.0,463928000.0,1.0,0,0.0,44706712000,,0,32448813000,,,33160529000,,,8279463360,-63558000.0,0.0,-33199000.0,596782000.0,-95009000.0,-149663000.0,-192586000.0,-182717000.0,278691000.0,0.0,132792000.0,132792000.0,132792000.0,0.0,4275000.0,0.286,252622000.0,211306000.0,0,0.35,3.017,,,384202000,0.0,52.54,,,0,1962568000,463928000.0,463928000.0,0.0,,,,,0.0,150366000.0,1.0,157584000,162214500,162214500.0,2.86,35904883000,0,74239000.0,0,221.342,
98,CMA,ARQ,1997-06-30,1997-08-08,1997-06-30,2021-09-07,-13993000,35854303000,,,,,16.48,-5363000.0,2082667000,2082667000,0.0,129710000.0,,12.438,10135846000,,,10135846000,0,21449000.0,22676541000,0.023,0.287,197441000.0,218890000.0,0.485,218890000.0,197441000.0,197441000.0,0.773,0.773,0.773,2668168000,,2668168000,15690644220,,,19993000.0,0.123,1.0,450975000.0,1.0,0,0.0,43907482000,,0,32173019000,,,33186135000,,,7637465220,245980000.0,0.0,-17462000.0,445091000.0,-50011000.0,906360000.0,-685736000.0,-680373000.0,25356000.0,0.0,125435000.0,125435000.0,125435000.0,0.0,4275000.0,0.278,249259000.0,201716000.0,0,0.371,2.862,,,388827000,0.0,48.253,,,0,1906324000,450975000.0,450975000.0,0.0,,,,,0.0,150608000.0,1.0,158278500,161899500,161899500.0,2.786,35854303000,0,72006000.0,0,221.46,
99,CMA,ARQ,1997-03-31,1997-05-23,1997-03-31,2021-09-07,-49847000,34867708000,,,,,15.702,-5651000.0,1824368000,1824368000,0.0,123772000.0,,12.57,9690755000,,,9690755000,0,22470000.0,22147799000,0.026,0.287,187167000.0,209637000.0,0.476,209637000.0,187167000.0,187167000.0,0.733,0.733,0.733,2569438000,,2569438000,14310000000,,,237057000.0,1.449,1.0,440179000.0,1.0,0,0.0,42734095000,,0,31494481000,,,32298270000,,,6443613000,-197889000.0,0.0,-92624000.0,926693000.0,-46115000.0,568580000.0,-1009177000.0,-1003526000.0,242708000.0,0.0,119497000.0,119497000.0,119497000.0,0.0,4275000.0,0.271,248737000.0,191442000.0,0,0.392,2.508,,,397955000,0.0,40.667,,,0,1842488000,440179000.0,440179000.0,0.0,,,,,0.0,148983000.0,1.0,158449500,163633500,163633500.0,2.69,34867708000,0,67670000.0,0,213.084,
100,CMA,ARQ,1997-03-31,1997-05-15,1997-03-31,2021-09-07,-49847000,34867708000,,,,,15.702,-5651000.0,1824368000,1824368000,0.0,123772000.0,,12.57,9690755000,,,9690755000,0,22470000.0,22147799000,0.026,0.287,187167000.0,209637000.0,0.476,209637000.0,187167000.0,187167000.0,0.733,0.733,0.733,2569438000,,2569438000,14323732290,,,237057000.0,1.449,1.0,440179000.0,1.0,0,0.0,42734095000,,0,31494481000,,,32298270000,,,6457345290,-197889000.0,0.0,-92624000.0,926693000.0,-46115000.0,568580000.0,-1009177000.0,-1003526000.0,242708000.0,0.0,119497000.0,119497000.0,119497000.0,0.0,4275000.0,0.271,248737000.0,191442000.0,0,0.392,2.513,,,397955000,0.0,40.753,,,0,1842488000,440179000.0,440179000.0,0.0,,,,,0.0,148983000.0,1.0,158449500,163633500,163633500.0,2.69,34867708000,0,67670000.0,0,213.084,
0,CMA,ART,2021-06-30,2021-07-29,2021-06-30,2021-09-07,-120000000,88355000000,86601500000.0,,,0.037,59.22,-85000000.0,16501000000,16501000000,0.0,1104000000.0,,10.14,2854000000,,,2854000000,0,104000000.0,76066000000,0.039,2.72,1406000000.0,1510000000.0,0.467,1510000000.0,1406000000.0,1406000000.0,7.76,7.68,7.76,7931000000,8001750000.0,7931000000,-4354037926,-3.0,-2.883,102000000.0,0.762,1.0,3235000000.0,1.0,0,0.0,74708000000,76331000000.0,0,65596000000,,,80424000000,,,9292962074,3190000000.0,0.0,-442000000.0,-4302000000.0,-393000000.0,2572000000.0,431000000.0,499000000.0,187000000.0,0.0,1104000000.0,1076000000.0,1076000000.0,0.0,0.0,0.333,1829000000.0,1406000000.0,0,0.351,1.172,8.637,8.942,454000000,28000000.0,69.39,2.873,2.873,0,10202000000,3235000000.0,3235000000.0,0.0,0.012,0.134,0.018,0.435,41000000.0,1296000000.0,1.0,133923650,133923650,,24.156,88355000000,0,302000000.0,0,659.742,
1,CMA,ART,2021-03-31,2021-04-28,2021-03-31,2021-09-07,-105000000,86291000000,85612000000.0,,,0.034,58.39,-82000000.0,14871000000,14871000000,0.0,889000000.0,,9.585,2852000000,,,2852000000,0,107000000.0,73807000000,0.037,2.72,1125000000.0,1232000000.0,0.42,1232000000.0,1125000000.0,1125000000.0,6.22,6.16,6.22,8152000000,7969500000.0,8152000000,-1777006533,-2.0,-1.442,306000000.0,2.192,1.0,2931000000.0,1.0,0,0.0,74272000000,77243750000.0,0,65576000000,,,78139000000,,,10241993467,10016000000.0,0.0,3000000.0,-6738000000.0,-383000000.0,9688000000.0,-60000000.0,20000000.0,388000000.0,0.0,889000000.0,867000000.0,867000000.0,0.0,0.0,0.296,1806000000.0,1125000000.0,0,0.437,1.256,11.813,11.794,456000000,22000000.0,73.36,3.494,3.494,0,9975000000,2931000000.0,2931000000.0,0.0,0.01,0.109,0.015,0.384,38000000.0,1266000000.0,1.0,139612779,139612779,,20.994,86291000000,0,236000000.0,0,618.074,
2,CMA,ART,2020-12-31,2021-02-09,2020-12-31,2021-09-07,168000000,88129000000,83123500000.0,,,0.029,57.795,-79000000.0,15767000000,15767000000,0.0,474000000.0,,9.948,5728000000,,,5728000000,0,108000000.0,72869000000,0.043,2.72,591000000.0,699000000.0,0.294,699000000.0,591000000.0,591000000.0,3.29,3.27,3.29,8050000000,7782000000.0,8050000000,-1283479526,-2.0,-1.836,849000000.0,6.095,1.0,2375000000.0,1.0,0,0.0,78090000000,78970500000.0,0,66543000000,,,80079000000,,,8755520474,9949000000.0,0.0,-195000000.0,-1746000000.0,-383000000.0,13623000000.0,-4602000000.0,-4549000000.0,928000000.0,0.0,474000000.0,459000000.0,459000000.0,0.0,0.0,0.193,1784000000.0,591000000.0,0,0.827,1.088,19.075,19.106,459000000,15000000.0,62.86,3.687,3.687,0,9623000000,2375000000.0,2375000000.0,0.0,0.006,0.059,0.007,0.249,24000000.0,1224000000.0,1.0,139286040,139286040,,17.051,88129000000,0,117000000.0,0,632.72,
3,CMA,ART,2020-09-30,2020-10-30,2020-09-30,2021-09-07,116000000,83631000000,79441750000.0,,,0.031,56.612,-75000000.0,11141000000,11141000000,0.0,528000000.0,,9.621,5764000000,,,5764000000,0,112000000.0,68459000000,0.06,2.71,664000000.0,776000000.0,0.32,776000000.0,664000000.0,664000000.0,3.67,3.63,3.67,7874000000,7601250000.0,7874000000,952888600,1.0,1.228,866000000.0,6.226,1.0,2426000000.0,1.0,0,0.0,78254000000,78179000000.0,0,66641000000,,,75757000000,,,6329888600,7024000000.0,0.0,-343000000.0,-1716000000.0,-381000000.0,9617000000.0,-3534000000.0,-3479000000.0,941000000.0,0.0,528000000.0,517000000.0,517000000.0,0.0,0.0,0.213,1762000000.0,664000000.0,0,0.738,0.804,12.243,12.401,456000000,11000000.0,45.51,2.609,2.609,0,9511000000,2426000000.0,2426000000.0,0.0,0.007,0.068,0.008,0.274,20000000.0,1209000000.0,1.0,139087862,139087862,,17.442,83631000000,0,136000000.0,0,601.282,
4,CMA,ART,2020-06-30,2020-07-31,2020-06-30,2021-09-07,158000000,84397000000,76746000000.0,,,0.033,56.114,-86000000.0,13311000000,13311000000,0.0,609000000.0,,9.817,7273000000,,,7273000000,0,112000000.0,67720000000,0.07,2.7,777000000.0,889000000.0,0.352,889000000.0,777000000.0,777000000.0,4.2,4.15,4.2,7802000000,7432750000.0,7802000000,-682204315,-1.0,-0.767,1323000000.0,9.515,1.0,2528000000.0,1.0,0,0.0,78359000000,77638750000.0,0,65351000000,,,76595000000,,,5355795685,9730000000.0,0.0,-709000000.0,-1206000000.0,-390000000.0,10338000000.0,-2017000000.0,-1948000000.0,1409000000.0,0.0,609000000.0,604000000.0,604000000.0,0.0,0.0,0.239,1751000000.0,777000000.0,0,0.643,0.686,8.867,9.171,450000000,5000000.0,38.52,2.119,2.119,0,9404000000,2528000000.0,2528000000.0,0.0,0.008,0.081,0.01,0.307,19000000.0,1205000000.0,1.0,139039348,139039348,,18.182,84397000000,0,168000000.0,0,607.001,
5,CMA,ART,2020-03-31,2020-04-29,2020-03-31,2021-09-07,174000000,76337000000,73781000000.0,,,0.037,53.239,-85000000.0,4855000000,4855000000,0.0,794000000.0,,9.313,9697000000,,,9697000000,0,111000000.0,57366000000,0.072,2.69,1022000000.0,1133000000.0,0.411,1133000000.0,1022000000.0,1022000000.0,5.34,5.29,5.34,7402000000,7313000000.0,7402000000,10053021193,10.0,8.873,1664000000.0,11.968,1.0,2757000000.0,1.0,0,0.0,81179000000,77360750000.0,0,65721000000,,,68935000000,,,5211021193,1374000000.0,0.0,-1135000000.0,2028000000.0,-398000000.0,3414000000.0,-3789000000.0,-3723000000.0,1749000000.0,0.0,794000000.0,789000000.0,789000000.0,0.0,0.0,0.286,1735000000.0,1022000000.0,0,0.504,0.704,6.605,7.019,454000000,5000000.0,37.48,1.89,1.89,0,9389000000,2757000000.0,2757000000.0,0.0,0.011,0.108,0.013,0.371,23000000.0,1164000000.0,1.0,139034717,139034717,,19.83,76337000000,0,228000000.0,0,549.05,
6,CMA,ART,2019-12-31,2020-02-11,2019-12-31,2021-09-07,-235000000,73402000000,72369250000.0,,,0.045,51.837,-86000000.0,5818000000,5818000000,0.0,1198000000.0,,9.018,7340000000,,,7340000000,0,114000000.0,57295000000,0.043,2.68,1532000000.0,1646000000.0,0.503,1646000000.0,1532000000.0,1532000000.0,7.95,7.87,7.95,7327000000,7314750000.0,7327000000,10317964629,7.0,6.269,1004000000.0,7.103,1.0,3275000000.0,1.0,0,0.0,74924000000,75814000000.0,0,62285000000,,,66075000000,,,8795964629,1257000000.0,0.0,-1376000000.0,1077000000.0,-402000000.0,661000000.0,-494000000.0,-421000000.0,1090000000.0,0.0,1198000000.0,1191000000.0,1191000000.0,0.0,0.0,0.364,1743000000.0,1532000000.0,0,0.337,1.2,7.385,7.828,457000000,7000000.0,62.23,2.686,2.686,0,9538000000,3275000000.0,3275000000.0,0.0,0.016,0.163,0.02,0.468,39000000.0,1224000000.0,1.0,141346049,141346049,,23.17,73402000000,0,334000000.0,0,519.307,
7,CMA,ART,2019-09-30,2019-10-30,2019-09-30,2021-09-07,-336000000,72848000000,71723250000.0,,,0.046,49.946,-87000000.0,4117000000,4117000000,0.0,1239000000.0,,9.118,7362000000,,,7362000000,0,114000000.0,56809000000,0.039,2.61,1581000000.0,1695000000.0,0.51,1695000000.0,1581000000.0,1581000000.0,7.97,7.89,7.97,7200000000,7359750000.0,7200000000,12834146298,8.0,7.572,1431000000.0,9.927,1.0,3321000000.0,1.0,0,0.0,76093000000,75274000000.0,0,63414000000,,,65648000000,,,9589146298,-1722000000.0,0.0,-1729000000.0,1017000000.0,-405000000.0,-467000000.0,-2773000000.0,-2702000000.0,1518000000.0,0.0,1239000000.0,1232000000.0,1232000000.0,0.0,0.0,0.371,1740000000.0,1581000000.0,0,0.327,1.332,7.783,8.346,467000000,7000000.0,66.52,2.887,2.887,0,9369000000,3321000000.0,3321000000.0,0.0,0.017,0.167,0.021,0.476,44000000.0,1103000000.0,1.0,144154334,144154334,,23.038,72848000000,0,342000000.0,0,505.347,
8,CMA,ART,2019-06-30,2019-08-01,2019-06-30,2021-09-07,-382000000,72537000000,71373250000.0,,,0.047,49.029,-78000000.0,3581000000,3581000000,0.0,1265000000.0,,8.905,8291000000,,,8291000000,0,117000000.0,55537000000,0.037,2.54,1590000000.0,1707000000.0,0.51,1707000000.0,1590000000.0,1590000000.0,7.88,7.79,7.88,7323000000,7506250000.0,7323000000,14927795314,9.0,8.745,1349000000.0,9.032,1.0,3347000000.0,1.0,0,0.0,77247000000,74278500000.0,0,63622000000,,,65214000000,,,10217795314,-2079000000.0,0.0,-1856000000.0,2875000000.0,-362000000.0,-1245000000.0,-2261000000.0,-2197000000.0,1427000000.0,0.0,1265000000.0,1258000000.0,1258000000.0,0.0,0.0,0.376,1757000000.0,1590000000.0,0,0.322,1.395,8.122,8.681,470000000,7000000.0,68.41,3.053,3.053,0,9176000000,3347000000.0,3347000000.0,0.0,0.018,0.168,0.021,0.475,46000000.0,1064000000.0,1.0,149361136,149361136,,22.409,72537000000,0,325000000.0,0,485.648,
9,CMA,ART,2019-03-31,2019-04-29,2019-03-31,2021-09-07,-513000000,70690000000,71235750000.0,,,0.048,48.06,-86000000.0,3481000000,3481000000,0.0,1293000000.0,,8.541,7783000000,,,7783000000,0,118000000.0,54091000000,0.028,2.21,1624000000.0,1742000000.0,0.512,1742000000.0,1624000000.0,1624000000.0,7.83,7.72,7.83,7409000000,7695250000.0,7409000000,16448332347,10.0,9.442,1212000000.0,7.862,1.0,3405000000.0,1.0,0,0.0,74992000000,72958750000.0,0,62003000000,,,63281000000,,,12146332347,-3355000000.0,0.0,-1595000000.0,2087000000.0,-309000000.0,-3405000000.0,-1248000000.0,-1175000000.0,1298000000.0,0.0,1293000000.0,1285000000.0,1285000000.0,0.0,0.0,0.377,1781000000.0,1624000000.0,0,0.282,1.639,9.452,10.063,474000000,8000000.0,78.79,3.567,3.567,0,8979000000,3405000000.0,3405000000.0,0.0,0.018,0.167,0.022,0.477,48000000.0,1068000000.0,1.0,154160837,154160837,,22.087,70690000000,0,331000000.0,0,458.547,
10,CMA,ART,2018-12-31,2019-02-12,2018-12-31,2021-09-07,-609000000,70818000000,71647000000.0,,,0.046,47.214,-90000000.0,4561000000,4561000000,0.0,1235000000.0,,8.434,6507000000,,,6507000000,0,120000000.0,55561000000,0.022,1.84,1535000000.0,1655000000.0,0.497,1655000000.0,1535000000.0,1535000000.0,7.31,7.2,7.31,7507000000,7843000000.0,7507000000,15343383310,10.0,9.271,1526000000.0,9.597,1.0,3329000000.0,1.0,0,0.0,72764000000,71996000000.0,0,61671000000,,,63311000000,,,13397383310,-1284000000.0,0.0,-1286000000.0,1884000000.0,-263000000.0,-1744000000.0,-1156000000.0,-1081000000.0,1616000000.0,0.0,1235000000.0,1227000000.0,1227000000.0,0.0,0.0,0.369,1794000000.0,1535000000.0,0,0.252,1.785,10.919,11.527,475000000,8000000.0,84.26,4.024,4.024,0,8781000000,3329000000.0,3329000000.0,0.0,0.017,0.156,0.021,0.461,48000000.0,1057000000.0,1.0,159000514,159000514,,20.937,70818000000,0,300000000.0,0,445.395,
11,CMA,ART,2018-09-30,2018-10-31,2018-09-30,2021-09-07,-611000000,71448000000,71834250000.0,,,0.046,48.151,-91000000.0,5839000000,5839000000,0.0,1037000000.0,,8.176,6502000000,,,6502000000,0,120000000.0,56006000000,0.019,1.54,1465000000.0,1585000000.0,0.481,1585000000.0,1465000000.0,1465000000.0,6.06,5.96,6.06,7786000000,7957000000.0,7786000000,13851114490,9.0,8.739,1121000000.0,6.933,1.0,3294000000.0,1.0,0,0.0,72111000000,71393500000.0,0,60344000000,,,63662000000,,,13188114490,-365000000.0,0.0,-923000000.0,925000000.0,-213000000.0,-1660000000.0,83000000.0,160000000.0,1212000000.0,0.0,1037000000.0,1031000000.0,1031000000.0,0.0,0.0,0.313,1829000000.0,1465000000.0,0,0.254,1.694,12.792,13.459,472000000,6000000.0,81.56,4.004,4.004,0,8587000000,3294000000.0,3294000000.0,0.0,0.014,0.13,0.021,0.445,51000000.0,1039000000.0,1.0,161698314,161698314,,20.371,71448000000,0,428000000.0,0,441.86,
12,CMA,ART,2018-06-30,2018-07-31,2018-06-30,2021-09-07,-589000000,71987000000,71976500000.0,,,0.045,47.136,-83000000.0,5660000000,5660000000,0.0,945000000.0,,7.91,5641000000,,,5641000000,0,121000000.0,57210000000,0.013,1.24,1418000000.0,1539000000.0,0.472,1539000000.0,1418000000.0,1418000000.0,5.46,5.36,5.46,8079000000,8019000000.0,8079000000,16596438739,12.0,10.784,978000000.0,5.706,1.0,3258000000.0,1.0,0,0.0,71968000000,71105500000.0,0,61164000000,,,63908000000,,,16615438739,29000000.0,0.0,-558000000.0,17000000.0,-203000000.0,-577000000.0,-455000000.0,-399000000.0,1061000000.0,0.0,945000000.0,939000000.0,939000000.0,0.0,0.0,0.288,1840000000.0,1418000000.0,0,0.227,2.057,17.695,17.755,467000000,6000000.0,96.94,5.1,5.1,0,8374000000,3258000000.0,3258000000.0,0.0,0.013,0.117,0.02,0.435,49000000.0,1010000000.0,1.0,171399203,171399203,,19.008,71987000000,0,473000000.0,0,419.996,
13,CMA,ART,2018-03-31,2018-04-30,2018-03-31,2021-09-07,-553000000,72335000000,71841500000.0,,,0.044,46.53,-77000000.0,6836000000,6836000000,0.0,822000000.0,,8.042,5642000000,,,5642000000,0,121000000.0,57635000000,0.012,1.16,1301000000.0,1422000000.0,0.451,1422000000.0,1301000000.0,1301000000.0,4.71,4.62,4.71,8000000000,7995500000.0,8000000000,15067447069,12.0,10.596,977000000.0,5.682,1.0,3150000000.0,1.0,0,0.0,71141000000,70988500000.0,0,60646000000,,,64335000000,,,16261447069,-1483000000.0,0.0,-521000000.0,491000000.0,-193000000.0,-1479000000.0,-1058000000.0,-1006000000.0,1054000000.0,0.0,822000000.0,817000000.0,817000000.0,0.0,0.0,0.259,1849000000.0,1301000000.0,0,0.246,2.033,19.904,20.081,468000000,5000000.0,94.58,5.162,5.162,0,8110000000,3150000000.0,3150000000.0,0.0,0.011,0.102,0.018,0.413,45000000.0,979000000.0,1.0,171933253,171933253,,18.321,72335000000,0,479000000.0,0,420.716,
14,CMA,ART,2017-12-31,2018-02-15,2017-12-31,2021-09-07,-451000000,71567000000,72001750000.0,,,0.043,46.079,-69000000.0,5845000000,5845000000,0.0,743000000.0,,7.987,4632000000,,,4632000000,0,121000000.0,57903000000,0.011,1.09,1234000000.0,1355000000.0,0.438,1355000000.0,1234000000.0,1234000000.0,4.23,4.14,4.23,7963000000,7978000000.0,7963000000,15665674425,13.0,11.561,1034000000.0,5.983,1.0,3094000000.0,1.0,0,0.0,70354000000,70666000000.0,0,60761000000,,,63604000000,,,16878674425,-1373000000.0,0.0,-442000000.0,-531000000.0,-180000000.0,-2338000000.0,-138000000.0,-94000000.0,1103000000.0,0.0,743000000.0,738000000.0,738000000.0,0.0,0.0,0.239,1860000000.0,1234000000.0,0,0.258,2.12,22.871,23.09,466000000,5000000.0,97.67,5.455,5.455,0,7887000000,3094000000.0,3094000000.0,0.0,0.01,0.093,0.017,0.399,39000000.0,957000000.0,1.0,172813294,172813294,,17.904,71567000000,0,491000000.0,0,414.129,
15,CMA,ART,2017-09-30,2017-10-30,2017-09-30,2021-09-07,-359000000,72017000000,72354500000.0,,,0.041,46.195,-67000000.0,6204000000,6204000000,0.0,795000000.0,,7.964,5146000000,,,5146000000,0,121000000.0,57819000000,0.013,1.02,1130000000.0,1251000000.0,0.421,1251000000.0,1130000000.0,1130000000.0,4.53,4.42,4.53,8034000000,7936250000.0,8034000000,12649983295,11.0,10.112,887000000.0,5.1,1.0,2968000000.0,1.0,0,0.0,70959000000,70813750000.0,0,60931000000,,,63983000000,,,13707983295,-1836000000.0,0.0,-278000000.0,-169000000.0,-168000000.0,-2633000000.0,-157000000.0,-112000000.0,954000000.0,0.0,795000000.0,789000000.0,789000000.0,0.0,0.0,0.266,1838000000.0,1130000000.0,0,0.225,1.706,17.374,17.4,467000000,6000000.0,78.82,4.619,4.619,0,7746000000,2968000000.0,2968000000.0,0.0,0.011,0.099,0.016,0.381,25000000.0,943000000.0,1.0,173915038,173915038,,17.066,72017000000,0,335000000.0,0,414.093,
16,CMA,ART,2017-06-30,2017-07-31,2017-06-30,2021-09-07,-361000000,71447000000,72881250000.0,,,0.039,45.392,-68000000.0,5631000000,5631000000,0.0,718000000.0,,7.948,5684000000,,,5684000000,0,122000000.0,56781000000,0.013,0.95,1009000000.0,1131000000.0,0.393,1131000000.0,1009000000.0,1009000000.0,4.11,4.0,4.11,7985000000,7859500000.0,7985000000,12773117179,13.0,11.294,842000000.0,4.787,1.0,2877000000.0,1.0,0,0.0,71500000000,71070500000.0,0,61167000000,,,63462000000,,,12720117179,1521000000.0,0.0,-231000000.0,-137000000.0,-159000000.0,-100000000.0,711000000.0,765000000.0,910000000.0,0.0,718000000.0,713000000.0,713000000.0,0.0,0.0,0.248,1868000000.0,1009000000.0,0,0.231,1.593,17.84,17.594,484000000,5000000.0,72.31,4.421,4.421,0,7580000000,2877000000.0,2877000000.0,0.0,0.01,0.091,0.014,0.351,25000000.0,966000000.0,1.0,175910900,175910900,,16.355,71447000000,0,291000000.0,0,406.154,
17,CMA,ART,2017-03-31,2017-04-28,2017-03-31,2021-09-07,-379000000,72976000000,72839500000.0,,,0.038,44.818,-80000000.0,8319000000,8319000000,0.0,619000000.0,,8.203,5194000000,,,5194000000,0,122000000.0,58863000000,0.013,0.91,853000000.0,975000000.0,0.35,975000000.0,853000000.0,853000000.0,3.56,3.45,3.56,7930000000,7786750000.0,7930000000,9384393653,11.0,9.625,575000000.0,3.25,1.0,2783000000.0,1.0,0,0.0,69851000000,71471250000.0,0,60025000000,,,65046000000,,,12509393653,5317000000.0,0.0,-159000000.0,1677000000.0,-155000000.0,3901000000.0,761000000.0,825000000.0,655000000.0,0.0,619000000.0,614000000.0,614000000.0,0.0,0.0,0.221,1930000000.0,853000000.0,0,0.256,1.577,20.374,19.86,488000000,5000000.0,70.7,4.495,4.495,0,7431000000,2783000000.0,2783000000.0,0.0,0.008,0.079,0.012,0.307,23000000.0,997000000.0,1.0,176936261,176936261,,15.729,72976000000,0,234000000.0,0,412.442,
18,CMA,ART,2016-12-31,2017-02-15,2016-12-31,2021-09-07,-383000000,72978000000,71847250000.0,,,0.036,44.331,-95000000.0,7218000000,7218000000,0.0,477000000.0,,8.361,5185000000,,,5185000000,0,121000000.0,58985000000,0.012,0.89,670000000.0,791000000.0,0.304,791000000.0,670000000.0,670000000.0,2.74,2.68,2.74,7796000000,7715250000.0,7796000000,10846894923,16.0,13.713,398000000.0,2.263,1.0,2600000000.0,1.0,0,0.0,70945000000,71415500000.0,0,60819000000,,,65182000000,,,12879894923,1071000000.0,0.0,-158000000.0,2152000000.0,-152000000.0,848000000.0,-270000000.0,-195000000.0,493000000.0,0.0,477000000.0,473000000.0,473000000.0,0.0,0.0,0.182,1930000000.0,670000000.0,0,0.325,1.652,27.23,26.73,501000000,4000000.0,73.24,4.954,4.954,0,7331000000,2600000000.0,2600000000.0,0.0,0.007,0.061,0.009,0.258,25000000.0,1014000000.0,1.0,175858751,175858751,,14.785,72978000000,0,193000000.0,0,414.981,
19,CMA,ART,2016-09-30,2016-11-01,2016-09-30,2021-09-07,-292000000,74124000000,71572000000.0,,,0.036,44.856,-112000000.0,8040000000,8040000000,0.0,429000000.0,,8.593,5902000000,,,5902000000,0,119000000.0,59261000000,0.017,0.87,601000000.0,720000000.0,0.281,720000000.0,601000000.0,601000000.0,2.47,2.4,2.47,7727000000,7656250000.0,7727000000,6836901310,11.0,9.496,484000000.0,2.81,1.0,2559000000.0,1.0,0,0.0,71986000000,70882000000.0,0,61123000000,,,66397000000,,,8974901310,840000000.0,0.0,-250000000.0,2703000000.0,-150000000.0,2783000000.0,-2539000000.0,-2449000000.0,596000000.0,0.0,429000000.0,425000000.0,425000000.0,0.0,0.0,0.166,1958000000.0,601000000.0,0,0.352,1.161,21.117,21.093,528000000,4000000.0,52.1,3.507,3.507,0,7262000000,2559000000.0,2559000000.0,0.0,0.006,0.056,0.008,0.235,38000000.0,1057000000.0,1.0,172262981,172262981,,14.855,74124000000,0,172000000.0,0,430.296,
20,CMA,ART,2016-06-30,2016-08-01,2016-06-30,2021-09-07,-295000000,71280000000,70794000000.0,,,0.035,44.243,-119000000.0,4110000000,4110000000,0.0,416000000.0,,8.264,5933000000,,,5933000000,0,117000000.0,56374000000,0.019,0.85,587000000.0,704000000.0,0.28,704000000.0,587000000.0,587000000.0,2.36,2.3,2.36,7694000000,7630000000.0,7694000000,9584271788,16.0,13.614,588000000.0,3.381,1.0,2513000000.0,1.0,0,0.0,73103000000,69640750000.0,0,62270000000,,,63586000000,,,7761271788,-1855000000.0,0.0,-223000000.0,2975000000.0,-149000000.0,649000000.0,-3211000000.0,-3114000000.0,707000000.0,0.0,416000000.0,411000000.0,411000000.0,0.0,0.0,0.164,1926000000.0,587000000.0,0,0.36,1.009,18.884,18.911,544000000,5000000.0,44.63,3.088,3.088,0,7157000000,2513000000.0,2513000000.0,0.0,0.006,0.054,0.008,0.234,38000000.0,1054000000.0,1.0,173902572,173902572,,14.451,71280000000,0,171000000.0,0,409.885,
21,CMA,ART,2016-03-31,2016-04-29,2016-03-31,2021-09-07,-328000000,69007000000,70460250000.0,,,0.035,43.647,-121000000.0,3002000000,3002000000,0.0,447000000.0,,8.028,3623000000,,,3623000000,0,118000000.0,56351000000,0.019,0.84,640000000.0,758000000.0,0.305,758000000.0,640000000.0,640000000.0,2.52,2.45,2.52,7644000000,7587250000.0,7644000000,8396948357,13.0,11.078,648000000.0,3.7,1.0,2483000000.0,1.0,0,0.0,69628000000,68084250000.0,0,61261000000,,,61363000000,,,7775948357,-2960000000.0,0.0,-206000000.0,844000000.0,-148000000.0,-717000000.0,-3012000000.0,-2914000000.0,769000000.0,0.0,447000000.0,442000000.0,442000000.0,0.0,0.0,0.178,1843000000.0,640000000.0,0,0.333,1.017,17.593,17.619,541000000,5000000.0,44.4,3.132,3.132,0,7097000000,2483000000.0,2483000000.0,0.0,0.006,0.058,0.009,0.258,41000000.0,1057000000.0,1.0,175133972,175133972,,14.178,69007000000,0,193000000.0,0,394.024,
22,CMA,ART,2015-12-31,2016-02-26,2015-12-31,2021-09-07,-429000000,71877000000,70542500000.0,,,0.037,43.23,-119000000.0,6147000000,6147000000,0.0,521000000.0,,8.508,3081000000,,,3081000000,0,118000000.0,59853000000,0.024,0.83,750000000.0,868000000.0,0.335,868000000.0,750000000.0,750000000.0,2.93,2.84,2.93,7560000000,7551250000.0,7560000000,3047737117,4.0,3.511,743000000.0,4.249,1.0,2592000000.0,1.0,0,0.0,68811000000,67212250000.0,0,61063000000,,,64317000000,,,6113737117,76000000.0,0.0,-218000000.0,317000000.0,-147000000.0,2469000000.0,-3255000000.0,-3153000000.0,862000000.0,0.0,521000000.0,515000000.0,515000000.0,0.0,0.0,0.199,1842000000.0,750000000.0,0,0.283,0.809,11.871,11.932,550000000,6000000.0,34.96,2.359,2.359,0,7084000000,2592000000.0,2592000000.0,0.0,0.007,0.068,0.011,0.289,35000000.0,1062000000.0,1.0,174878064,174878064,,14.822,71877000000,0,229000000.0,0,411.012,
23,CMA,ART,2015-09-30,2015-10-29,2015-09-30,2021-09-07,-345000000,71012000000,69870750000.0,,,0.037,43.127,-110000000.0,7200000000,7200000000,0.0,554000000.0,,8.317,3209000000,,,3209000000,0,121000000.0,58768000000,0.019,0.82,812000000.0,933000000.0,0.361,933000000.0,812000000.0,812000000.0,3.11,3.01,3.11,7622000000,7511750000.0,7622000000,3820678823,5.0,4.095,627000000.0,3.548,1.0,2588000000.0,1.0,0,0.0,67021000000,66488000000.0,0,59039000000,,,63390000000,,,7811678823,-587000000.0,0.0,-210000000.0,317000000.0,-145000000.0,1115000000.0,-2439000000.0,-2354000000.0,737000000.0,0.0,554000000.0,548000000.0,548000000.0,0.0,0.0,0.212,1776000000.0,812000000.0,0,0.264,1.025,14.255,14.212,541000000,6000000.0,44.2,3.018,3.018,0,7007000000,2588000000.0,2588000000.0,0.0,0.008,0.073,0.012,0.314,32000000.0,1046000000.0,1.0,176734815,176734815,,14.643,71012000000,0,258000000.0,0,401.8,
24,CMA,ART,2015-06-30,2015-07-27,2015-06-30,2021-09-07,-396000000,69945000000,69339500000.0,,,0.037,42.281,-93000000.0,5965000000,5965000000,0.0,572000000.0,,8.297,2897000000,,,2897000000,0,122000000.0,58260000000,0.017,0.81,840000000.0,962000000.0,0.377,962000000.0,840000000.0,840000000.0,3.2,3.09,3.2,7523000000,7464500000.0,7523000000,5228815468,6.0,5.435,594000000.0,3.338,1.0,2552000000.0,1.0,0,0.0,66877000000,65725500000.0,0,59461000000,,,62422000000,,,8296815468,2071000000.0,0.0,-203000000.0,168000000.0,-144000000.0,4034000000.0,-2650000000.0,-2575000000.0,687000000.0,0.0,572000000.0,566000000.0,566000000.0,0.0,0.0,0.222,1744000000.0,808000000.0,0,0.253,1.103,14.659,14.572,541000000,6000000.0,46.63,3.251,3.251,0,6908000000,2552000000.0,2552000000.0,0.0,0.008,0.076,0.013,0.329,36000000.0,1051000000.0,1.0,177928704,177928704,,14.343,69945000000,0,268000000.0,0,393.107,
25,CMA,ART,2015-03-31,2015-04-29,2015-03-31,2021-09-07,-370000000,69336000000,68184500000.0,,,0.037,42.133,-79000000.0,5962000000,5962000000,0.0,588000000.0,,8.245,2766000000,,,2766000000,0,124000000.0,57570000000,0.017,0.8,862000000.0,986000000.0,0.388,986000000.0,862000000.0,862000000.0,3.27,3.16,3.27,7500000000,7426000000.0,7500000000,5241644470,6.0,5.316,684000000.0,3.842,1.0,2542000000.0,1.0,0,0.0,66140000000,65063000000.0,0,58657000000,,,61836000000,,,8437644470,342000000.0,0.0,-217000000.0,-890000000.0,-142000000.0,2695000000.0,-3116000000.0,-3058000000.0,763000000.0,0.0,588000000.0,581000000.0,581000000.0,0.0,0.0,0.229,1712000000.0,830000000.0,0,0.245,1.125,14.523,14.495,531000000,7000000.0,47.4,3.319,3.319,0,6841000000,2542000000.0,2542000000.0,0.0,0.009,0.078,0.013,0.339,36000000.0,1042000000.0,1.0,178009377,178009377,,14.28,69336000000,0,274000000.0,0,389.508,
26,CMA,ART,2014-12-31,2015-02-17,2014-12-31,2021-09-07,-412000000,69190000000,67270750000.0,,,0.037,41.5,-70000000.0,6071000000,6071000000,0.0,593000000.0,,8.347,2795000000,,,2795000000,0,123000000.0,57486000000,0.017,0.79,870000000.0,993000000.0,0.398,993000000.0,870000000.0,870000000.0,3.28,3.16,3.28,7402000000,7371750000.0,7402000000,5040898542,6.0,5.076,569000000.0,3.19,1.0,2496000000.0,1.0,0,0.0,65914000000,64466750000.0,0,58149000000,,,61788000000,,,8316898542,-380000000.0,0.0,-211000000.0,-947000000.0,-137000000.0,2724000000.0,-3743000000.0,-3694000000.0,639000000.0,0.0,593000000.0,586000000.0,586000000.0,0.0,0.0,0.235,1658000000.0,838000000.0,0,0.241,1.124,14.193,14.216,532000000,7000000.0,46.63,3.332,3.332,0,6744000000,2496000000.0,2496000000.0,0.0,0.009,0.079,0.013,0.349,31000000.0,1037000000.0,1.0,178359394,178359394,,13.994,69190000000,0,277000000.0,0,387.925,
27,CMA,ART,2014-09-30,2014-10-28,2014-09-30,2021-09-07,-317000000,68887000000,66280000000.0,,,0.037,41.366,-140000000.0,7787000000,7787000000,0.0,561000000.0,,8.268,2871000000,,,2871000000,0,122000000.0,57581000000,0.016,0.76,803000000.0,925000000.0,0.373,925000000.0,803000000.0,803000000.0,3.08,2.97,3.08,7433000000,7309500000.0,7433000000,3421457219,4.0,3.699,811000000.0,4.513,1.0,2483000000.0,1.0,0,0.0,63971000000,63631250000.0,0,56696000000,,,61454000000,,,8337457219,699000000.0,0.0,-195000000.0,-834000000.0,-132000000.0,3265000000.0,-3517000000.0,-3508000000.0,951000000.0,0.0,561000000.0,553000000.0,553000000.0,0.0,0.0,0.223,1712000000.0,771000000.0,0,0.247,1.122,15.077,15.065,524000000,8000000.0,46.4,3.358,3.358,0,6631000000,2483000000.0,2483000000.0,0.0,0.008,0.076,0.013,0.323,33000000.0,1051000000.0,1.0,179686578,179686578,,13.819,68887000000,0,242000000.0,0,383.373,
28,CMA,ART,2014-06-30,2014-07-29,2014-06-30,2021-09-07,-304000000,65325000000,65225750000.0,,,0.038,40.752,-133000000.0,3894000000,3894000000,0.0,554000000.0,,7.865,2796000000,,,2796000000,0,121000000.0,54170000000,0.015,0.73,777000000.0,898000000.0,0.363,898000000.0,777000000.0,777000000.0,3.03,2.93,3.03,7369000000,7193500000.0,7369000000,7869160001,10.0,8.763,764000000.0,4.225,1.0,2477000000.0,1.0,0,0.0,64227000000,62981750000.0,0,56934000000,,,57956000000,,,8967160001,-31000000.0,0.0,-217000000.0,-887000000.0,-127000000.0,1388000000.0,-2316000000.0,-2292000000.0,897000000.0,0.0,554000000.0,546000000.0,546000000.0,0.0,0.0,0.22,1700000000.0,777000000.0,0,0.241,1.217,16.423,16.366,562000000,8000000.0,49.59,3.62,3.62,0,6520000000,2477000000.0,2477000000.0,0.0,0.008,0.076,0.012,0.314,32000000.0,1059000000.0,1.0,180825973,180825973,,13.698,65325000000,0,223000000.0,0,361.259,
29,CMA,ART,2014-03-31,2014-04-29,2014-03-31,2021-09-07,-325000000,65681000000,64631250000.0,,,0.038,40.088,-118000000.0,5620000000,5620000000,0.0,546000000.0,,8.018,3694000000,,,3694000000,0,121000000.0,53750000000,0.015,0.7,749000000.0,870000000.0,0.354,870000000.0,749000000.0,749000000.0,2.97,2.89,2.97,7283000000,7079000000.0,7283000000,6756184928,9.0,7.766,656000000.0,3.611,1.0,2461000000.0,1.0,0,0.0,63755000000,62613500000.0,0,55487000000,,,58398000000,,,8682184928,23000000.0,0.0,-238000000.0,-978000000.0,-125000000.0,143000000.0,-894000000.0,-854000000.0,774000000.0,0.0,546000000.0,538000000.0,538000000.0,0.0,0.0,0.219,1712000000.0,749000000.0,0,0.236,1.192,16.138,16.091,583000000,8000000.0,47.79,3.528,3.528,0,6414000000,2461000000.0,2461000000.0,0.0,0.008,0.076,0.012,0.304,32000000.0,1064000000.0,1.0,181673675,181673675,,13.546,65681000000,0,203000000.0,0,361.533,
30,CMA,ART,2013-12-31,2014-02-14,2013-12-31,2021-09-07,-391000000,65227000000,64432250000.0,,,0.038,39.287,-102000000.0,6451000000,6451000000,0.0,541000000.0,,8.119,3796000000,,,3796000000,0,122000000.0,53292000000,0.014,0.68,730000000.0,852000000.0,0.347,852000000.0,730000000.0,730000000.0,2.92,2.85,2.92,7153000000,7005250000.0,7153000000,6017067926,8.0,7.062,734000000.0,4.031,1.0,2452000000.0,1.0,0,0.0,62572000000,62686000000.0,0,54291000000,,,58074000000,,,8672067926,1917000000.0,0.0,-258000000.0,-937000000.0,-123000000.0,-93000000.0,1174000000.0,1214000000.0,836000000.0,0.0,541000000.0,533000000.0,533000000.0,0.0,0.0,0.217,1722000000.0,730000000.0,0,0.233,1.212,16.27,16.312,594000000,8000000.0,47.63,3.537,3.537,0,6321000000,2452000000.0,2452000000.0,0.0,0.008,0.076,0.012,0.298,32000000.0,1069000000.0,1.0,182071550,182071550,,13.467,65227000000,0,189000000.0,0,358.249,
31,CMA,ART,2013-09-30,2013-10-29,2013-09-30,2021-09-07,-541000000,64670000000,64465250000.0,,,0.038,38.101,0.0,7088000000,7088000000,0.0,554000000.0,,8.28,3791000000,,,3791000000,0,125000000.0,52909000000,0.015,0.66,763000000.0,888000000.0,0.364,888000000.0,763000000.0,763000000.0,2.96,2.91,2.96,6969000000,6952500000.0,6969000000,4644982116,6.0,5.231,459000000.0,2.509,1.0,2439000000.0,1.0,0,0.0,61373000000,63456750000.0,0,53141000000,,,57701000000,,,7941982116,3150000000.0,0.0,-311000000.0,-917000000.0,-120000000.0,2042000000.0,649000000.0,730000000.0,459000000.0,0.0,554000000.0,546000000.0,546000000.0,0.0,0.0,0.224,1676000000.0,763000000.0,0,0.223,1.14,14.546,14.669,604000000,8000000.0,43.42,3.256,3.256,0,6239000000,2439000000.0,2439000000.0,0.0,0.008,0.079,0.012,0.313,32000000.0,1066000000.0,1.0,182910689,182910689,,13.334,64670000000,0,209000000.0,0,353.561,
32,CMA,ART,2013-06-30,2013-07-29,2013-06-30,2021-09-07,-538000000,62947000000,64126250000.0,,,0.038,37.365,0.0,3925000000,3925000000,0.0,524000000.0,,8.108,3732000000,,,3732000000,0,128000000.0,51255000000,0.015,0.64,715000000.0,843000000.0,0.348,843000000.0,715000000.0,715000000.0,2.77,2.74,2.77,6911000000,6981250000.0,6911000000,7579086810,11.0,8.991,607000000.0,3.282,1.0,2423000000.0,1.0,0,0.0,62754000000,64158250000.0,0,54596000000,,,56036000000,,,7772086810,-216000000.0,0.0,-329000000.0,-1007000000.0,-118000000.0,737000000.0,-1560000000.0,-1506000000.0,607000000.0,0.0,524000000.0,517000000.0,517000000.0,0.0,0.0,0.213,1708000000.0,715000000.0,0,0.231,1.125,15.033,15.17,604000000,7000000.0,42.02,3.208,3.208,0,6127000000,2423000000.0,2423000000.0,0.0,0.008,0.074,0.011,0.295,32000000.0,1066000000.0,1.0,184961609,184961609,,13.1,62947000000,0,191000000.0,0,340.325,
33,CMA,ART,2013-03-31,2013-04-29,2013-03-31,2021-09-07,-410000000,64885000000,64052000000.0,,,0.038,37.44,0.0,5597000000,5597000000,0.0,525000000.0,,8.285,4757000000,,,4757000000,0,130000000.0,52117000000,0.017,0.62,716000000.0,846000000.0,0.347,846000000.0,716000000.0,716000000.0,2.73,2.71,2.73,6988000000,7010500000.0,6988000000,5922109838,8.0,7.0,872000000.0,4.672,1.0,2441000000.0,1.0,0,0.0,64045000000,64303250000.0,0,54851000000,,,57897000000,,,6762109838,1637000000.0,0.0,-346000000.0,-213000000.0,-106000000.0,3260000000.0,-2495000000.0,-2444000000.0,872000000.0,0.0,525000000.0,518000000.0,518000000.0,0.0,0.0,0.212,1725000000.0,716000000.0,0,0.227,0.968,13.054,13.271,618000000,7000000.0,36.23,2.77,2.77,0,6020000000,2441000000.0,2441000000.0,0.0,0.008,0.074,0.011,0.293,33000000.0,1072000000.0,1.0,186643937,186643937,,13.078,64885000000,0,191000000.0,0,347.641,
34,CMA,ART,2012-12-31,2013-02-19,2012-12-31,2021-09-07,-413000000,65359000000,63479000000.0,,,0.039,36.991,0.0,4534000000,4534000000,0.0,521000000.0,,8.415,4830000000,,,4830000000,0,133000000.0,52202000000,0.016,0.55,710000000.0,843000000.0,0.342,843000000.0,710000000.0,710000000.0,2.68,2.67,2.68,6942000000,7009750000.0,6942000000,6939465856,10.0,8.232,754000000.0,4.018,1.0,2467000000.0,1.0,0,0.0,65655000000,64200500000.0,0,55850000000,,,58417000000,,,6643465856,978000000.0,0.0,-308000000.0,-153000000.0,-97000000.0,3962000000.0,-3738000000.0,-3687000000.0,754000000.0,0.0,521000000.0,515000000.0,515000000.0,0.0,0.0,0.209,1757000000.0,710000000.0,0,0.205,0.957,12.9,13.209,622000000,6000000.0,35.4,2.693,2.693,0,5931000000,2467000000.0,2467000000.0,0.0,0.008,0.073,0.011,0.288,36000000.0,1083000000.0,1.0,187668527,187668527,,13.146,65359000000,0,189000000.0,0,348.268,
35,CMA,ART,2012-09-30,2012-10-30,2012-09-30,2021-09-07,-253000000,63314000000,62391250000.0,,,0.039,37.217,-29000000.0,3938000000,3938000000,0.0,487000000.0,,7.938,4803000000,,,4803000000,0,132000000.0,49977000000,0.017,0.5,654000000.0,786000000.0,0.319,786000000.0,654000000.0,654000000.0,2.48,2.48,2.48,7084000000,6991250000.0,7084000000,6426854836,10.0,8.177,862000000.0,4.529,1.0,2462000000.0,1.0,0,0.0,64179000000,63403250000.0,0,54262000000,,,56230000000,,,5561854836,-1260000000.0,0.0,-255000000.0,-333000000.0,-89000000.0,1865000000.0,-4016000000.0,-3957000000.0,891000000.0,0.0,487000000.0,482000000.0,482000000.0,0.0,0.0,0.196,1808000000.0,654000000.0,0,0.202,0.785,11.539,11.782,625000000,5000000.0,29.22,2.259,2.259,0,5831000000,2462000000.0,2462000000.0,0.0,0.008,0.069,0.01,0.266,36000000.0,1102000000.0,1.0,190344108,190344108,,12.934,63314000000,0,167000000.0,0,332.629,
36,CMA,ART,2012-06-30,2012-07-30,2012-06-30,2021-09-07,-301000000,62650000000,61784750000.0,,,0.04,36.321,-64000000.0,4141000000,4141000000,0.0,468000000.0,,7.914,4825000000,,,4825000000,0,130000000.0,49388000000,0.015,0.45,627000000.0,757000000.0,0.309,757000000.0,627000000.0,627000000.0,2.38,2.38,2.38,7028000000,6958000000.0,7028000000,6579809348,10.0,8.692,808000000.0,4.176,1.0,2446000000.0,1.0,0,0.0,63334000000,62576250000.0,0,53435000000,,,55622000000,,,5895809348,675000000.0,721000000.0,-219000000.0,-764000000.0,-78000000.0,2804000000.0,-3001000000.0,-3625000000.0,872000000.0,0.0,468000000.0,463000000.0,463000000.0,0.0,0.0,0.189,1819000000.0,627000000.0,0,0.189,0.839,12.734,12.803,667000000,5000000.0,30.47,2.41,2.41,0,5744000000,2446000000.0,2446000000.0,0.0,0.007,0.067,0.01,0.256,36000000.0,1106000000.0,1.0,193495548,193495548,,12.641,62650000000,0,159000000.0,0,323.78,
37,CMA,ART,2012-03-31,2012-05-01,2012-03-31,2021-09-07,-326000000,62593000000,59657500000.0,,,0.04,35.516,-91000000.0,3960000000,3960000000,0.0,420000000.0,,7.961,5001000000,,,5001000000,0,126000000.0,49306000000,0.012,0.4,570000000.0,696000000.0,0.294,696000000.0,570000000.0,570000000.0,2.19,2.18,2.19,6985000000,6710500000.0,6985000000,7448602821,13.0,10.702,819000000.0,4.164,1.0,2365000000.0,1.0,0,0.0,63634000000,60732250000.0,0,52549000000,,,55608000000,,,6407602821,-485000000.0,721000000.0,-129000000.0,-1514000000.0,-75000000.0,949000000.0,-2344000000.0,-2965000000.0,910000000.0,0.0,420000000.0,416000000.0,416000000.0,0.0,0.0,0.176,1795000000.0,570000000.0,0,0.183,0.917,15.403,14.877,670000000,4000000.0,32.58,2.709,2.709,0,5630000000,2365000000.0,2365000000.0,0.0,0.007,0.062,0.009,0.241,36000000.0,1100000000.0,1.0,196672892,196672892,,12.025,62593000000,0,150000000.0,0,318.259,
38,CMA,ART,2011-12-31,2012-02-21,2011-12-31,2021-09-07,-356000000,61008000000,57763500000.0,,,0.04,34.752,-121000000.0,3556000000,3556000000,0.0,393000000.0,,7.883,5014000000,,,5014000000,0,122000000.0,47755000000,0.013,0.4,530000000.0,652000000.0,0.284,652000000.0,530000000.0,530000000.0,2.11,2.09,2.11,6868000000,6433500000.0,6868000000,7535031726,14.0,11.557,781000000.0,3.952,1.0,2292000000.0,1.0,0,0.0,62466000000,59014500000.0,0,52206000000,,,54140000000,,,6077031726,1473000000.0,721000000.0,-112000000.0,-1586000000.0,-73000000.0,1526000000.0,-955000000.0,-1555000000.0,902000000.0,0.0,393000000.0,389000000.0,389000000.0,0.0,0.0,0.17,1762000000.0,530000000.0,0,0.19,0.885,15.622,14.573,675000000,4000000.0,30.75,2.651,2.651,0,5546000000,2292000000.0,2292000000.0,0.0,0.007,0.06,0.009,0.231,36000000.0,1084000000.0,1.0,197627048,197627048,,11.598,61008000000,0,137000000.0,0,308.703,
39,CMA,ART,2011-09-30,2011-11-01,2011-09-30,2021-09-07,-230000000,60888000000,55928250000.0,,,0.04,34.985,-119000000.0,5198000000,5198000000,0.0,393000000.0,,7.76,5181000000,,,5181000000,0,120000000.0,47452000000,0.016,0.4,527000000.0,647000000.0,0.288,647000000.0,527000000.0,527000000.0,2.19,2.15,2.19,6951000000,6164750000.0,6951000000,4914297590,9.0,7.596,928000000.0,4.671,1.0,2248000000.0,1.0,0,0.0,60871000000,57863250000.0,0,50327000000,,,53937000000,,,4931297590,1204000000.0,721000000.0,-71000000.0,-2530000000.0,-62000000.0,90000000.0,67000000.0,-535000000.0,1047000000.0,0.0,393000000.0,389000000.0,389000000.0,0.0,0.0,0.173,1721000000.0,527000000.0,0,0.183,0.709,12.677,11.333,685000000,4000000.0,24.82,2.194,2.194,0,5471000000,2248000000.0,2248000000.0,0.0,0.007,0.063,0.009,0.234,36000000.0,1069000000.0,1.0,198682417,198682417,,11.315,60888000000,0,134000000.0,0,306.459,
40,CMA,ART,2011-06-30,2011-08-02,2011-06-30,2021-09-07,-308000000,54141000000,54457250000.0,,,0.039,34.156,-113000000.0,3466000000,3466000000,0.0,354000000.0,,7.967,5283000000,,,5283000000,0,121000000.0,41758000000,0.011,0.35,467000000.0,588000000.0,0.276,588000000.0,467000000.0,467000000.0,2.02,1.97,2.02,6038000000,5891250000.0,6038000000,7252913260,16.0,12.335,895000000.0,5.063,1.0,2130000000.0,1.0,0,0.0,55958000000,57255750000.0,0,46048000000,,,48103000000,,,5435913260,-759000000.0,0.0,-17000000.0,-3963000000.0,-53000000.0,-2253000000.0,486000000.0,600000000.0,1008000000.0,0.0,354000000.0,351000000.0,351000000.0,0.0,0.0,0.165,1663000000.0,467000000.0,0,0.173,0.9,15.487,15.223,641000000,3000000.0,30.75,2.552,2.552,0,5395000000,2130000000.0,2130000000.0,0.0,0.006,0.06,0.008,0.219,41000000.0,1053000000.0,1.0,176777667,176777667,,12.049,54141000000,0,113000000.0,0,306.266,
41,CMA,ART,2011-03-31,2011-05-02,2011-03-31,2021-09-07,-382000000,55017000000,54893250000.0,,,0.038,33.246,-105000000.0,4445000000,4445000000,0.0,328000000.0,,8.361,6191000000,,,6191000000,0,121000000.0,41873000000,0.008,0.3,423000000.0,544000000.0,0.262,544000000.0,423000000.0,423000000.0,1.88,1.83,1.88,5877000000,5829750000.0,5877000000,8447381028,20.0,15.528,1022000000.0,5.781,1.0,2074000000.0,1.0,0,0.0,56763000000,58497500000.0,0,45887000000,,,49140000000,,,6701381028,-184000000.0,0.0,-17000000.0,-4262000000.0,-44000000.0,-2380000000.0,1069000000.0,1179000000.0,1127000000.0,0.0,328000000.0,325000000.0,325000000.0,0.0,0.0,0.157,1651000000.0,423000000.0,0,0.16,1.14,20.62,20.165,637000000,3000000.0,37.91,3.231,3.231,0,5317000000,2074000000.0,2074000000.0,0.0,0.006,0.056,0.007,0.204,39000000.0,1041000000.0,1.0,176770800,176770800,,11.733,55017000000,0,95000000.0,0,311.234,
42,CMA,ART,2010-12-31,2011-02-28,2010-12-31,2021-09-07,-389000000,53667000000,55415500000.0,,,0.035,32.772,-92000000.0,2083000000,2083000000,0.0,277000000.0,,8.264,6277000000,,,6277000000,0,124000000.0,40471000000,0.006,0.25,332000000.0,456000000.0,0.233,456000000.0,332000000.0,332000000.0,0.9,0.88,0.9,5793000000,5777500000.0,5793000000,11070241940,33.0,24.277,1194000000.0,6.755,1.0,1955000000.0,1.0,0,0.0,57861000000,60032250000.0,0,47036000000,,,47874000000,,,6876241940,-3534000000.0,0.0,850000000.0,-5326000000.0,-34000000.0,-6026000000.0,1206000000.0,1298000000.0,1286000000.0,0.0,277000000.0,153000000.0,153000000.0,-17000000.0,0.0,0.078,1640000000.0,315000000.0,0,0.278,1.187,44.943,43.222,630000000,124000000.0,38.9,3.517,3.517,0,5247000000,1955000000.0,1955000000.0,0.0,0.003,0.026,0.006,0.17,31000000.0,1017000000.0,1.0,176767145,176767145,,11.06,53667000000,0,55000000.0,0,303.603,
43,CMA,ART,2010-09-30,2010-10-29,2010-09-30,2021-09-07,-238000000,55004000000,56811000000.0,,,0.031,33.186,-85000000.0,3994000000,3994000000,0.0,152000000.0,,8.391,7431000000,,,7431000000,0,125000000.0,40631000000,0.006,0.2,0.0,125000000.0,0.072,125000000.0,0.0,0.0,-0.15,-0.17,-0.15,5857000000,6086500000.0,5857000000,9751870736,,78.015,885000000.0,5.014,1.0,1746000000.0,1.0,0,0.0,58441000000,61858250000.0,0,46254000000,,,49147000000,,,6314870736,976000000.0,0.0,849000000.0,-4346000000.0,-32000000.0,-4742000000.0,4748000000.0,4833000000.0,970000000.0,0.0,17000000.0,-6000000.0,-6000000.0,-17000000.0,135000000.0,-0.003,1628000000.0,118000000.0,0,-1.333,1.078,-1052.478,-238.533,639000000,23000000.0,35.78,3.617,3.617,0,5171000000,1746000000.0,1746000000.0,0.0,0.0,-0.001,0.0,0.0,30000000.0,1023000000.0,1.0,176491636,176491636,,9.893,55004000000,0,-17000000.0,0,311.652,
44,CMA,ART,2010-06-30,2010-07-30,2010-06-30,2021-09-07,-240000000,55885000000,57957500000.0,,,0.029,32.849,-73000000.0,4225000000,4225000000,0.0,112000000.0,,8.649,9265000000,,,9265000000,0,123000000.0,39780000000,0.005,0.2,-76000000.0,47000000.0,0.028,47000000.0,-76000000.0,-76000000.0,-0.59,-0.6,-0.59,5792000000,6381000000.0,5792000000,11803609959,-155.0,251.141,815000000.0,4.622,1.0,1667000000.0,1.0,0,0.0,60925000000,64313250000.0,0,46957000000,,,50093000000,,,6763609959,-915000000.0,0.0,849000000.0,-4869000000.0,-31000000.0,-7647000000.0,5844000000.0,5917000000.0,888000000.0,0.0,-23000000.0,-80000000.0,-80000000.0,-17000000.0,135000000.0,-0.048,1625000000.0,42000000.0,0,-0.339,1.168,-84.545,-65.017,634000000,57000000.0,38.36,4.057,4.057,0,5124000000,1667000000.0,1667000000.0,0.0,-0.001,-0.013,-0.001,-0.046,24000000.0,1002000000.0,1.0,176319342,176319342,,9.454,55885000000,0,-53000000.0,0,316.953,
45,CMA,ART,2010-03-31,2010-04-30,2010-03-31,2021-09-07,-303000000,57106000000,59893750000.0,,,0.026,32.146,-72000000.0,4629000000,4629000000,0.0,60000000.0,,9.075,10425000000,,,10425000000,0,124000000.0,39966000000,0.005,0.2,-210000000.0,-86000000.0,-0.055,-86000000.0,-210000000.0,-210000000.0,-1.09,-1.09,-1.09,5668000000,6706250000.0,5668000000,13201528326,-63.0,-153.506,577000000.0,3.272,1.0,1565000000.0,1.0,0,0.0,62902000000,67221500000.0,0,47369000000,,,51438000000,,,7405528326,1119000000.0,7000000.0,847000000.0,-6352000000.0,-30000000.0,-10030000000.0,10500000000.0,10565000000.0,649000000.0,0.0,-75000000.0,-165000000.0,-165000000.0,-17000000.0,135000000.0,-0.105,1657000000.0,-92000000.0,0,-0.183,1.307,-44.882,-38.532,637000000,90000000.0,42.0,4.732,4.732,0,5064000000,1565000000.0,1565000000.0,0.0,-0.003,-0.025,-0.003,-0.134,25000000.0,993000000.0,1.0,176322103,176322103,,8.876,57106000000,0,-135000000.0,0,323.873,
46,CMA,ART,2009-12-31,2010-02-25,2009-12-31,2021-09-07,-336000000,59249000000,62459750000.0,,,0.025,46.496,-74000000.0,5617000000,5617000000,0.0,17000000.0,,7.429,11533000000,,,11533000000,0,122000000.0,39665000000,0.006,0.2,-249000000.0,-127000000.0,-0.083,-127000000.0,-249000000.0,-249000000.0,-0.79,-0.79,-0.79,7029000000,7085000000.0,7029000000,11326525906,-45.0,-89.185,17000000.0,0.112,1.0,1535000000.0,1.0,0,0.0,65165000000,71668250000.0,0,48730000000,,,52220000000,,,5410525906,2194000000.0,7000000.0,-1000000.0,-5170000000.0,-72000000.0,-7366000000.0,9469000000.0,9536000000.0,91000000.0,0.0,-118000000.0,-118000000.0,-118000000.0,-1000000.0,135000000.0,-0.077,1650000000.0,-115000000.0,0,-0.253,0.77,-45.852,-45.304,644000000,0.0,35.79,3.525,3.525,0,5161000000,1535000000.0,1535000000.0,0.0,-0.002,-0.017,-0.003,-0.162,32000000.0,996000000.0,1.0,151174236,151174236,,10.154,59249000000,0,-131000000.0,0,391.925,
47,CMA,ART,2009-09-30,2009-10-30,2009-09-30,2021-09-07,-361000000,59590000000,64534500000.0,,,0.025,46.551,-94000000.0,3018000000,3018000000,0.0,66000000.0,,7.471,11689000000,,,11689000000,0,120000000.0,39614000000,0.017,0.48,-40000000.0,80000000.0,0.05,80000000.0,-40000000.0,-40000000.0,-0.34,-0.35,-0.34,7035000000,7115750000.0,7035000000,12864713228,-322.0,160.809,87000000.0,0.576,1.0,1594000000.0,1.0,0,0.0,68261000000,75612250000.0,0,51642000000,,,52555000000,,,4193713228,1540000000.0,7000000.0,-1000000.0,-7506000000.0,-165000000.0,-5333000000.0,6692000000.0,6779000000.0,181000000.0,0.0,66000000.0,-52000000.0,-52000000.0,-2000000.0,0.0,-0.033,1636000000.0,-42000000.0,0,-1.412,0.596,-80.648,-81.618,657000000,118000000.0,27.75,2.631,2.631,0,5205000000,1594000000.0,1594000000.0,0.0,-0.001,-0.007,-0.001,-0.025,35000000.0,974000000.0,1.0,151124801,151124801,,10.548,59590000000,0,-106000000.0,0,394.31,
48,CMA,ART,2009-06-30,2009-07-31,2009-06-30,2021-09-07,-342000000,63630000000,65925250000.0,,,0.026,46.938,-116000000.0,5140000000,5140000000,0.0,75000000.0,,7.971,14068000000,,,14068000000,0,120000000.0,40991000000,0.046,1.09,-2000000.0,118000000.0,0.068,118000000.0,-2000000.0,-2000000.0,-0.05,-0.06,-0.05,7093000000,6632000000.0,7093000000,12530546770,-6265.0,106.191,225000000.0,1.489,1.0,1746000000.0,1.0,0,0.0,72558000000,79239000000.0,0,53558000000,,,56537000000,,,3602546770,3368000000.0,7000000.0,-1000000.0,-3043000000.0,-256000000.0,-2110000000.0,5137000000.0,5246000000.0,341000000.0,0.0,75000000.0,-9000000.0,-9000000.0,-3000000.0,0.0,-0.005,1751000000.0,-5000000.0,0,-21.8,0.508,-400.283,-476.8,667000000,84000000.0,23.84,2.063,2.063,0,5257000000,1746000000.0,1746000000.0,0.0,0.0,-0.001,0.0,-0.001,38000000.0,990000000.0,1.0,151113539,151113539,,11.554,63630000000,0,-77000000.0,0,421.074,
49,CMA,ART,2009-03-31,2009-05-08,2009-03-31,2021-09-07,-238000000,67370000000,66518500000.0,,,0.028,47.532,-143000000.0,3510000000,3510000000,0.0,113000000.0,,8.379,16829000000,,,16829000000,0,118000000.0,41894000000,0.074,1.7,130000000.0,248000000.0,0.132,248000000.0,130000000.0,130000000.0,0.42,0.41,0.42,7183000000,6129250000.0,7183000000,16790233245,129.0,67.703,238000000.0,1.575,1.0,1872000000.0,1.0,0,0.0,80689000000,81393500000.0,0,58900000000,,,60187000000,,,3471233245,1507000000.0,0.0,0.0,3455000000.0,-349000000.0,452000000.0,674000000.0,817000000.0,381000000.0,0.0,113000000.0,63000000.0,63000000.0,-3000000.0,0.0,0.034,1745000000.0,127000000.0,0,4.048,0.483,55.099,54.69,676000000,50000000.0,22.97,1.854,1.854,0,5252000000,1872000000.0,1872000000.0,0.0,0.001,0.01,0.002,0.069,42000000.0,1017000000.0,1.0,151120298,151120298,,12.387,67370000000,0,17000000.0,0,445.804,
50,CMA,ART,2008-12-31,2009-02-24,2008-12-31,2021-09-07,-309000000,67548000000,66430250000.0,,,0.03,47.298,-166000000.0,3423000000,3423000000,0.0,213000000.0,,8.445,16816000000,,,16816000000,0,114000000.0,41955000000,0.154,2.31,272000000.0,386000000.0,0.191,386000000.0,272000000.0,272000000.0,1.31,1.29,1.31,7152000000,5647750000.0,7152000000,15661184140,58.0,40.573,696000000.0,4.603,1.0,2022000000.0,1.0,0,0.0,80941000000,80797500000.0,0,59094000000,,,60396000000,,,2268184140,1909000000.0,0.0,0.0,4908000000.0,-395000000.0,4464000000.0,-3417000000.0,-3251000000.0,862000000.0,0.0,213000000.0,196000000.0,196000000.0,-1000000.0,0.0,0.097,1751000000.0,271000000.0,0,1.763,0.317,11.572,11.45,683000000,17000000.0,15.0,1.122,1.122,0,5345000000,2022000000.0,2022000000.0,0.0,0.003,0.035,0.003,0.135,51000000.0,1037000000.0,1.0,151212276,151212276,,13.372,67548000000,0,59000000.0,0,446.71,
51,CMA,ART,2008-09-30,2008-10-31,2008-09-30,2021-09-07,-129000000,65153000000,65126000000.0,,,0.034,33.89,-189000000.0,1407000000,1407000000,0.0,312000000.0,,11.775,19022000000,,,19022000000,0,112000000.0,39545000000,0.095,2.62,432000000.0,544000000.0,0.245,544000000.0,432000000.0,432000000.0,2.09,2.09,2.09,5100000000,5139000000.0,5100000000,21766905705,50.0,40.013,906000000.0,6.02,1.0,2220000000.0,1.0,0,0.0,82768000000,78695000000.0,0,59248000000,,,60053000000,,,4151905705,133000000.0,0.0,-47000000.0,7194000000.0,-392000000.0,4932000000.0,-5894000000.0,-5704000000.0,1095000000.0,0.0,312000000.0,312000000.0,312000000.0,-2000000.0,0.0,0.141,1790000000.0,430000000.0,0,1.254,0.814,13.307,13.201,668000000,0.0,27.59,1.87,1.87,0,5379000000,2220000000.0,2220000000.0,0.0,0.005,0.061,0.005,0.195,54000000.0,1060000000.0,1.0,150485890,150485890,,14.752,65153000000,0,120000000.0,0,432.951,
52,CMA,ART,2008-06-30,2008-07-31,2008-06-30,2021-09-07,-207000000,66003000000,63843250000.0,,,0.037,33.778,-189000000.0,1775000000,1775000000,0.0,465000000.0,,11.988,16948000000,,,16948000000,0,106000000.0,42322000000,0.091,2.6,670000000.0,776000000.0,0.328,776000000.0,670000000.0,670000000.0,3.1,3.08,3.1,5082000000,5133250000.0,5082000000,19493953467,29.0,25.121,801000000.0,5.324,1.0,2367000000.0,1.0,0,0.0,81176000000,75598000000.0,0,59580000000,,,60921000000,,,4320953467,326000000.0,0.0,-154000000.0,7753000000.0,-392000000.0,5706000000.0,-8564000000.0,-4795000000.0,990000000.0,0.0,465000000.0,465000000.0,465000000.0,-2000000.0,0.0,0.196,1699000000.0,668000000.0,0,0.839,0.85,9.292,9.265,674000000,0.0,28.72,1.825,1.825,0,5451000000,2367000000.0,2367000000.0,0.0,0.007,0.091,0.009,0.283,54000000.0,1078000000.0,1.0,150451026,150451026,,15.733,66003000000,0,205000000.0,0,438.701,
53,CMA,ART,2008-03-31,2008-04-29,2008-03-31,2021-09-07,-67000000,67017000000,61985000000.0,,,0.041,34.932,-185000000.0,1974000000,1974000000,0.0,605000000.0,,11.748,13262000000,,,13262000000,0,100000000.0,46819000000,0.073,2.58,866000000.0,966000000.0,0.379,966000000.0,866000000.0,866000000.0,4.01,3.96,4.01,5257000000,5117250000.0,5257000000,16580792808,19.0,17.164,819000000.0,5.442,1.0,2551000000.0,1.0,0,0.0,78305000000,71570500000.0,0,60666000000,,,61760000000,,,5292792808,595000000.0,1000000.0,-343000000.0,5584000000.0,-393000000.0,7558000000.0,-8885000000.0,-6607000000.0,1004000000.0,0.0,605000000.0,605000000.0,605000000.0,-2000000.0,0.0,0.237,1687000000.0,864000000.0,0,0.643,1.007,8.748,8.771,670000000,0.0,35.17,2.075,2.075,0,5496000000,2551000000.0,2551000000.0,0.0,0.01,0.118,0.012,0.339,53000000.0,1092000000.0,1.0,150491692,150491692,,16.951,67017000000,0,261000000.0,0,445.32,
54,CMA,ART,2007-12-31,2008-02-26,2007-12-31,2021-09-07,-177000000,62331000000,59612500000.0,,,0.045,33.997,-189000000.0,1476000000,1476000000,0.0,686000000.0,,11.181,11676000000,,,11676000000,0,96000000.0,44278000000,0.066,2.56,992000000.0,1088000000.0,0.406,1088000000.0,992000000.0,992000000.0,4.49,4.43,4.49,5117000000,5083000000.0,5117000000,16074559508,16.0,14.774,825000000.0,5.481,1.0,2679000000.0,1.0,0,0.0,72531000000,67561250000.0,0,56855000000,,,57214000000,,,5874559508,6000000.0,3000000.0,-491000000.0,4970000000.0,-390000000.0,2803000000.0,-3811000000.0,-3625000000.0,1014000000.0,0.0,686000000.0,686000000.0,686000000.0,-4000000.0,0.0,0.256,1691000000.0,988000000.0,0,0.57,1.148,8.563,8.693,650000000,0.0,39.03,2.193,2.193,0,5497000000,2679000000.0,2679000000.0,0.0,0.012,0.135,0.015,0.37,50000000.0,1097000000.0,1.0,150513951,150513951,,17.799,62331000000,0,306000000.0,0,414.121,
55,CMA,ART,2007-09-30,2007-10-29,2007-09-30,2021-09-07,-238000000,60022000000,58530000000.0,,,0.048,33.618,-183000000.0,1400000000,1400000000,0.0,866000000.0,,10.822,11758000000,,,11758000000,0,92000000.0,41920000000,0.053,2.51,1228000000.0,1320000000.0,0.47,1320000000.0,1228000000.0,1228000000.0,5.57,5.47,5.57,5077000000,5092000000.0,5077000000,17455851828,14.0,13.224,664000000.0,4.397,1.0,2806000000.0,1.0,0,0.0,70380000000,64572250000.0,0,54319000000,,,54945000000,,,7097851828,-185000000.0,3000000.0,-520000000.0,4716000000.0,-388000000.0,-325000000.0,-162000000.0,-1715000000.0,847000000.0,0.0,866000000.0,866000000.0,866000000.0,-116000000.0,0.0,0.309,1694000000.0,1112000000.0,0,0.451,1.398,8.196,8.438,635000000,0.0,47.0,2.53,2.53,0,5484000000,2806000000.0,2806000000.0,0.0,0.015,0.17,0.019,0.438,48000000.0,1105000000.0,1.0,151018124,151018124,,18.581,60022000000,0,362000000.0,0,397.449,
56,CMA,ART,2007-06-30,2007-08-01,2007-06-30,2021-09-07,-308000000,58570000000,58143000000.0,,,0.048,32.793,-181000000.0,2589000000,2589000000,0.0,885000000.0,,10.672,9085000000,,,9085000000,0,87000000.0,43207000000,0.047,2.46,1250000000.0,1337000000.0,0.477,1337000000.0,1250000000.0,1250000000.0,5.62,5.52,5.62,5018000000,5124750000.0,5018000000,14515739155,12.0,10.857,791000000.0,5.169,1.0,2801000000.0,1.0,0,0.0,65066000000,62992750000.0,0,52877000000,,,53552000000,,,8019739155,-292000000.0,46000000.0,-611000000.0,2484000000.0,-385000000.0,579000000.0,889000000.0,-2819000000.0,972000000.0,0.0,885000000.0,885000000.0,885000000.0,-120000000.0,0.0,0.316,1671000000.0,1130000000.0,0,0.438,1.598,9.062,9.326,616000000,0.0,52.41,2.863,2.863,0,5400000000,2801000000.0,2801000000.0,0.0,0.015,0.173,0.02,0.446,45000000.0,1097000000.0,1.0,153019255,153019255,,18.305,58570000000,0,365000000.0,0,382.762,
57,CMA,ART,2007-03-31,2007-05-02,2007-03-31,2021-09-07,-284000000,57527000000,57770500000.0,,,0.049,32.832,-180000000.0,2791000000,2791000000,0.0,889000000.0,,10.236,7532000000,,,7532000000,0,87000000.0,43670000000,0.039,2.41,1258000000.0,1345000000.0,0.48,1345000000.0,1258000000.0,1258000000.0,5.58,5.49,5.58,5120000000,5167500000.0,5120000000,14462594344,11.0,10.753,738000000.0,4.732,1.0,2803000000.0,1.0,0,0.0,62268000000,62231000000.0,0,51698000000,,,52407000000,,,9721594344,-351000000.0,45000000.0,-415000000.0,1492000000.0,-380000000.0,281000000.0,1413000000.0,-3050000000.0,918000000.0,0.0,889000000.0,889000000.0,889000000.0,-120000000.0,0.0,0.317,1665000000.0,1138000000.0,0,0.432,1.899,10.935,11.172,596000000,0.0,62.34,3.468,3.468,0,5311000000,2803000000.0,2803000000.0,0.0,0.015,0.172,0.02,0.449,49000000.0,1088000000.0,1.0,155944728,155944728,,17.974,57527000000,0,369000000.0,0,368.894,
58,CMA,ART,2006-12-31,2007-02-27,2006-12-31,2021-09-07,-324000000,58001000000,57499000000.0,,,0.049,32.685,-163000000.0,4066000000,4066000000,0.0,893000000.0,,10.256,6640000000,,,6640000000,0,84000000.0,44927000000,0.039,2.36,1238000000.0,1322000000.0,0.472,1322000000.0,1238000000.0,1238000000.0,5.57,5.49,5.57,5153000000,5161000000.0,5153000000,12129433123,10.0,9.175,812000000.0,5.151,1.0,2801000000.0,1.0,0,0.0,60575000000,61858750000.0,0,50927000000,,,52848000000,,,9555433123,-175000000.0,43000000.0,-339000000.0,2353000000.0,-377000000.0,4142000000.0,-1663000000.0,-3730000000.0,975000000.0,0.0,893000000.0,893000000.0,893000000.0,-111000000.0,0.0,0.319,1674000000.0,1127000000.0,0,0.424,1.854,10.7,10.882,568000000,0.0,60.61,3.411,3.411,0,5282000000,2801000000.0,2801000000.0,0.0,0.016,0.173,0.02,0.442,48000000.0,1062000000.0,1.0,157654399,157654399,,17.767,58001000000,0,345000000.0,0,367.9,
59,CMA,ART,2006-09-30,2006-10-30,2006-09-30,2021-09-07,-128000000,58474000000,56252000000.0,,,0.052,32.785,-149000000.0,1456000000,1456000000,0.0,801000000.0,,10.228,7044000000,,,7044000000,0,80000000.0,44930000000,0.039,2.32,1162000000.0,1242000000.0,0.427,1242000000.0,1162000000.0,1162000000.0,4.96,4.89,4.96,5208000000,5139750000.0,5208000000,14955693149,13.0,12.042,895000000.0,5.634,1.0,2906000000.0,1.0,0,0.0,64062000000,60646500000.0,0,53685000000,,,53266000000,,,9367693149,-339000000.0,139000000.0,-403000000.0,2747000000.0,-374000000.0,3127000000.0,-201000000.0,-4299000000.0,1044000000.0,0.0,801000000.0,801000000.0,801000000.0,-5000000.0,0.0,0.276,1741000000.0,1165000000.0,0,0.468,1.799,11.695,11.889,540000000,0.0,58.97,3.224,3.224,0,5079000000,2906000000.0,2906000000.0,0.0,0.014,0.156,0.019,0.4,49000000.0,1091000000.0,1.0,158855234,158855234,,18.293,58474000000,0,361000000.0,0,368.096,
60,CMA,ART,2006-06-30,2006-08-01,2006-06-30,2021-09-07,-226000000,57080000000,55220750000.0,,,0.054,31.989,-103000000.0,1664000000,1664000000,0.0,839000000.0,,10.0,6603000000,,,6603000000,0,79000000.0,44126000000,0.039,2.28,1226000000.0,1305000000.0,0.435,1305000000.0,1226000000.0,1226000000.0,5.14,5.07,5.14,5189000000,5110500000.0,5189000000,14360242061,12.0,11.004,776000000.0,4.784,1.0,2997000000.0,1.0,0,0.0,62019000000,58856000000.0,0,52279000000,,,51891000000,,,9421242061,-23000000.0,97000000.0,-329000000.0,2272000000.0,-370000000.0,1682000000.0,1116000000.0,-3694000000.0,879000000.0,0.0,839000000.0,839000000.0,839000000.0,0.0,0.0,0.28,1763000000.0,1234000000.0,0,0.444,1.816,11.229,11.3,522000000,0.0,58.08,3.144,3.144,0,4978000000,2997000000.0,2997000000.0,0.0,0.015,0.164,0.021,0.409,53000000.0,1097000000.0,1.0,162211468,162211468,,18.476,57080000000,0,387000000.0,0,351.886,
61,CMA,ART,2006-03-31,2006-05-03,2006-03-31,2021-09-07,-198000000,56441000000,54623000000.0,,,0.055,31.362,-138000000.0,1685000000,1685000000,0.0,856000000.0,,10.08,6023000000,,,6023000000,0,75000000.0,44096000000,0.041,2.24,1248000000.0,1323000000.0,0.441,1323000000.0,1248000000.0,1248000000.0,5.19,5.13,5.19,5094000000,5092500000.0,5094000000,13271536095,11.0,10.031,781000000.0,4.808,1.0,2997000000.0,1.0,0,0.0,60779000000,57714750000.0,0,51545000000,,,51347000000,,,8933536095,-150000000.0,97000000.0,-441000000.0,1368000000.0,-367000000.0,1984000000.0,763000000.0,-3775000000.0,919000000.0,0.0,856000000.0,856000000.0,856000000.0,0.0,0.0,0.286,1741000000.0,1256000000.0,0,0.432,1.754,10.436,10.597,516000000,0.0,55.0,2.981,2.981,0,4880000000,2997000000.0,2997000000.0,0.0,0.016,0.168,0.022,0.416,52000000.0,1081000000.0,1.0,162427929,162427929,,18.451,56441000000,0,392000000.0,0,347.483,
62,CMA,ART,2005-12-31,2006-03-03,2005-12-31,2021-09-07,-170000000,53013000000,53890250000.0,,,0.055,31.134,-132000000.0,1609000000,1609000000,0.0,861000000.0,,9.46,4322000000,,,4322000000,0,73000000.0,42431000000,0.039,2.2,1279000000.0,1352000000.0,0.459,1352000000.0,1279000000.0,1279000000.0,5.17,5.11,5.17,5068000000,5076500000.0,5068000000,11978510970,9.0,8.86,714000000.0,4.386,1.0,2945000000.0,1.0,0,0.0,55726000000,56621500000.0,0,48130000000,,,47945000000,,,9265510970,470000000.0,97000000.0,-474000000.0,-182000000.0,-366000000.0,502000000.0,2115000000.0,-2958000000.0,846000000.0,0.0,861000000.0,861000000.0,861000000.0,0.0,0.0,0.292,1666000000.0,1279000000.0,0,0.426,1.828,10.761,11.01,510000000,0.0,56.92,3.146,3.146,0,4796000000,2945000000.0,2945000000.0,0.0,0.016,0.17,0.023,0.434,45000000.0,1060000000.0,1.0,162781289,162781289,,18.092,53013000000,0,418000000.0,0,325.67,
63,CMA,ART,2005-09-30,2005-11-03,2005-09-30,2021-09-07,-158000000,54349000000,53578500000.0,,,0.053,30.804,-119000000.0,1795000000,1795000000,0.0,861000000.0,,9.676,4346000000,,,4346000000,0,72000000.0,43670000000,0.038,2.17,1274000000.0,1346000000.0,0.475,1346000000.0,1274000000.0,1274000000.0,5.12,5.06,5.12,5091000000,5085750000.0,5091000000,12078726315,9.0,8.974,885000000.0,5.355,1.0,2833000000.0,1.0,0,0.0,56900000000,56480750000.0,0,49290000000,,,49258000000,,,9527726315,235000000.0,1000000.0,-348000000.0,-284000000.0,-363000000.0,580000000.0,1436000000.0,-2667000000.0,1004000000.0,0.0,861000000.0,861000000.0,861000000.0,0.0,0.0,0.304,1559000000.0,1274000000.0,0,0.424,1.871,11.066,11.26,499000000,0.0,57.65,3.363,3.363,0,4683000000,2833000000.0,2833000000.0,0.0,0.016,0.169,0.023,0.45,43000000.0,1022000000.0,1.0,165268453,165268453,,17.142,54349000000,0,413000000.0,0,328.853,
64,CMA,ART,2005-06-30,2005-08-04,2005-06-30,2021-09-07,-99000000,54689000000,53231000000.0,,,0.051,30.591,-150000000.0,1687000000,1687000000,0.0,819000000.0,,9.688,4452000000,,,4452000000,0,71000000.0,44053000000,0.035,2.14,1207000000.0,1278000000.0,0.471,1278000000.0,1207000000.0,1207000000.0,4.84,4.78,4.84,5117000000,5072000000.0,5117000000,12864820263,11.0,10.066,993000000.0,5.936,1.0,2716000000.0,1.0,0,0.0,57454000000,56272250000.0,0,49764000000,,,49572000000,,,10099820263,-178000000.0,0.0,-294000000.0,-428000000.0,-361000000.0,-941000000.0,2478000000.0,-2708000000.0,1143000000.0,0.0,819000000.0,819000000.0,819000000.0,0.0,0.0,0.302,1509000000.0,1207000000.0,0,0.442,1.974,12.332,12.475,481000000,0.0,60.38,3.719,3.719,0,4546000000,2716000000.0,2716000000.0,0.0,0.015,0.161,0.021,0.444,35000000.0,992000000.0,1.0,167270955,167270955,,16.237,54689000000,0,388000000.0,0,326.949,
65,CMA,ART,2005-03-31,2005-05-04,2005-03-31,2021-09-07,-154000000,53510000000,53194500000.0,,,0.05,29.798,-100000000.0,1835000000,1835000000,0.0,794000000.0,,9.638,4731000000,,,4731000000,0,71000000.0,42706000000,0.036,2.11,1174000000.0,1245000000.0,0.466,1245000000.0,1174000000.0,1174000000.0,4.66,4.6,4.66,5030000000,5026250000.0,5030000000,12748904155,11.0,10.24,940000000.0,5.569,1.0,2672000000.0,1.0,0,0.0,56406000000,56291000000.0,0,48581000000,,,48480000000,,,9852904155,174000000.0,8000000.0,-290000000.0,-63000000.0,-358000000.0,-1528000000.0,1891000000.0,-1137000000.0,1040000000.0,0.0,794000000.0,794000000.0,794000000.0,0.0,0.0,0.297,1498000000.0,1174000000.0,0,0.453,1.959,12.409,12.526,463000000,0.0,58.37,3.687,3.687,0,4427000000,2672000000.0,2672000000.0,0.0,0.015,0.158,0.021,0.439,43000000.0,986000000.0,1.0,168800825,168800825,,15.829,53510000000,0,380000000.0,0,317.001,
66,CMA,ART,2004-12-31,2005-03-03,2004-12-31,2021-09-07,-69000000,51766000000,53434000000.0,,,0.049,29.995,-95000000.0,1139000000,1139000000,0.0,757000000.0,,9.14,4536000000,,,4536000000,0,71000000.0,40936000000,0.036,2.08,1110000000.0,1181000000.0,0.454,1181000000.0,1110000000.0,1110000000.0,4.41,4.36,4.41,5105000000,5042000000.0,5105000000,13151002736,12.0,11.135,933000000.0,5.482,1.0,2603000000.0,1.0,0,0.0,55163000000,56610000000.0,0,47343000000,,,46661000000,,,9754002736,-388000000.0,8000000.0,-298000000.0,-523000000.0,-357000000.0,-1705000000.0,677000000.0,-301000000.0,1028000000.0,0.0,757000000.0,757000000.0,757000000.0,0.0,0.0,0.291,1493000000.0,1110000000.0,0,0.472,1.911,12.885,12.995,415000000,0.0,57.31,3.747,3.747,0,4331000000,2603000000.0,2603000000.0,0.0,0.014,0.15,0.02,0.426,34000000.0,977000000.0,1.0,170197221,170197221,,15.294,51766000000,0,353000000.0,0,304.153,
67,CMA,ART,2004-09-30,2004-11-05,2004-09-30,2021-09-07,-24000000,52959000000,53640500000.0,,,0.047,29.526,-85000000.0,1560000000,1560000000,0.0,708000000.0,,9.516,4667000000,,,4667000000,0,70000000.0,42235000000,0.033,2.06,1021000000.0,1091000000.0,0.434,1091000000.0,1021000000.0,1021000000.0,4.09,4.04,4.09,5036000000,5043250000.0,5036000000,13719243200,13.0,12.575,919000000.0,5.388,1.0,2513000000.0,1.0,0,0.0,56066000000,56858000000.0,0,48239000000,,,47923000000,,,10612243200,-395000000.0,8000000.0,-306000000.0,-418000000.0,-356000000.0,-2541000000.0,-286000000.0,1505000000.0,1004000000.0,0.0,708000000.0,708000000.0,708000000.0,0.0,0.0,0.282,1492000000.0,1021000000.0,0,0.504,2.107,14.989,15.213,399000000,0.0,62.22,4.223,4.223,0,4222000000,2513000000.0,2513000000.0,0.0,0.013,0.14,0.018,0.406,24000000.0,971000000.0,1.0,170560000,170560000,,14.734,52959000000,0,313000000.0,0,310.501,
68,CMA,ART,2004-06-30,2004-08-06,2004-06-30,2021-09-07,-82000000,54543000000,54099500000.0,,,0.045,28.787,-74000000.0,1865000000,1865000000,0.0,669000000.0,,10.055,4851000000,,,4851000000,0,71000000.0,43911000000,0.036,2.04,962000000.0,1033000000.0,0.42,1033000000.0,962000000.0,962000000.0,3.84,3.8,3.84,4934000000,5057500000.0,4934000000,12695526750,13.0,12.29,896000000.0,5.228,1.0,2459000000.0,1.0,0,0.0,57529000000,57335500000.0,0,49646000000,,,49609000000,,,9709526750,-2691000000.0,8000000.0,-234000000.0,-801000000.0,-354000000.0,-4536000000.0,-1854000000.0,2795000000.0,970000000.0,0.0,669000000.0,669000000.0,669000000.0,0.0,0.0,0.272,1497000000.0,962000000.0,0,0.531,1.968,14.513,14.753,389000000,0.0,56.65,3.949,3.949,0,4125000000,2459000000.0,2459000000.0,0.0,0.012,0.132,0.017,0.391,21000000.0,977000000.0,1.0,171395000,171395000,,14.347,54543000000,0,293000000.0,0,318.23,
69,CMA,ART,2004-03-31,2004-05-05,2004-03-31,2021-09-07,92000000,54468000000,55145500000.0,,,0.044,29.399,-65000000.0,1661000000,1661000000,0.0,647000000.0,,9.695,4875000000,,,4875000000,0,72000000.0,43523000000,0.038,2.02,926000000.0,998000000.0,0.414,998000000.0,926000000.0,926000000.0,3.71,3.67,3.71,5093000000,5095500000.0,5093000000,12485804800,13.0,12.511,1212000000.0,6.996,1.0,2411000000.0,1.0,0,0.0,57682000000,57943750000.0,0,49587000000,,,49375000000,,,9271804800,-603000000.0,0.0,-129000000.0,-758000000.0,-351000000.0,-2086000000.0,-1621000000.0,1892000000.0,1277000000.0,0.0,647000000.0,647000000.0,647000000.0,0.0,0.0,0.268,1485000000.0,926000000.0,0,0.544,1.82,14.33,14.426,378000000,0.0,53.52,3.846,3.846,0,4030000000,2411000000.0,2411000000.0,0.0,0.012,0.127,0.016,0.384,0.0,961000000.0,1.0,173240000,173240000,,13.917,54468000000,0,279000000.0,0,314.408,
70,CMA,ART,2003-12-31,2004-03-09,2003-12-31,2021-09-07,74000000,52592000000,55479750000.0,,,0.044,29.29,-59000000.0,1527000000,1527000000,0.0,661000000.0,,9.292,5090000000,,,5090000000,0,70000000.0,41463000000,0.035,2.0,953000000.0,1023000000.0,0.42,1023000000.0,953000000.0,953000000.0,3.78,3.75,3.78,5110000000,5073000000.0,5110000000,13582366730,14.0,13.277,1262000000.0,7.234,1.0,2436000000.0,1.0,0,0.0,56155000000,58318750000.0,0,48001000000,,,47482000000,,,10019366730,-375000000.0,0.0,-11000000.0,-648000000.0,-347000000.0,-1313000000.0,-1630000000.0,1306000000.0,1321000000.0,0.0,661000000.0,661000000.0,661000000.0,0.0,0.0,0.271,1483000000.0,953000000.0,0,0.529,1.961,15.158,15.193,374000000,0.0,57.43,4.113,4.113,0,3973000000,2436000000.0,2436000000.0,0.0,0.012,0.13,0.016,0.391,0.0,958000000.0,1.0,174462245,174462245,,13.963,52592000000,0,292000000.0,0,301.452,
71,CMA,ART,2003-09-30,2003-11-13,2003-09-30,2021-09-07,111000000,54795000000,55657000000.0,,,0.045,29.043,-68000000.0,1955000000,1955000000,0.0,705000000.0,,9.759,5136000000,,,5136000000,0,68000000.0,43696000000,0.037,1.98,1025000000.0,1093000000.0,0.432,1093000000.0,1025000000.0,1025000000.0,4.04,4.02,4.04,5093000000,5032250000.0,5093000000,12518813500,12.0,11.454,1201000000.0,6.849,1.0,2532000000.0,1.0,0,0.0,57976000000,58577000000.0,0,49724000000,,,49702000000,,,9337813500,-216000000.0,0.0,5000000.0,-1066000000.0,-343000000.0,1650000000.0,-1938000000.0,1887000000.0,1269000000.0,0.0,705000000.0,705000000.0,705000000.0,0.0,0.0,0.278,1507000000.0,1025000000.0,0,0.49,1.833,13.245,13.181,368000000,0.0,53.25,3.688,3.688,0,3909000000,2532000000.0,2532000000.0,0.0,0.013,0.14,0.017,0.405,0.0,960000000.0,1.0,175358000,175358000,,14.439,54795000000,0,320000000.0,0,312.475,
72,CMA,ART,2003-06-30,2003-08-14,2003-06-30,2021-09-07,181000000,58727000000,55099750000.0,,,0.043,29.019,-78000000.0,4556000000,4556000000,0.0,572000000.0,,10.547,5791000000,,,5791000000,0,65000000.0,47058000000,0.042,1.96,825000000.0,890000000.0,0.373,890000000.0,825000000.0,825000000.0,3.28,3.27,3.28,5086000000,4976500000.0,5086000000,9432237590,11.0,10.598,1449000000.0,8.267,1.0,2388000000.0,1.0,0,0.0,59962000000,58235000000.0,0,51020000000,,,53641000000,,,8197237590,2808000000.0,8000000.0,-8000000.0,-1058000000.0,-339000000.0,7476000000.0,-3154000000.0,-1836000000.0,1527000000.0,0.0,572000000.0,572000000.0,572000000.0,0.0,0.0,0.24,1563000000.0,825000000.0,0,0.598,1.612,14.331,14.259,371000000,0.0,46.77,3.433,3.433,0,3842000000,2388000000.0,2388000000.0,0.0,0.01,0.115,0.014,0.345,0.0,944000000.0,1.0,175267000,175267000,,13.625,58727000000,0,253000000.0,0,335.072,
73,CMA,ART,2003-03-31,2003-05-14,2003-03-31,2021-09-07,192000000,55805000000,53068500000.0,,,0.044,28.562,-78000000.0,2264000000,2264000000,0.0,563000000.0,,10.154,5641000000,,,5641000000,0,61000000.0,44373000000,0.043,1.94,814000000.0,875000000.0,0.371,875000000.0,814000000.0,814000000.0,3.22,3.2,3.22,5003000000,4933750000.0,5003000000,11311974500,14.0,12.928,1020000000.0,5.823,1.0,2360000000.0,1.0,0,0.0,59182000000,57134750000.0,0,50242000000,,,50802000000,,,7934974500,458000000.0,8000000.0,-89000000.0,-1501000000.0,-337000000.0,4997000000.0,-3492000000.0,-1249000000.0,1098000000.0,0.0,563000000.0,563000000.0,563000000.0,0.0,0.0,0.239,1546000000.0,814000000.0,0,0.602,1.586,14.094,14.068,369000000,0.0,45.3,3.362,3.362,0,3761000000,2360000000.0,2360000000.0,0.0,0.011,0.114,0.014,0.345,0.0,931000000.0,1.0,175165000,175165000,,13.473,55805000000,0,251000000.0,0,318.585,
74,CMA,ART,2002-12-31,2003-03-31,2002-12-31,2021-09-07,237000000,53301000000,51669000000.0,,,0.046,28.243,-80000000.0,1902000000,1902000000,0.0,601000000.0,,9.774,5789000000,,,5789000000,0,61000000.0,41775000000,0.051,1.94,882000000.0,943000000.0,0.393,943000000.0,882000000.0,882000000.0,3.43,3.4,3.43,4947000000,4880250000.0,4947000000,10522102468,12.0,11.158,1148000000.0,6.554,1.0,2397000000.0,1.0,0,0.0,57188000000,56207000000.0,0,46989000000,,,48354000000,,,6635102468,-23000000.0,8000000.0,-160000000.0,-1891000000.0,-331000000.0,1830000000.0,-1436000000.0,-455000000.0,1228000000.0,0.0,601000000.0,601000000.0,601000000.0,0.0,0.0,0.251,1515000000.0,882000000.0,0,0.566,1.341,11.04,11.044,371000000,0.0,37.88,2.768,2.768,0,3684000000,2397000000.0,2397000000.0,0.0,0.012,0.123,0.016,0.368,0.0,906000000.0,1.0,175161100,175161100,,13.685,53301000000,0,281000000.0,0,304.297,
75,CMA,ART,2002-09-30,2002-11-14,2002-09-30,2021-09-07,292000000,52566000000,51026743250.0,,,0.047,27.874,-85779000.0,2171000000,2171000000,0.0,597979000.0,,9.794,6213000000,,,6213000000,0,69909000.0,40649000000,0.042,1.88,899988000.0,969897000.0,0.407,969897000.0,899988000.0,899988000.0,3.4,3.35,3.4,4870000000,4845366000.0,4870000000,11954751770,13.0,12.326,1202104000.0,6.88,1.0,2383418000.0,1.0,0,0.0,56608000000,55991018500.0,0,47166000000,,,47696000000,,,7912751770,11138000.0,53463000.0,-205963000.0,-826542000.0,-325445000.0,2168868000.0,-3445613000.0,-3229620000.0,1287883000.0,0.0,597979000.0,597979000.0,597979000.0,0.0,0.0,0.251,1483430000.0,899988000.0,0,0.553,1.625,13.232,13.321,356000000,0.0,45.29,3.32,3.32,0,3565000000,2383418000.0,2383418000.0,0.0,0.012,0.123,0.016,0.378,0.0,880069000.0,1.0,174713000,174713000,,13.642,52566000000,0,302009000.0,0,300.871,
76,CMA,ART,2002-06-30,2002-10-02,2002-06-30,2021-09-07,243000000,50562000000,50318585250.0,,,0.052,27.982,-73261000.0,1748000000,1748000000,0.0,782514000.0,,9.336,6707000000,,,6707000000,0,78678000.0,38182000000,0.047,1.88,1189797000.0,1268475000.0,0.486,1268475000.0,1189797000.0,1189797000.0,4.42,4.35,4.42,4892000000,4827311000.0,4892000000,11951960000,10.0,9.422,950189000.0,5.435,1.0,2608099000.0,1.0,0,0.0,55521000000,55465214000.0,0,45704000000,,,45670000000,,,6992960000,-15605000.0,45463000.0,-192991000.0,-152921000.0,-327273000.0,219036000.0,-1258091000.0,-1052616000.0,1023450000.0,0.0,779456000.0,779456000.0,779456000.0,0.0,3058000.0,0.299,1415244000.0,1192855000.0,0,0.425,1.429,8.972,9.05,354000000,0.0,40.0,2.681,2.681,0,3631000000,2608099000.0,2608099000.0,0.0,0.015,0.161,0.021,0.456,0.0,865739000.0,1.0,174824000,174824000,,14.918,50562000000,0,410341000.0,0,289.217,
77,CMA,ART,2002-06-30,2002-08-13,2002-06-30,2021-09-07,243000000,50602000000,50318585250.0,,,0.053,28.114,-73261000.0,1748000000,1748000000,0.0,805514000.0,,9.295,6707000000,,,6707000000,0,78678000.0,38182000000,0.024,1.4,1224797000.0,1303475000.0,0.492,1303475000.0,1224797000.0,1224797000.0,4.55,4.48,4.55,4915000000,4827311000.0,4915000000,14971170480,12.0,11.486,950189000.0,5.435,1.0,2648099000.0,1.0,0,0.0,55561000000,55465214000.0,0,45744000000,,,45687000000,,,10012170480,-15605000.0,45463000.0,-192991000.0,-152921000.0,-327273000.0,219036000.0,-1258091000.0,-1052616000.0,1023450000.0,0.0,802456000.0,802456000.0,802456000.0,0.0,3058000.0,0.303,1420244000.0,1227855000.0,0,0.308,2.037,12.477,12.587,354000000,0.0,57.27,3.781,3.781,0,3654000000,2648099000.0,2648099000.0,0.0,0.016,0.166,0.022,0.463,0.0,870739000.0,1.0,174824000,174824000,,15.147,50602000000,0,422341000.0,0,289.445,
78,CMA,ART,2002-03-31,2002-05-14,2002-03-31,2021-09-07,142000000,50207000000,49990150250.0,,,0.054,27.176,-69064000.0,1806000000,1806000000,0.0,829986000.0,,9.484,7070000000,,,7070000000,0,86917000.0,37461000000,0.021,1.36,1269007000.0,1355924000.0,0.498,1355924000.0,1269007000.0,1269007000.0,4.65,4.58,4.65,4789000000,4786277250.0,4789000000,16630125500,13.0,12.265,1168819000.0,6.633,1.0,2721396000.0,1.0,0,0.0,55471000000,55146490750.0,0,45525000000,,,45418000000,,,11366125500,-202541000.0,45463000.0,-151990000.0,-1029404000.0,-324862000.0,-1081557000.0,-358867000.0,-159589000.0,1237883000.0,0.0,822653000.0,822653000.0,822653000.0,0.0,7333000.0,0.302,1445056000.0,1276340000.0,0,0.292,2.373,13.816,13.871,353000000,0.0,64.5,4.177,4.177,0,3563000000,2721396000.0,2721396000.0,0.0,0.016,0.172,0.023,0.466,0.0,866588000.0,1.0,176219000,176219000,,15.443,50207000000,0,446354000.0,0,284.913,
79,CMA,ART,2001-12-31,2002-04-01,2001-12-31,2021-09-07,225617000,50731973000,50005956750.0,,,0.053,26.897,-68206000.0,1925262000,1925262000,0.0,709578000.0,,9.553,7517363000,,,7517363000,0,97845000.0,37570379000,0.022,1.36,1099029000.0,1196874000.0,0.448,1196874000.0,1099029000.0,1099029000.0,3.93,3.88,3.93,4807464000,4756155750.0,4807464000,16696922207,15.0,13.95,932824000.0,5.219,1.0,2669670000.0,1.0,0,0.0,56324074000,55343101500.0,0,45910771000,,,45924509000,,,11104821207,-5420000.0,45463000.0,-55344000.0,-2956430000.0,-314052000.0,128039000.0,-1134489000.0,-944069000.0,1001030000.0,0.0,697970000.0,697970000.0,697970000.0,0.0,11608000.0,0.261,1559033000.0,1110637000.0,0,0.346,2.31,15.91,15.809,352814000,0.0,62.13,4.16,4.16,0,3447974000,2669670000.0,2669670000.0,0.0,0.014,0.147,0.02,0.412,0.0,879761000.0,1.0,178735252,178735252,,14.936,50731973000,0,401059000.0,0,283.839,
80,CMA,ART,2001-09-30,2001-11-13,2001-09-30,2021-09-07,285825000,49733368000,47819259750.0,,,0.054,26.941,-40507000.0,2160124000,2160124000,0.0,704817000.0,,9.366,6931538000,,,6931538000,0,96575000.0,37133749000,0.025,1.28,1082468000.0,1179043000.0,0.457,1179043000.0,1082468000.0,1082468000.0,4.02,3.97,4.02,4797780000,4556106250.0,4797780000,13826883700,13.0,11.727,757045000.0,4.251,1.0,2580899000.0,1.0,0,0.0,54504782000,53932414750.0,0,44513847000,,,44935588000,,,9055469700,207096000.0,-21589000.0,5171000.0,-4364589000.0,-302463000.0,-2760000.0,-587696000.0,-525600000.0,797552000.0,0.0,688934000.0,688934000.0,688934000.0,0.0,15883000.0,0.267,1482548000.0,1098351000.0,0,0.318,1.887,13.144,12.649,349640000,0.0,50.85,3.509,3.509,0,3328942000,2580899000.0,2580899000.0,0.0,0.014,0.151,0.02,0.419,0.0,841777000.0,1.0,178082000,178082000,,14.493,49733368000,0,393534000.0,0,279.272,
81,CMA,ART,2001-06-30,2001-08-13,2001-06-30,2021-09-07,119135000,49288260000,45607265250.0,,,0.055,26.694,-40695000.0,1763867000,1763867000,0.0,688123000.0,,9.375,6761714000,,,6761714000,0,95473000.0,37045653000,0.027,1.68,1055796000.0,1151269000.0,0.462,1151269000.0,1055796000.0,1055796000.0,4.06,4.01,4.06,4750865000,4318083750.0,4750865000,16187135250,15.0,14.06,777831000.0,4.37,1.0,2492169000.0,1.0,0,0.0,54286107000,52887441000.0,0,44751819000,,,44537395000,,,11189288250,-413662000.0,-5563000.0,8967000.0,-5058470000.0,-283527000.0,-297383000.0,-934805000.0,-888547000.0,818526000.0,0.0,671023000.0,671023000.0,671023000.0,0.0,17100000.0,0.269,1419273000.0,1072896000.0,0,0.414,2.355,16.675,15.485,356328000,0.0,62.87,4.49,4.49,0,3211460000,2492169000.0,2492169000.0,0.0,0.015,0.155,0.02,0.424,0.0,811482000.0,1.0,177975000,177975000,,14.003,49288260000,0,384773000.0,0,276.939,
82,CMA,ART,2001-03-31,2001-05-15,2001-03-31,2021-09-07,127490000,50270226000,43551569750.0,,,0.055,26.158,-42162000.0,2008803000,2008803000,0.0,665202000.0,,9.768,7996020000,,,7996020000,0,94423000.0,36785918000,0.03,1.64,1019951000.0,1114374000.0,0.468,1114374000.0,1019951000.0,1019951000.0,4.07,4.03,4.07,4668514000,4053938500.0,4668514000,15624705000,15.0,14.021,724015000.0,4.057,1.0,2379375000.0,1.0,0,0.0,56257443000,52043847750.0,0,45478820000,,,45601712000,,,9637488000,130699000.0,-5563000.0,46808000.0,-4532403000.0,-267723000.0,2024315000.0,-2659793000.0,-2612068000.0,766177000.0,0.0,648102000.0,648102000.0,648102000.0,0.0,17100000.0,0.272,1342324000.0,1037051000.0,0,0.403,2.064,14.87,13.268,360145000,0.0,54.0,4.05,4.05,0,3086915000,2379375000.0,2379375000.0,0.0,0.015,0.16,0.02,0.429,0.0,770243000.0,1.0,178472000,178472000,,13.332,50270226000,0,371849000.0,0,281.67,
83,CMA,ART,2000-12-31,2001-04-02,2000-12-31,2021-09-07,10565000,41985185000,40899091750.0,,,0.057,22.473,-30254000.0,1496705000,1496705000,0.0,749326000.0,,9.477,10192847000,,,10192847000,0,90872000.0,27168012000,0.027,1.64,1134271000.0,1225143000.0,0.524,1225143000.0,1134271000.0,1134271000.0,4.68,4.63,4.68,4007266000,3778144500.0,4007266000,19662368745,17.0,16.049,764999000.0,4.29,1.0,2339741000.0,1.0,0,0.0,50681327000,50599089750.0,0,38365361000,,,37977919000,,,10966226745,294715000.0,439711000.0,6510000.0,-1198851000.0,-261096000.0,2423172000.0,-2923710000.0,-3333167000.0,795253000.0,0.0,732226000.0,732226000.0,732226000.0,0.0,17100000.0,0.313,1188370000.0,1151371000.0,0,0.35,2.737,14.977,13.141,306753000,0.0,61.5,4.687,4.687,0,2937296000,2339741000.0,2339741000.0,0.0,0.018,0.194,0.022,0.485,0.0,727145000.0,1.0,178312630,178312630,,13.122,41985185000,0,402045000.0,0,235.458,
84,CMA,ART,2000-09-30,2000-11-14,2000-09-30,2021-09-07,-14879000,40885390000,40066128500.0,,,0.058,24.535,-31829000.0,1519051000,1519051000,0.0,730789000.0,,9.631,10958548000,,,10958548000,0,91074000.0,25519938000,0.03,1.56,1105899000.0,1196973000.0,0.519,1196973000.0,1105899000.0,1105899000.0,4.57,4.51,4.57,3845690000,3644989000.0,3845690000,17492900960,16.0,14.614,928963000.0,5.927,1.0,2304237000.0,1.0,0,0.0,50324887000,50139518000.0,0,37375231000,,,37039700000,,,8053403960,33312000.0,461300000.0,3263000.0,364848000.0,-254850000.0,2732899000.0,-3660379000.0,-4089850000.0,960792000.0,0.0,713689000.0,713689000.0,713689000.0,0.0,17100000.0,0.31,1181238000.0,1122999000.0,0,0.341,2.094,11.284,11.243,312992000,0.0,51.38,3.495,3.495,0,2821076000,2304237000.0,2304237000.0,0.0,0.018,0.196,0.022,0.48,0.0,727914000.0,1.0,156742000,156742000,,14.701,40885390000,0,392210000.0,0,260.845,
85,CMA,ART,2000-06-30,2000-08-11,2000-06-30,2021-09-07,-35245000,41065478000,39166028500.0,,,0.057,23.606,-28487000.0,1743552000,1743552000,0.0,709362000.0,,10.116,11589808000,,,11589808000,0,91103000.0,25313009000,0.027,1.52,1075504000.0,1166607000.0,0.519,1166607000.0,1075504000.0,1075504000.0,4.43,4.38,4.43,3694284000,3524382000.0,3694284000,18669500480,17.0,16.003,965995000.0,6.173,1.0,2249153000.0,1.0,0,0.0,50911734000,49156534000.0,0,37395841000,,,37371194000,,,8823244480,207831000.0,445274000.0,-897000.0,597804000.0,-248465000.0,3307869000.0,-4094520000.0,-4514136000.0,994482000.0,0.0,692262000.0,692262000.0,692262000.0,0.0,17100000.0,0.308,1156549000.0,1092604000.0,0,0.343,2.388,12.746,12.727,317601000,0.0,56.38,3.923,3.923,0,2704088000,2249153000.0,2249153000.0,0.0,0.018,0.196,0.022,0.478,0.0,718791000.0,1.0,156496000,156496000,,14.372,41065478000,0,383242000.0,0,262.406,
86,CMA,ART,2000-03-31,2000-05-15,2000-03-31,2021-09-07,-42864000,39660314000,38137280750.0,,,0.058,22.793,-27183000.0,1444127000,1444127000,0.0,691193000.0,,10.124,12262224000,,,12262224000,0,90521000.0,23308545000,0.033,1.48,1048277000.0,1138798000.0,0.514,1138798000.0,1048277000.0,1048277000.0,4.31,4.26,4.31,3565338000,3412608250.0,3565338000,17916618120,17.0,15.733,931529000.0,5.955,1.0,2214943000.0,1.0,0,0.0,50478411000,48030293000.0,0,36232781000,,,36094976000,,,7098521120,-45078000.0,445274000.0,339000.0,1985335000.0,-242093000.0,2466795000.0,-3470585000.0,-3888676000.0,958712000.0,0.0,674093000.0,674093000.0,674093000.0,0.0,17100000.0,0.304,1149566000.0,1065377000.0,0,0.343,1.991,10.53,10.529,318101000,0.0,45.38,3.205,3.205,0,2587819000,2214943000.0,2214943000.0,0.0,0.018,0.198,0.022,0.473,0.0,717190000.0,1.0,156424000,156424000,,14.16,39660314000,0,374184000.0,0,253.544,
87,CMA,ART,1999-12-31,2000-03-30,1999-12-31,2021-09-07,-31702000,38653332000,37334087750.0,,,0.058,22.099,-34971000.0,1201990000,1201990000,0.0,672589000.0,,10.124,11391698000,,,11391698000,0,90814000.0,23291403000,0.036,1.48,1015972000.0,1106786000.0,0.515,1106786000.0,1015972000.0,1015972000.0,4.2,4.14,4.2,3474644000,3310984250.0,3474644000,16617396637,16.0,15.014,1001579000.0,6.37,1.0,2150029000.0,1.0,0,0.0,48843040000,46719496750.0,0,35569231000,,,35178688000,,,6427688637,-571110000.0,0.0,20383000.0,2516951000.0,-235646000.0,1279958000.0,-2887618000.0,-2852647000.0,1036550000.0,0.0,655489000.0,655489000.0,655489000.0,0.0,17100000.0,0.305,1116957000.0,1033072000.0,0,0.352,1.85,9.806,9.733,330728000,0.0,40.88,2.99,2.99,0,2485204000,2150029000.0,2150029000.0,0.0,0.018,0.198,0.022,0.473,0.0,701449000.0,1.0,157233088,157233088,,13.674,38653332000,0,360483000.0,0,245.835,
88,CMA,ART,1999-09-30,1999-11-12,1999-09-30,2021-09-07,-22096000,37284990000,36820962500.0,,,0.057,21.505,-32431000.0,1485739000,1485739000,0.0,654728000.0,,10.086,10593700000,,,10593700000,0,91093000.0,22900300000,0.024,1.4,984728000.0,1075821000.0,0.514,1075821000.0,984728000.0,984728000.0,4.08,4.03,4.08,3363262000,3203976500.0,3363262000,18305374520,19.0,17.015,935038000.0,5.979,1.0,2094023000.0,1.0,0,0.0,46392951000,45434356250.0,0,33928129000,,,33921728000,,,9197413520,121676000.0,0.0,29150000.0,1618888000.0,-228935000.0,2085991000.0,-2931784000.0,-2899353000.0,967469000.0,0.0,637628000.0,637628000.0,637628000.0,0.0,17100000.0,0.304,1092195000.0,1001828000.0,0,0.343,2.735,14.424,14.414,336410000,0.0,58.81,4.392,4.392,0,2379372000,2094023000.0,2094023000.0,0.0,0.017,0.199,0.022,0.47,0.0,685782000.0,1.0,156392000,156392000,,13.39,37284990000,0,347100000.0,0,238.407,
89,CMA,ART,1999-06-30,1999-08-13,1999-06-30,2021-09-07,-26058000,36950487000,36093768500.0,,,0.057,20.774,-39821000.0,1535721000,1535721000,0.0,638804000.0,,10.379,10992004000,,,10992004000,0,91528000.0,22353582000,0.024,1.36,959439000.0,1050967000.0,0.514,1050967000.0,959439000.0,959439000.0,3.99,3.93,3.99,3247189000,3098162750.0,3247189000,18180111530,19.0,17.298,702149000.0,4.492,1.0,2045705000.0,1.0,0,0.0,46406770000,44332859250.0,0,33536272000,,,33703298000,,,8723828530,-686733000.0,-127184000.0,32337000.0,1703682000.0,-222621000.0,1248347000.0,-2677059000.0,-2507225000.0,741970000.0,0.0,621704000.0,621704000.0,621704000.0,0.0,17100000.0,0.304,1069166000.0,976539000.0,0,0.341,2.687,14.032,13.987,345298000,0.0,55.81,4.264,4.264,0,2271378000,2045705000.0,2045705000.0,0.0,0.017,0.201,0.022,0.469,0.0,667741000.0,1.0,156313000,156313000,,13.087,36950487000,0,337735000.0,0,236.388,
90,CMA,ART,1999-03-31,1999-05-13,1999-03-31,2021-09-07,-3917000,36447542000,35618648000.0,,,0.056,20.218,-40170000.0,1489205000,1489205000,0.0,621805000.0,,10.538,10276889000,,,10276889000,0,89871000.0,22585331000,0.02,1.32,934000000.0,1023871000.0,0.516,1023871000.0,934000000.0,934000000.0,3.89,3.82,3.89,3158842000,2993066500.0,3158842000,19108700220,20.0,18.663,970664000.0,6.213,1.0,1984685000.0,1.0,0,0.0,45235226000,43258040250.0,0,33098767000,,,33288700000,,,10321016220,-393930000.0,1878907000.0,-56008000.0,218468000.0,-216734000.0,-662245000.0,-742519000.0,-2581256000.0,1010834000.0,0.0,604705000.0,604705000.0,604705000.0,0.0,17100000.0,0.305,1033585000.0,951100000.0,0,0.339,3.267,17.068,16.982,347479000,0.0,66.06,5.2,5.2,0,2168145000,1984685000.0,1984685000.0,0.0,0.017,0.202,0.022,0.471,0.0,642893000.0,1.0,156237000,156237000,,12.703,36447542000,0,329295000.0,0,233.284,
91,CMA,ART,1998-12-31,1999-03-29,1998-12-31,2021-09-07,-6455000,36600831000,35629850250.0,,,0.055,19.376,-35609000.0,1773100000,1773100000,0.0,607076000.0,,11.014,8874747000,,,8874747000,0,88047000.0,24313133000,0.02,1.32,914275000.0,1002322000.0,0.514,1002322000.0,914275000.0,914275000.0,3.79,3.72,3.79,3046613000,2910077750.0,3046613000,17282505247,19.0,17.242,654316000.0,4.161,1.0,1951419000.0,1.0,0,0.0,43702478000,43089590000.0,0,32974259000,,,33554218000,,,10180858247,-153987000.0,1878907000.0,-97799000.0,-1631303000.0,-211966000.0,-214252000.0,-629660000.0,-2472958000.0,689925000.0,0.0,589976000.0,589976000.0,589976000.0,0.0,17100000.0,0.302,1020044000.0,931375000.0,0,0.348,3.342,17.256,17.084,352650000,0.0,64.75,5.217,5.217,0,2086589000,1951419000.0,1951419000.0,0.0,0.017,0.203,0.021,0.469,0.0,625450000.0,1.0,157233332,157233332,,12.411,36600831000,0,324299000.0,0,232.78,
92,CMA,ART,1998-09-30,1998-11-13,1998-09-30,2021-09-07,2676000,34376214000,35552742000.0,,,0.054,18.902,-39634000.0,1364063000,1364063000,0.0,589183000.0,,10.693,8974812000,,,8974812000,0,86355000.0,22233412000,0.017,1.14,887467000.0,973822000.0,0.507,973822000.0,887467000.0,887467000.0,2.633,2.55,2.633,2940007000,2838868500.0,2940007000,17818970460,20.0,18.298,474138000.0,3.048,1.0,1918928000.0,1.0,0,0.0,41986963000,43379718250.0,0,31265462000,,,31436207000,,,10208221460,-522230000.0,1878907000.0,-189260000.0,-1766186000.0,-162344000.0,-1942682000.0,906680000.0,-932593000.0,513772000.0,0.0,572083000.0,572083000.0,572083000.0,0.0,17100000.0,0.298,1014361000.0,904567000.0,0,0.433,3.472,17.844,24.926,361171000,0.0,65.63,5.32,5.32,0,1999197000,1918928000.0,1918928000.0,0.0,0.016,0.202,0.02,0.462,0.0,610991000.0,1.0,155542000,155542000,,12.337,34376214000,0,315384000.0,0,221.009,
93,CMA,ART,1998-06-30,1998-08-06,1998-06-30,2021-09-07,-5206000,35050005000,35934909250.0,,,0.053,18.184,-36785000.0,2222463000,2222463000,0.0,571760000.0,,11.399,9279952000,,,9279952000,0,84781000.0,22618633000,0.017,1.107,861045000.0,945826000.0,0.5,945826000.0,861045000.0,861045000.0,2.483,2.42,2.483,2826804000,2789955250.0,2826804000,17152736700,20.0,18.135,639946000.0,4.117,1.0,1891307000.0,1.0,0,0.0,42107494000,44059655500.0,0,31225485000,,,32223201000,,,10095247700,272603000.0,2006091000.0,-227254000.0,-855894000.0,-203160000.0,-1344216000.0,940097000.0,-1029209000.0,676731000.0,0.0,554660000.0,554660000.0,554660000.0,0.0,17100000.0,0.293,1013162000.0,878145000.0,0,0.446,3.571,18.201,26.154,361003000,0.0,64.94,5.338,5.338,0,1904223000,1891307000.0,1891307000.0,0.0,0.015,0.199,0.02,0.455,0.0,604146000.0,1.0,155455000,155455000,,12.166,35050005000,0,306385000.0,0,225.467,
94,CMA,ART,1998-03-31,1998-05-18,1998-03-31,2021-09-07,4425000,36492351000,36135983750.0,,,0.051,18.05,-29833000.0,1980977000,1980977000,0.0,551087000.0,,11.909,10050051000,,,10050051000,0,85280000.0,23193302000,0.016,1.073,830787000.0,916067000.0,0.493,916067000.0,830787000.0,830787000.0,2.317,2.273,2.317,2826887000,2750296250.0,2826887000,18375709720,22.0,20.059,270076000.0,1.724,1.0,1857009000.0,1.0,0,0.0,44561425000,44509652500.0,0,30528061000,,,33665464000,,,10306635720,179264000.0,0.0,-159449000.0,359296000.0,-198645000.0,1046705000.0,-1167350000.0,-1137517000.0,299909000.0,0.0,533987000.0,533987000.0,533987000.0,0.0,17100000.0,0.288,1009122000.0,847887000.0,0,0.463,3.646,19.301,28.403,362905000,0.0,65.81,5.55,5.55,0,1814056000,1857009000.0,1857009000.0,0.0,0.015,0.194,0.019,0.447,0.0,601593000.0,1.0,156612000,156612000,,11.857,36492351000,0,296800000.0,0,233.011,
95,CMA,ART,1998-03-31,1998-05-15,1998-03-31,2021-09-07,4425000,36492351000,36135983750.0,,,0.051,18.05,-29833000.0,1980977000,1980977000,0.0,551087000.0,,11.909,10050051000,,,10050051000,0,85280000.0,23193302000,0.016,1.073,830787000.0,916067000.0,0.493,916067000.0,830787000.0,830787000.0,2.317,2.273,2.317,2826887000,2750296250.0,2826887000,18269213560,22.0,19.943,270076000.0,1.724,1.0,1857009000.0,1.0,0,0.0,44561425000,44509652500.0,0,30528061000,,,33665464000,,,10200139560,179264000.0,0.0,-159449000.0,359296000.0,-198645000.0,1046705000.0,-1167350000.0,-1137517000.0,299909000.0,0.0,533987000.0,533987000.0,533987000.0,0.0,17100000.0,0.288,1009122000.0,847887000.0,0,0.463,3.608,19.102,28.11,362905000,0.0,65.13,5.493,5.493,0,1814056000,1857009000.0,1857009000.0,0.0,0.015,0.194,0.019,0.447,0.0,601593000.0,1.0,156612000,156612000,,11.857,36492351000,0,296800000.0,0,233.011,
96,CMA,ART,1997-12-31,1998-03-31,1997-12-31,2021-09-07,-1937000,36292398000,35729823000.0,,,0.051,17.562,-31023000.0,1927087000,1927087000,0.0,530476000.0,,12.141,10497680000,,,10497680000,0,86904000.0,22586317000,0.015,1.073,799642000.0,886546000.0,0.486,886546000.0,799642000.0,799642000.0,2.16,2.127,2.16,2761776000,2685934000.0,2761776000,19662462499,25.0,22.179,574442000.0,3.653,1.0,1824728000.0,1.0,0,0.0,44862991000,44052820000.0,0,32679816000,,,33530622000,,,11091869499,25327000.0,0.0,-220674000.0,1733618000.0,-195412000.0,1536676000.0,-2116814000.0,-2085791000.0,605465000.0,0.0,513376000.0,513376000.0,513376000.0,0.0,17100000.0,0.281,1007986000.0,816742000.0,0,0.497,4.016,21.606,32.654,380157000,0.0,70.533,6.079,6.079,0,1731419000,1824728000.0,1824728000.0,0.0,0.014,0.191,0.018,0.438,0.0,600685000.0,1.0,157257129,157257129,,11.603,36292398000,0,286266000.0,0,230.784,
97,CMA,ART,1997-09-30,1997-11-13,1997-09-30,2021-09-07,7606000,35904883000,,,,,16.918,,1930799000,1930799000,,,,12.083,10732628000,,,10732628000,0,,22058304000,0.021,1.12,,,,,,,,,,2744354000,,2744354000,17081292360,,,,,1.0,,,0,,44706712000,,0,32448813000,,,33160529000,,,8279463360,,,,,,,,,,,,,,,,,,,0,,3.017,,,384202000,,52.54,,,0,1962568000,,,,,,,,,,1.0,157584000,162214500,,,35904883000,0,,0,221.342,
98,CMA,ART,1997-06-30,1997-08-08,1997-06-30,2021-09-07,-13993000,35854303000,,,,,16.48,,2082667000,2082667000,,,,12.438,10135846000,,,10135846000,0,,22676541000,0.023,1.093,,,,,,,,,,2668168000,,2668168000,15690644220,,,,,1.0,,,0,,43907482000,,0,32173019000,,,33186135000,,,7637465220,,,,,,,,,,,,,,,,,,,0,,2.862,,,388827000,,48.253,,,0,1906324000,,,,,,,,,,1.0,158278500,161899500,,,35854303000,0,,0,221.46,
99,CMA,ART,1997-03-31,1997-05-23,1997-03-31,2021-09-07,-49847000,34867708000,,,,,15.702,,1824368000,1824368000,,,,12.57,9690755000,,,9690755000,0,,22147799000,0.026,1.067,,,,,,,,,,2569438000,,2569438000,14310000000,,,,,1.0,,,0,,42734095000,,0,31494481000,,,32298270000,,,6443613000,,,,,,,,,,,,,,,,,,,0,,2.508,,,397955000,,40.667,,,0,1842488000,,,,,,,,,,1.0,158449500,163633500,,,34867708000,0,,0,213.084,
100,CMA,ART,1997-03-31,1997-05-15,1997-03-31,2021-09-07,-49847000,34867708000,,,,,15.702,,1824368000,1824368000,,,,12.57,9690755000,,,9690755000,0,,22147799000,0.026,1.067,,,,,,,,,,2569438000,,2569438000,14323732290,,,,,1.0,,,0,,42734095000,,0,31494481000,,,32298270000,,,6457345290,,,,,,,,,,,,,,,,,,,0,,2.513,,,397955000,,40.753,,,0,1842488000,,,,,,,,,,1.0,158449500,163633500,,,34867708000,0,,0,213.084,
