None,ticker,dimension,calendardate,datekey,reportperiod,lastupdated,accoci,assets,assetsavg,assetsc,assetsnc,assetturnover,bvps,capex,cashneq,cashnequsd,cor,consolinc,currentratio,de,debt,debtc,debtnc,debtusd,deferredrev,depamor,deposits,divyield,dps,ebit,ebitda,ebitdamargin,ebitdausd,ebitusd,ebt,eps,epsdil,epsusd,equity,equityavg,equityusd,ev,evebit,evebitda,fcf,fcfps,fxusd,gp,grossmargin,intangibles,intexp,invcap,invcapavg,inventory,investments,investmentsc,investmentsnc,liabilities,liabilitiesc,liabilitiesnc,marketcap,ncf,ncfbus,ncfcommon,ncfdebt,ncfdiv,ncff,ncfi,ncfinv,ncfo,ncfx,netinc,netinccmn,netinccmnusd,netincdis,netincnci,netmargin,opex,opinc,payables,payoutratio,pb,pe,pe1,ppnenet,prefdivis,price,ps,ps1,receivables,retearn,revenue,revenueusd,rnd,roa,roe,roic,ros,sbcomp,sgna,sharefactor,sharesbas,shareswa,shareswadil,sps,tangibles,taxassets,taxexp,taxliabilities,tbvps,workingcapital
0,CMA,MRY,2020-12-31,2020-12-31,2020-12-31,2021-09-07,64000000.0,88129000000.0,83123500000.0,,,0.029,57.877,-79000000.0,15767000000.0,15767000000.0,0.0,474000000.0,,9.948,5728000000.0,,,5728000000.0,0.0,108000000.0,72869000000.0,0.049,2.72,591000000.0,699000000.0,0.294,699000000.0,591000000.0,591000000.0,3.29,3.27,3.29,8050000000.0,7782000000.0,8050000000.0,2392447971.0,4.0,3.423,849000000.0,6.104,1.0,2375000000.0,1.0,0.0,0.0,78090000000.0,78970500000.0,0.0,66543000000.0,,,80079000000.0,,,7769447971.0,9949000000.0,0.0,-195000000.0,-1746000000.0,-383000000.0,13623000000.0,-4602000000.0,-4549000000.0,928000000.0,0.0,474000000.0,459000000.0,459000000.0,0.0,0.0,0.193,1784000000.0,591000000.0,0.0,0.827,0.965,16.927,16.979,459000000.0,15000000.0,55.86,3.271,3.271,0.0,9727000000.0,2375000000.0,2375000000.0,0.0,0.006,0.059,0.007,0.249,24000000.0,1224000000.0,1.0,139087862.0,139087862.0,,17.076,88129000000.0,0.0,117000000.0,0.0,633.621,
1,CMA,MRY,2019-12-31,2019-12-31,2019-12-31,2021-09-07,-235000000.0,73402000000.0,72369250000.0,,,0.045,50.827,-86000000.0,5818000000.0,5818000000.0,0.0,1198000000.0,,9.018,7340000000.0,,,7340000000.0,0.0,114000000.0,57295000000.0,0.037,2.68,1532000000.0,1646000000.0,0.503,1646000000.0,1532000000.0,1532000000.0,7.95,7.87,7.95,7327000000.0,7314750000.0,7327000000.0,13588073464.0,9.0,8.255,1004000000.0,6.965,1.0,3275000000.0,1.0,0.0,0.0,74924000000.0,75814000000.0,0.0,62285000000.0,,,66075000000.0,,,10343073464.0,1257000000.0,0.0,-1376000000.0,727000000.0,-402000000.0,661000000.0,-494000000.0,-421000000.0,1090000000.0,0.0,1198000000.0,1191000000.0,1191000000.0,0.0,0.0,0.364,1743000000.0,1532000000.0,0.0,0.337,1.412,8.684,9.025,457000000.0,7000000.0,71.75,3.158,3.158,0.0,9538000000.0,3275000000.0,3275000000.0,0.0,0.016,0.163,0.02,0.468,39000000.0,1224000000.0,1.0,144154334.0,144154334.0,,22.719,73402000000.0,0.0,334000000.0,0.0,509.19,
2,CMA,MRY,2018-12-31,2018-12-31,2018-12-31,2021-09-07,-609000000.0,70818000000.0,71647000000.0,,,0.046,46.426,-90000000.0,4561000000.0,4561000000.0,0.0,1235000000.0,,8.434,6507000000.0,,,6507000000.0,0.0,120000000.0,55561000000.0,0.027,1.84,1535000000.0,1655000000.0,0.497,1655000000.0,1535000000.0,1535000000.0,7.31,7.2,7.31,7507000000.0,7843000000.0,7507000000.0,11770057189.0,8.0,7.112,1526000000.0,9.437,1.0,3329000000.0,1.0,0.0,0.0,72764000000.0,71996000000.0,0.0,61671000000.0,,,63311000000.0,,,11107057189.0,-1284000000.0,0.0,-1286000000.0,1884000000.0,-263000000.0,-1744000000.0,-1156000000.0,-1081000000.0,1616000000.0,0.0,1235000000.0,1227000000.0,1227000000.0,0.0,0.0,0.369,1794000000.0,1535000000.0,0.0,0.252,1.48,9.052,9.397,475000000.0,8000000.0,68.69,3.336,3.336,0.0,8781000000.0,3329000000.0,3329000000.0,0.0,0.017,0.156,0.021,0.461,48000000.0,1209000000.0,1.0,161698314.0,161698314.0,,20.588,70818000000.0,0.0,300000000.0,0.0,437.964,
3,CMA,MRY,2017-12-31,2017-12-31,2017-12-31,2021-09-07,-451000000.0,71567000000.0,72001750000.0,,,0.043,45.787,-69000000.0,5845000000.0,5845000000.0,0.0,743000000.0,,7.987,4632000000.0,,,4632000000.0,0.0,121000000.0,57903000000.0,0.013,1.09,1234000000.0,1355000000.0,0.438,1355000000.0,1234000000.0,1234000000.0,4.23,4.14,4.23,7963000000.0,7978000000.0,7963000000.0,14039564449.0,11.0,10.361,1016000000.0,5.842,1.0,3094000000.0,1.0,0.0,0.0,70354000000.0,70666000000.0,0.0,60761000000.0,,,63604000000.0,,,15097564449.0,-1373000000.0,0.0,-442000000.0,-31000000.0,-180000000.0,-2338000000.0,-120000000.0,-94000000.0,1085000000.0,0.0,743000000.0,738000000.0,738000000.0,0.0,0.0,0.239,1860000000.0,1234000000.0,0.0,0.258,1.896,20.457,20.522,466000000.0,5000000.0,86.81,4.88,4.88,0.0,7887000000.0,3094000000.0,3094000000.0,0.0,0.01,0.093,0.017,0.399,39000000.0,1160000000.0,1.0,173915038.0,173915038.0,,17.79,71567000000.0,0.0,491000000.0,0.0,411.506,
4,CMA,MRY,2016-12-31,2016-12-31,2016-12-31,2021-09-07,-383000000.0,72978000000.0,71847250000.0,,,0.036,45.256,-95000000.0,7218000000.0,7218000000.0,0.0,477000000.0,,8.361,5185000000.0,,,5185000000.0,0.0,121000000.0,58985000000.0,0.013,0.89,670000000.0,791000000.0,0.304,791000000.0,670000000.0,670000000.0,2.74,2.68,2.74,7796000000.0,7715250000.0,7796000000.0,9594831636.0,14.0,12.13,391000000.0,2.27,1.0,2600000000.0,1.0,0.0,0.0,70945000000.0,71415500000.0,0.0,60819000000.0,,,65182000000.0,,,11732831636.0,1071000000.0,0.0,-163000000.0,2152000000.0,-152000000.0,839000000.0,-254000000.0,-195000000.0,486000000.0,0.0,477000000.0,473000000.0,473000000.0,0.0,0.0,0.182,1930000000.0,670000000.0,0.0,0.325,1.505,24.805,24.858,501000000.0,4000000.0,68.11,4.513,4.513,0.0,7331000000.0,2600000000.0,2600000000.0,0.0,0.007,0.061,0.009,0.258,34000000.0,1042000000.0,1.0,172262981.0,172262981.0,,15.093,72978000000.0,0.0,193000000.0,0.0,423.643,
5,CMA,MRY,2015-12-31,2015-12-31,2015-12-31,2021-09-07,-429000000.0,71877000000.0,70542500000.0,,,0.037,42.776,-119000000.0,6147000000.0,6147000000.0,0.0,521000000.0,,8.508,3081000000.0,,,3081000000.0,0.0,118000000.0,59853000000.0,0.02,0.83,750000000.0,868000000.0,0.337,868000000.0,750000000.0,750000000.0,2.93,2.84,2.93,7560000000.0,7551250000.0,7560000000.0,3401817311.0,5.0,3.919,746000000.0,4.221,1.0,2577000000.0,1.0,0.0,0.0,68811000000.0,67212250000.0,0.0,61063000000.0,,,64317000000.0,,,7392817311.0,76000000.0,0.0,-218000000.0,317000000.0,-147000000.0,2466000000.0,-3255000000.0,-3153000000.0,865000000.0,0.0,521000000.0,515000000.0,515000000.0,0.0,0.0,0.2,1827000000.0,750000000.0,0.0,0.283,0.978,14.355,14.276,550000000.0,6000000.0,41.83,2.869,2.869,0.0,7084000000.0,2577000000.0,2577000000.0,0.0,0.007,0.068,0.011,0.291,38000000.0,1062000000.0,1.0,176734815.0,176734815.0,,14.581,71877000000.0,0.0,229000000.0,0.0,406.694,
6,CMA,MRY,2014-12-31,2014-12-31,2014-12-31,2021-09-07,-412000000.0,69186000000.0,67269750000.0,,,0.037,41.194,-70000000.0,6071000000.0,6071000000.0,0.0,593000000.0,,8.347,2791000000.0,,,2791000000.0,0.0,123000000.0,57486000000.0,0.017,0.79,870000000.0,993000000.0,0.4,993000000.0,870000000.0,870000000.0,3.28,3.16,3.28,7402000000.0,7371750000.0,7402000000.0,3500519314.0,4.0,3.525,569000000.0,3.167,1.0,2485000000.0,1.0,0.0,0.0,65906000000.0,64464750000.0,0.0,58149000000.0,,,61784000000.0,,,8416519314.0,-380000000.0,0.0,-211000000.0,-947000000.0,-137000000.0,2724000000.0,-3743000000.0,-3694000000.0,639000000.0,0.0,593000000.0,586000000.0,586000000.0,0.0,0.0,0.236,1647000000.0,838000000.0,0.0,0.241,1.137,14.363,14.28,532000000.0,7000000.0,46.84,3.387,3.387,0.0,6744000000.0,2485000000.0,2485000000.0,0.0,0.009,0.079,0.013,0.35,31000000.0,1037000000.0,1.0,179686578.0,179686578.0,,13.83,69186000000.0,0.0,277000000.0,0.0,385.037,
7,CMA,MRY,2013-12-31,2013-12-31,2013-12-31,2021-09-07,-391000000.0,65224000000.0,64431500000.0,,,0.039,39.09,-102000000.0,6451000000.0,6451000000.0,0.0,541000000.0,,8.122,3796000000.0,,,3796000000.0,0.0,122000000.0,53292000000.0,0.014,0.68,786000000.0,908000000.0,0.362,908000000.0,786000000.0,786000000.0,2.92,2.85,2.92,7150000000.0,7004500000.0,7150000000.0,5398574155.0,7.0,5.946,734000000.0,4.013,1.0,2508000000.0,1.0,0.0,0.0,62569000000.0,62685250000.0,0.0,54291000000.0,,,58074000000.0,,,8695574155.0,1917000000.0,0.0,-258000000.0,-937000000.0,-123000000.0,-93000000.0,1174000000.0,1214000000.0,836000000.0,0.0,541000000.0,533000000.0,533000000.0,0.0,0.0,0.213,1723000000.0,785000000.0,0.0,0.233,1.216,16.314,16.281,594000000.0,8000000.0,47.54,3.467,3.467,0.0,6318000000.0,2508000000.0,2508000000.0,0.0,0.008,0.076,0.013,0.313,32000000.0,1069000000.0,1.0,182910689.0,182910689.0,,13.712,65224000000.0,0.0,245000000.0,0.0,356.589,
8,CMA,MRY,2012-12-31,2012-12-31,2012-12-31,2021-09-07,-413000000.0,65069000000.0,63406500000.0,,,0.04,36.471,-75000000.0,4534000000.0,4534000000.0,0.0,521000000.0,,8.373,4830000000.0,,,4830000000.0,0.0,133000000.0,52191000000.0,0.018,0.55,762000000.0,895000000.0,0.355,895000000.0,762000000.0,762000000.0,2.68,2.67,2.68,6942000000.0,7009750000.0,6942000000.0,6640040237.0,9.0,7.419,617000000.0,3.241,1.0,2519000000.0,1.0,0.0,0.0,65365000000.0,64128000000.0,0.0,55850000000.0,,,58127000000.0,,,5775040237.0,978000000.0,0.0,-305000000.0,-153000000.0,-97000000.0,3962000000.0,-3676000000.0,-3688000000.0,692000000.0,0.0,521000000.0,515000000.0,515000000.0,0.0,0.0,0.204,1757000000.0,762000000.0,0.0,0.205,0.832,11.214,11.321,622000000.0,6000000.0,30.34,2.293,2.293,0.0,5931000000.0,2519000000.0,2519000000.0,0.0,0.008,0.073,0.012,0.303,36000000.0,1083000000.0,1.0,190344108.0,190344108.0,,13.234,65069000000.0,0.0,241000000.0,0.0,341.849,
9,CMA,MRY,2011-12-31,2011-12-31,2011-12-31,2021-09-07,-356000000.0,61008000000.0,57763500000.0,,,0.04,34.568,-121000000.0,3556000000.0,3556000000.0,0.0,393000000.0,,7.883,5014000000.0,,,5014000000.0,0.0,122000000.0,47755000000.0,0.016,0.4,530000000.0,652000000.0,0.283,652000000.0,530000000.0,530000000.0,2.11,2.09,2.11,6868000000.0,6433500000.0,6868000000.0,5109006359.0,10.0,7.836,675000000.0,3.397,1.0,2301000000.0,1.0,0.0,0.0,62466000000.0,59006500000.0,0.0,52206000000.0,,,54140000000.0,,,5126006359.0,1473000000.0,721000000.0,-112000000.0,-1599000000.0,-73000000.0,1526000000.0,-849000000.0,-1542000000.0,796000000.0,0.0,393000000.0,389000000.0,389000000.0,0.0,0.0,0.169,1771000000.0,530000000.0,0.0,0.19,0.746,13.177,12.227,675000000.0,4000000.0,25.8,2.228,2.228,0.0,5546000000.0,2301000000.0,2301000000.0,0.0,0.007,0.06,0.009,0.23,36000000.0,1041000000.0,1.0,198682417.0,198682417.0,,11.581,61008000000.0,0.0,137000000.0,0.0,307.063,
10,CMA,MRY,2010-12-31,2010-12-31,2010-12-31,2021-09-07,-389000000.0,53667000000.0,55415500000.0,,,0.035,32.823,0.0,2083000000.0,2083000000.0,0.0,277000000.0,,8.264,6268000000.0,,,6268000000.0,0.0,124000000.0,40471000000.0,0.006,0.25,332000000.0,456000000.0,0.233,456000000.0,332000000.0,332000000.0,0.9,0.88,0.9,5793000000.0,5777500000.0,5793000000.0,10892006705.0,33.0,23.886,1286000000.0,7.286,1.0,1957000000.0,1.0,0.0,0.0,57852000000.0,60030000000.0,0.0,47036000000.0,,,47874000000.0,,,7455006705.0,-3534000000.0,0.0,845000000.0,-5324000000.0,-72000000.0,-6026000000.0,1206000000.0,1296000000.0,1286000000.0,0.0,277000000.0,153000000.0,153000000.0,-17000000.0,0.0,0.078,1642000000.0,315000000.0,0.0,0.278,1.287,48.726,46.933,630000000.0,124000000.0,42.24,3.809,3.809,0.0,5247000000.0,1957000000.0,1957000000.0,0.0,0.003,0.026,0.006,0.17,31000000.0,982000000.0,1.0,176491636.0,176491636.0,,11.088,53667000000.0,0.0,55000000.0,0.0,304.077,
11,CMA,MRY,2009-12-31,2009-12-31,2009-12-31,2021-09-07,-336000000.0,59249000000.0,62459750000.0,,,0.025,46.511,-74000000.0,5617000000.0,5617000000.0,0.0,17000000.0,,7.429,11533000000.0,,,11533000000.0,0.0,122000000.0,39665000000.0,0.007,0.2,-114000000.0,8000000.0,0.005,8000000.0,-114000000.0,-114000000.0,-0.79,-0.79,-0.79,7029000000.0,7085000000.0,7029000000.0,13139760366.0,-115.0,1642.47,17000000.0,0.112,1.0,1535000000.0,1.0,0.0,0.0,65165000000.0,71668250000.0,0.0,48730000000.0,,,52220000000.0,,,4468760366.0,2194000000.0,7000000.0,-1000000.0,-5170000000.0,-72000000.0,-7366000000.0,9469000000.0,9536000000.0,91000000.0,0.0,17000000.0,-118000000.0,-118000000.0,-1000000.0,0.0,-0.077,1650000000.0,-115000000.0,0.0,-0.253,0.636,-37.871,-37.43,644000000.0,135000000.0,29.57,2.911,2.911,0.0,5161000000.0,1535000000.0,1535000000.0,0.0,-0.002,-0.017,-0.002,-0.074,32000000.0,996000000.0,1.0,151124801.0,151124801.0,,10.157,59249000000.0,0.0,-131000000.0,0.0,392.053,
12,CMA,MRY,2008-12-31,2008-12-31,2008-12-31,2021-09-07,-309000000.0,67548000000.0,66430250000.0,,,0.03,47.526,-166000000.0,3423000000.0,3423000000.0,0.0,213000000.0,,8.445,16816000000.0,,,16816000000.0,0.0,114000000.0,41955000000.0,0.116,2.31,272000000.0,386000000.0,0.191,386000000.0,272000000.0,272000000.0,1.29,1.28,1.29,7152000000.0,5647750000.0,7152000000.0,20602144916.0,76.0,53.373,696000000.0,4.625,1.0,2022000000.0,1.0,0.0,0.0,80941000000.0,80780750000.0,0.0,59094000000.0,,,60396000000.0,,,2987144916.0,1909000000.0,0.0,0.0,4908000000.0,-395000000.0,4464000000.0,-3417000000.0,-3251000000.0,862000000.0,0.0,213000000.0,192000000.0,192000000.0,-1000000.0,0.0,0.095,1751000000.0,271000000.0,0.0,1.791,0.418,15.558,15.388,683000000.0,21000000.0,19.85,1.477,1.477,0.0,5345000000.0,2022000000.0,2022000000.0,0.0,0.003,0.034,0.003,0.135,51000000.0,1066000000.0,1.0,150485890.0,150485890.0,,13.436,67548000000.0,0.0,59000000.0,0.0,448.866,
13,CMA,MRY,2007-12-31,2007-12-31,2007-12-31,2021-09-07,-177000000.0,62331000000.0,59612500000.0,,,0.045,33.883,-189000000.0,1514000000.0,1514000000.0,0.0,686000000.0,,11.181,11676000000.0,,,11676000000.0,0.0,96000000.0,44278000000.0,0.059,2.56,986000000.0,1082000000.0,0.404,1082000000.0,986000000.0,986000000.0,4.45,4.43,4.45,5117000000.0,5076250000.0,5117000000.0,16931818938.0,17.0,15.649,825000000.0,5.463,1.0,2679000000.0,1.0,0.0,0.0,72493000000.0,67551750000.0,0.0,56817000000.0,,,57214000000.0,,,6573818938.0,-2552000000.0,3000000.0,-491000000.0,4970000000.0,-390000000.0,2803000000.0,-6369000000.0,-6183000000.0,1014000000.0,0.0,680000000.0,680000000.0,680000000.0,-4000000.0,6000000.0,0.254,1691000000.0,988000000.0,0.0,0.575,1.285,9.667,9.782,650000000.0,0.0,43.53,2.454,2.454,0.0,5497000000.0,2679000000.0,2679000000.0,0.0,0.011,0.134,0.015,0.368,50000000.0,1121000000.0,1.0,151018124.0,151018124.0,,17.74,62331000000.0,0.0,306000000.0,0.0,412.739,
14,CMA,MRY,2006-12-31,2006-12-31,2006-12-31,2021-09-07,-324000000.0,58001000000.0,57499000000.0,,,0.049,32.438,-163000000.0,4066000000.0,4066000000.0,0.0,893000000.0,,10.256,6640000000.0,,,6640000000.0,0.0,84000000.0,44927000000.0,0.04,2.36,1238000000.0,1322000000.0,0.472,1322000000.0,1238000000.0,1238000000.0,5.57,5.49,5.57,5153000000.0,5161000000.0,5153000000.0,14909625131.0,12.0,11.278,812000000.0,5.112,1.0,2801000000.0,1.0,0.0,0.0,60575000000.0,59755000000.0,0.0,50927000000.0,,,52848000000.0,,,9321625131.0,1488000000.0,43000000.0,-339000000.0,2353000000.0,-377000000.0,4142000000.0,-3629000000.0,-3730000000.0,975000000.0,0.0,893000000.0,893000000.0,893000000.0,-111000000.0,0.0,0.319,1674000000.0,1127000000.0,0.0,0.424,1.809,10.439,10.535,568000000.0,0.0,58.68,3.328,3.328,0.0,5282000000.0,2801000000.0,2801000000.0,0.0,0.016,0.173,0.021,0.442,48000000.0,1062000000.0,1.0,158855234.0,158855234.0,,17.632,58001000000.0,0.0,345000000.0,0.0,365.119,
15,CMA,MRY,2005-12-31,2005-12-31,2005-12-31,2021-09-07,-170000000.0,53013000000.0,53890250000.0,,,0.052,30.665,-132000000.0,2546000000.0,2546000000.0,0.0,861000000.0,,9.46,4322000000.0,,,4322000000.0,0.0,72000000.0,42431000000.0,0.039,2.2,1254000000.0,1326000000.0,0.47,1326000000.0,1254000000.0,1254000000.0,5.17,5.11,5.17,5068000000.0,5076500000.0,5068000000.0,11931637392.0,10.0,8.998,714000000.0,4.32,1.0,2822000000.0,1.0,0.0,0.0,54789000000.0,56387250000.0,0.0,47193000000.0,,,47945000000.0,,,9380637392.0,470000000.0,1000000.0,-474000000.0,-182000000.0,-366000000.0,502000000.0,-878000000.0,-850000000.0,846000000.0,0.0,861000000.0,861000000.0,861000000.0,-45000000.0,0.0,0.305,1613000000.0,1209000000.0,0.0,0.426,1.851,10.895,10.979,510000000.0,0.0,56.76,3.324,3.324,0.0,4796000000.0,2822000000.0,2822000000.0,0.0,0.016,0.17,0.022,0.444,43000000.0,1017000000.0,1.0,165268453.0,165268453.0,,17.075,53013000000.0,0.0,393000000.0,0.0,320.769,
16,CMA,MRY,2004-12-31,2004-12-31,2004-12-31,2021-09-07,-69000000.0,51766000000.0,53434000000.0,,,0.048,29.931,-95000000.0,1139000000.0,1139000000.0,0.0,757000000.0,,9.14,4536000000.0,,,4536000000.0,0.0,68000000.0,40936000000.0,0.034,2.08,1106000000.0,1174000000.0,0.459,1174000000.0,1106000000.0,1106000000.0,4.41,4.36,4.41,5105000000.0,5042000000.0,5105000000.0,13514571200.0,12.0,11.512,933000000.0,5.47,1.0,2555000000.0,1.0,0.0,0.0,55163000000.0,56610000000.0,0.0,47343000000.0,,,46661000000.0,,,10407571200.0,-388000000.0,8000000.0,-298000000.0,-523000000.0,-357000000.0,-1705000000.0,677000000.0,-294000000.0,1028000000.0,0.0,757000000.0,757000000.0,757000000.0,-9000000.0,0.0,0.296,1458000000.0,1097000000.0,0.0,0.472,2.039,13.748,13.837,415000000.0,0.0,61.02,4.073,4.073,0.0,4331000000.0,2555000000.0,2555000000.0,0.0,0.014,0.15,0.02,0.433,34000000.0,944000000.0,1.0,170560000.0,170560000.0,,14.98,51766000000.0,0.0,349000000.0,0.0,303.506,
17,CMA,MRY,2003-12-31,2003-12-31,2003-12-31,2021-09-07,74000000.0,52592000000.0,55479750000.0,,,0.044,29.14,-59000000.0,1527000000.0,1527000000.0,0.0,661000000.0,,9.292,5090000000.0,,,5090000000.0,0.0,70000000.0,41463000000.0,0.036,2.0,953000000.0,1023000000.0,0.42,1023000000.0,953000000.0,953000000.0,3.78,3.75,3.78,5110000000.0,5073000000.0,5110000000.0,13011569480.0,14.0,12.719,1262000000.0,7.197,1.0,2436000000.0,1.0,0.0,0.0,56155000000.0,58318750000.0,0.0,48001000000.0,,,47482000000.0,,,9830569480.0,-375000000.0,0.0,-11000000.0,-648000000.0,-347000000.0,-1313000000.0,-1630000000.0,1306000000.0,1321000000.0,0.0,661000000.0,661000000.0,661000000.0,0.0,0.0,0.271,1483000000.0,953000000.0,0.0,0.529,1.924,14.872,14.831,374000000.0,0.0,56.06,4.036,4.036,0.0,3973000000.0,2436000000.0,2436000000.0,0.0,0.012,0.13,0.016,0.391,28000000.0,958000000.0,1.0,175358000.0,175358000.0,,13.892,52592000000.0,0.0,292000000.0,0.0,299.912,
18,CMA,MRY,2002-12-31,2002-12-31,2002-12-31,2021-09-07,237000000.0,53301000000.0,51676500000.0,,,0.046,28.315,-80000000.0,1902000000.0,1902000000.0,0.0,601000000.0,,9.774,5789000000.0,,,5789000000.0,0.0,73000000.0,41775000000.0,0.044,1.92,882000000.0,955000000.0,0.398,955000000.0,882000000.0,882000000.0,3.43,3.4,3.43,4947000000.0,4875000000.0,4947000000.0,11596590120.0,13.0,12.143,1148000000.0,6.571,1.0,2397000000.0,1.0,0.0,0.0,57188000000.0,56214500000.0,0.0,46989000000.0,,,48354000000.0,,,7554590120.0,-23000000.0,8000000.0,-160000000.0,-1891000000.0,-331000000.0,1830000000.0,-1436000000.0,-1565000000.0,1228000000.0,0.0,601000000.0,601000000.0,601000000.0,0.0,0.0,0.251,1515000000.0,882000000.0,0.0,0.56,1.527,12.57,12.606,371000000.0,0.0,43.24,3.152,3.152,0.0,3684000000.0,2397000000.0,2397000000.0,0.0,0.012,0.123,0.016,0.368,25000000.0,906000000.0,1.0,174713000.0,174713000.0,,13.72,53301000000.0,0.0,281000000.0,0.0,305.077,
19,CMA,MRY,2001-12-31,2001-12-31,2001-12-31,2021-09-07,225000000.0,50750000000.0,50010250000.0,,,0.054,26.993,-68000000.0,1925000000.0,1925000000.0,0.0,710000000.0,,9.558,7518000000.0,,,7518000000.0,0.0,111000000.0,37570000000.0,0.023,1.32,1099000000.0,1210000000.0,0.448,1210000000.0,1099000000.0,1099000000.0,3.93,3.88,3.93,4807000000.0,4756000000.0,4807000000.0,14975512600.0,14.0,12.376,872000000.0,4.897,1.0,2698000000.0,1.0,0.0,0.0,56343000000.0,55347250000.0,0.0,45929000000.0,,,45943000000.0,,,10204098600.0,-6000000.0,45000000.0,-55000000.0,-2957000000.0,-314000000.0,128000000.0,779000000.0,-1723000000.0,940000000.0,0.0,698000000.0,698000000.0,698000000.0,0.0,12000000.0,0.259,1587000000.0,1111000000.0,0.0,0.336,2.123,14.619,14.58,353000000.0,0.0,57.3,3.782,3.782,0.0,3448000000.0,2698000000.0,2698000000.0,0.0,0.014,0.147,0.02,0.407,0.0,912000000.0,1.0,178082000.0,178082000.0,,15.15,50750000000.0,0.0,401000000.0,0.0,284.981,
20,CMA,MRY,2000-12-31,2000-12-31,2000-12-31,2021-09-07,12097000.0,49534056000.0,46308226750.0,,,0.059,28.711,-46000000.0,1930682000.0,1930682000.0,0.0,791000000.0,,10.007,10379228000.0,,,10379228000.0,0.0,108000000.0,33854283000.0,0.027,1.6,1205000000.0,1313000000.0,0.48,1313000000.0,1205000000.0,1205000000.0,4.38,4.31,4.38,4500159000.0,4151517250.0,4500159000.0,18746836960.0,16.0,14.278,865000000.0,5.519,1.0,2733000000.0,1.0,0.0,0.0,57982602000.0,55831867250.0,0.0,45182397000.0,,,45033897000.0,,,9307339960.0,421000000.0,442000000.0,-19000000.0,-1349000000.0,-261000000.0,3029000000.0,174000000.0,-4089000000.0,911000000.0,0.0,774000000.0,774000000.0,774000000.0,0.0,17000000.0,0.283,1511000000.0,1222000000.0,0.0,0.365,2.068,12.025,13.557,347962000.0,0.0,59.38,3.406,3.406,0.0,3085784000.0,2733000000.0,2733000000.0,0.0,0.017,0.186,0.022,0.441,0.0,950000000.0,1.0,156742000.0,156742000.0,,17.436,49534056000.0,0.0,431000000.0,0.0,316.023,
21,CMA,MRY,1999-12-31,1999-12-31,1999-12-31,2021-09-07,-31702000.0,38653332000.0,37334087750.0,,,0.068,22.218,-55825000.0,1201990000.0,1201990000.0,0.0,759415000.0,,10.124,11391698000.0,,,11391698000.0,0.0,108689000.0,23291403000.0,0.031,1.44,1161662000.0,1270351000.0,0.501,1270351000.0,1161662000.0,1161662000.0,4.2,4.13,4.2,3474644000.0,3310984250.0,3474644000.0,16409903480.0,14.0,12.918,1097160000.0,7.015,1.0,2537670000.0,1.0,0.0,0.0,48843040000.0,46719496750.0,0.0,35569231000.0,,,35178688000.0,,,7301942480.0,-618657000.0,69512000.0,11229000.0,2707107000.0,-235646000.0,1795913000.0,-3567555000.0,-3534721000.0,1152985000.0,0.0,742315000.0,742315000.0,742315000.0,0.0,17100000.0,0.293,1358908000.0,1178762000.0,0.0,0.343,2.101,9.837,11.117,330728000.0,0.0,46.69,2.877,2.877,0.0,2485204000.0,2537670000.0,2537670000.0,0.0,0.02,0.224,0.025,0.458,0.0,850756000.0,1.0,156392000.0,156392000.0,,16.226,38653332000.0,0.0,419347000.0,0.0,247.157,
22,CMA,MRY,1998-12-31,1998-12-31,1998-12-31,2021-09-07,-6455000.0,36600831000.0,35629850250.0,,,0.055,19.587,-35609000.0,1773100000.0,1773100000.0,0.0,607076000.0,,11.014,8874747000.0,,,8874747000.0,0.0,88047000.0,24313133000.0,0.017,1.173,914275000.0,1002322000.0,0.514,1002322000.0,914275000.0,914275000.0,3.79,3.72,3.79,3046613000.0,2910077750.0,3046613000.0,18207825460.0,20.0,18.166,654316000.0,4.207,1.0,1951419000.0,1.0,0.0,0.0,43702478000.0,43114050000.0,0.0,32974259000.0,,,33554218000.0,,,10597076460.0,-153987000.0,1878907000.0,-97799000.0,-1631303000.0,-211966000.0,-214252000.0,-629660000.0,-2472958000.0,689925000.0,0.0,589976000.0,589976000.0,589976000.0,0.0,17100000.0,0.302,1020044000.0,931375000.0,0.0,0.309,3.478,17.962,17.976,352650000.0,0.0,68.13,5.43,5.43,0.0,2086589000.0,1951419000.0,1951419000.0,0.0,0.017,0.203,0.021,0.469,0.0,625450000.0,1.0,155542000.0,155542000.0,,12.546,36600831000.0,0.0,324299000.0,0.0,235.312,
23,CMA,MRY,1997-12-31,1997-12-31,1997-12-31,2021-09-07,-1937000.0,36292398000.0,35729823000.0,,,0.051,17.526,-31023000.0,1927087000.0,1927087000.0,0.0,530476000.0,,12.141,10497680000.0,,,10497680000.0,0.0,86904000.0,22586317000.0,0.019,1.147,799642000.0,886546000.0,0.486,886546000.0,799642000.0,799642000.0,3.24,3.19,3.24,2761776000.0,2685934000.0,2761776000.0,18283133000.0,23.0,20.623,560979000.0,3.56,1.0,1824728000.0,1.0,0.0,0.0,44862991000.0,44097150500.0,0.0,32679816000.0,,,33530622000.0,,,9481304000.0,25327000.0,0.0,-207211000.0,1733618000.0,-195412000.0,1550139000.0,-2116814000.0,-2085791000.0,592002000.0,0.0,513376000.0,513376000.0,513376000.0,0.0,17100000.0,0.281,1007986000.0,816742000.0,0.0,0.354,3.433,18.469,18.57,380157000.0,0.0,60.167,5.196,5.196,0.0,1731419000.0,1824728000.0,1824728000.0,0.0,0.014,0.191,0.018,0.438,0.0,600685000.0,1.0,157584000.0,157584000.0,,11.579,36292398000.0,0.0,286266000.0,0.0,230.305,
24,CMA,MRY,1996-12-31,1996-12-31,1996-12-31,2021-09-07,-22789000.0,34206071000.0,34739356250.0,,,0.052,16.385,-46038000.0,1901760000.0,1901760000.0,0.0,417161000.0,,12.078,8764062000.0,,,8764062000.0,0.0,97579000.0,22367173000.0,0.029,1.013,637181000.0,734760000.0,0.407,734760000.0,637181000.0,637181000.0,2.41,2.38,2.41,2615569000.0,2698025250.0,2615569000.0,,,,1274496000.0,7.984,1.0,1805232000.0,1.0,0.0,0.0,41068373000.0,41858329500.0,0.0,30743184000.0,,,31590502000.0,,,5574345913.0,-126615000.0,200459000.0,-586990000.0,-419365000.0,-173414000.0,-1758884000.0,311735000.0,157314000.0,1320534000.0,0.0,408136000.0,408136000.0,408136000.0,0.0,9025000.0,0.226,1159026000.0,646206000.0,0.0,0.42,2.131,13.658,14.49,407663000.0,0.0,34.92,3.088,3.088,0.0,1854116000.0,1805232000.0,1805232000.0,0.0,0.012,0.151,0.015,0.353,0.0,629611000.0,1.0,159631899.0,159631899.0,,11.309,34206071000.0,0.0,229045000.0,0.0,214.281,
25,CMA,MRY,1995-12-31,1995-12-31,1995-12-31,2021-09-07,,,,,,,,-62334000.0,,,0.0,413366000.0,,,,,,,,93030000.0,,0.034,0.913,625694000.0,718724000.0,0.42,718724000.0,625694000.0,625694000.0,1.587,1.58,1.587,,,,,,,-210894000.0,,1.0,1712108000.0,1.0,,0.0,,,,,,,,,,,206062000.0,19224000.0,-166920000.0,997486000.0,-155726000.0,805116000.0,-450494000.0,-407384000.0,-148560000.0,0.0,413366000.0,413366000.0,413366000.0,0.0,0.0,0.241,1086414000.0,625694000.0,,0.575,,,16.803,,0.0,26.667,,,,,1712108000.0,1712108000.0,0.0,,,,0.365,0.0,630031000.0,1.0,,,,,,,212328000.0,,,
0,CMA,MRQ,2021-06-30,2021-06-30,2021-06-30,2021-09-07,-120000000.0,88355000000.0,,,,,56.807,-17000000.0,16501000000.0,16501000000.0,0.0,328000000.0,,10.14,2854000000.0,,,2854000000.0,0.0,26000000.0,76066000000.0,0.038,0.68,421000000.0,447000000.0,0.506,447000000.0,421000000.0,421000000.0,2.35,2.32,2.35,7931000000.0,,7931000000.0,-2059024346.0,-1.0,-1.364,-173000000.0,-1.239,1.0,884000000.0,1.0,0.0,0.0,74708000000.0,,0.0,65596000000.0,,,80424000000.0,,,9959975654.0,1630000000.0,0.0,-443000000.0,0.0,-106000000.0,1105000000.0,681000000.0,680000000.0,-156000000.0,0.0,328000000.0,321000000.0,321000000.0,0.0,0.0,0.363,463000000.0,421000000.0,0.0,0.289,1.256,9.256,9.193,454000000.0,7000000.0,71.34,3.079,3.079,0.0,10202000000.0,884000000.0,884000000.0,0.0,,,,,7000000.0,328000000.0,1.0,139612779.0,139612779.0,,6.332,88355000000.0,0.0,93000000.0,0.0,632.858,
1,CMA,MRQ,2021-03-31,2021-03-31,2021-03-31,2021-09-07,-105000000.0,86291000000.0,,,,,58.527,-18000000.0,14871000000.0,14871000000.0,0.0,350000000.0,,9.585,2852000000.0,,,2852000000.0,0.0,25000000.0,73807000000.0,0.038,0.68,448000000.0,473000000.0,0.528,473000000.0,448000000.0,448000000.0,2.46,2.43,2.46,8152000000.0,,8152000000.0,-46619490.0,0.0,-0.038,141000000.0,1.012,1.0,895000000.0,1.0,0.0,0.0,74272000000.0,,0.0,65576000000.0,,,78139000000.0,,,9992380510.0,-896000000.0,0.0,2000000.0,-2800000000.0,-95000000.0,-2063000000.0,1008000000.0,1042000000.0,159000000.0,0.0,350000000.0,343000000.0,343000000.0,0.0,0.0,0.383,447000000.0,448000000.0,0.0,0.276,1.226,11.459,11.46,456000000.0,7000000.0,71.74,3.409,3.409,0.0,9975000000.0,895000000.0,895000000.0,0.0,,,,,22000000.0,333000000.0,1.0,139286040.0,139286040.0,,6.426,86291000000.0,0.0,98000000.0,0.0,619.524,
2,CMA,MRQ,2020-12-31,2020-12-31,2020-12-31,2021-09-07,64000000.0,88129000000.0,,,,,57.877,-28000000.0,15767000000.0,15767000000.0,0.0,215000000.0,,9.948,5728000000.0,,,5728000000.0,0.0,26000000.0,72869000000.0,0.049,0.68,278000000.0,304000000.0,0.405,304000000.0,278000000.0,278000000.0,1.5,1.49,1.5,8050000000.0,,8050000000.0,2392447971.0,4.0,3.423,180000000.0,1.294,1.0,751000000.0,1.0,0.0,0.0,78090000000.0,,0.0,66543000000.0,,,80079000000.0,,,7769447971.0,4626000000.0,0.0,2000000.0,-10000000.0,-101000000.0,4390000000.0,28000000.0,47000000.0,208000000.0,0.0,215000000.0,209000000.0,209000000.0,0.0,0.0,0.278,473000000.0,278000000.0,0.0,0.453,0.965,16.927,16.979,459000000.0,6000000.0,55.86,3.271,3.271,0.0,9727000000.0,751000000.0,751000000.0,0.0,,,,,6000000.0,326000000.0,1.0,139087862.0,139087862.0,,5.399,88129000000.0,0.0,63000000.0,0.0,633.621,
3,CMA,MRQ,2020-09-30,2020-09-30,2020-09-30,2021-09-07,116000000.0,83631000000.0,,,,,56.631,-22000000.0,11141000000.0,11141000000.0,0.0,211000000.0,,9.621,5764000000.0,,,5764000000.0,0.0,27000000.0,68459000000.0,0.071,0.68,259000000.0,286000000.0,0.406,286000000.0,259000000.0,259000000.0,1.45,1.44,1.45,7874000000.0,,7874000000.0,-719744939.0,-1.0,-0.911,-46000000.0,-0.331,1.0,705000000.0,1.0,0.0,0.0,78254000000.0,,0.0,66641000000.0,,,75757000000.0,,,5318255061.0,-2170000000.0,0.0,-3000000.0,-1492000000.0,-91000000.0,-860000000.0,-1286000000.0,-1270000000.0,-24000000.0,0.0,211000000.0,203000000.0,203000000.0,0.0,0.0,0.288,446000000.0,259000000.0,0.0,0.469,0.675,10.072,10.2,456000000.0,8000000.0,38.25,2.192,2.192,0.0,9511000000.0,705000000.0,705000000.0,0.0,,,,,6000000.0,309000000.0,1.0,139039348.0,139039348.0,,5.071,83631000000.0,0.0,48000000.0,0.0,601.492,
4,CMA,MRQ,2020-06-30,2020-06-30,2020-06-30,2021-09-07,158000000.0,84397000000.0,,,,,56.115,-14000000.0,13311000000.0,13311000000.0,0.0,118000000.0,,9.817,7273000000.0,,,7273000000.0,0.0,29000000.0,67720000000.0,0.071,0.68,146000000.0,175000000.0,0.302,175000000.0,146000000.0,146000000.0,0.85,0.84,0.85,7802000000.0,,7802000000.0,10139222718.0,13.0,11.228,31000000.0,0.223,1.0,580000000.0,1.0,0.0,0.0,78359000000.0,,0.0,65351000000.0,,,76595000000.0,,,5297222718.0,8456000000.0,0.0,2000000.0,-2436000000.0,-96000000.0,8221000000.0,190000000.0,201000000.0,45000000.0,0.0,118000000.0,117000000.0,117000000.0,0.0,0.0,0.202,434000000.0,146000000.0,0.0,0.8,0.679,8.613,8.902,450000000.0,1000000.0,38.1,2.095,2.095,0.0,9404000000.0,580000000.0,580000000.0,0.0,,,,,4000000.0,298000000.0,1.0,139034717.0,139034717.0,,4.172,84397000000.0,0.0,28000000.0,0.0,607.021,
5,CMA,MRQ,2020-03-31,2020-03-31,2020-03-31,2021-09-07,174000000.0,76337000000.0,,,,,52.368,-15000000.0,4855000000.0,4855000000.0,0.0,-59000000.0,,9.313,9697000000.0,,,9697000000.0,0.0,26000000.0,57366000000.0,0.092,0.68,-78000000.0,-52000000.0,-0.153,-52000000.0,-78000000.0,-78000000.0,-0.42,-0.42,-0.42,7402000000.0,,7402000000.0,5669093078.0,6.0,4.969,684000000.0,4.839,1.0,339000000.0,1.0,0.0,0.0,81179000000.0,,0.0,65721000000.0,,,68935000000.0,,,4147093078.0,-963000000.0,0.0,-196000000.0,2192000000.0,-95000000.0,1872000000.0,-3534000000.0,-3527000000.0,699000000.0,0.0,-59000000.0,-59000000.0,-59000000.0,0.0,0.0,-0.174,417000000.0,-78000000.0,0.0,-1.619,0.56,5.216,5.454,454000000.0,0.0,29.34,1.504,1.504,0.0,9389000000.0,339000000.0,339000000.0,0.0,,,,,8000000.0,291000000.0,1.0,141346049.0,141346049.0,,2.398,76337000000.0,0.0,-19000000.0,0.0,540.072,
6,CMA,MRQ,2019-12-31,2019-12-31,2019-12-31,2021-09-07,-235000000.0,73402000000.0,,,,,50.827,-24000000.0,5818000000.0,5818000000.0,0.0,269000000.0,,9.018,7340000000.0,,,7340000000.0,0.0,30000000.0,57295000000.0,0.037,0.67,351000000.0,381000000.0,0.475,381000000.0,351000000.0,351000000.0,1.87,1.85,1.87,7327000000.0,,7327000000.0,13588073464.0,9.0,8.255,197000000.0,1.367,1.0,802000000.0,1.0,0.0,0.0,74924000000.0,,0.0,62285000000.0,,,66075000000.0,,,10343073464.0,1701000000.0,0.0,-146000000.0,20000000.0,-99000000.0,384000000.0,1096000000.0,1117000000.0,221000000.0,0.0,269000000.0,267000000.0,267000000.0,0.0,0.0,0.333,451000000.0,351000000.0,0.0,0.358,1.412,8.684,9.025,457000000.0,2000000.0,71.75,3.158,3.158,0.0,9538000000.0,802000000.0,802000000.0,0.0,,,,,2000000.0,311000000.0,1.0,144154334.0,144154334.0,,5.563,73402000000.0,0.0,82000000.0,0.0,509.19,
7,CMA,MRQ,2019-09-30,2019-09-30,2019-09-30,2021-09-07,-336000000.0,72848000000.0,,,,,48.205,-33000000.0,4117000000.0,4117000000.0,0.0,292000000.0,,9.118,7362000000.0,,,7362000000.0,0.0,27000000.0,56809000000.0,0.04,0.67,372000000.0,399000000.0,0.494,399000000.0,372000000.0,372000000.0,1.98,1.96,1.98,7200000000.0,,7200000000.0,14566341365.0,9.0,8.594,411000000.0,2.752,1.0,807000000.0,1.0,0.0,0.0,76093000000.0,,0.0,63414000000.0,,,65648000000.0,,,9856341365.0,536000000.0,0.0,-369000000.0,-982000000.0,-100000000.0,-139000000.0,231000000.0,261000000.0,444000000.0,0.0,292000000.0,290000000.0,290000000.0,0.0,0.0,0.359,435000000.0,372000000.0,0.0,0.338,1.369,8.0,8.28,467000000.0,2000000.0,65.99,2.968,2.968,0.0,9369000000.0,807000000.0,807000000.0,0.0,,,,,5000000.0,305000000.0,1.0,149361136.0,149361136.0,,5.403,72848000000.0,0.0,80000000.0,0.0,487.731,
8,CMA,MRQ,2019-06-30,2019-06-30,2019-06-30,2021-09-07,-382000000.0,72537000000.0,,,,,47.502,-13000000.0,3581000000.0,3581000000.0,0.0,298000000.0,,8.905,8291000000.0,,,8291000000.0,0.0,28000000.0,55537000000.0,0.035,0.67,385000000.0,413000000.0,0.511,413000000.0,385000000.0,385000000.0,1.95,1.94,1.95,7323000000.0,,7323000000.0,15500243200.0,10.0,9.08,372000000.0,2.413,1.0,809000000.0,1.0,0.0,0.0,77247000000.0,,0.0,63622000000.0,,,65214000000.0,,,11198243200.0,100000000.0,0.0,-424000000.0,448000000.0,-104000000.0,1297000000.0,-1582000000.0,-1574000000.0,385000000.0,0.0,298000000.0,297000000.0,297000000.0,0.0,0.0,0.367,424000000.0,385000000.0,0.0,0.344,1.529,8.902,9.218,470000000.0,1000000.0,72.64,3.346,3.346,0.0,9176000000.0,809000000.0,809000000.0,0.0,,,,,8000000.0,294000000.0,1.0,154160837.0,154160837.0,,5.248,72537000000.0,0.0,87000000.0,0.0,470.528,
9,CMA,MRQ,2019-03-31,2019-03-31,2019-03-31,2021-09-07,-513000000.0,70690000000.0,,,,,46.597,-16000000.0,3481000000.0,3481000000.0,0.0,339000000.0,,8.541,7783000000.0,,,7783000000.0,0.0,29000000.0,54091000000.0,0.03,0.67,424000000.0,453000000.0,0.529,453000000.0,424000000.0,424000000.0,2.14,2.11,2.14,7409000000.0,,7409000000.0,13603917686.0,8.0,7.809,24000000.0,0.151,1.0,857000000.0,1.0,0.0,0.0,74992000000.0,,0.0,62003000000.0,,,63281000000.0,,,11657917686.0,-1080000000.0,0.0,-437000000.0,1241000000.0,-99000000.0,-881000000.0,-239000000.0,-225000000.0,40000000.0,0.0,339000000.0,337000000.0,337000000.0,0.0,0.0,0.393,433000000.0,424000000.0,0.0,0.313,1.573,9.072,9.364,474000000.0,2000000.0,73.32,3.424,3.424,0.0,8979000000.0,857000000.0,857000000.0,0.0,,,,,24000000.0,314000000.0,1.0,159000514.0,159000514.0,,5.39,70690000000.0,0.0,85000000.0,0.0,444.59,
10,CMA,MRQ,2018-12-31,2018-12-31,2018-12-31,2021-09-07,-609000000.0,70818000000.0,,,,,46.426,-25000000.0,4561000000.0,4561000000.0,0.0,310000000.0,,8.434,6507000000.0,,,6507000000.0,0.0,30000000.0,55561000000.0,0.027,0.6,400000000.0,430000000.0,0.507,430000000.0,400000000.0,400000000.0,1.9,1.88,1.9,7507000000.0,,7507000000.0,11770057189.0,8.0,7.112,624000000.0,3.859,1.0,848000000.0,1.0,0.0,0.0,72764000000.0,,0.0,61671000000.0,,,63311000000.0,,,11107057189.0,-1278000000.0,0.0,-499000000.0,-40000000.0,-102000000.0,-744000000.0,-1183000000.0,-1164000000.0,649000000.0,0.0,310000000.0,308000000.0,308000000.0,0.0,0.0,0.363,448000000.0,400000000.0,0.0,0.316,1.48,9.052,9.397,475000000.0,2000000.0,68.69,3.336,3.336,0.0,8781000000.0,848000000.0,848000000.0,0.0,,,,,7000000.0,303000000.0,1.0,161698314.0,161698314.0,,5.244,70818000000.0,0.0,90000000.0,0.0,437.964,
11,CMA,MRQ,2018-09-30,2018-09-30,2018-09-30,2021-09-07,-611000000.0,71448000000.0,,,,,45.426,-24000000.0,5839000000.0,5839000000.0,0.0,318000000.0,,8.176,6502000000.0,,,6502000000.0,0.0,30000000.0,56006000000.0,0.017,0.6,381000000.0,411000000.0,0.493,411000000.0,381000000.0,381000000.0,1.89,1.86,1.89,7786000000.0,,7786000000.0,15441208111.0,11.0,9.742,329000000.0,1.919,1.0,833000000.0,1.0,0.0,0.0,72111000000.0,,0.0,60344000000.0,,,63662000000.0,,,15460208111.0,179000000.0,0.0,-496000000.0,876000000.0,-57000000.0,-917000000.0,743000000.0,766000000.0,353000000.0,0.0,318000000.0,316000000.0,316000000.0,0.0,0.0,0.379,452000000.0,381000000.0,0.0,0.317,1.986,14.995,14.884,472000000.0,2000000.0,90.2,4.693,4.693,0.0,8587000000.0,833000000.0,833000000.0,0.0,,,,,7000000.0,304000000.0,1.0,171399203.0,171399203.0,,4.86,71448000000.0,0.0,63000000.0,0.0,416.851,
12,CMA,MRQ,2018-06-30,2018-06-30,2018-06-30,2021-09-07,-589000000.0,71987000000.0,,,,,46.989,-21000000.0,5660000000.0,5660000000.0,0.0,326000000.0,,7.91,5641000000.0,,,5641000000.0,0.0,29000000.0,57210000000.0,0.014,0.34,419000000.0,448000000.0,0.517,448000000.0,419000000.0,419000000.0,1.9,1.87,1.9,8079000000.0,,8079000000.0,14438171363.0,10.0,9.382,235000000.0,1.367,1.0,867000000.0,1.0,0.0,0.0,71968000000.0,,0.0,61164000000.0,,,63908000000.0,,,15632171363.0,-1176000000.0,0.0,-163000000.0,10000000.0,-51000000.0,-863000000.0,-569000000.0,-552000000.0,256000000.0,0.0,326000000.0,324000000.0,324000000.0,0.0,0.0,0.374,448000000.0,419000000.0,0.0,0.179,1.935,16.648,16.652,467000000.0,2000000.0,90.92,4.798,4.798,0.0,8374000000.0,867000000.0,867000000.0,0.0,,,,,10000000.0,261000000.0,1.0,171933253.0,171933253.0,,5.043,71987000000.0,0.0,93000000.0,0.0,418.692,
13,CMA,MRQ,2018-03-31,2018-03-31,2018-03-31,2021-09-07,-553000000.0,72335000000.0,,,,,46.293,-20000000.0,6836000000.0,6836000000.0,0.0,281000000.0,,8.042,5642000000.0,,,5642000000.0,0.0,31000000.0,57635000000.0,0.012,0.3,335000000.0,366000000.0,0.469,366000000.0,335000000.0,335000000.0,1.62,1.59,1.62,8000000000.0,,8000000000.0,15364979293.0,12.0,10.805,338000000.0,1.956,1.0,781000000.0,1.0,0.0,0.0,71141000000.0,,0.0,60646000000.0,,,64335000000.0,,,16577979293.0,991000000.0,0.0,-128000000.0,1038000000.0,-53000000.0,780000000.0,-147000000.0,-131000000.0,358000000.0,0.0,281000000.0,279000000.0,279000000.0,0.0,0.0,0.357,446000000.0,335000000.0,0.0,0.185,2.072,20.291,20.367,468000000.0,2000000.0,95.93,5.263,5.263,0.0,8110000000.0,781000000.0,781000000.0,0.0,,,,,24000000.0,266000000.0,1.0,172813294.0,172813294.0,,4.519,72335000000.0,0.0,54000000.0,0.0,418.573,
14,CMA,MRQ,2017-12-31,2017-12-31,2017-12-31,2021-09-07,-451000000.0,71567000000.0,,,,,45.787,-26000000.0,5845000000.0,5845000000.0,0.0,112000000.0,,7.987,4632000000.0,,,4632000000.0,0.0,30000000.0,57903000000.0,0.013,0.3,330000000.0,360000000.0,0.443,360000000.0,330000000.0,330000000.0,0.65,0.64,0.65,7963000000.0,,7963000000.0,14039564449.0,11.0,10.361,209000000.0,1.202,1.0,813000000.0,1.0,0.0,0.0,70354000000.0,,0.0,60761000000.0,,,63604000000.0,,,15097564449.0,-359000000.0,0.0,-136000000.0,-499000000.0,-52000000.0,-660000000.0,66000000.0,77000000.0,235000000.0,0.0,112000000.0,112000000.0,112000000.0,0.0,0.0,0.138,483000000.0,330000000.0,0.0,0.462,1.896,20.457,20.522,466000000.0,0.0,86.81,4.88,4.88,0.0,7887000000.0,813000000.0,813000000.0,0.0,,,,,10000000.0,413000000.0,1.0,173915038.0,173915038.0,,4.675,71567000000.0,0.0,218000000.0,0.0,411.506,
15,CMA,MRQ,2017-09-30,2017-09-30,2017-09-30,2021-09-07,-359000000.0,72017000000.0,,,,,45.671,-16000000.0,6204000000.0,6204000000.0,0.0,226000000.0,,7.964,5146000000.0,,,5146000000.0,0.0,31000000.0,57819000000.0,0.013,0.3,334000000.0,365000000.0,0.458,365000000.0,334000000.0,334000000.0,1.29,1.26,1.29,8034000000.0,,8034000000.0,13467965234.0,12.0,10.766,184000000.0,1.046,1.0,797000000.0,1.0,0.0,0.0,70959000000.0,,0.0,60931000000.0,,,63983000000.0,,,13414965234.0,573000000.0,0.0,-131000000.0,-32000000.0,-47000000.0,166000000.0,207000000.0,207000000.0,200000000.0,0.0,226000000.0,224000000.0,224000000.0,0.0,0.0,0.281,463000000.0,334000000.0,0.0,0.233,1.67,17.002,16.834,467000000.0,2000000.0,76.26,4.52,4.52,0.0,7746000000.0,797000000.0,797000000.0,0.0,,,,,5000000.0,249000000.0,1.0,175910900.0,175910900.0,,4.531,72017000000.0,0.0,108000000.0,0.0,409.395,
16,CMA,MRQ,2017-06-30,2017-06-30,2017-06-30,2021-09-07,-361000000.0,71447000000.0,,,,,45.129,-15000000.0,5631000000.0,5631000000.0,0.0,203000000.0,,7.948,5684000000.0,,,5684000000.0,0.0,29000000.0,56781000000.0,0.013,0.26,302000000.0,331000000.0,0.436,331000000.0,302000000.0,302000000.0,1.15,1.13,1.15,7985000000.0,,7985000000.0,9833811756.0,10.0,8.695,231000000.0,1.306,1.0,759000000.0,1.0,0.0,0.0,71500000000.0,,0.0,61167000000.0,,,63462000000.0,,,12958811756.0,-2688000000.0,0.0,-126000000.0,484000000.0,-41000000.0,-1765000000.0,-1169000000.0,-1159000000.0,246000000.0,0.0,203000000.0,202000000.0,202000000.0,0.0,0.0,0.266,457000000.0,302000000.0,0.0,0.226,1.623,18.175,17.82,484000000.0,1000000.0,73.24,4.504,4.504,0.0,7580000000.0,759000000.0,759000000.0,0.0,,,,,6000000.0,242000000.0,1.0,176936261.0,176936261.0,,4.29,71447000000.0,0.0,99000000.0,0.0,403.801,
17,CMA,MRQ,2017-03-31,2017-03-31,2017-03-31,2021-09-07,-379000000.0,72976000000.0,,,,,45.093,-12000000.0,8319000000.0,8319000000.0,0.0,202000000.0,,8.203,5194000000.0,,,5194000000.0,0.0,31000000.0,58863000000.0,0.013,0.23,268000000.0,299000000.0,0.412,299000000.0,268000000.0,268000000.0,1.15,1.11,1.15,7930000000.0,,7930000000.0,10027393144.0,12.0,10.285,392000000.0,2.229,1.0,725000000.0,1.0,0.0,0.0,69851000000.0,,0.0,60025000000.0,,,65046000000.0,,,12060393144.0,1101000000.0,0.0,-49000000.0,16000000.0,-40000000.0,-79000000.0,776000000.0,781000000.0,404000000.0,0.0,202000000.0,200000000.0,200000000.0,0.0,0.0,0.276,457000000.0,268000000.0,0.0,0.2,1.521,19.642,19.264,488000000.0,2000000.0,68.58,4.335,4.335,0.0,7431000000.0,725000000.0,725000000.0,0.0,,,,,18000000.0,256000000.0,1.0,175858751.0,175858751.0,,4.123,72976000000.0,0.0,66000000.0,0.0,414.969,
18,CMA,MRQ,2016-12-31,2016-12-31,2016-12-31,2021-09-07,-383000000.0,72978000000.0,,,,,45.256,-24000000.0,7218000000.0,7218000000.0,0.0,164000000.0,,8.361,5185000000.0,,,5185000000.0,0.0,30000000.0,58985000000.0,0.013,0.23,226000000.0,256000000.0,0.373,256000000.0,226000000.0,226000000.0,0.94,0.92,0.94,7796000000.0,,7796000000.0,9594831636.0,14.0,12.13,60000000.0,0.348,1.0,687000000.0,1.0,0.0,0.0,70945000000.0,,0.0,60819000000.0,,,65182000000.0,,,11732831636.0,-822000000.0,0.0,27000000.0,-637000000.0,-40000000.0,-959000000.0,53000000.0,59000000.0,84000000.0,0.0,164000000.0,163000000.0,163000000.0,0.0,0.0,0.237,461000000.0,226000000.0,0.0,0.245,1.505,24.805,24.858,501000000.0,1000000.0,68.11,4.513,4.513,0.0,7331000000.0,687000000.0,687000000.0,0.0,,,,,4000000.0,260000000.0,1.0,172262981.0,172262981.0,,3.988,72978000000.0,0.0,62000000.0,0.0,423.643,
19,CMA,MRQ,2016-09-30,2016-09-30,2016-09-30,2021-09-07,-292000000.0,74124000000.0,,,,,44.433,-17000000.0,8040000000.0,8040000000.0,0.0,149000000.0,,8.593,5902000000.0,,,5902000000.0,0.0,32000000.0,59261000000.0,0.018,0.23,213000000.0,245000000.0,0.347,245000000.0,213000000.0,213000000.0,0.87,0.84,0.87,7727000000.0,,7727000000.0,10052069707.0,17.0,13.961,141000000.0,0.811,1.0,706000000.0,1.0,0.0,0.0,71986000000.0,,0.0,61123000000.0,,,66397000000.0,,,8229069707.0,3930000000.0,0.0,-84000000.0,0.0,-38000000.0,2699000000.0,1073000000.0,1084000000.0,158000000.0,0.0,149000000.0,148000000.0,148000000.0,0.0,0.0,0.21,493000000.0,213000000.0,0.0,0.264,1.065,19.363,19.158,528000000.0,1000000.0,47.32,3.225,3.225,0.0,7262000000.0,706000000.0,706000000.0,0.0,,,,,5000000.0,260000000.0,1.0,173902572.0,173902572.0,,4.06,74124000000.0,0.0,64000000.0,0.0,426.239,
20,CMA,MRQ,2016-06-30,2016-06-30,2016-06-30,2021-09-07,-295000000.0,71280000000.0,,,,,43.932,-27000000.0,4110000000.0,4110000000.0,0.0,104000000.0,,8.264,5933000000.0,,,5933000000.0,0.0,29000000.0,56374000000.0,0.021,0.22,146000000.0,175000000.0,0.264,175000000.0,146000000.0,146000000.0,0.6,0.58,0.6,7694000000.0,,7694000000.0,7824260268.0,13.0,11.114,-31000000.0,-0.177,1.0,664000000.0,1.0,0.0,0.0,73103000000.0,,0.0,62270000000.0,,,63586000000.0,,,7203260268.0,1108000000.0,0.0,-55000000.0,2298000000.0,-37000000.0,2234000000.0,-1122000000.0,-1099000000.0,-4000000.0,0.0,104000000.0,103000000.0,103000000.0,0.0,0.0,0.155,518000000.0,146000000.0,0.0,0.367,0.936,17.526,17.428,544000000.0,1000000.0,41.13,2.879,2.879,0.0,7157000000.0,664000000.0,664000000.0,0.0,,,,,5000000.0,261000000.0,1.0,175133972.0,175133972.0,,3.791,71280000000.0,0.0,42000000.0,0.0,407.003,
21,CMA,MRQ,2016-03-31,2016-03-31,2016-03-31,2021-09-07,-328000000.0,69007000000.0,,,,,43.71,-27000000.0,3002000000.0,3002000000.0,0.0,60000000.0,,8.028,3623000000.0,,,3623000000.0,0.0,30000000.0,56351000000.0,0.022,0.21,85000000.0,115000000.0,0.212,115000000.0,85000000.0,85000000.0,0.34,0.34,0.34,7644000000.0,,7644000000.0,3556632284.0,6.0,4.692,221000000.0,1.264,1.0,543000000.0,1.0,0.0,0.0,69628000000.0,,0.0,61261000000.0,,,61363000000.0,,,6622632284.0,-3145000000.0,0.0,-51000000.0,491000000.0,-37000000.0,-3135000000.0,-258000000.0,-239000000.0,248000000.0,0.0,60000000.0,59000000.0,59000000.0,0.0,0.0,0.109,458000000.0,85000000.0,0.0,0.618,0.866,14.983,15.028,541000000.0,1000000.0,37.87,2.681,2.681,0.0,7097000000.0,543000000.0,543000000.0,0.0,,,,,20000000.0,261000000.0,1.0,174878064.0,174878064.0,,3.105,69007000000.0,0.0,25000000.0,0.0,394.601,
22,CMA,MRQ,2015-12-31,2015-12-31,2015-12-31,2021-09-07,-429000000.0,71877000000.0,,,,,42.776,-41000000.0,6147000000.0,6147000000.0,0.0,116000000.0,,8.508,3081000000.0,,,3081000000.0,0.0,28000000.0,59853000000.0,0.02,0.21,157000000.0,185000000.0,0.29,185000000.0,157000000.0,157000000.0,0.66,0.64,0.66,7560000000.0,,7560000000.0,3401817311.0,5.0,3.919,161000000.0,0.911,1.0,639000000.0,1.0,0.0,0.0,68811000000.0,,0.0,61063000000.0,,,64317000000.0,,,7392817311.0,-1053000000.0,0.0,-64000000.0,-692000000.0,-38000000.0,977000000.0,-2232000000.0,-2195000000.0,202000000.0,0.0,116000000.0,115000000.0,115000000.0,0.0,0.0,0.18,482000000.0,157000000.0,0.0,0.318,0.978,14.355,14.276,550000000.0,1000000.0,41.83,2.869,2.869,0.0,7084000000.0,639000000.0,639000000.0,0.0,,,,,12000000.0,276000000.0,1.0,176734815.0,176734815.0,,3.616,71877000000.0,0.0,41000000.0,0.0,406.694,
23,CMA,MRQ,2015-09-30,2015-09-30,2015-09-30,2021-09-07,-345000000.0,71012000000.0,,,,,42.837,-24000000.0,7200000000.0,7200000000.0,0.0,136000000.0,,8.317,3209000000.0,,,3209000000.0,0.0,30000000.0,58768000000.0,0.02,0.21,199000000.0,229000000.0,0.349,229000000.0,199000000.0,199000000.0,0.76,0.74,0.76,7622000000.0,,7622000000.0,4244869734.0,5.0,4.55,245000000.0,1.377,1.0,656000000.0,1.0,0.0,0.0,67021000000.0,,0.0,59039000000.0,,,63390000000.0,,,7312869734.0,1235000000.0,0.0,-57000000.0,572000000.0,-37000000.0,565000000.0,401000000.0,419000000.0,269000000.0,0.0,136000000.0,134000000.0,134000000.0,0.0,0.0,0.204,457000000.0,199000000.0,0.0,0.276,0.959,13.345,13.215,541000000.0,2000000.0,41.1,2.85,2.85,0.0,7007000000.0,656000000.0,656000000.0,0.0,,,,,5000000.0,256000000.0,1.0,177928704.0,177928704.0,,3.687,71012000000.0,0.0,63000000.0,0.0,399.104,
24,CMA,MRQ,2015-06-30,2015-06-30,2015-06-30,2021-09-07,-396000000.0,69945000000.0,,,,,42.262,-29000000.0,5965000000.0,5965000000.0,0.0,135000000.0,,8.297,2897000000.0,,,2897000000.0,0.0,30000000.0,58260000000.0,0.016,0.21,199000000.0,229000000.0,0.362,229000000.0,199000000.0,199000000.0,0.76,0.73,0.76,7523000000.0,,7523000000.0,5939441228.0,7.0,6.174,27000000.0,0.152,1.0,632000000.0,1.0,0.0,0.0,66877000000.0,,0.0,59461000000.0,,,62422000000.0,,,9135441228.0,3000000.0,0.0,-37000000.0,473000000.0,-36000000.0,870000000.0,-923000000.0,-899000000.0,56000000.0,0.0,135000000.0,134000000.0,134000000.0,0.0,0.0,0.212,433000000.0,199000000.0,0.0,0.276,1.214,16.14,16.038,541000000.0,1000000.0,51.32,3.605,3.605,0.0,6908000000.0,632000000.0,632000000.0,0.0,,,,,7000000.0,264000000.0,1.0,178009377.0,178009377.0,,3.55,69945000000.0,0.0,64000000.0,0.0,392.929,
25,CMA,MRQ,2015-03-31,2015-03-31,2015-03-31,2021-09-07,-370000000.0,69336000000.0,,,,,42.05,-25000000.0,5962000000.0,5962000000.0,0.0,134000000.0,,8.245,2766000000.0,,,2766000000.0,0.0,30000000.0,57570000000.0,0.018,0.2,195000000.0,225000000.0,0.346,225000000.0,195000000.0,195000000.0,0.75,0.73,0.75,7500000000.0,,7500000000.0,4773359451.0,6.0,4.841,313000000.0,1.755,1.0,651000000.0,1.0,0.0,0.0,66140000000.0,,0.0,58657000000.0,,,61836000000.0,,,8049359451.0,-109000000.0,0.0,-60000000.0,-36000000.0,-36000000.0,54000000.0,-501000000.0,-478000000.0,338000000.0,0.0,134000000.0,132000000.0,132000000.0,0.0,0.0,0.203,456000000.0,195000000.0,0.0,0.267,1.073,13.854,13.801,531000000.0,2000000.0,45.13,3.185,3.185,0.0,6841000000.0,651000000.0,651000000.0,0.0,,,,,14000000.0,266000000.0,1.0,178359394.0,178359394.0,,3.65,69336000000.0,0.0,61000000.0,0.0,388.743,
26,CMA,MRQ,2014-12-31,2014-12-31,2014-12-31,2021-09-07,-412000000.0,69186000000.0,,,,,41.194,-32000000.0,6071000000.0,6071000000.0,0.0,149000000.0,,8.347,2791000000.0,,,2791000000.0,0.0,31000000.0,57486000000.0,0.017,0.2,219000000.0,250000000.0,0.399,250000000.0,219000000.0,219000000.0,0.84,0.81,0.84,7402000000.0,,7402000000.0,3500519314.0,4.0,3.525,42000000.0,0.234,1.0,627000000.0,1.0,0.0,0.0,65906000000.0,,0.0,58149000000.0,,,61784000000.0,,,8416519314.0,-1716000000.0,0.0,-56000000.0,-86000000.0,-36000000.0,-374000000.0,-1416000000.0,-1396000000.0,74000000.0,0.0,149000000.0,148000000.0,148000000.0,0.0,0.0,0.236,408000000.0,219000000.0,0.0,0.238,1.137,14.363,14.28,532000000.0,1000000.0,46.84,3.387,3.387,0.0,6744000000.0,627000000.0,627000000.0,0.0,,,,,6000000.0,259000000.0,1.0,179686578.0,179686578.0,,3.489,69186000000.0,0.0,70000000.0,0.0,385.037,
27,CMA,MRQ,2014-09-30,2014-09-30,2014-09-30,2021-09-07,-317000000.0,68887000000.0,,,,,41.106,-7000000.0,7787000000.0,7787000000.0,0.0,154000000.0,,8.268,2871000000.0,,,2871000000.0,0.0,31000000.0,57581000000.0,0.015,0.2,227000000.0,258000000.0,0.413,258000000.0,227000000.0,227000000.0,0.85,0.82,0.85,7433000000.0,,7433000000.0,7917983014.0,10.0,8.423,212000000.0,1.172,1.0,624000000.0,1.0,0.0,0.0,63971000000.0,,0.0,56696000000.0,,,61454000000.0,,,9015983014.0,3893000000.0,0.0,-50000000.0,123000000.0,-36000000.0,3484000000.0,190000000.0,198000000.0,219000000.0,0.0,154000000.0,152000000.0,152000000.0,0.0,0.0,0.244,429000000.0,195000000.0,0.0,0.235,1.213,16.304,16.188,524000000.0,2000000.0,49.86,3.609,3.609,0.0,6631000000.0,624000000.0,624000000.0,0.0,,,,,9000000.0,262000000.0,1.0,180825973.0,180825973.0,,3.451,68887000000.0,0.0,73000000.0,0.0,380.957,
28,CMA,MRQ,2014-06-30,2014-06-30,2014-06-30,2021-09-07,-304000000.0,65325000000.0,,,,,40.562,-15000000.0,3894000000.0,3894000000.0,0.0,151000000.0,,7.865,2796000000.0,,,2796000000.0,0.0,32000000.0,54170000000.0,0.015,0.2,221000000.0,253000000.0,0.405,253000000.0,221000000.0,221000000.0,0.83,0.8,0.83,7369000000.0,,7369000000.0,7186751538.0,9.0,7.753,117000000.0,0.644,1.0,625000000.0,1.0,0.0,0.0,64227000000.0,,0.0,56934000000.0,,,57956000000.0,,,9112751538.0,-1726000000.0,0.0,-51000000.0,-891000000.0,-34000000.0,-469000000.0,-1389000000.0,-1382000000.0,132000000.0,0.0,151000000.0,149000000.0,149000000.0,0.0,0.0,0.238,404000000.0,221000000.0,0.0,0.241,1.237,16.69,16.554,562000000.0,2000000.0,50.16,3.636,3.636,0.0,6520000000.0,625000000.0,625000000.0,0.0,,,,,7000000.0,255000000.0,1.0,181673675.0,181673675.0,,3.44,65325000000.0,0.0,70000000.0,0.0,359.573,
29,CMA,MRQ,2014-03-31,2014-03-31,2014-03-31,2021-09-07,-325000000.0,65681000000.0,,,,,40.001,-16000000.0,5620000000.0,5620000000.0,0.0,139000000.0,,8.018,3694000000.0,,,3694000000.0,0.0,29000000.0,53750000000.0,0.014,0.19,203000000.0,232000000.0,0.381,232000000.0,203000000.0,203000000.0,0.76,0.73,0.76,7283000000.0,,7283000000.0,6776306290.0,9.0,7.422,198000000.0,1.087,1.0,609000000.0,1.0,0.0,0.0,63755000000.0,,0.0,55487000000.0,,,58398000000.0,,,9431306290.0,-831000000.0,0.0,-54000000.0,-93000000.0,-31000000.0,83000000.0,-1128000000.0,-1114000000.0,214000000.0,0.0,139000000.0,137000000.0,137000000.0,0.0,0.0,0.225,406000000.0,203000000.0,0.0,0.25,1.295,17.53,17.441,583000000.0,2000000.0,51.8,3.766,3.766,0.0,6414000000.0,609000000.0,609000000.0,0.0,,,,,9000000.0,261000000.0,1.0,182071550.0,182071550.0,,3.345,65681000000.0,0.0,64000000.0,0.0,360.743,
30,CMA,MRQ,2013-12-31,2013-12-31,2013-12-31,2021-09-07,-391000000.0,65224000000.0,,,,,39.09,-32000000.0,6451000000.0,6451000000.0,0.0,117000000.0,,8.122,3796000000.0,,,3796000000.0,0.0,30000000.0,53292000000.0,0.014,0.17,167000000.0,197000000.0,0.308,197000000.0,167000000.0,167000000.0,0.64,0.62,0.64,7150000000.0,,7150000000.0,5398574155.0,7.0,5.946,394000000.0,2.154,1.0,640000000.0,1.0,0.0,0.0,62569000000.0,,0.0,54291000000.0,,,58074000000.0,,,8695574155.0,-637000000.0,0.0,-62000000.0,27000000.0,-31000000.0,167000000.0,-1230000000.0,-1210000000.0,426000000.0,0.0,117000000.0,115000000.0,115000000.0,0.0,0.0,0.18,473000000.0,167000000.0,0.0,0.266,1.216,16.314,16.281,594000000.0,2000000.0,47.54,3.467,3.467,0.0,6318000000.0,640000000.0,640000000.0,0.0,,,,,8000000.0,273000000.0,1.0,182910689.0,182910689.0,,3.499,65224000000.0,0.0,50000000.0,0.0,356.589,
31,CMA,MRQ,2013-09-30,2013-09-30,2013-09-30,2021-09-07,-541000000.0,64670000000.0,,,,,37.678,-28000000.0,7088000000.0,7088000000.0,0.0,147000000.0,,8.28,3791000000.0,,,3791000000.0,0.0,30000000.0,52909000000.0,0.017,0.17,215000000.0,245000000.0,0.388,245000000.0,215000000.0,215000000.0,0.8,0.78,0.8,6969000000.0,,6969000000.0,7077840850.0,8.0,7.215,126000000.0,0.681,1.0,632000000.0,1.0,0.0,0.0,61373000000.0,,0.0,53141000000.0,,,57701000000.0,,,7270840850.0,3163000000.0,0.0,-62000000.0,70000000.0,-31000000.0,1607000000.0,1402000000.0,1414000000.0,154000000.0,0.0,147000000.0,145000000.0,145000000.0,0.0,0.0,0.229,417000000.0,215000000.0,0.0,0.212,1.043,13.317,13.28,604000000.0,2000000.0,39.31,2.872,2.872,0.0,6239000000.0,632000000.0,632000000.0,0.0,,,,,8000000.0,270000000.0,1.0,184961609.0,184961609.0,,3.417,64670000000.0,0.0,68000000.0,0.0,349.64,
32,CMA,MRQ,2013-06-30,2013-06-30,2013-06-30,2021-09-07,-538000000.0,62947000000.0,,,,,37.028,-23000000.0,3925000000.0,3925000000.0,0.0,143000000.0,,8.108,3732000000.0,,,3732000000.0,0.0,32000000.0,51255000000.0,0.016,0.17,207000000.0,239000000.0,0.384,239000000.0,207000000.0,207000000.0,0.77,0.76,0.77,6911000000.0,,6911000000.0,6594028011.0,8.0,7.152,-26000000.0,-0.139,1.0,623000000.0,1.0,0.0,0.0,62754000000.0,,0.0,54596000000.0,,,56036000000.0,,,7434028011.0,-1672000000.0,0.0,-65000000.0,-982000000.0,-32000000.0,-1713000000.0,44000000.0,56000000.0,-3000000.0,0.0,143000000.0,141000000.0,141000000.0,0.0,0.0,0.226,416000000.0,207000000.0,0.0,0.221,1.076,14.379,14.379,604000000.0,2000000.0,39.83,2.971,2.971,0.0,6127000000.0,623000000.0,623000000.0,0.0,,,,,7000000.0,260000000.0,1.0,186643937.0,186643937.0,,3.338,62947000000.0,0.0,64000000.0,0.0,337.257,
33,CMA,MRQ,2013-03-31,2013-03-31,2013-03-31,2021-09-07,-410000000.0,64885000000.0,,,,,37.236,-19000000.0,5597000000.0,5597000000.0,0.0,134000000.0,,8.285,4757000000.0,,,4757000000.0,0.0,30000000.0,52117000000.0,0.017,0.17,197000000.0,227000000.0,0.37,227000000.0,197000000.0,197000000.0,0.71,0.7,0.71,6988000000.0,,6988000000.0,7042683546.0,9.0,7.739,240000000.0,1.279,1.0,613000000.0,1.0,0.0,0.0,64045000000.0,,0.0,54851000000.0,,,57897000000.0,,,6746683546.0,1063000000.0,0.0,-69000000.0,-52000000.0,-29000000.0,-154000000.0,958000000.0,954000000.0,259000000.0,0.0,134000000.0,132000000.0,132000000.0,0.0,0.0,0.215,416000000.0,197000000.0,0.0,0.239,0.965,13.05,13.168,618000000.0,2000000.0,35.95,2.692,2.692,0.0,6020000000.0,613000000.0,613000000.0,0.0,,,,,9000000.0,266000000.0,1.0,187668527.0,187668527.0,,3.266,64885000000.0,0.0,63000000.0,0.0,345.743,
34,CMA,MRQ,2012-12-31,2012-12-31,2012-12-31,2021-09-07,-413000000.0,65069000000.0,,,,,36.471,-75000000.0,4534000000.0,4534000000.0,0.0,130000000.0,,8.373,4830000000.0,,,4830000000.0,0.0,33000000.0,52191000000.0,0.018,0.15,237000000.0,270000000.0,0.407,270000000.0,237000000.0,237000000.0,0.68,0.67,0.68,6942000000.0,,6942000000.0,6640040237.0,9.0,7.419,-128000000.0,-0.672,1.0,664000000.0,1.0,0.0,0.0,65365000000.0,,0.0,55850000000.0,,,58127000000.0,,,5775040237.0,596000000.0,0.0,-90000000.0,47000000.0,-28000000.0,2302000000.0,-1653000000.0,-1694000000.0,-53000000.0,0.0,130000000.0,128000000.0,128000000.0,0.0,0.0,0.193,427000000.0,237000000.0,0.0,0.221,0.832,11.214,11.321,622000000.0,2000000.0,30.34,2.293,2.293,0.0,5931000000.0,664000000.0,664000000.0,0.0,,,,,8000000.0,270000000.0,1.0,190344108.0,190344108.0,,3.488,65069000000.0,0.0,107000000.0,0.0,341.849,
35,CMA,MRQ,2012-09-30,2012-09-30,2012-09-30,2021-09-07,-253000000.0,63314000000.0,,,,,36.611,0.0,3938000000.0,3938000000.0,0.0,117000000.0,,7.938,4803000000.0,,,4803000000.0,0.0,33000000.0,49977000000.0,0.016,0.15,153000000.0,186000000.0,0.309,186000000.0,153000000.0,153000000.0,0.61,0.61,0.61,7084000000.0,,7084000000.0,6692036765.0,10.0,8.525,299000000.0,1.545,1.0,602000000.0,1.0,0.0,0.0,64179000000.0,,0.0,54262000000.0,,,56230000000.0,,,6008036765.0,-202000000.0,0.0,-90000000.0,-20000000.0,-29000000.0,317000000.0,-818000000.0,-823000000.0,299000000.0,0.0,117000000.0,116000000.0,116000000.0,0.0,0.0,0.193,449000000.0,153000000.0,0.0,0.246,0.848,12.491,12.52,625000000.0,1000000.0,31.05,2.439,2.439,0.0,5831000000.0,602000000.0,602000000.0,0.0,,,,,8000000.0,270000000.0,1.0,193495548.0,193495548.0,,3.111,63314000000.0,0.0,36000000.0,0.0,327.212,
36,CMA,MRQ,2012-06-30,2012-06-30,2012-06-30,2021-09-07,-301000000.0,62650000000.0,,,,,35.734,0.0,4141000000.0,4141000000.0,0.0,143000000.0,,7.914,4825000000.0,,,4825000000.0,0.0,34000000.0,49388000000.0,0.015,0.15,193000000.0,227000000.0,0.362,227000000.0,193000000.0,193000000.0,0.73,0.73,0.73,7028000000.0,,7028000000.0,7080824513.0,11.0,9.366,289000000.0,1.469,1.0,627000000.0,1.0,0.0,0.0,63334000000.0,,0.0,53435000000.0,,,55622000000.0,,,6039824513.0,181000000.0,0.0,-89000000.0,-188000000.0,-20000000.0,794000000.0,-902000000.0,-882000000.0,289000000.0,0.0,143000000.0,141000000.0,141000000.0,0.0,0.0,0.225,434000000.0,193000000.0,0.0,0.205,0.859,13.073,12.903,667000000.0,2000000.0,30.71,2.465,2.465,0.0,5744000000.0,627000000.0,627000000.0,0.0,,,,,8000000.0,266000000.0,1.0,196672892.0,196672892.0,,3.188,62650000000.0,0.0,50000000.0,0.0,318.549,
37,CMA,MRQ,2012-03-31,2012-03-31,2012-03-31,2021-09-07,-326000000.0,62593000000.0,,,,,35.344,0.0,3960000000.0,3960000000.0,0.0,130000000.0,,7.961,5001000000.0,,,5001000000.0,0.0,33000000.0,49306000000.0,0.012,0.1,178000000.0,211000000.0,0.337,211000000.0,178000000.0,178000000.0,0.66,0.66,0.66,6985000000.0,,6985000000.0,7853211273.0,14.0,11.283,157000000.0,0.794,1.0,626000000.0,1.0,0.0,0.0,63634000000.0,,0.0,52549000000.0,,,55608000000.0,,,6395211273.0,403000000.0,0.0,-36000000.0,8000000.0,-20000000.0,549000000.0,-303000000.0,-289000000.0,157000000.0,0.0,130000000.0,129000000.0,129000000.0,0.0,0.0,0.206,448000000.0,178000000.0,0.0,0.152,0.916,15.373,14.776,670000000.0,1000000.0,32.36,2.697,2.697,0.0,5630000000.0,626000000.0,626000000.0,0.0,,,,,12000000.0,277000000.0,1.0,197627048.0,197627048.0,,3.168,62593000000.0,0.0,48000000.0,0.0,316.723,
38,CMA,MRQ,2011-12-31,2011-12-31,2011-12-31,2021-09-07,-356000000.0,61008000000.0,,,,,34.568,-121000000.0,3556000000.0,3556000000.0,0.0,96000000.0,,7.883,5014000000.0,,,5014000000.0,0.0,32000000.0,47755000000.0,0.016,0.1,129000000.0,161000000.0,0.265,161000000.0,129000000.0,129000000.0,0.48,0.48,0.48,6868000000.0,,6868000000.0,5109006359.0,10.0,7.836,-81000000.0,-0.408,1.0,608000000.0,1.0,0.0,0.0,62466000000.0,,0.0,52206000000.0,,,54140000000.0,,,5126006359.0,-1642000000.0,0.0,-37000000.0,-147000000.0,-20000000.0,205000000.0,-1887000000.0,-1950000000.0,40000000.0,0.0,96000000.0,95000000.0,95000000.0,0.0,0.0,0.156,479000000.0,129000000.0,0.0,0.208,0.746,13.177,12.227,675000000.0,1000000.0,25.8,2.228,2.228,0.0,5546000000.0,608000000.0,608000000.0,0.0,,,,,8000000.0,274000000.0,1.0,198682417.0,198682417.0,,3.06,61008000000.0,0.0,33000000.0,0.0,307.063,
39,CMA,MRQ,2011-09-30,2011-09-30,2011-09-30,2021-09-07,-230000000.0,60888000000.0,,,,,39.321,0.0,5198000000.0,5198000000.0,0.0,98000000.0,,7.76,5173000000.0,,,5173000000.0,0.0,31000000.0,47452000000.0,0.017,0.1,126000000.0,157000000.0,0.267,157000000.0,126000000.0,126000000.0,0.51,0.51,0.51,6951000000.0,,6951000000.0,5877583011.0,11.0,9.084,294000000.0,1.663,1.0,589000000.0,1.0,0.0,0.0,60863000000.0,,0.0,50327000000.0,,,53937000000.0,,,4060583011.0,1732000000.0,721000000.0,-54000000.0,-449000000.0,-18000000.0,1241000000.0,197000000.0,-491000000.0,294000000.0,0.0,98000000.0,97000000.0,97000000.0,0.0,0.0,0.165,463000000.0,126000000.0,0.0,0.196,0.584,10.439,10.489,685000000.0,1000000.0,22.97,1.801,1.801,0.0,5471000000.0,589000000.0,589000000.0,0.0,,,,,8000000.0,262000000.0,1.0,176777667.0,176777667.0,,3.332,60888000000.0,0.0,28000000.0,0.0,344.433,
40,CMA,MRQ,2011-06-30,2011-06-30,2011-06-30,2021-09-07,-308000000.0,54141000000.0,,,,,34.157,0.0,3466000000.0,3466000000.0,0.0,96000000.0,,7.967,5273000000.0,,,5273000000.0,0.0,30000000.0,41758000000.0,0.01,0.1,137000000.0,167000000.0,0.305,167000000.0,137000000.0,137000000.0,0.54,0.53,0.54,6038000000.0,,6038000000.0,7856966556.0,17.0,13.362,312000000.0,1.765,1.0,548000000.0,1.0,0.0,0.0,55948000000.0,,0.0,46048000000.0,,,48103000000.0,,,6110966556.0,-979000000.0,0.0,0.0,-934000000.0,-17000000.0,-1046000000.0,-245000000.0,-191000000.0,312000000.0,0.0,96000000.0,95000000.0,95000000.0,0.0,0.0,0.173,411000000.0,137000000.0,0.0,0.185,1.012,17.41,17.114,641000000.0,1000000.0,34.57,2.864,2.864,0.0,5395000000.0,548000000.0,548000000.0,0.0,,,,,8000000.0,252000000.0,1.0,176770800.0,176770800.0,,3.1,54141000000.0,0.0,41000000.0,0.0,306.278,
41,CMA,MRQ,2011-03-31,2011-03-31,2011-03-31,2021-09-07,-382000000.0,55017000000.0,,,,,33.247,0.0,4445000000.0,4445000000.0,0.0,103000000.0,,8.361,6177000000.0,,,6177000000.0,0.0,29000000.0,41873000000.0,0.008,0.1,138000000.0,167000000.0,0.302,167000000.0,138000000.0,138000000.0,0.58,0.57,0.58,5877000000.0,,5877000000.0,10684889564.0,25.0,19.641,150000000.0,0.849,1.0,553000000.0,1.0,0.0,0.0,56749000000.0,,0.0,45887000000.0,,,49140000000.0,,,6490889564.0,2362000000.0,0.0,-21000000.0,-69000000.0,-18000000.0,1126000000.0,1086000000.0,1090000000.0,150000000.0,0.0,103000000.0,102000000.0,102000000.0,0.0,0.0,0.184,415000000.0,138000000.0,0.0,0.172,1.104,19.972,19.532,637000000.0,1000000.0,36.72,3.127,3.127,0.0,5317000000.0,553000000.0,553000000.0,0.0,,,,,12000000.0,253000000.0,1.0,176767145.0,176767145.0,,3.128,55017000000.0,0.0,35000000.0,0.0,311.24,
42,CMA,MRQ,2010-12-31,2010-12-31,2010-12-31,2021-09-07,-389000000.0,53667000000.0,,,,,32.823,65000000.0,2083000000.0,2083000000.0,0.0,96000000.0,,8.264,6268000000.0,,,6268000000.0,0.0,30000000.0,40471000000.0,0.006,0.1,126000000.0,156000000.0,0.276,156000000.0,126000000.0,126000000.0,0.56,0.54,0.56,5793000000.0,,5793000000.0,10892006705.0,33.0,23.886,356000000.0,2.017,1.0,565000000.0,1.0,0.0,0.0,57852000000.0,,0.0,47036000000.0,,,47874000000.0,,,7455006705.0,-1911000000.0,0.0,-4000000.0,-1075000000.0,-47000000.0,-1231000000.0,-971000000.0,-946000000.0,291000000.0,0.0,96000000.0,95000000.0,95000000.0,0.0,0.0,0.168,439000000.0,126000000.0,0.0,0.179,1.287,48.726,46.933,630000000.0,1000000.0,42.24,3.809,3.809,0.0,5247000000.0,565000000.0,565000000.0,0.0,,,,,8000000.0,238000000.0,1.0,176491636.0,176491636.0,,3.201,53667000000.0,0.0,30000000.0,0.0,304.077,
43,CMA,MRQ,2010-09-30,2010-09-30,2010-09-30,2021-09-07,-238000000.0,55004000000.0,,,,,33.218,-29000000.0,3994000000.0,3994000000.0,0.0,59000000.0,,8.391,7431000000.0,,,7431000000.0,0.0,32000000.0,40631000000.0,0.005,0.05,66000000.0,98000000.0,0.209,98000000.0,66000000.0,66000000.0,0.34,0.33,0.34,5857000000.0,,5857000000.0,11590263555.0,86.0,44.578,226000000.0,1.282,1.0,468000000.0,1.0,0.0,0.0,58441000000.0,,0.0,46254000000.0,,,49147000000.0,,,6550263555.0,-231000000.0,0.0,0.0,-1884000000.0,-9000000.0,-1102000000.0,616000000.0,632000000.0,255000000.0,0.0,59000000.0,59000000.0,59000000.0,0.0,0.0,0.126,402000000.0,66000000.0,0.0,0.147,1.118,-1310.053,-265.357,639000000.0,0.0,37.15,3.752,3.752,0.0,5171000000.0,468000000.0,468000000.0,0.0,,,,,13000000.0,258000000.0,1.0,176319342.0,176319342.0,,2.654,55004000000.0,0.0,7000000.0,0.0,311.957,
44,CMA,MRQ,2010-06-30,2010-06-30,2010-06-30,2021-09-07,-240000000.0,55885000000.0,,,,,32.849,-19000000.0,4225000000.0,4225000000.0,0.0,70000000.0,,8.649,9265000000.0,,,9265000000.0,0.0,30000000.0,39780000000.0,0.005,0.05,93000000.0,123000000.0,0.251,123000000.0,93000000.0,93000000.0,0.4,0.39,0.4,5792000000.0,,5792000000.0,12289943053.0,208.0,67.527,412000000.0,2.337,1.0,490000000.0,1.0,0.0,0.0,60925000000.0,,0.0,46957000000.0,,,50093000000.0,,,6493943053.0,-363000000.0,0.0,1000000.0,-1237000000.0,-8000000.0,-1173000000.0,379000000.0,360000000.0,431000000.0,0.0,70000000.0,69000000.0,69000000.0,0.0,0.0,0.141,397000000.0,93000000.0,0.0,0.125,1.121,-81.174,-63.5,634000000.0,1000000.0,36.83,3.896,3.896,0.0,5124000000.0,490000000.0,490000000.0,0.0,,,,,6000000.0,248000000.0,1.0,176322103.0,176322103.0,,2.779,55885000000.0,0.0,23000000.0,0.0,316.948,
45,CMA,MRQ,2010-03-31,2010-03-31,2010-03-31,2021-09-07,-303000000.0,57106000000.0,,,,,37.493,-17000000.0,4629000000.0,4629000000.0,0.0,52000000.0,,9.075,10425000000.0,,,10425000000.0,0.0,32000000.0,39966000000.0,0.005,0.05,47000000.0,79000000.0,0.182,79000000.0,47000000.0,47000000.0,-0.46,-0.46,-0.46,5668000000.0,,5668000000.0,11666667937.0,-156.0,238.095,292000000.0,1.932,1.0,434000000.0,1.0,0.0,0.0,62902000000.0,,0.0,47369000000.0,,,51438000000.0,,,5750667937.0,-1029000000.0,0.0,848000000.0,-1128000000.0,-8000000.0,-2520000000.0,1182000000.0,1250000000.0,309000000.0,0.0,52000000.0,-71000000.0,-71000000.0,-17000000.0,0.0,-0.164,404000000.0,30000000.0,0.0,-0.109,1.015,-34.853,-34.899,637000000.0,123000000.0,38.04,3.675,3.675,0.0,5064000000.0,434000000.0,434000000.0,0.0,,,,,4000000.0,238000000.0,1.0,151174236.0,151174236.0,,2.871,57106000000.0,0.0,-5000000.0,0.0,377.75,
46,CMA,MRQ,2009-12-31,2009-12-31,2009-12-31,2021-09-07,-336000000.0,59249000000.0,,,,,46.511,-20000000.0,5617000000.0,5617000000.0,0.0,-29000000.0,,7.429,11533000000.0,,,11533000000.0,0.0,31000000.0,39665000000.0,0.007,0.05,-71000000.0,-40000000.0,-0.113,-40000000.0,-71000000.0,-71000000.0,-0.42,-0.42,-0.42,7029000000.0,,7029000000.0,13139760366.0,-115.0,1642.47,-45000000.0,-0.298,1.0,354000000.0,1.0,0.0,0.0,65165000000.0,,0.0,48730000000.0,,,52220000000.0,,,4468760366.0,2599000000.0,0.0,0.0,-97000000.0,-7000000.0,53000000.0,2571000000.0,2591000000.0,-25000000.0,0.0,-29000000.0,-62000000.0,-62000000.0,0.0,0.0,-0.175,425000000.0,-71000000.0,0.0,-0.119,0.636,-37.871,-37.43,644000000.0,33000000.0,29.57,2.911,2.911,0.0,5161000000.0,354000000.0,354000000.0,0.0,,,,,7000000.0,253000000.0,1.0,151124801.0,151124801.0,,2.342,59249000000.0,0.0,-42000000.0,0.0,392.053,
47,CMA,MRQ,2009-09-30,2009-09-30,2009-09-30,2021-09-07,-361000000.0,59590000000.0,,,,,46.554,-17000000.0,3018000000.0,3018000000.0,0.0,19000000.0,,7.471,11689000000.0,,,11689000000.0,0.0,30000000.0,39614000000.0,0.016,0.05,-10000000.0,20000000.0,0.051,20000000.0,-10000000.0,-10000000.0,-0.1,-0.1,-0.1,7035000000.0,,7035000000.0,13411538702.0,-335.0,167.644,156000000.0,1.032,1.0,389000000.0,1.0,0.0,0.0,68261000000.0,,0.0,51642000000.0,,,52555000000.0,,,4483538702.0,-2122000000.0,0.0,0.0,-2407000000.0,-8000000.0,-4007000000.0,1712000000.0,1729000000.0,173000000.0,0.0,19000000.0,-16000000.0,-16000000.0,0.0,0.0,-0.041,399000000.0,-10000000.0,0.0,-0.5,0.637,-78.659,-82.417,657000000.0,35000000.0,29.67,2.813,2.813,0.0,5205000000.0,389000000.0,389000000.0,0.0,,,,,7000000.0,245000000.0,1.0,151113539.0,151113539.0,,2.574,59590000000.0,0.0,-29000000.0,0.0,394.339,
48,CMA,MRQ,2009-06-30,2009-06-30,2009-06-30,2021-09-07,-342000000.0,63630000000.0,,,,,46.936,-18000000.0,5140000000.0,5140000000.0,0.0,18000000.0,,7.971,14068000000.0,,,14068000000.0,0.0,31000000.0,40991000000.0,0.052,0.05,-41000000.0,-10000000.0,-0.026,-10000000.0,-41000000.0,-41000000.0,-0.11,-0.11,-0.11,7093000000.0,,7093000000.0,16515194303.0,-8258.0,139.959,174000000.0,1.151,1.0,388000000.0,1.0,0.0,0.0,72558000000.0,,0.0,53558000000.0,,,56537000000.0,,,3196194303.0,1630000000.0,7000000.0,-1000000.0,-2720000000.0,-7000000.0,-3556000000.0,4994000000.0,5005000000.0,192000000.0,0.0,18000000.0,-16000000.0,-16000000.0,0.0,0.0,-0.041,429000000.0,-41000000.0,0.0,-0.455,0.451,-245.861,-302.143,667000000.0,34000000.0,21.15,1.831,1.831,0.0,5257000000.0,388000000.0,388000000.0,0.0,,,,,7000000.0,249000000.0,1.0,151120298.0,151120298.0,,2.567,63630000000.0,0.0,-59000000.0,0.0,421.055,
49,CMA,MRQ,2009-03-31,2009-03-31,2009-03-31,2021-09-07,-238000000.0,67370000000.0,,,,,47.503,-19000000.0,3510000000.0,3510000000.0,0.0,9000000.0,,8.379,16829000000.0,,,16829000000.0,0.0,30000000.0,41894000000.0,0.093,0.05,8000000.0,38000000.0,0.094,38000000.0,8000000.0,8000000.0,-0.16,-0.16,-0.16,7183000000.0,,7183000000.0,16161696774.0,124.0,65.168,-268000000.0,-1.772,1.0,404000000.0,1.0,0.0,0.0,80689000000.0,,0.0,58900000000.0,,,60187000000.0,,,2768696774.0,87000000.0,0.0,0.0,54000000.0,-50000000.0,144000000.0,192000000.0,211000000.0,-249000000.0,0.0,9000000.0,-24000000.0,-24000000.0,-1000000.0,0.0,-0.059,397000000.0,7000000.0,0.0,-0.312,0.385,46.927,44.659,676000000.0,33000000.0,18.31,1.479,1.479,0.0,5252000000.0,404000000.0,404000000.0,0.0,,,,,11000000.0,249000000.0,1.0,151212276.0,151212276.0,,2.672,67370000000.0,0.0,-1000000.0,0.0,445.533,
50,CMA,MRQ,2008-12-31,2008-12-31,2008-12-31,2021-09-07,-309000000.0,67548000000.0,,,,,47.526,-40000000.0,3423000000.0,3423000000.0,0.0,20000000.0,,8.445,16816000000.0,,,16816000000.0,0.0,29000000.0,41955000000.0,0.116,0.33,3000000.0,32000000.0,0.077,32000000.0,3000000.0,3000000.0,0.01,0.0,0.01,7152000000.0,,7152000000.0,20602144916.0,76.0,53.373,25000000.0,0.166,1.0,413000000.0,1.0,0.0,0.0,80941000000.0,,0.0,59094000000.0,,,60396000000.0,,,2987144916.0,1991000000.0,0.0,0.0,-2433000000.0,-100000000.0,2086000000.0,-160000000.0,-120000000.0,65000000.0,0.0,20000000.0,-1000000.0,-1000000.0,-1000000.0,0.0,-0.002,411000000.0,2000000.0,0.0,33.0,0.418,15.558,15.388,683000000.0,21000000.0,19.85,1.477,1.477,0.0,5345000000.0,413000000.0,413000000.0,0.0,,,,,10000000.0,285000000.0,1.0,150485890.0,150485890.0,,2.744,67548000000.0,0.0,-17000000.0,0.0,448.866,
51,CMA,MRQ,2008-09-30,2008-09-30,2008-09-30,2021-09-07,-129000000.0,65153000000.0,,,,,33.898,-39000000.0,1432000000.0,1432000000.0,0.0,28000000.0,,11.775,19022000000.0,,,19022000000.0,0.0,30000000.0,39545000000.0,0.08,0.66,28000000.0,58000000.0,0.107,58000000.0,28000000.0,28000000.0,0.19,0.19,0.19,5100000000.0,,5100000000.0,20106289143.0,47.0,37.372,294000000.0,1.954,1.0,541000000.0,1.0,0.0,0.0,82743000000.0,,0.0,59223000000.0,,,60053000000.0,,,4933289143.0,-373000000.0,0.0,0.0,2056000000.0,-99000000.0,-784000000.0,78000000.0,117000000.0,333000000.0,0.0,28000000.0,28000000.0,28000000.0,-1000000.0,0.0,0.052,514000000.0,27000000.0,0.0,3.474,0.967,16.122,15.995,668000000.0,0.0,32.79,2.222,2.222,0.0,5379000000.0,541000000.0,541000000.0,0.0,,,,,10000000.0,253000000.0,1.0,150451026.0,150451026.0,,3.596,65153000000.0,0.0,0.0,0.0,433.051,
52,CMA,MRQ,2008-06-30,2008-06-30,2008-06-30,2021-09-07,-207000000.0,66003000000.0,,,,,33.769,-45000000.0,1805000000.0,1805000000.0,0.0,56000000.0,,11.988,16948000000.0,,,16948000000.0,0.0,29000000.0,42322000000.0,0.101,0.66,91000000.0,120000000.0,0.233,120000000.0,91000000.0,91000000.0,0.37,0.37,0.37,5082000000.0,,5082000000.0,15145102066.0,23.0,19.669,187000000.0,1.243,1.0,514000000.0,1.0,0.0,0.0,81146000000.0,,0.0,59550000000.0,,,60921000000.0,,,3857102066.0,-181000000.0,0.0,0.0,3778000000.0,-100000000.0,-994000000.0,581000000.0,626000000.0,232000000.0,0.0,56000000.0,56000000.0,56000000.0,0.0,0.0,0.109,423000000.0,91000000.0,0.0,1.784,0.759,8.403,8.376,674000000.0,0.0,25.63,1.63,1.63,0.0,5451000000.0,514000000.0,514000000.0,0.0,,,,,11000000.0,266000000.0,1.0,150491692.0,150491692.0,,3.415,66003000000.0,0.0,35000000.0,0.0,438.582,
53,CMA,MRQ,2008-03-31,2008-03-31,2008-03-31,2021-09-07,-67000000.0,67017000000.0,,,,,34.927,-42000000.0,1986000000.0,1986000000.0,0.0,109000000.0,,11.748,13262000000.0,,,13262000000.0,0.0,26000000.0,46819000000.0,0.074,0.66,150000000.0,176000000.0,0.318,176000000.0,150000000.0,150000000.0,0.73,0.73,0.73,5257000000.0,,5257000000.0,15480029401.0,18.0,16.125,190000000.0,1.262,1.0,554000000.0,1.0,0.0,0.0,78293000000.0,,0.0,60654000000.0,,,61760000000.0,,,5280029401.0,472000000.0,0.0,0.0,1507000000.0,-96000000.0,4156000000.0,-3916000000.0,-3874000000.0,232000000.0,0.0,109000000.0,109000000.0,109000000.0,1000000.0,0.0,0.197,403000000.0,151000000.0,0.0,0.904,1.004,8.815,8.836,670000000.0,0.0,35.08,2.07,2.07,0.0,5496000000.0,554000000.0,554000000.0,0.0,,,,,20000000.0,262000000.0,1.0,150513951.0,150513951.0,,3.681,67017000000.0,0.0,41000000.0,0.0,445.254,
54,CMA,MRQ,2007-12-31,2007-12-31,2007-12-31,2021-09-07,-177000000.0,62331000000.0,,,,,33.883,-63000000.0,1514000000.0,1514000000.0,0.0,119000000.0,,11.181,11676000000.0,,,11676000000.0,0.0,27000000.0,44278000000.0,0.059,0.64,157000000.0,184000000.0,0.301,184000000.0,157000000.0,157000000.0,0.76,0.8,0.76,5117000000.0,,5117000000.0,16931818938.0,17.0,15.649,234000000.0,1.549,1.0,611000000.0,1.0,0.0,0.0,72493000000.0,,0.0,56817000000.0,,,57214000000.0,,,6573818938.0,-2389000000.0,0.0,-47000000.0,-147000000.0,-97000000.0,2554000000.0,-5240000000.0,-5177000000.0,297000000.0,0.0,113000000.0,113000000.0,113000000.0,-2000000.0,6000000.0,0.185,450000000.0,161000000.0,0.0,0.842,1.285,9.667,9.782,650000000.0,0.0,43.53,2.454,2.454,0.0,5497000000.0,611000000.0,611000000.0,0.0,,,,,13000000.0,303000000.0,1.0,151018124.0,151018124.0,,4.046,62331000000.0,0.0,44000000.0,0.0,412.739,
55,CMA,MRQ,2007-09-30,2007-09-30,2007-09-30,2021-09-07,-238000000.0,60022000000.0,,,,,33.12,-39000000.0,1400000000.0,1400000000.0,0.0,181000000.0,,10.843,11758000000.0,,,11758000000.0,0.0,24000000.0,41920000000.0,0.049,0.64,266000000.0,290000000.0,0.422,290000000.0,266000000.0,266000000.0,1.2,1.18,1.2,5068000000.0,,5068000000.0,14342827396.0,12.0,10.866,190000000.0,1.242,1.0,688000000.0,1.0,0.0,0.0,70380000000.0,,0.0,54319000000.0,,,54954000000.0,,,7846827396.0,-101000000.0,0.0,-107000000.0,2615000000.0,-99000000.0,-10000000.0,-320000000.0,-280000000.0,229000000.0,0.0,181000000.0,181000000.0,181000000.0,-1000000.0,0.0,0.263,423000000.0,265000000.0,0.0,0.533,1.548,9.061,9.206,635000000.0,0.0,51.28,2.792,2.792,0.0,5475000000.0,688000000.0,688000000.0,0.0,,,,,10000000.0,271000000.0,1.0,153019255.0,153019255.0,,4.496,60022000000.0,0.0,85000000.0,0.0,392.251,
56,CMA,MRQ,2007-06-30,2007-06-30,2007-06-30,2021-09-07,-308000000.0,58570000000.0,,,,,32.12,-41000000.0,2589000000.0,2589000000.0,0.0,196000000.0,,10.693,9085000000.0,,,9085000000.0,0.0,23000000.0,43207000000.0,0.041,0.64,287000000.0,310000000.0,0.444,310000000.0,287000000.0,287000000.0,1.28,1.25,1.28,5009000000.0,,5009000000.0,14015032974.0,11.0,10.482,205000000.0,1.315,1.0,698000000.0,1.0,0.0,0.0,65066000000.0,,0.0,52877000000.0,,,53561000000.0,,,9274032974.0,38000000.0,1000000.0,-189000000.0,1609000000.0,-101000000.0,858000000.0,-1066000000.0,-1026000000.0,246000000.0,0.0,196000000.0,196000000.0,196000000.0,0.0,0.0,0.281,411000000.0,287000000.0,0.0,0.5,1.851,10.479,10.582,616000000.0,0.0,59.47,3.307,3.307,0.0,5391000000.0,698000000.0,698000000.0,0.0,,,,,10000000.0,280000000.0,1.0,155944728.0,155944728.0,,4.476,58570000000.0,0.0,91000000.0,0.0,375.582,
57,CMA,MRQ,2007-03-31,2007-03-31,2007-03-31,2021-09-07,-284000000.0,57527000000.0,,,,,32.419,-46000000.0,2791000000.0,2791000000.0,0.0,190000000.0,,10.256,7532000000.0,,,7532000000.0,0.0,22000000.0,43670000000.0,0.041,0.64,276000000.0,298000000.0,0.437,298000000.0,276000000.0,276000000.0,1.21,1.19,1.21,5111000000.0,,5111000000.0,11894528069.0,9.0,8.863,196000000.0,1.243,1.0,682000000.0,1.0,0.0,0.0,62268000000.0,,0.0,51698000000.0,,,52416000000.0,,,9320528069.0,-100000000.0,2000000.0,-148000000.0,893000000.0,-93000000.0,-599000000.0,257000000.0,300000000.0,242000000.0,0.0,190000000.0,190000000.0,190000000.0,-1000000.0,0.0,0.279,407000000.0,275000000.0,0.0,0.529,1.824,10.484,10.595,596000000.0,0.0,59.12,3.35,3.35,0.0,5302000000.0,682000000.0,682000000.0,0.0,,,,,17000000.0,267000000.0,1.0,157654399.0,157654399.0,,4.326,57527000000.0,0.0,86000000.0,0.0,364.893,
58,CMA,MRQ,2006-12-31,2006-12-31,2006-12-31,2021-09-07,-324000000.0,58001000000.0,,,,,32.438,-57000000.0,4066000000.0,4066000000.0,0.0,299000000.0,,10.256,6640000000.0,,,6640000000.0,0.0,23000000.0,44927000000.0,0.04,0.59,399000000.0,422000000.0,0.569,422000000.0,399000000.0,399000000.0,1.88,1.85,1.88,5153000000.0,,5153000000.0,14909625131.0,12.0,11.278,74000000.0,0.466,1.0,742000000.0,1.0,0.0,0.0,60575000000.0,,0.0,50927000000.0,,,52848000000.0,,,9321625131.0,1641000000.0,0.0,-76000000.0,-401000000.0,-95000000.0,-574000000.0,2084000000.0,1920000000.0,131000000.0,0.0,299000000.0,299000000.0,299000000.0,-114000000.0,0.0,0.403,457000000.0,285000000.0,0.0,0.314,1.809,10.439,10.535,568000000.0,0.0,58.68,3.328,3.328,0.0,5282000000.0,742000000.0,742000000.0,0.0,,,,,11000000.0,287000000.0,1.0,158855234.0,158855234.0,,4.671,58001000000.0,0.0,100000000.0,0.0,365.119,
59,CMA,MRQ,2006-09-30,2006-09-30,2006-09-30,2021-09-07,-128000000.0,58474000000.0,,,,,32.106,-37000000.0,4929000000.0,4929000000.0,0.0,200000000.0,,10.228,7044000000.0,,,7044000000.0,0.0,19000000.0,44930000000.0,0.041,0.59,288000000.0,307000000.0,0.45,307000000.0,288000000.0,288000000.0,1.25,1.23,1.25,5208000000.0,,5208000000.0,14172076759.0,13.0,11.693,316000000.0,1.948,1.0,682000000.0,1.0,0.0,0.0,60589000000.0,,0.0,50212000000.0,,,53266000000.0,,,9233076759.0,-208000000.0,43000000.0,-198000000.0,383000000.0,-96000000.0,894000000.0,-4546000000.0,-2628000000.0,353000000.0,0.0,200000000.0,200000000.0,200000000.0,-5000000.0,0.0,0.293,399000000.0,283000000.0,0.0,0.472,1.773,11.527,11.476,540000000.0,0.0,56.92,3.319,3.319,0.0,5079000000.0,682000000.0,682000000.0,0.0,,,,,11000000.0,263000000.0,1.0,162211468.0,162211468.0,,4.204,58474000000.0,0.0,88000000.0,0.0,360.48,
60,CMA,MRQ,2006-06-30,2006-06-30,2006-06-30,2021-09-07,-226000000.0,57080000000.0,,,,,31.946,-40000000.0,3769000000.0,3769000000.0,0.0,200000000.0,,10.0,6603000000.0,,,6603000000.0,0.0,23000000.0,44126000000.0,0.044,0.59,292000000.0,315000000.0,0.466,315000000.0,292000000.0,292000000.0,1.24,1.22,1.24,5189000000.0,,5189000000.0,12782628029.0,11.0,10.033,151000000.0,0.93,1.0,676000000.0,1.0,0.0,0.0,59914000000.0,,0.0,50174000000.0,,,51891000000.0,,,8444628029.0,-21000000.0,0.0,7000000.0,618000000.0,-96000000.0,561000000.0,734000000.0,-1467000000.0,191000000.0,0.0,200000000.0,200000000.0,200000000.0,-5000000.0,0.0,0.296,389000000.0,287000000.0,0.0,0.476,1.627,10.065,10.115,522000000.0,0.0,51.99,2.956,2.956,0.0,4978000000.0,676000000.0,676000000.0,0.0,,,,,13000000.0,256000000.0,1.0,162427929.0,162427929.0,,4.162,57080000000.0,0.0,92000000.0,0.0,351.417,
61,CMA,MRQ,2006-03-31,2006-03-31,2006-03-31,2021-09-07,-198000000.0,56441000000.0,,,,,31.294,-29000000.0,4522000000.0,4522000000.0,0.0,194000000.0,,10.08,6023000000.0,,,6023000000.0,0.0,19000000.0,44096000000.0,0.039,0.59,259000000.0,278000000.0,0.397,278000000.0,259000000.0,259000000.0,1.2,1.18,1.2,5094000000.0,,5094000000.0,12149431323.0,10.0,9.382,271000000.0,1.665,1.0,701000000.0,1.0,0.0,0.0,57942000000.0,,0.0,48708000000.0,,,51347000000.0,,,9436431323.0,76000000.0,0.0,-72000000.0,1753000000.0,-90000000.0,3261000000.0,-1901000000.0,-1555000000.0,300000000.0,0.0,194000000.0,194000000.0,194000000.0,13000000.0,0.0,0.277,429000000.0,272000000.0,0.0,0.492,1.852,11.024,11.17,516000000.0,0.0,57.97,3.275,3.275,0.0,4880000000.0,701000000.0,701000000.0,0.0,,,,,13000000.0,256000000.0,1.0,162781289.0,162781289.0,,4.306,56441000000.0,0.0,65000000.0,0.0,346.729,
62,CMA,MRQ,2005-12-31,2005-12-31,2005-12-31,2021-09-07,-170000000.0,53013000000.0,,,,,30.665,-43000000.0,2546000000.0,2546000000.0,0.0,207000000.0,,9.46,4322000000.0,,,4322000000.0,0.0,18000000.0,42431000000.0,0.039,0.55,294000000.0,312000000.0,0.432,312000000.0,294000000.0,294000000.0,1.27,1.26,1.27,5068000000.0,,5068000000.0,11931637392.0,10.0,8.998,157000000.0,0.95,1.0,723000000.0,1.0,0.0,0.0,54789000000.0,,0.0,47193000000.0,,,47945000000.0,,,9380637392.0,-186000000.0,0.0,-140000000.0,-7000000.0,-92000000.0,-1589000000.0,-565000000.0,831000000.0,200000000.0,0.0,207000000.0,207000000.0,207000000.0,-36000000.0,0.0,0.286,465000000.0,258000000.0,0.0,0.433,1.851,10.895,10.979,510000000.0,0.0,56.76,3.324,3.324,0.0,4796000000.0,723000000.0,723000000.0,0.0,,,,,12000000.0,271000000.0,1.0,165268453.0,165268453.0,,4.375,53013000000.0,0.0,87000000.0,0.0,320.769,
63,CMA,MRQ,2005-09-30,2005-09-30,2005-09-30,2021-09-07,-158000000.0,54349000000.0,,,,,30.436,-33000000.0,1795000000.0,1795000000.0,0.0,238000000.0,,9.676,4346000000.0,,,4346000000.0,0.0,18000000.0,43670000000.0,0.037,0.55,351000000.0,369000000.0,0.487,369000000.0,351000000.0,351000000.0,1.43,1.41,1.43,5091000000.0,,5091000000.0,12617259250.0,10.0,9.43,155000000.0,0.927,1.0,757000000.0,1.0,0.0,0.0,56900000000.0,,0.0,49290000000.0,,,49258000000.0,,,9852259250.0,108000000.0,1000000.0,-124000000.0,-50000000.0,-92000000.0,-509000000.0,-145000000.0,605000000.0,188000000.0,0.0,238000000.0,238000000.0,238000000.0,-5000000.0,0.0,0.314,411000000.0,346000000.0,0.0,0.385,1.935,11.443,11.504,499000000.0,0.0,58.9,3.559,3.559,0.0,4683000000.0,757000000.0,757000000.0,0.0,,,,,9000000.0,258000000.0,1.0,167270955.0,167270955.0,,4.526,54349000000.0,0.0,113000000.0,0.0,324.916,
64,CMA,MRQ,2005-06-30,2005-06-30,2005-06-30,2021-09-07,-99000000.0,54689000000.0,,,,,30.314,-33000000.0,1687000000.0,1687000000.0,0.0,217000000.0,,9.688,4452000000.0,,,4452000000.0,0.0,19000000.0,44053000000.0,0.037,0.55,317000000.0,336000000.0,0.48,336000000.0,317000000.0,317000000.0,1.29,1.28,1.29,5117000000.0,,5117000000.0,12652687685.0,11.0,9.955,199000000.0,1.179,1.0,700000000.0,1.0,0.0,0.0,57454000000.0,,0.0,49764000000.0,,,49572000000.0,,,9756687685.0,-148000000.0,0.0,-105000000.0,-329000000.0,-93000000.0,820000000.0,381000000.0,-1548000000.0,232000000.0,0.0,217000000.0,217000000.0,217000000.0,0.0,0.0,0.31,383000000.0,317000000.0,0.0,0.426,1.907,11.913,11.942,481000000.0,0.0,57.8,3.657,3.657,0.0,4546000000.0,700000000.0,700000000.0,0.0,,,,,13000000.0,255000000.0,1.0,168800825.0,168800825.0,,4.147,54689000000.0,0.0,100000000.0,0.0,323.985,
65,CMA,MRQ,2005-03-31,2005-03-31,2005-03-31,2021-09-07,-154000000.0,53510000000.0,,,,,29.554,-23000000.0,1835000000.0,1835000000.0,0.0,199000000.0,,9.638,4731000000.0,,,4731000000.0,0.0,17000000.0,42706000000.0,0.038,0.55,295000000.0,312000000.0,0.466,312000000.0,295000000.0,295000000.0,1.18,1.16,1.18,5030000000.0,,5030000000.0,12771462933.0,11.0,10.316,203000000.0,1.193,1.0,669000000.0,1.0,0.0,0.0,56406000000.0,,0.0,48581000000.0,,,48480000000.0,,,9374462933.0,696000000.0,0.0,-105000000.0,204000000.0,-89000000.0,1780000000.0,-549000000.0,-738000000.0,226000000.0,0.0,199000000.0,199000000.0,199000000.0,0.0,0.0,0.297,374000000.0,295000000.0,0.0,0.466,1.864,11.807,11.82,463000000.0,0.0,55.08,3.573,3.573,0.0,4427000000.0,669000000.0,669000000.0,0.0,,,,,9000000.0,250000000.0,1.0,170197221.0,170197221.0,,3.931,53510000000.0,0.0,96000000.0,0.0,314.4,
66,CMA,MRQ,2004-12-31,2004-12-31,2004-12-31,2021-09-07,-69000000.0,51766000000.0,,,,,29.931,-14000000.0,1139000000.0,1139000000.0,0.0,207000000.0,,9.14,4536000000.0,,,4536000000.0,0.0,15000000.0,40936000000.0,0.034,0.52,306000000.0,321000000.0,0.5,321000000.0,306000000.0,306000000.0,1.22,1.21,1.22,5105000000.0,,5105000000.0,13514571200.0,12.0,11.512,328000000.0,1.923,1.0,642000000.0,1.0,0.0,0.0,55163000000.0,,0.0,47343000000.0,,,46661000000.0,,,10407571200.0,-421000000.0,0.0,-14000000.0,-109000000.0,-89000000.0,-1511000000.0,1749000000.0,-980000000.0,342000000.0,0.0,207000000.0,207000000.0,207000000.0,-9000000.0,0.0,0.322,345000000.0,297000000.0,0.0,0.426,2.039,13.748,13.837,415000000.0,0.0,61.02,4.073,4.073,0.0,4331000000.0,642000000.0,642000000.0,0.0,,,,,10000000.0,215000000.0,1.0,170560000.0,170560000.0,,3.764,51766000000.0,0.0,99000000.0,0.0,303.506,
67,CMA,MRQ,2004-09-30,2004-09-30,2004-09-30,2021-09-07,-24000000.0,52959000000.0,,,,,29.382,-32000000.0,1560000000.0,1560000000.0,0.0,196000000.0,,9.516,4667000000.0,,,4667000000.0,0.0,17000000.0,42235000000.0,0.035,0.52,285000000.0,302000000.0,0.46,302000000.0,285000000.0,285000000.0,1.15,1.13,1.15,5036000000.0,,5036000000.0,13158293250.0,13.0,12.061,305000000.0,1.78,1.0,657000000.0,1.0,0.0,0.0,56066000000.0,,0.0,48239000000.0,,,47923000000.0,,,10172293250.0,-305000000.0,0.0,-70000000.0,-236000000.0,-90000000.0,-2072000000.0,897000000.0,565000000.0,337000000.0,0.0,196000000.0,196000000.0,196000000.0,0.0,0.0,0.298,372000000.0,285000000.0,0.0,0.452,2.02,14.368,14.511,399000000.0,0.0,59.35,4.048,4.048,0.0,4222000000.0,657000000.0,657000000.0,0.0,,,,,3000000.0,239000000.0,1.0,171395000.0,171395000.0,,3.833,52959000000.0,0.0,89000000.0,0.0,308.988,
68,CMA,MRQ,2004-06-30,2004-06-30,2004-06-30,2021-09-07,-82000000.0,54543000000.0,,,,,28.481,-28000000.0,1865000000.0,1865000000.0,0.0,192000000.0,,10.055,4851000000.0,,,4851000000.0,0.0,19000000.0,43911000000.0,0.037,0.52,284000000.0,303000000.0,0.462,303000000.0,284000000.0,284000000.0,1.11,1.1,1.11,4934000000.0,,4934000000.0,12721411200.0,13.0,12.315,104000000.0,0.6,1.0,656000000.0,1.0,0.0,0.0,57529000000.0,,0.0,49646000000.0,,,49609000000.0,,,9507411200.0,204000000.0,8000000.0,-101000000.0,78000000.0,-90000000.0,275000000.0,-206000000.0,23000000.0,132000000.0,0.0,192000000.0,192000000.0,192000000.0,0.0,0.0,0.293,372000000.0,284000000.0,0.0,0.468,1.927,14.211,14.292,389000000.0,0.0,54.88,3.866,3.866,0.0,4125000000.0,656000000.0,656000000.0,0.0,,,,,14000000.0,249000000.0,1.0,173240000.0,173240000.0,,3.787,54543000000.0,0.0,92000000.0,0.0,314.841,
69,CMA,MRQ,2004-03-31,2004-03-31,2004-03-31,2021-09-07,92000000.0,54468000000.0,,,,,29.193,-21000000.0,1661000000.0,1661000000.0,0.0,162000000.0,,9.695,4875000000.0,,,4875000000.0,0.0,17000000.0,43523000000.0,0.037,0.52,231000000.0,248000000.0,0.413,248000000.0,231000000.0,231000000.0,0.93,0.92,0.93,5093000000.0,,5093000000.0,13039789148.0,14.0,13.092,196000000.0,1.123,1.0,600000000.0,1.0,0.0,0.0,57682000000.0,,0.0,49587000000.0,,,49375000000.0,,,9476789148.0,134000000.0,0.0,-113000000.0,-256000000.0,-88000000.0,1603000000.0,-1763000000.0,98000000.0,217000000.0,0.0,162000000.0,162000000.0,162000000.0,0.0,0.0,0.27,369000000.0,231000000.0,0.0,0.559,1.861,14.647,14.642,378000000.0,0.0,54.32,3.931,3.931,0.0,4030000000.0,600000000.0,600000000.0,0.0,,,,,7000000.0,241000000.0,1.0,174462245.0,174462245.0,,3.439,54468000000.0,0.0,69000000.0,0.0,312.205,
70,CMA,MRQ,2003-12-31,2003-12-31,2003-12-31,2021-09-07,74000000.0,52592000000.0,,,,,29.14,-20000000.0,1527000000.0,1527000000.0,0.0,158000000.0,,9.292,5090000000.0,,,5090000000.0,0.0,17000000.0,41463000000.0,0.036,0.5,221000000.0,238000000.0,0.397,238000000.0,221000000.0,221000000.0,0.9,0.89,0.9,5110000000.0,,5110000000.0,13011569480.0,14.0,12.719,314000000.0,1.791,1.0,600000000.0,1.0,0.0,0.0,56155000000.0,,0.0,48001000000.0,,,47482000000.0,,,9830569480.0,-428000000.0,0.0,-22000000.0,-4000000.0,-88000000.0,-2347000000.0,786000000.0,819000000.0,334000000.0,0.0,158000000.0,158000000.0,158000000.0,0.0,0.0,0.263,379000000.0,221000000.0,0.0,0.556,1.924,14.872,14.831,374000000.0,0.0,56.06,4.036,4.036,0.0,3973000000.0,600000000.0,600000000.0,0.0,,,,,7000000.0,242000000.0,1.0,175358000.0,175358000.0,,3.422,52592000000.0,0.0,63000000.0,0.0,299.912,
71,CMA,MRQ,2003-09-30,2003-09-30,2003-09-30,2021-09-07,111000000.0,54795000000.0,,,,,29.059,-11000000.0,1955000000.0,1955000000.0,0.0,157000000.0,,9.759,5136000000.0,,,5136000000.0,0.0,18000000.0,43696000000.0,0.042,0.5,226000000.0,244000000.0,0.405,244000000.0,226000000.0,226000000.0,0.9,0.89,0.9,5093000000.0,,5093000000.0,9402442200.0,9.0,8.54,282000000.0,1.609,1.0,603000000.0,1.0,0.0,0.0,57976000000.0,,0.0,49724000000.0,,,49702000000.0,,,8167442200.0,-2601000000.0,0.0,2000000.0,-619000000.0,-88000000.0,-4067000000.0,-671000000.0,1855000000.0,293000000.0,0.0,157000000.0,157000000.0,157000000.0,0.0,0.0,0.26,377000000.0,226000000.0,0.0,0.556,1.604,11.52,11.45,368000000.0,0.0,46.6,3.257,3.257,0.0,3909000000.0,603000000.0,603000000.0,0.0,,,,,7000000.0,245000000.0,1.0,175267000.0,175267000.0,,3.44,54795000000.0,0.0,69000000.0,0.0,312.637,
72,CMA,MRQ,2003-06-30,2003-06-30,2003-06-30,2021-09-07,181000000.0,58727000000.0,,,,,29.035,-16000000.0,4556000000.0,4556000000.0,0.0,170000000.0,,10.547,5791000000.0,,,5791000000.0,0.0,18000000.0,47058000000.0,0.042,0.5,248000000.0,266000000.0,0.438,266000000.0,248000000.0,248000000.0,0.98,0.97,0.98,5086000000.0,,5086000000.0,11522172500.0,14.0,12.788,420000000.0,2.398,1.0,608000000.0,1.0,0.0,0.0,59962000000.0,,0.0,51020000000.0,,,53641000000.0,,,8145172500.0,2292000000.0,0.0,4000000.0,121000000.0,-87000000.0,2725000000.0,27000000.0,-880000000.0,436000000.0,0.0,170000000.0,170000000.0,170000000.0,0.0,0.0,0.28,360000000.0,248000000.0,0.0,0.51,1.601,14.141,14.048,371000000.0,0.0,46.5,3.431,3.431,0.0,3842000000.0,608000000.0,608000000.0,0.0,,,,,14000000.0,233000000.0,1.0,175165000.0,175165000.0,,3.471,58727000000.0,0.0,78000000.0,0.0,335.267,
73,CMA,MRQ,2003-03-31,2003-03-31,2003-03-31,2021-09-07,192000000.0,55805000000.0,,,,,28.562,-12000000.0,2264000000.0,2264000000.0,0.0,176000000.0,,10.154,5641000000.0,,,5641000000.0,0.0,17000000.0,44373000000.0,0.051,0.5,258000000.0,275000000.0,0.44,275000000.0,258000000.0,258000000.0,1.01,1.0,1.01,5003000000.0,,5003000000.0,10522102468.0,13.0,11.836,246000000.0,1.404,1.0,625000000.0,1.0,0.0,0.0,59182000000.0,,0.0,50242000000.0,,,50802000000.0,,,6635102468.0,362000000.0,0.0,5000000.0,-146000000.0,-84000000.0,2376000000.0,-1772000000.0,-488000000.0,258000000.0,0.0,176000000.0,176000000.0,176000000.0,0.0,0.0,0.282,367000000.0,258000000.0,0.0,0.495,1.326,11.785,11.764,369000000.0,0.0,37.88,2.825,2.825,0.0,3761000000.0,625000000.0,625000000.0,0.0,,,,,0.0,238000000.0,1.0,175161100.0,175161100.0,,3.568,55805000000.0,0.0,82000000.0,0.0,318.592,
74,CMA,MRQ,2002-12-31,2002-12-31,2002-12-31,2021-09-07,237000000.0,53301000000.0,,,,,28.315,-29000000.0,1902000000.0,1902000000.0,0.0,206000000.0,,9.774,5789000000.0,,,5789000000.0,0.0,17000000.0,41775000000.0,0.044,0.48,299000000.0,316000000.0,0.47,316000000.0,299000000.0,299000000.0,1.18,1.18,1.18,4947000000.0,,4947000000.0,11596590120.0,13.0,12.143,227000000.0,1.299,1.0,672000000.0,1.0,0.0,0.0,57188000000.0,,0.0,46989000000.0,,,48354000000.0,,,7554590120.0,-269000000.0,0.0,2000000.0,-422000000.0,-84000000.0,624000000.0,-697000000.0,-423000000.0,256000000.0,0.0,206000000.0,206000000.0,206000000.0,0.0,0.0,0.307,373000000.0,299000000.0,0.0,0.407,1.527,12.57,12.606,371000000.0,0.0,43.24,3.152,3.152,0.0,3684000000.0,672000000.0,672000000.0,0.0,,,,,25000000.0,228000000.0,1.0,174713000.0,174713000.0,,3.846,53301000000.0,0.0,93000000.0,0.0,305.077,
75,CMA,MRQ,2002-09-30,2002-09-30,2002-09-30,2021-09-07,292000000.0,52597000000.0,,,,,27.857,-21000000.0,2171000000.0,2171000000.0,0.0,24000000.0,,9.8,6213000000.0,,,6213000000.0,0.0,18000000.0,40649000000.0,0.039,0.48,26000000.0,44000000.0,0.094,44000000.0,26000000.0,26000000.0,0.14,0.14,0.14,4870000000.0,,4870000000.0,13389013280.0,15.0,13.566,556000000.0,3.18,1.0,469000000.0,1.0,0.0,0.0,56639000000.0,,0.0,47197000000.0,,,47727000000.0,,,8430013280.0,423000000.0,8000000.0,-19000000.0,-611000000.0,-84000000.0,1751000000.0,-944000000.0,-948000000.0,577000000.0,0.0,24000000.0,24000000.0,24000000.0,0.0,0.0,0.051,443000000.0,26000000.0,0.0,3.429,1.731,14.192,14.309,356000000.0,0.0,48.22,3.461,3.461,0.0,3565000000.0,469000000.0,469000000.0,0.0,,,,,0.0,229000000.0,1.0,174824000.0,174824000.0,,2.683,52597000000.0,0.0,2000000.0,0.0,300.857,
76,CMA,MRQ,2002-06-30,2002-06-30,2002-06-30,2021-09-07,243000000.0,50583000000.0,,,,,27.772,-16000000.0,1748000000.0,1748000000.0,0.0,157000000.0,,9.336,6707000000.0,,,6707000000.0,0.0,23000000.0,38182000000.0,0.023,0.48,231000000.0,254000000.0,0.436,254000000.0,231000000.0,231000000.0,0.89,0.88,0.89,4894000000.0,,4894000000.0,16083846600.0,14.0,12.546,104000000.0,0.59,1.0,583000000.0,1.0,0.0,0.0,55542000000.0,,0.0,45725000000.0,,,45689000000.0,,,10819846600.0,-58000000.0,0.0,-77000000.0,-417000000.0,-85000000.0,139000000.0,95000000.0,-396000000.0,120000000.0,0.0,157000000.0,157000000.0,157000000.0,0.0,0.0,0.269,352000000.0,231000000.0,0.0,0.539,2.211,13.961,13.986,354000000.0,0.0,61.4,4.07,4.07,0.0,3627000000.0,583000000.0,583000000.0,0.0,,,,,0.0,225000000.0,1.0,176219000.0,176219000.0,,3.308,50583000000.0,0.0,74000000.0,0.0,287.046,
77,CMA,MRQ,2002-03-31,2002-03-31,2002-03-31,2021-09-07,142000000.0,50225000000.0,,,,,26.892,-14000000.0,1806000000.0,1806000000.0,0.0,214000000.0,,9.488,7070000000.0,,,7070000000.0,0.0,15000000.0,37461000000.0,0.022,0.48,326000000.0,341000000.0,0.507,341000000.0,326000000.0,326000000.0,1.22,1.2,1.22,4789000000.0,,4789000000.0,15914004740.0,13.0,11.616,261000000.0,1.466,1.0,673000000.0,1.0,0.0,0.0,55489000000.0,,0.0,45543000000.0,,,45436000000.0,,,11142590740.0,-119000000.0,0.0,-66000000.0,-441000000.0,-78000000.0,-684000000.0,110000000.0,202000000.0,275000000.0,0.0,214000000.0,214000000.0,214000000.0,0.0,0.0,0.318,347000000.0,326000000.0,0.0,0.393,2.327,13.539,13.456,353000000.0,0.0,62.57,4.01,4.01,0.0,3563000000.0,673000000.0,673000000.0,0.0,,,,,0.0,224000000.0,1.0,178082000.0,178082000.0,,3.779,50225000000.0,0.0,112000000.0,0.0,282.033,
78,CMA,MRQ,2001-12-31,2001-12-31,2001-12-31,2021-09-07,225000000.0,50750000000.0,,,,,26.993,-34000000.0,1925000000.0,1925000000.0,0.0,199401000.0,,9.558,7518000000.0,,,7518000000.0,0.0,37000000.0,37570000000.0,0.023,0.44,310959000.0,347959000.0,0.49,347959000.0,310959000.0,310959000.0,1.12,1.11,1.12,4807000000.0,,4807000000.0,14975512600.0,14.0,12.376,161000000.0,0.904,1.0,710748000.0,1.0,0.0,0.0,56343000000.0,,0.0,45929000000.0,,,45943000000.0,,,10204098600.0,-235000000.0,24000000.0,-52000000.0,642000000.0,-78000000.0,955000000.0,468000000.0,-2161000000.0,195000000.0,0.0,199009000.0,199009000.0,199009000.0,0.0,392000.0,0.28,399397000.0,311351000.0,0.0,0.393,2.123,14.619,14.58,353000000.0,0.0,57.3,3.782,3.782,0.0,3448000000.0,710748000.0,710748000.0,0.0,,,,,0.0,250308000.0,1.0,178082000.0,178082000.0,,3.991,50750000000.0,0.0,111950000.0,0.0,284.981,
79,CMA,MRQ,2001-09-30,2001-09-30,2001-09-30,2021-09-07,286000000.0,49733000000.0,,,,,26.959,-9000000.0,2160000000.0,2160000000.0,0.0,209000000.0,,9.365,6931000000.0,,,6931000000.0,0.0,24000000.0,37134000000.0,0.023,0.0,315000000.0,339000000.0,0.49,339000000.0,315000000.0,315000000.0,1.16,1.14,1.16,4798000000.0,,4798000000.0,14857662000.0,14.0,12.826,258000000.0,1.45,1.0,692000000.0,1.0,0.0,0.0,54504000000.0,,0.0,44514000000.0,,,44935000000.0,,,9859815000.0,396000000.0,21000000.0,1000000.0,63000000.0,-86000000.0,-192000000.0,321000000.0,315000000.0,267000000.0,0.0,205000000.0,205000000.0,205000000.0,0.0,4000000.0,0.296,373000000.0,319000000.0,0.0,0.0,2.055,14.767,14.695,350000000.0,0.0,55.4,3.68,3.68,0.0,3329000000.0,692000000.0,692000000.0,0.0,,,,,0.0,223000000.0,1.0,177975000.0,177975000.0,,3.888,49733000000.0,0.0,110000000.0,0.0,279.438,
80,CMA,MRQ,2001-06-30,2001-06-30,2001-06-30,2021-09-07,119000000.0,49288000000.0,,,,,26.62,-12000000.0,1764000000.0,1764000000.0,0.0,208000000.0,,9.374,6761000000.0,,,6761000000.0,0.0,24000000.0,37046000000.0,0.029,0.44,318000000.0,342000000.0,0.486,342000000.0,318000000.0,318000000.0,1.15,1.13,1.15,4751000000.0,,4751000000.0,16267204200.0,15.0,13.893,208000000.0,1.165,1.0,703000000.0,1.0,0.0,0.0,54285000000.0,,0.0,44751000000.0,,,44537000000.0,,,10279987200.0,-245000000.0,0.0,-35000000.0,-1199000000.0,-83000000.0,-1054000000.0,589000000.0,602000000.0,220000000.0,0.0,205000000.0,205000000.0,205000000.0,0.0,3000000.0,0.292,382000000.0,321000000.0,0.0,0.383,2.164,15.264,15.158,356000000.0,0.0,57.6,3.819,3.819,0.0,3211000000.0,703000000.0,703000000.0,0.0,,,,,0.0,229000000.0,1.0,178472000.0,178472000.0,,3.939,49288000000.0,0.0,113000000.0,0.0,276.167,
81,CMA,MRQ,2001-03-31,2001-03-31,2001-03-31,2021-09-07,127000000.0,50270000000.0,,,,,29.781,-13000000.0,2009000000.0,2009000000.0,0.0,94000000.0,,9.769,7996000000.0,,,7996000000.0,0.0,26000000.0,36786000000.0,0.027,0.44,155000000.0,181000000.0,0.297,181000000.0,155000000.0,155000000.0,0.5,0.5,0.5,4668000000.0,,4668000000.0,19079130000.0,18.0,16.247,245000000.0,1.563,1.0,610000000.0,1.0,0.0,0.0,56257000000.0,,0.0,45478000000.0,,,45602000000.0,,,9639633000.0,78000000.0,0.0,31000000.0,-2463000000.0,-67000000.0,419000000.0,-599000000.0,-479000000.0,258000000.0,0.0,89000000.0,89000000.0,89000000.0,0.0,5000000.0,0.146,450000000.0,160000000.0,0.0,0.88,2.065,14.382,16.227,360000000.0,0.0,61.5,3.608,3.608,0.0,3087000000.0,610000000.0,610000000.0,0.0,,,,,0.0,227000000.0,1.0,156742000.0,156742000.0,,3.892,50270000000.0,0.0,66000000.0,0.0,320.718,
82,CMA,MRQ,2000-12-31,2000-12-31,2000-12-31,2021-09-07,12097000.0,49534056000.0,,,,,28.711,-934000.0,1930682000.0,1930682000.0,0.0,172861000.0,,10.007,10379228000.0,,,10379228000.0,0.0,28988000.0,33854283000.0,0.027,0.4,267419000.0,296407000.0,0.44,296407000.0,267419000.0,267419000.0,0.96,0.94,0.96,4500159000.0,,4500159000.0,18746836960.0,16.0,14.278,269195000.0,1.717,1.0,674153000.0,1.0,0.0,0.0,57982602000.0,,0.0,45182397000.0,,,45033897000.0,,,9307339960.0,-28271000.0,-21931000.0,20746000.0,-812557000.0,-66760000.0,949289000.0,2445311000.0,-1398824000.0,270129000.0,0.0,168686000.0,168686000.0,168686000.0,0.0,4175000.0,0.25,402559000.0,271594000.0,0.0,0.417,2.068,12.025,13.557,347962000.0,0.0,59.38,3.406,3.406,0.0,3085784000.0,674153000.0,674153000.0,0.0,,,,,0.0,256935000.0,1.0,156742000.0,156742000.0,,4.301,49534056000.0,0.0,98733000.0,0.0,316.023,
83,CMA,MRQ,2000-09-30,2000-09-30,2000-09-30,2021-09-07,-14879000.0,40885390000.0,,,,,24.574,-17533000.0,1519051000.0,1519051000.0,0.0,215058000.0,,9.631,10958548000.0,,,10958548000.0,0.0,26792000.0,25519938000.0,0.027,0.4,324704000.0,351496000.0,0.499,351496000.0,324704000.0,324704000.0,1.19,1.17,1.19,3845690000.0,,3845690000.0,18991882240.0,14.0,12.928,323371000.0,2.066,1.0,704383000.0,1.0,0.0,0.0,50324887000.0,,0.0,37375231000.0,,,37039700000.0,,,9145626240.0,-282897000.0,16026000.0,-31037000.0,-591315000.0,-66892000.0,-188482000.0,-435319000.0,-433812000.0,340904000.0,0.0,210783000.0,210783000.0,210783000.0,0.0,4275000.0,0.299,375404000.0,328979000.0,0.0,0.336,2.378,10.591,12.929,312992000.0,0.0,58.44,3.044,3.044,0.0,2821076000.0,704383000.0,704383000.0,0.0,,,,,0.0,234311000.0,1.0,156496000.0,156496000.0,,4.501,40885390000.0,0.0,113921000.0,0.0,261.255,
84,CMA,MRQ,2000-06-30,2000-06-30,2000-06-30,2021-09-07,-32617000.0,48151642000.0,,,,,26.868,-18251000.0,2241928000.0,2241928000.0,0.0,206050000.0,,10.457,11770449000.0,,,11770449000.0,0.0,32979000.0,31545381000.0,0.034,0.4,312426000.0,345405000.0,0.506,345405000.0,312426000.0,312426000.0,1.14,1.12,1.14,4202814000.0,,4202814000.0,17838406120.0,14.0,12.751,129783000.0,0.83,1.0,682943000.0,1.0,0.0,0.0,57680163000.0,,0.0,43623561000.0,,,43948828000.0,,,7020309120.0,386818000.0,2631000.0,1668000.0,-752879000.0,-66785000.0,1331641000.0,-1092857000.0,-1077237000.0,148034000.0,0.0,201775000.0,201775000.0,201775000.0,0.0,4275000.0,0.295,366242000.0,316701000.0,0.0,0.351,1.67,8.573,10.223,365650000.0,0.0,44.88,2.472,2.472,0.0,2850981000.0,682943000.0,682943000.0,0.0,,,,,0.0,227981000.0,1.0,156424000.0,156424000.0,,4.366,48151642000.0,0.0,110651000.0,0.0,307.828,
85,CMA,MRQ,2000-03-31,2000-03-31,2000-03-31,2021-09-07,-37345000.0,46661819000.0,,,,,25.805,-9282000.0,1855110000.0,1855110000.0,0.0,197031000.0,,10.5,12533108000.0,,,12533108000.0,0.0,19241000.0,29395744000.0,0.035,0.4,300451000.0,319692000.0,0.476,319692000.0,300451000.0,300451000.0,1.09,1.08,1.09,4057406000.0,,4057406000.0,16774629725.0,14.0,12.619,142651000.0,0.907,1.0,671521000.0,1.0,0.0,0.0,57339817000.0,,0.0,42573093000.0,,,42604413000.0,,,6584921725.0,345350000.0,445274000.0,-10377000.0,807751000.0,-60563000.0,936552000.0,-743135000.0,-1179127000.0,151933000.0,0.0,192756000.0,192756000.0,192756000.0,0.0,4275000.0,0.287,366795000.0,304726000.0,0.0,0.367,1.623,8.44,9.762,364104000.0,0.0,41.88,2.436,2.436,0.0,2714213000.0,671521000.0,671521000.0,0.0,,,,,0.0,230773000.0,1.0,157233088.0,157233088.0,,4.271,46661819000.0,0.0,107695000.0,0.0,296.768,
86,CMA,MRQ,1999-12-31,1999-12-31,1999-12-31,2021-09-07,-31702000.0,38653332000.0,,,,,22.218,-29509000.0,1201990000.0,1201990000.0,0.0,262507000.0,,10.124,11391698000.0,,,11391698000.0,0.0,40716000.0,23291403000.0,0.031,0.36,411745000.0,452461000.0,0.478,452461000.0,411745000.0,411745000.0,1.1,1.07,1.1,3474644000.0,,3474644000.0,16409903480.0,14.0,12.918,390870000.0,2.499,1.0,945784000.0,1.0,0.0,0.0,48843040000.0,,0.0,35569231000.0,,,35178688000.0,,,7301942480.0,-331296000.0,69512000.0,-3849000.0,988154000.0,-60610000.0,1649751000.0,-2401426000.0,-2394908000.0,420379000.0,0.0,258232000.0,258232000.0,258232000.0,0.0,4275000.0,0.273,529764000.0,416020000.0,0.0,0.327,2.101,9.837,11.117,330728000.0,0.0,46.69,2.877,2.877,0.0,2485204000.0,945784000.0,945784000.0,0.0,,,,,0.0,330161000.0,1.0,156392000.0,156392000.0,,6.048,38653332000.0,0.0,153513000.0,0.0,247.157,
87,CMA,MRQ,1999-09-30,1999-09-30,1999-09-30,2021-09-07,-22096000.0,37284990000.0,,,,,21.516,-5328000.0,1485739000.0,1485739000.0,0.0,170414000.0,,10.086,10593700000.0,,,10593700000.0,0.0,22696000.0,22900300000.0,0.028,0.36,258742000.0,281438000.0,0.521,281438000.0,258742000.0,258742000.0,1.06,1.05,1.06,3363262000.0,,3363262000.0,17370410190.0,18.0,16.146,335903000.0,2.149,1.0,539867000.0,1.0,0.0,0.0,46392951000.0,,0.0,33928129000.0,,,33921728000.0,,,7914127190.0,-49982000.0,0.0,1608000.0,-398304000.0,-60507000.0,89515000.0,-480728000.0,-475400000.0,341231000.0,0.0,166139000.0,166139000.0,166139000.0,0.0,4275000.0,0.308,276850000.0,263017000.0,0.0,0.34,2.353,12.412,12.409,336410000.0,0.0,50.63,3.779,3.779,0.0,2379372000.0,539867000.0,539867000.0,0.0,,,,,0.0,175252000.0,1.0,156313000.0,156313000.0,,3.454,37284990000.0,0.0,92603000.0,0.0,238.528,
88,CMA,MRQ,1999-06-30,1999-06-30,1999-06-30,2021-09-07,-26058000.0,36950487000.0,,,,,20.784,-11966000.0,1535721000.0,1535721000.0,0.0,167382000.0,,10.379,10992004000.0,,,10992004000.0,0.0,22607000.0,22353582000.0,0.023,0.36,253138000.0,275745000.0,0.505,275745000.0,253138000.0,253138000.0,1.04,1.03,1.04,3247189000.0,,3247189000.0,18074411280.0,19.0,17.198,121348000.0,0.777,1.0,546293000.0,1.0,0.0,0.0,46406770000.0,,0.0,33536272000.0,,,33703298000.0,,,9286727280.0,46516000.0,0.0,3078000.0,715115000.0,-60413000.0,426031000.0,-512829000.0,-500863000.0,133314000.0,0.0,163107000.0,163107000.0,163107000.0,0.0,4275000.0,0.299,288880000.0,257413000.0,0.0,0.346,2.86,14.938,14.897,345298000.0,0.0,59.44,4.54,4.54,0.0,2271378000.0,546293000.0,546293000.0,0.0,,,,,0.0,178009000.0,1.0,156237000.0,156237000.0,,3.497,36950487000.0,0.0,90031000.0,0.0,236.503,
89,CMA,MRQ,1999-03-31,1999-03-31,1999-03-31,2021-09-07,-3917000.0,36447542000.0,,,,,20.09,-9022000.0,1489205000.0,1489205000.0,0.0,159112000.0,,10.538,10276889000.0,,,10276889000.0,0.0,22670000.0,22585331000.0,0.021,0.36,238037000.0,260707000.0,0.516,260707000.0,238037000.0,238037000.0,0.99,0.98,0.99,3158842000.0,,3158842000.0,16919296250.0,18.0,16.525,249039000.0,1.584,1.0,505726000.0,1.0,0.0,0.0,45235226000.0,,0.0,33098767000.0,,,33288700000.0,,,9817649250.0,-283895000.0,0.0,10392000.0,1402142000.0,-54116000.0,-369384000.0,-172572000.0,-163550000.0,258061000.0,0.0,154837000.0,154837000.0,154837000.0,0.0,4275000.0,0.306,263414000.0,242312000.0,0.0,0.364,3.108,16.235,16.051,347479000.0,0.0,62.44,4.947,4.947,0.0,2168145000.0,505726000.0,505726000.0,0.0,,,,,0.0,167334000.0,1.0,157233332.0,157233332.0,,3.216,36447542000.0,0.0,83200000.0,0.0,231.805,
90,CMA,MRQ,1998-12-31,1998-12-31,1998-12-31,2021-09-07,-6455000.0,36600831000.0,,,,,19.587,-6115000.0,1773100000.0,1773100000.0,0.0,157820000.0,,11.014,8874747000.0,,,8874747000.0,0.0,23120000.0,24313133000.0,0.017,0.32,234811000.0,257931000.0,0.514,257931000.0,234811000.0,234811000.0,0.99,0.97,0.99,3046613000.0,,3046613000.0,18207825460.0,20.0,18.166,228748000.0,1.471,1.0,502137000.0,1.0,0.0,0.0,43702478000.0,,0.0,32974259000.0,,,33554218000.0,,,10597076460.0,409037000.0,0.0,14072000.0,-100065000.0,-53899000.0,1939829000.0,-1765655000.0,-1759540000.0,234863000.0,0.0,153545000.0,153545000.0,153545000.0,0.0,4275000.0,0.306,263051000.0,239086000.0,0.0,0.323,3.478,17.962,17.976,352650000.0,0.0,68.13,5.43,5.43,0.0,2086589000.0,502137000.0,502137000.0,0.0,,,,,0.0,165187000.0,1.0,155542000.0,155542000.0,,3.228,36600831000.0,0.0,81266000.0,0.0,235.312,
91,CMA,MRQ,1998-09-30,1998-09-30,1998-09-30,2021-09-07,2676000.0,34376214000.0,,,,,18.912,-12718000.0,1364063000.0,1364063000.0,0.0,154490000.0,,10.693,8974812000.0,,,8974812000.0,0.0,23131000.0,22233412000.0,0.021,0.32,233453000.0,256584000.0,0.522,256584000.0,233453000.0,233453000.0,0.97,0.95,0.97,2940007000.0,,2940007000.0,15577977550.0,18.0,15.997,103012000.0,0.663,1.0,491549000.0,1.0,0.0,0.0,41986963000.0,,0.0,31265462000.0,,,31436207000.0,,,8520488550.0,-858400000.0,-127184000.0,4795000.0,-313508000.0,-54193000.0,-748127000.0,-226003000.0,-93961000.0,115730000.0,0.0,150215000.0,150215000.0,150215000.0,0.0,4275000.0,0.306,253821000.0,237728000.0,0.0,0.33,2.898,14.894,14.975,361171000.0,0.0,54.81,4.44,4.44,0.0,1999197000.0,491549000.0,491549000.0,0.0,,,,,0.0,157211000.0,1.0,155455000.0,155455000.0,,3.162,34376214000.0,0.0,83238000.0,0.0,221.133,
92,CMA,MRQ,1998-06-30,1998-06-30,1998-06-30,2021-09-07,-5206000.0,35050005000.0,,,,,18.05,-12315000.0,2222463000.0,2222463000.0,0.0,150383000.0,,11.399,9279950000.0,,,9279950000.0,0.0,20950000.0,22618633000.0,0.017,0.32,227699000.0,248649000.0,0.512,248649000.0,227699000.0,227699000.0,0.94,0.92,0.94,2826804000.0,,2826804000.0,18425825560.0,21.0,19.481,389865000.0,2.489,1.0,485273000.0,1.0,0.0,0.0,42107492000.0,,0.0,31225485000.0,,,32223201000.0,,,10356751560.0,339328000.0,2006091000.0,-85267000.0,-770101000.0,-54526000.0,-1484563000.0,1421711000.0,-564205000.0,402180000.0,0.0,146108000.0,146108000.0,146108000.0,0.0,4275000.0,0.301,253299000.0,231974000.0,0.0,0.34,3.664,18.672,18.734,361003000.0,0.0,66.13,5.476,5.476,0.0,1904223000.0,485273000.0,485273000.0,0.0,,,,,0.0,153161000.0,1.0,156612000.0,156612000.0,,3.099,35050005000.0,0.0,81591000.0,0.0,223.802,
93,CMA,MRQ,1998-03-31,1998-03-31,1998-03-31,2021-09-07,4425000.0,36492351000.0,,,,,17.976,-4461000.0,1883135000.0,1883135000.0,0.0,144383000.0,,11.909,10050051000.0,,,10050051000.0,0.0,20846000.0,23193302000.0,0.015,0.213,218312000.0,239158000.0,0.506,239158000.0,218312000.0,218312000.0,0.89,0.88,0.89,2826887000.0,,2826887000.0,19662462499.0,24.0,21.464,-67309000.0,-0.428,1.0,472460000.0,1.0,0.0,0.0,44659267000.0,,0.0,32758240000.0,,,33665464000.0,,,11091869499.0,-43952000.0,0.0,-31399000.0,-447629000.0,-49348000.0,78609000.0,-59713000.0,-55252000.0,-62848000.0,0.0,140108000.0,140108000.0,140108000.0,0.0,4275000.0,0.297,249873000.0,222587000.0,0.0,0.239,3.924,20.772,20.868,362905000.0,0.0,70.533,5.973,5.973,0.0,1814056000.0,472460000.0,472460000.0,0.0,,,,,0.0,149891000.0,1.0,157257129.0,157257129.0,,3.004,36492351000.0,0.0,78204000.0,0.0,232.055,
94,CMA,MRQ,1997-12-31,1997-12-31,1997-12-31,2021-09-07,-1937000.0,36292398000.0,,,,,17.526,-10140000.0,1927087000.0,1927087000.0,0.0,139927000.0,,12.141,10497680000.0,,,10497680000.0,0.0,21428000.0,22586317000.0,0.019,0.287,208003000.0,229431000.0,0.489,229431000.0,208003000.0,208003000.0,0.86,0.85,0.86,2761776000.0,,2761776000.0,18283133000.0,23.0,20.623,35107000.0,0.223,1.0,469646000.0,1.0,0.0,0.0,44862991000.0,,0.0,32679816000.0,,,33530622000.0,,,9481304000.0,40794000.0,0.0,-63926000.0,-234948000.0,-4277000.0,224862000.0,-229315000.0,-219175000.0,45247000.0,0.0,135652000.0,135652000.0,135652000.0,0.0,4275000.0,0.289,257368000.0,212278000.0,0.0,0.334,3.433,18.469,18.57,380157000.0,0.0,60.167,5.196,5.196,0.0,1731419000.0,469646000.0,469646000.0,0.0,,,,,0.0,150728000.0,1.0,157584000.0,157584000.0,,2.98,36292398000.0,0.0,72351000.0,0.0,230.305,
95,CMA,MRQ,1997-09-30,1997-09-30,1997-09-30,2021-09-07,7606000.0,35904883000.0,,,,,16.918,-9869000.0,1886293000.0,1886293000.0,0.0,137067000.0,,12.083,10732628000.0,,,10732628000.0,0.0,21557000.0,22058304000.0,0.021,0.287,207031000.0,228588000.0,0.493,228588000.0,207031000.0,207031000.0,0.84,0.83,0.84,2744354000.0,,2744354000.0,16389180000.0,24.0,21.155,268822000.0,1.657,1.0,463928000.0,1.0,0.0,0.0,44751218000.0,,0.0,32493319000.0,,,33160529000.0,,,8336001000.0,-63558000.0,0.0,-33199000.0,596782000.0,-95009000.0,-149663000.0,-192586000.0,-182717000.0,278691000.0,0.0,132792000.0,132792000.0,132792000.0,0.0,4275000.0,0.286,252622000.0,211306000.0,0.0,0.342,3.038,19.196,18.965,384202000.0,0.0,52.667,4.609,4.723,0.0,1962568000.0,463928000.0,463928000.0,0.0,,,,,0.0,150366000.0,1.0,158278500.0,162214500.0,162214500.0,2.86,35904883000.0,0.0,74239000.0,0.0,221.342,
96,CMA,MRQ,1997-06-30,1997-06-30,1997-06-30,2021-09-07,-13993000.0,35854303000.0,,,,,16.48,-5363000.0,1949851000.0,1949851000.0,0.0,129710000.0,,12.438,10135846000.0,,,10135846000.0,0.0,21449000.0,22676541000.0,0.024,0.287,197441000.0,218890000.0,0.485,218890000.0,197441000.0,197441000.0,0.79,0.78,0.79,2668168000.0,,2668168000.0,15049431000.0,23.0,20.002,19993000.0,0.123,1.0,450975000.0,1.0,0.0,0.0,44040298000.0,,0.0,32305835000.0,,,33186135000.0,,,7183044000.0,245980000.0,0.0,-17462000.0,445091000.0,-50011000.0,906360000.0,-685736000.0,-680373000.0,25356000.0,0.0,125435000.0,125435000.0,125435000.0,0.0,4275000.0,0.278,249259000.0,201716000.0,0.0,0.363,2.692,17.174,17.237,388827000.0,0.0,45.333,4.022,4.11,0.0,1906324000.0,450975000.0,450975000.0,0.0,,,,,0.0,150608000.0,1.0,158449500.0,161899500.0,161899500.0,2.786,35854303000.0,0.0,72006000.0,0.0,221.46,
97,CMA,MRQ,1997-03-31,1997-03-31,1997-03-31,2021-09-07,-49847000.0,34867708000.0,,,,,15.702,-5651000.0,1824368000.0,1824368000.0,0.0,123772000.0,,12.57,9690755000.0,,,9690755000.0,0.0,22470000.0,22147799000.0,0.028,0.287,187167000.0,209637000.0,0.476,209637000.0,187167000.0,187167000.0,0.75,0.74,0.75,2569438000.0,,2569438000.0,,,,237057000.0,1.449,1.0,440179000.0,1.0,0.0,0.0,42734095000.0,,0.0,31463511000.0,,,32298270000.0,,,6000030977.0,-197889000.0,0.0,-92624000.0,926693000.0,-46115000.0,568580000.0,-1009177000.0,-1003526000.0,242708000.0,0.0,119497000.0,119497000.0,119497000.0,0.0,4275000.0,0.271,248737000.0,191442000.0,0.0,0.383,2.335,14.598,14.993,397955000.0,0.0,37.587,3.357,3.441,0.0,1842488000.0,440179000.0,440179000.0,0.0,,,,,0.0,148983000.0,1.0,159631899.0,163633500.0,163633500.0,2.69,34867708000.0,0.0,67670000.0,0.0,213.084,
98,CMA,MRQ,1996-12-31,1996-12-31,1996-12-31,2021-09-07,-22789000.0,34206071000.0,,,,,16.385,1138000.0,1901760000.0,1901760000.0,0.0,60816000.0,,12.078,8764062000.0,,,8764062000.0,0.0,24439000.0,22367173000.0,0.029,0.26,93174000.0,117613000.0,0.259,117613000.0,93174000.0,93174000.0,0.397,0.367,0.397,2615569000.0,,2615569000.0,,,,186862000.0,1.171,1.0,453669000.0,1.0,0.0,0.0,41068373000.0,,0.0,30743184000.0,,,31590502000.0,,,5574345913.0,76725000.0,0.0,-17616000.0,-749842000.0,-46911000.0,-310287000.0,201288000.0,200150000.0,185724000.0,0.0,56541000.0,56541000.0,56541000.0,0.0,4275000.0,0.125,356220000.0,97449000.0,0.0,0.655,2.131,13.658,14.49,407663000.0,0.0,34.92,3.088,3.088,0.0,1854116000.0,453669000.0,453669000.0,0.0,,,,,0.0,154252000.0,1.0,159631899.0,159631899.0,,2.842,34206071000.0,0.0,36633000.0,0.0,214.281,
99,CMA,MRQ,1996-09-30,1996-09-30,1996-09-30,2021-09-07,-42597000.0,34341746000.0,,,,,15.396,-15643000.0,2506029000.0,2506029000.0,0.0,121518000.0,,12.214,9513904000.0,,,9513904000.0,0.0,23531000.0,21863049000.0,0.029,0.26,182710000.0,206241000.0,0.468,206241000.0,182710000.0,182710000.0,0.693,0.693,0.693,2598938000.0,,2598938000.0,,,,232188000.0,1.375,1.0,441095000.0,1.0,0.0,0.0,41349621000.0,,0.0,30241431000.0,,,31742808000.0,,,,147660000.0,106227000.0,-380791000.0,384238000.0,-45138000.0,-140856000.0,40685000.0,-49899000.0,247831000.0,0.0,116768000.0,116768000.0,116768000.0,0.0,4750000.0,0.265,253635000.0,187460000.0,0.0,0.375,,,,425836000.0,0.0,34.333,,,0.0,1844430000.0,441095000.0,441095000.0,0.0,,,,,0.0,151563000.0,1.0,,168807000.0,168807000.0,2.613,34341746000.0,0.0,65942000.0,0.0,203.438,
100,CMA,MRQ,1996-06-30,1996-06-30,1996-06-30,2021-09-07,-81428000.0,35386127000.0,,,,,16.18,-18815000.0,2348814000.0,2348814000.0,0.0,118221000.0,,11.346,9294737000.0,,,9294737000.0,0.0,24634000.0,22948339000.0,0.033,0.26,182083000.0,206717000.0,0.457,206717000.0,182083000.0,182083000.0,0.667,0.667,0.667,2866170000.0,,2866170000.0,,,,32288000.0,0.182,1.0,452279000.0,1.0,0.0,0.0,42332050000.0,,0.0,31318404000.0,,,32519957000.0,,,,447124000.0,5209000.0,-118368000.0,302353000.0,-41267000.0,427354000.0,-31333000.0,-17727000.0,51103000.0,0.0,118221000.0,118221000.0,118221000.0,0.0,0.0,0.261,270196000.0,182083000.0,0.0,0.39,,,,462480000.0,0.0,29.0,,,0.0,1773684000.0,452279000.0,452279000.0,0.0,,,,,0.0,159826000.0,1.0,,177147000.0,177147000.0,2.553,35386127000.0,0.0,63862000.0,0.0,199.756,
101,CMA,MRQ,1996-03-31,1996-03-31,1996-03-31,2021-09-07,-29722000.0,35023481000.0,,,,,15.17,-12718000.0,1333314000.0,1333314000.0,0.0,116606000.0,,11.917,8993107000.0,,,8993107000.0,0.0,24975000.0,22910578000.0,0.034,0.233,179214000.0,204189000.0,0.446,204189000.0,179214000.0,179214000.0,0.653,0.653,0.653,2711424000.0,,2711424000.0,,,,823158000.0,4.605,1.0,458189000.0,1.0,0.0,0.0,42683274000.0,,0.0,31995841000.0,,,32312057000.0,,,,-798124000.0,89023000.0,-70215000.0,-356114000.0,-40098000.0,-1735095000.0,101095000.0,24790000.0,835876000.0,0.0,116606000.0,116606000.0,116606000.0,0.0,0.0,0.254,278975000.0,179214000.0,0.0,0.357,,,,464708000.0,0.0,27.333,,,0.0,1703403000.0,458189000.0,458189000.0,0.0,,,,,0.0,163970000.0,1.0,,178741500.0,178741500.0,2.563,35023481000.0,0.0,62608000.0,0.0,195.945,
0,CMA,MRT,2021-06-30,2021-06-30,2021-06-30,2021-09-07,-120000000.0,88355000000.0,86601500000.0,,,0.037,56.807,-85000000.0,16501000000.0,16501000000.0,0.0,1104000000.0,,10.14,2854000000.0,,,2854000000.0,0.0,104000000.0,76066000000.0,0.038,2.72,1406000000.0,1510000000.0,0.467,1510000000.0,1406000000.0,1406000000.0,7.76,7.68,7.76,7931000000.0,8001750000.0,7931000000.0,-2059024346.0,-1.0,-1.364,102000000.0,0.731,1.0,3235000000.0,1.0,0.0,0.0,74708000000.0,76331000000.0,0.0,65596000000.0,,,80424000000.0,,,9959975654.0,3190000000.0,0.0,-442000000.0,-4302000000.0,-393000000.0,2572000000.0,431000000.0,499000000.0,187000000.0,0.0,1104000000.0,1076000000.0,1076000000.0,0.0,0.0,0.333,1829000000.0,1406000000.0,0.0,0.351,1.256,9.256,9.193,454000000.0,28000000.0,71.34,3.079,3.079,0.0,10202000000.0,3235000000.0,3235000000.0,0.0,0.012,0.134,0.018,0.435,41000000.0,1296000000.0,1.0,139612779.0,139612779.0,,23.171,88355000000.0,0.0,302000000.0,0.0,632.858,
1,CMA,MRT,2021-03-31,2021-03-31,2021-03-31,2021-09-07,-105000000.0,86291000000.0,85612000000.0,,,0.034,58.527,-82000000.0,14871000000.0,14871000000.0,0.0,894000000.0,,9.585,2852000000.0,,,2852000000.0,0.0,107000000.0,73807000000.0,0.038,2.72,1131000000.0,1238000000.0,0.422,1238000000.0,1131000000.0,1131000000.0,6.26,6.2,6.26,8152000000.0,7969500000.0,8152000000.0,-46619490.0,0.0,-0.038,306000000.0,2.197,1.0,2931000000.0,1.0,0.0,0.0,74272000000.0,77243750000.0,0.0,65576000000.0,,,78139000000.0,,,9992380510.0,10016000000.0,0.0,3000000.0,-6738000000.0,-383000000.0,9688000000.0,-60000000.0,20000000.0,388000000.0,0.0,894000000.0,872000000.0,872000000.0,0.0,0.0,0.298,1800000000.0,1131000000.0,0.0,0.435,1.226,11.459,11.46,456000000.0,22000000.0,71.74,3.409,3.409,0.0,9975000000.0,2931000000.0,2931000000.0,0.0,0.01,0.109,0.015,0.386,38000000.0,1266000000.0,1.0,139286040.0,139286040.0,,21.043,86291000000.0,0.0,237000000.0,0.0,619.524,
2,CMA,MRT,2020-12-31,2020-12-31,2020-12-31,2021-09-07,64000000.0,88129000000.0,83123500000.0,,,0.029,57.877,-79000000.0,15767000000.0,15767000000.0,0.0,474000000.0,,9.948,5728000000.0,,,5728000000.0,0.0,108000000.0,72869000000.0,0.049,2.72,591000000.0,699000000.0,0.294,699000000.0,591000000.0,591000000.0,3.29,3.27,3.29,8050000000.0,7782000000.0,8050000000.0,2392447971.0,4.0,3.423,849000000.0,6.104,1.0,2375000000.0,1.0,0.0,0.0,78090000000.0,78970500000.0,0.0,66543000000.0,,,80079000000.0,,,7769447971.0,9949000000.0,0.0,-195000000.0,-1746000000.0,-383000000.0,13623000000.0,-4602000000.0,-4549000000.0,928000000.0,0.0,474000000.0,459000000.0,459000000.0,0.0,0.0,0.193,1784000000.0,591000000.0,0.0,0.827,0.965,16.927,16.979,459000000.0,15000000.0,55.86,3.271,3.271,0.0,9727000000.0,2375000000.0,2375000000.0,0.0,0.006,0.059,0.007,0.249,24000000.0,1224000000.0,1.0,139087862.0,139087862.0,,17.076,88129000000.0,0.0,117000000.0,0.0,633.621,
3,CMA,MRT,2020-09-30,2020-09-30,2020-09-30,2021-09-07,116000000.0,83631000000.0,79441750000.0,,,0.031,56.631,-75000000.0,11141000000.0,11141000000.0,0.0,539000000.0,,9.621,5764000000.0,,,5764000000.0,0.0,112000000.0,68459000000.0,0.071,2.71,678000000.0,790000000.0,0.326,790000000.0,678000000.0,678000000.0,3.75,3.71,3.75,7874000000.0,7601250000.0,7874000000.0,-719744939.0,-1.0,-0.911,866000000.0,6.228,1.0,2426000000.0,1.0,0.0,0.0,78254000000.0,78179000000.0,0.0,66641000000.0,,,75757000000.0,,,5318255061.0,7024000000.0,0.0,-343000000.0,-1716000000.0,-381000000.0,9617000000.0,-3534000000.0,-3479000000.0,941000000.0,0.0,539000000.0,528000000.0,528000000.0,0.0,0.0,0.218,1748000000.0,678000000.0,0.0,0.723,0.675,10.072,10.2,456000000.0,11000000.0,38.25,2.192,2.192,0.0,9511000000.0,2426000000.0,2426000000.0,0.0,0.007,0.069,0.009,0.279,20000000.0,1209000000.0,1.0,139039348.0,139039348.0,,17.448,83631000000.0,0.0,139000000.0,0.0,601.492,
4,CMA,MRT,2020-06-30,2020-06-30,2020-06-30,2021-09-07,158000000.0,84397000000.0,76746000000.0,,,0.033,56.115,-86000000.0,13311000000.0,13311000000.0,0.0,620000000.0,,9.817,7273000000.0,,,7273000000.0,0.0,112000000.0,67720000000.0,0.071,2.7,791000000.0,903000000.0,0.357,903000000.0,791000000.0,791000000.0,4.28,4.23,4.28,7802000000.0,7432750000.0,7802000000.0,10139222718.0,13.0,11.228,1323000000.0,9.516,1.0,2528000000.0,1.0,0.0,0.0,78359000000.0,77638750000.0,0.0,65351000000.0,,,76595000000.0,,,5297222718.0,9730000000.0,0.0,-709000000.0,-1206000000.0,-390000000.0,10338000000.0,-2017000000.0,-1948000000.0,1409000000.0,0.0,620000000.0,615000000.0,615000000.0,0.0,0.0,0.243,1737000000.0,791000000.0,0.0,0.631,0.679,8.613,8.902,450000000.0,5000000.0,38.1,2.095,2.095,0.0,9404000000.0,2528000000.0,2528000000.0,0.0,0.008,0.083,0.01,0.313,19000000.0,1205000000.0,1.0,139034717.0,139034717.0,,18.183,84397000000.0,0.0,171000000.0,0.0,607.021,
5,CMA,MRT,2020-03-31,2020-03-31,2020-03-31,2021-09-07,174000000.0,76337000000.0,73781000000.0,,,0.037,52.368,-85000000.0,4855000000.0,4855000000.0,0.0,800000000.0,,9.313,9697000000.0,,,9697000000.0,0.0,111000000.0,57366000000.0,0.092,2.69,1030000000.0,1141000000.0,0.414,1141000000.0,1030000000.0,1030000000.0,5.38,5.33,5.38,7402000000.0,7313000000.0,7402000000.0,5669093078.0,6.0,4.969,1664000000.0,11.773,1.0,2757000000.0,1.0,0.0,0.0,81179000000.0,77360750000.0,0.0,65721000000.0,,,68935000000.0,,,4147093078.0,1374000000.0,0.0,-1135000000.0,1678000000.0,-398000000.0,3414000000.0,-3789000000.0,-3723000000.0,1749000000.0,0.0,800000000.0,795000000.0,795000000.0,0.0,0.0,0.288,1727000000.0,1030000000.0,0.0,0.5,0.56,5.216,5.454,454000000.0,5000000.0,29.34,1.504,1.504,0.0,9389000000.0,2757000000.0,2757000000.0,0.0,0.011,0.109,0.013,0.374,23000000.0,1201000000.0,1.0,141346049.0,141346049.0,,19.505,76337000000.0,0.0,230000000.0,0.0,540.072,
6,CMA,MRT,2019-12-31,2019-12-31,2019-12-31,2021-09-07,-235000000.0,73402000000.0,72369250000.0,,,0.045,50.827,-86000000.0,5818000000.0,5818000000.0,0.0,1198000000.0,,9.018,7340000000.0,,,7340000000.0,0.0,114000000.0,57295000000.0,0.037,2.68,1532000000.0,1646000000.0,0.503,1646000000.0,1532000000.0,1532000000.0,7.95,7.87,7.95,7327000000.0,7314750000.0,7327000000.0,13588073464.0,9.0,8.255,1004000000.0,6.965,1.0,3275000000.0,1.0,0.0,0.0,74924000000.0,75814000000.0,0.0,62285000000.0,,,66075000000.0,,,10343073464.0,1257000000.0,0.0,-1376000000.0,727000000.0,-402000000.0,661000000.0,-494000000.0,-421000000.0,1090000000.0,0.0,1198000000.0,1191000000.0,1191000000.0,0.0,0.0,0.364,1743000000.0,1532000000.0,0.0,0.337,1.412,8.684,9.025,457000000.0,7000000.0,71.75,3.158,3.158,0.0,9538000000.0,3275000000.0,3275000000.0,0.0,0.016,0.163,0.02,0.468,39000000.0,1224000000.0,1.0,144154334.0,144154334.0,,22.719,73402000000.0,0.0,334000000.0,0.0,509.19,
7,CMA,MRT,2019-09-30,2019-09-30,2019-09-30,2021-09-07,-336000000.0,72848000000.0,71723250000.0,,,0.046,48.205,-87000000.0,4117000000.0,4117000000.0,0.0,1239000000.0,,9.118,7362000000.0,,,7362000000.0,0.0,114000000.0,56809000000.0,0.04,2.61,1581000000.0,1695000000.0,0.51,1695000000.0,1581000000.0,1581000000.0,7.97,7.89,7.97,7200000000.0,7359750000.0,7200000000.0,14566341365.0,9.0,8.594,1431000000.0,9.581,1.0,3321000000.0,1.0,0.0,0.0,76093000000.0,75274000000.0,0.0,63414000000.0,,,65648000000.0,,,9856341365.0,-1722000000.0,0.0,-1729000000.0,667000000.0,-405000000.0,-467000000.0,-2773000000.0,-2702000000.0,1518000000.0,0.0,1239000000.0,1232000000.0,1232000000.0,0.0,0.0,0.371,1740000000.0,1581000000.0,0.0,0.327,1.369,8.0,8.28,467000000.0,7000000.0,65.99,2.968,2.968,0.0,9369000000.0,3321000000.0,3321000000.0,0.0,0.017,0.167,0.021,0.476,44000000.0,1216000000.0,1.0,149361136.0,149361136.0,,22.235,72848000000.0,0.0,342000000.0,0.0,487.731,
8,CMA,MRT,2019-06-30,2019-06-30,2019-06-30,2021-09-07,-382000000.0,72537000000.0,71373250000.0,,,0.047,47.502,-78000000.0,3581000000.0,3581000000.0,0.0,1265000000.0,,8.905,8291000000.0,,,8291000000.0,0.0,117000000.0,55537000000.0,0.035,2.54,1590000000.0,1707000000.0,0.51,1707000000.0,1590000000.0,1590000000.0,7.88,7.79,7.88,7323000000.0,7506250000.0,7323000000.0,15500243200.0,10.0,9.08,1349000000.0,8.751,1.0,3347000000.0,1.0,0.0,0.0,77247000000.0,74278500000.0,0.0,63622000000.0,,,65214000000.0,,,11198243200.0,-2079000000.0,0.0,-1856000000.0,2525000000.0,-362000000.0,-1245000000.0,-2261000000.0,-2197000000.0,1427000000.0,0.0,1265000000.0,1258000000.0,1258000000.0,0.0,0.0,0.376,1757000000.0,1590000000.0,0.0,0.322,1.529,8.902,9.218,470000000.0,7000000.0,72.64,3.346,3.346,0.0,9176000000.0,3347000000.0,3347000000.0,0.0,0.018,0.168,0.021,0.475,46000000.0,1215000000.0,1.0,154160837.0,154160837.0,,21.711,72537000000.0,0.0,325000000.0,0.0,470.528,
9,CMA,MRT,2019-03-31,2019-03-31,2019-03-31,2021-09-07,-513000000.0,70690000000.0,71235750000.0,,,0.048,46.597,-86000000.0,3481000000.0,3481000000.0,0.0,1293000000.0,,8.541,7783000000.0,,,7783000000.0,0.0,118000000.0,54091000000.0,0.03,2.21,1624000000.0,1742000000.0,0.512,1742000000.0,1624000000.0,1624000000.0,7.83,7.72,7.83,7409000000.0,7695250000.0,7409000000.0,13603917686.0,8.0,7.809,1212000000.0,7.623,1.0,3405000000.0,1.0,0.0,0.0,74992000000.0,72958750000.0,0.0,62003000000.0,,,63281000000.0,,,11657917686.0,-3355000000.0,0.0,-1595000000.0,2087000000.0,-309000000.0,-3405000000.0,-1248000000.0,-1175000000.0,1298000000.0,0.0,1293000000.0,1285000000.0,1285000000.0,0.0,0.0,0.377,1781000000.0,1624000000.0,0.0,0.282,1.573,9.072,9.364,474000000.0,8000000.0,73.32,3.424,3.424,0.0,8979000000.0,3405000000.0,3405000000.0,0.0,0.018,0.167,0.022,0.477,48000000.0,1182000000.0,1.0,159000514.0,159000514.0,,21.415,70690000000.0,0.0,331000000.0,0.0,444.59,
10,CMA,MRT,2018-12-31,2018-12-31,2018-12-31,2021-09-07,-609000000.0,70818000000.0,71647000000.0,,,0.046,46.426,-90000000.0,4561000000.0,4561000000.0,0.0,1235000000.0,,8.434,6507000000.0,,,6507000000.0,0.0,120000000.0,55561000000.0,0.027,1.84,1535000000.0,1655000000.0,0.497,1655000000.0,1535000000.0,1535000000.0,7.31,7.2,7.31,7507000000.0,7843000000.0,7507000000.0,11770057189.0,8.0,7.112,1526000000.0,9.437,1.0,3329000000.0,1.0,0.0,0.0,72764000000.0,71996000000.0,0.0,61671000000.0,,,63311000000.0,,,11107057189.0,-1284000000.0,0.0,-1286000000.0,1884000000.0,-263000000.0,-1744000000.0,-1156000000.0,-1081000000.0,1616000000.0,0.0,1235000000.0,1227000000.0,1227000000.0,0.0,0.0,0.369,1794000000.0,1535000000.0,0.0,0.252,1.48,9.052,9.397,475000000.0,8000000.0,68.69,3.336,3.336,0.0,8781000000.0,3329000000.0,3329000000.0,0.0,0.017,0.156,0.021,0.461,48000000.0,1209000000.0,1.0,161698314.0,161698314.0,,20.588,70818000000.0,0.0,300000000.0,0.0,437.964,
11,CMA,MRT,2018-09-30,2018-09-30,2018-09-30,2021-09-07,-611000000.0,71448000000.0,71834250000.0,,,0.046,45.426,-91000000.0,5839000000.0,5839000000.0,0.0,1037000000.0,,8.176,6502000000.0,,,6502000000.0,0.0,120000000.0,56006000000.0,0.017,1.54,1465000000.0,1585000000.0,0.481,1585000000.0,1465000000.0,1465000000.0,6.06,5.96,6.06,7786000000.0,7957000000.0,7786000000.0,15441208111.0,11.0,9.742,1111000000.0,6.482,1.0,3294000000.0,1.0,0.0,0.0,72111000000.0,71393500000.0,0.0,60344000000.0,,,63662000000.0,,,15460208111.0,-365000000.0,0.0,-923000000.0,1425000000.0,-213000000.0,-1660000000.0,93000000.0,160000000.0,1202000000.0,0.0,1037000000.0,1031000000.0,1031000000.0,0.0,0.0,0.313,1829000000.0,1465000000.0,0.0,0.254,1.986,14.995,14.884,472000000.0,6000000.0,90.2,4.693,4.693,0.0,8587000000.0,3294000000.0,3294000000.0,0.0,0.014,0.13,0.021,0.445,51000000.0,1244000000.0,1.0,171399203.0,171399203.0,,19.218,71448000000.0,0.0,428000000.0,0.0,416.851,
12,CMA,MRT,2018-06-30,2018-06-30,2018-06-30,2021-09-07,-589000000.0,71987000000.0,71976500000.0,,,0.045,46.989,-83000000.0,5660000000.0,5660000000.0,0.0,945000000.0,,7.91,5641000000.0,,,5641000000.0,0.0,121000000.0,57210000000.0,0.014,1.24,1418000000.0,1539000000.0,0.472,1539000000.0,1418000000.0,1418000000.0,5.46,5.36,5.46,8079000000.0,8019000000.0,8079000000.0,14438171363.0,10.0,9.382,966000000.0,5.618,1.0,3258000000.0,1.0,0.0,0.0,71968000000.0,71105500000.0,0.0,61164000000.0,,,63908000000.0,,,15632171363.0,29000000.0,0.0,-558000000.0,517000000.0,-203000000.0,-577000000.0,-443000000.0,-399000000.0,1049000000.0,0.0,945000000.0,939000000.0,939000000.0,0.0,0.0,0.288,1840000000.0,1418000000.0,0.0,0.227,1.935,16.648,16.652,467000000.0,6000000.0,90.92,4.798,4.798,0.0,8374000000.0,3258000000.0,3258000000.0,0.0,0.013,0.117,0.02,0.435,49000000.0,1189000000.0,1.0,171933253.0,171933253.0,,18.949,71987000000.0,0.0,473000000.0,0.0,418.692,
13,CMA,MRT,2018-03-31,2018-03-31,2018-03-31,2021-09-07,-553000000.0,72335000000.0,71841500000.0,,,0.044,46.293,-77000000.0,6836000000.0,6836000000.0,0.0,822000000.0,,8.042,5642000000.0,,,5642000000.0,0.0,121000000.0,57635000000.0,0.012,1.16,1301000000.0,1422000000.0,0.451,1422000000.0,1301000000.0,1301000000.0,4.71,4.62,4.71,8000000000.0,7995500000.0,8000000000.0,15364979293.0,12.0,10.805,962000000.0,5.567,1.0,3150000000.0,1.0,0.0,0.0,71141000000.0,70988500000.0,0.0,60646000000.0,,,64335000000.0,,,16577979293.0,-1483000000.0,0.0,-521000000.0,991000000.0,-193000000.0,-1479000000.0,-1043000000.0,-1006000000.0,1039000000.0,0.0,822000000.0,817000000.0,817000000.0,0.0,0.0,0.259,1849000000.0,1301000000.0,0.0,0.246,2.072,20.291,20.367,468000000.0,5000000.0,95.93,5.263,5.263,0.0,8110000000.0,3150000000.0,3150000000.0,0.0,0.011,0.102,0.018,0.413,45000000.0,1170000000.0,1.0,172813294.0,172813294.0,,18.228,72335000000.0,0.0,479000000.0,0.0,418.573,
14,CMA,MRT,2017-12-31,2017-12-31,2017-12-31,2021-09-07,-451000000.0,71567000000.0,72001750000.0,,,0.043,45.787,-69000000.0,5845000000.0,5845000000.0,0.0,743000000.0,,7.987,4632000000.0,,,4632000000.0,0.0,121000000.0,57903000000.0,0.013,1.09,1234000000.0,1355000000.0,0.438,1355000000.0,1234000000.0,1234000000.0,4.23,4.14,4.23,7963000000.0,7978000000.0,7963000000.0,14039564449.0,11.0,10.361,1016000000.0,5.842,1.0,3094000000.0,1.0,0.0,0.0,70354000000.0,70666000000.0,0.0,60761000000.0,,,63604000000.0,,,15097564449.0,-1373000000.0,0.0,-442000000.0,-31000000.0,-180000000.0,-2338000000.0,-120000000.0,-94000000.0,1085000000.0,0.0,743000000.0,738000000.0,738000000.0,0.0,0.0,0.239,1860000000.0,1234000000.0,0.0,0.258,1.896,20.457,20.522,466000000.0,5000000.0,86.81,4.88,4.88,0.0,7887000000.0,3094000000.0,3094000000.0,0.0,0.01,0.093,0.017,0.399,39000000.0,1160000000.0,1.0,173915038.0,173915038.0,,17.79,71567000000.0,0.0,491000000.0,0.0,411.506,
15,CMA,MRT,2017-09-30,2017-09-30,2017-09-30,2021-09-07,-359000000.0,72017000000.0,72354500000.0,,,0.041,45.671,-67000000.0,6204000000.0,6204000000.0,0.0,795000000.0,,7.964,5146000000.0,,,5146000000.0,0.0,121000000.0,57819000000.0,0.013,1.02,1130000000.0,1251000000.0,0.421,1251000000.0,1130000000.0,1130000000.0,4.53,4.42,4.53,8034000000.0,7936250000.0,8034000000.0,13467965234.0,12.0,10.766,867000000.0,4.929,1.0,2968000000.0,1.0,0.0,0.0,70959000000.0,70813750000.0,0.0,60931000000.0,,,63983000000.0,,,13414965234.0,-1836000000.0,0.0,-279000000.0,-169000000.0,-168000000.0,-2637000000.0,-133000000.0,-112000000.0,934000000.0,0.0,795000000.0,789000000.0,789000000.0,0.0,0.0,0.266,1838000000.0,1130000000.0,0.0,0.225,1.67,17.002,16.834,467000000.0,6000000.0,76.26,4.52,4.52,0.0,7746000000.0,2968000000.0,2968000000.0,0.0,0.011,0.099,0.016,0.381,33000000.0,1007000000.0,1.0,175910900.0,175910900.0,,16.872,72017000000.0,0.0,335000000.0,0.0,409.395,
16,CMA,MRT,2017-06-30,2017-06-30,2017-06-30,2021-09-07,-361000000.0,71447000000.0,72881250000.0,,,0.039,45.129,-68000000.0,5631000000.0,5631000000.0,0.0,718000000.0,,7.948,5684000000.0,,,5684000000.0,0.0,122000000.0,56781000000.0,0.013,0.95,1009000000.0,1131000000.0,0.393,1131000000.0,1009000000.0,1009000000.0,4.11,4.0,4.11,7985000000.0,7859500000.0,7985000000.0,9833811756.0,10.0,8.695,824000000.0,4.657,1.0,2877000000.0,1.0,0.0,0.0,71500000000.0,71070500000.0,0.0,61167000000.0,,,63462000000.0,,,12958811756.0,1521000000.0,0.0,-232000000.0,-137000000.0,-159000000.0,-104000000.0,733000000.0,765000000.0,892000000.0,0.0,718000000.0,713000000.0,713000000.0,0.0,0.0,0.248,1868000000.0,1009000000.0,0.0,0.231,1.623,18.175,17.82,484000000.0,5000000.0,73.24,4.504,4.504,0.0,7580000000.0,2877000000.0,2877000000.0,0.0,0.01,0.091,0.014,0.351,33000000.0,1018000000.0,1.0,176936261.0,176936261.0,,16.26,71447000000.0,0.0,291000000.0,0.0,403.801,
17,CMA,MRT,2017-03-31,2017-03-31,2017-03-31,2021-09-07,-379000000.0,72976000000.0,72839500000.0,,,0.038,45.093,-80000000.0,8319000000.0,8319000000.0,0.0,619000000.0,,8.203,5194000000.0,,,5194000000.0,0.0,122000000.0,58863000000.0,0.013,0.91,853000000.0,975000000.0,0.35,975000000.0,853000000.0,853000000.0,3.56,3.45,3.56,7930000000.0,7786750000.0,7930000000.0,10027393144.0,12.0,10.285,562000000.0,3.196,1.0,2782000000.0,1.0,0.0,0.0,69851000000.0,71471250000.0,0.0,60025000000.0,,,65046000000.0,,,12060393144.0,5317000000.0,0.0,-161000000.0,1677000000.0,-155000000.0,3895000000.0,780000000.0,825000000.0,642000000.0,0.0,619000000.0,614000000.0,614000000.0,0.0,0.0,0.221,1929000000.0,853000000.0,0.0,0.256,1.521,19.642,19.264,488000000.0,5000000.0,68.58,4.335,4.335,0.0,7431000000.0,2782000000.0,2782000000.0,0.0,0.008,0.079,0.012,0.307,32000000.0,1037000000.0,1.0,175858751.0,175858751.0,,15.82,72976000000.0,0.0,234000000.0,0.0,414.969,
18,CMA,MRT,2016-12-31,2016-12-31,2016-12-31,2021-09-07,-383000000.0,72978000000.0,71847250000.0,,,0.036,45.256,-95000000.0,7218000000.0,7218000000.0,0.0,477000000.0,,8.361,5185000000.0,,,5185000000.0,0.0,121000000.0,58985000000.0,0.013,0.89,670000000.0,791000000.0,0.304,791000000.0,670000000.0,670000000.0,2.74,2.68,2.74,7796000000.0,7715250000.0,7796000000.0,9594831636.0,14.0,12.13,391000000.0,2.27,1.0,2600000000.0,1.0,0.0,0.0,70945000000.0,71415500000.0,0.0,60819000000.0,,,65182000000.0,,,11732831636.0,1071000000.0,0.0,-163000000.0,2152000000.0,-152000000.0,839000000.0,-254000000.0,-195000000.0,486000000.0,0.0,477000000.0,473000000.0,473000000.0,0.0,0.0,0.182,1930000000.0,670000000.0,0.0,0.325,1.505,24.805,24.858,501000000.0,4000000.0,68.11,4.513,4.513,0.0,7331000000.0,2600000000.0,2600000000.0,0.0,0.007,0.061,0.009,0.258,34000000.0,1042000000.0,1.0,172262981.0,172262981.0,,15.093,72978000000.0,0.0,193000000.0,0.0,423.643,
19,CMA,MRT,2016-09-30,2016-09-30,2016-09-30,2021-09-07,-292000000.0,74124000000.0,71572000000.0,,,0.036,44.433,-112000000.0,8040000000.0,8040000000.0,0.0,429000000.0,,8.593,5902000000.0,,,5902000000.0,0.0,119000000.0,59261000000.0,0.018,0.87,601000000.0,720000000.0,0.282,720000000.0,601000000.0,601000000.0,2.47,2.4,2.47,7727000000.0,7656250000.0,7727000000.0,10052069707.0,17.0,13.961,492000000.0,2.829,1.0,2552000000.0,1.0,0.0,0.0,71986000000.0,70882000000.0,0.0,61123000000.0,,,66397000000.0,,,8229069707.0,840000000.0,0.0,-254000000.0,2097000000.0,-150000000.0,2775000000.0,-2539000000.0,-2449000000.0,604000000.0,0.0,429000000.0,425000000.0,425000000.0,0.0,0.0,0.167,1951000000.0,601000000.0,0.0,0.352,1.065,19.363,19.158,528000000.0,4000000.0,47.32,3.225,3.225,0.0,7262000000.0,2552000000.0,2552000000.0,0.0,0.006,0.056,0.008,0.236,42000000.0,1058000000.0,1.0,173902572.0,173902572.0,,14.675,74124000000.0,0.0,172000000.0,0.0,426.239,
20,CMA,MRT,2016-06-30,2016-06-30,2016-06-30,2021-09-07,-295000000.0,71280000000.0,70794000000.0,,,0.035,43.932,-119000000.0,4110000000.0,4110000000.0,0.0,416000000.0,,8.264,5933000000.0,,,5933000000.0,0.0,117000000.0,56374000000.0,0.021,0.85,587000000.0,704000000.0,0.281,704000000.0,587000000.0,587000000.0,2.36,2.3,2.36,7694000000.0,7630000000.0,7694000000.0,7824260268.0,13.0,11.114,596000000.0,3.403,1.0,2502000000.0,1.0,0.0,0.0,73103000000.0,69640750000.0,0.0,62270000000.0,,,63586000000.0,,,7203260268.0,-1855000000.0,0.0,-227000000.0,2669000000.0,-149000000.0,641000000.0,-3211000000.0,-3114000000.0,715000000.0,0.0,416000000.0,411000000.0,411000000.0,0.0,0.0,0.164,1915000000.0,587000000.0,0.0,0.36,0.936,17.526,17.428,544000000.0,5000000.0,41.13,2.879,2.879,0.0,7157000000.0,2502000000.0,2502000000.0,0.0,0.006,0.054,0.008,0.235,42000000.0,1054000000.0,1.0,175133972.0,175133972.0,,14.286,71280000000.0,0.0,171000000.0,0.0,407.003,
21,CMA,MRT,2016-03-31,2016-03-31,2016-03-31,2021-09-07,-328000000.0,69007000000.0,70460250000.0,,,0.035,43.71,-121000000.0,3002000000.0,3002000000.0,0.0,447000000.0,,8.028,3623000000.0,,,3623000000.0,0.0,118000000.0,56351000000.0,0.022,0.84,640000000.0,758000000.0,0.307,758000000.0,640000000.0,640000000.0,2.52,2.45,2.52,7644000000.0,7587250000.0,7644000000.0,3556632284.0,6.0,4.692,654000000.0,3.74,1.0,2470000000.0,1.0,0.0,0.0,69628000000.0,68084250000.0,0.0,61261000000.0,,,61363000000.0,,,6622632284.0,-2960000000.0,0.0,-209000000.0,844000000.0,-148000000.0,-723000000.0,-3012000000.0,-2914000000.0,775000000.0,0.0,447000000.0,442000000.0,442000000.0,0.0,0.0,0.179,1830000000.0,640000000.0,0.0,0.333,0.866,14.983,15.028,541000000.0,5000000.0,37.87,2.681,2.681,0.0,7097000000.0,2470000000.0,2470000000.0,0.0,0.006,0.058,0.009,0.259,44000000.0,1057000000.0,1.0,174878064.0,174878064.0,,14.124,69007000000.0,0.0,193000000.0,0.0,394.601,
22,CMA,MRT,2015-12-31,2015-12-31,2015-12-31,2021-09-07,-429000000.0,71877000000.0,70542500000.0,,,0.037,42.776,-119000000.0,6147000000.0,6147000000.0,0.0,521000000.0,,8.508,3081000000.0,,,3081000000.0,0.0,118000000.0,59853000000.0,0.02,0.83,750000000.0,868000000.0,0.337,868000000.0,750000000.0,750000000.0,2.93,2.84,2.93,7560000000.0,7551250000.0,7560000000.0,3401817311.0,5.0,3.919,746000000.0,4.221,1.0,2577000000.0,1.0,0.0,0.0,68811000000.0,67212250000.0,0.0,61063000000.0,,,64317000000.0,,,7392817311.0,76000000.0,0.0,-218000000.0,317000000.0,-147000000.0,2466000000.0,-3255000000.0,-3153000000.0,865000000.0,0.0,521000000.0,515000000.0,515000000.0,0.0,0.0,0.2,1827000000.0,750000000.0,0.0,0.283,0.978,14.355,14.276,550000000.0,6000000.0,41.83,2.869,2.869,0.0,7084000000.0,2577000000.0,2577000000.0,0.0,0.007,0.068,0.011,0.291,38000000.0,1062000000.0,1.0,176734815.0,176734815.0,,14.581,71877000000.0,0.0,229000000.0,0.0,406.694,
23,CMA,MRT,2015-09-30,2015-09-30,2015-09-30,2021-09-07,-345000000.0,71012000000.0,69869750000.0,,,0.037,42.837,-110000000.0,7200000000.0,7200000000.0,0.0,554000000.0,,8.317,3209000000.0,,,3209000000.0,0.0,121000000.0,58768000000.0,0.02,0.82,812000000.0,933000000.0,0.364,933000000.0,812000000.0,812000000.0,3.11,3.01,3.11,7622000000.0,7511750000.0,7622000000.0,4244869734.0,5.0,4.55,627000000.0,3.524,1.0,2566000000.0,1.0,0.0,0.0,67021000000.0,66486000000.0,0.0,59039000000.0,,,63390000000.0,,,7312869734.0,-587000000.0,0.0,-210000000.0,923000000.0,-145000000.0,1115000000.0,-2439000000.0,-2354000000.0,737000000.0,0.0,554000000.0,548000000.0,548000000.0,0.0,0.0,0.214,1754000000.0,812000000.0,0.0,0.264,0.959,13.345,13.215,541000000.0,6000000.0,41.1,2.85,2.85,0.0,7007000000.0,2566000000.0,2566000000.0,0.0,0.008,0.073,0.012,0.316,32000000.0,1045000000.0,1.0,177928704.0,177928704.0,,14.422,71012000000.0,0.0,258000000.0,0.0,399.104,
24,CMA,MRT,2015-06-30,2015-06-30,2015-06-30,2021-09-07,-396000000.0,69945000000.0,69338500000.0,,,0.037,42.262,-93000000.0,5965000000.0,5965000000.0,0.0,572000000.0,,8.297,2897000000.0,,,2897000000.0,0.0,122000000.0,58260000000.0,0.016,0.81,840000000.0,962000000.0,0.38,962000000.0,840000000.0,840000000.0,3.2,3.09,3.2,7523000000.0,7464500000.0,7523000000.0,5939441228.0,7.0,6.174,594000000.0,3.337,1.0,2534000000.0,1.0,0.0,0.0,66877000000.0,65723500000.0,0.0,59461000000.0,,,62422000000.0,,,9135441228.0,2071000000.0,0.0,-203000000.0,474000000.0,-144000000.0,4034000000.0,-2650000000.0,-2575000000.0,687000000.0,0.0,572000000.0,566000000.0,566000000.0,0.0,0.0,0.223,1726000000.0,808000000.0,0.0,0.253,1.214,16.14,16.038,541000000.0,6000000.0,51.32,3.605,3.605,0.0,6908000000.0,2534000000.0,2534000000.0,0.0,0.008,0.076,0.013,0.331,36000000.0,1051000000.0,1.0,178009377.0,178009377.0,,14.235,69945000000.0,0.0,268000000.0,0.0,392.929,
25,CMA,MRT,2015-03-31,2015-03-31,2015-03-31,2021-09-07,-370000000.0,69336000000.0,68183500000.0,,,0.037,42.05,-79000000.0,5962000000.0,5962000000.0,0.0,588000000.0,,8.245,2766000000.0,,,2766000000.0,0.0,124000000.0,57570000000.0,0.018,0.8,862000000.0,986000000.0,0.39,986000000.0,862000000.0,862000000.0,3.27,3.16,3.27,7500000000.0,7426000000.0,7500000000.0,4773359451.0,6.0,4.841,684000000.0,3.835,1.0,2527000000.0,1.0,0.0,0.0,66140000000.0,65061000000.0,0.0,58657000000.0,,,61836000000.0,,,8049359451.0,342000000.0,0.0,-217000000.0,-890000000.0,-142000000.0,2695000000.0,-3116000000.0,-3058000000.0,763000000.0,0.0,588000000.0,581000000.0,581000000.0,0.0,0.0,0.23,1697000000.0,830000000.0,0.0,0.245,1.073,13.854,13.801,531000000.0,7000000.0,45.13,3.185,3.185,0.0,6841000000.0,2527000000.0,2527000000.0,0.0,0.009,0.078,0.013,0.341,36000000.0,1042000000.0,1.0,178359394.0,178359394.0,,14.168,69336000000.0,0.0,274000000.0,0.0,388.743,
26,CMA,MRT,2014-12-31,2014-12-31,2014-12-31,2021-09-07,-412000000.0,69186000000.0,67269750000.0,,,0.037,41.194,-70000000.0,6071000000.0,6071000000.0,0.0,593000000.0,,8.347,2791000000.0,,,2791000000.0,0.0,123000000.0,57486000000.0,0.017,0.79,870000000.0,993000000.0,0.4,993000000.0,870000000.0,870000000.0,3.28,3.16,3.28,7402000000.0,7371750000.0,7402000000.0,3500519314.0,4.0,3.525,569000000.0,3.167,1.0,2485000000.0,1.0,0.0,0.0,65906000000.0,64464750000.0,0.0,58149000000.0,,,61784000000.0,,,8416519314.0,-380000000.0,0.0,-211000000.0,-947000000.0,-137000000.0,2724000000.0,-3743000000.0,-3694000000.0,639000000.0,0.0,593000000.0,586000000.0,586000000.0,0.0,0.0,0.236,1647000000.0,838000000.0,0.0,0.241,1.137,14.363,14.28,532000000.0,7000000.0,46.84,3.387,3.387,0.0,6744000000.0,2485000000.0,2485000000.0,0.0,0.009,0.079,0.013,0.35,31000000.0,1037000000.0,1.0,179686578.0,179686578.0,,13.83,69186000000.0,0.0,277000000.0,0.0,385.037,
27,CMA,MRT,2014-09-30,2014-09-30,2014-09-30,2021-09-07,-317000000.0,68887000000.0,66279250000.0,,,0.038,41.106,-70000000.0,7787000000.0,7787000000.0,0.0,561000000.0,,8.268,2871000000.0,,,2871000000.0,0.0,122000000.0,57581000000.0,0.015,0.76,818000000.0,940000000.0,0.376,940000000.0,818000000.0,818000000.0,3.08,2.97,3.08,7433000000.0,7308750000.0,7433000000.0,7917983014.0,10.0,8.423,921000000.0,5.093,1.0,2498000000.0,1.0,0.0,0.0,63971000000.0,63630500000.0,0.0,56696000000.0,,,61454000000.0,,,9015983014.0,699000000.0,0.0,-217000000.0,-834000000.0,-132000000.0,3265000000.0,-3557000000.0,-3508000000.0,991000000.0,0.0,561000000.0,553000000.0,553000000.0,0.0,0.0,0.221,1712000000.0,786000000.0,0.0,0.247,1.213,16.304,16.188,524000000.0,8000000.0,49.86,3.609,3.609,0.0,6631000000.0,2498000000.0,2498000000.0,0.0,0.008,0.076,0.013,0.327,33000000.0,1051000000.0,1.0,180825973.0,180825973.0,,13.814,68887000000.0,0.0,257000000.0,0.0,380.957,
28,CMA,MRT,2014-06-30,2014-06-30,2014-06-30,2021-09-07,-304000000.0,65325000000.0,65225000000.0,,,0.038,40.562,-91000000.0,3894000000.0,3894000000.0,0.0,554000000.0,,7.865,2796000000.0,,,2796000000.0,0.0,121000000.0,54170000000.0,0.015,0.73,806000000.0,927000000.0,0.37,927000000.0,806000000.0,806000000.0,3.03,2.93,3.03,7369000000.0,7192750000.0,7369000000.0,7186751538.0,9.0,7.753,835000000.0,4.596,1.0,2506000000.0,1.0,0.0,0.0,64227000000.0,62981000000.0,0.0,56934000000.0,,,57956000000.0,,,9112751538.0,-31000000.0,0.0,-229000000.0,-887000000.0,-127000000.0,1388000000.0,-2345000000.0,-2292000000.0,926000000.0,0.0,554000000.0,546000000.0,546000000.0,0.0,0.0,0.218,1700000000.0,806000000.0,0.0,0.241,1.237,16.69,16.554,562000000.0,8000000.0,50.16,3.636,3.636,0.0,6520000000.0,2506000000.0,2506000000.0,0.0,0.008,0.076,0.013,0.322,32000000.0,1059000000.0,1.0,181673675.0,181673675.0,,13.794,65325000000.0,0.0,252000000.0,0.0,359.573,
29,CMA,MRT,2014-03-31,2014-03-31,2014-03-31,2021-09-07,-325000000.0,65681000000.0,64630500000.0,,,0.039,40.001,-99000000.0,5620000000.0,5620000000.0,0.0,546000000.0,,8.018,3694000000.0,,,3694000000.0,0.0,121000000.0,53750000000.0,0.014,0.7,792000000.0,913000000.0,0.365,913000000.0,792000000.0,792000000.0,2.97,2.89,2.97,7283000000.0,7078250000.0,7283000000.0,6776306290.0,9.0,7.422,692000000.0,3.801,1.0,2504000000.0,1.0,0.0,0.0,63755000000.0,62612750000.0,0.0,55487000000.0,,,58398000000.0,,,9431306290.0,23000000.0,0.0,-243000000.0,-978000000.0,-125000000.0,144000000.0,-912000000.0,-854000000.0,791000000.0,0.0,546000000.0,538000000.0,538000000.0,0.0,0.0,0.215,1712000000.0,792000000.0,0.0,0.236,1.295,17.53,17.441,583000000.0,8000000.0,51.8,3.766,3.766,0.0,6414000000.0,2504000000.0,2504000000.0,0.0,0.008,0.076,0.013,0.316,32000000.0,1064000000.0,1.0,182071550.0,182071550.0,,13.753,65681000000.0,0.0,246000000.0,0.0,360.743,
30,CMA,MRT,2013-12-31,2013-12-31,2013-12-31,2021-09-07,-391000000.0,65224000000.0,64431500000.0,,,0.039,39.09,-102000000.0,6451000000.0,6451000000.0,0.0,541000000.0,,8.122,3796000000.0,,,3796000000.0,0.0,122000000.0,53292000000.0,0.014,0.68,786000000.0,908000000.0,0.362,908000000.0,786000000.0,786000000.0,2.92,2.85,2.92,7150000000.0,7004500000.0,7150000000.0,5398574155.0,7.0,5.946,734000000.0,4.013,1.0,2508000000.0,1.0,0.0,0.0,62569000000.0,62685250000.0,0.0,54291000000.0,,,58074000000.0,,,8695574155.0,1917000000.0,0.0,-258000000.0,-937000000.0,-123000000.0,-93000000.0,1174000000.0,1214000000.0,836000000.0,0.0,541000000.0,533000000.0,533000000.0,0.0,0.0,0.213,1723000000.0,785000000.0,0.0,0.233,1.216,16.314,16.281,594000000.0,8000000.0,47.54,3.467,3.467,0.0,6318000000.0,2508000000.0,2508000000.0,0.0,0.008,0.076,0.013,0.313,32000000.0,1069000000.0,1.0,182910689.0,182910689.0,,13.712,65224000000.0,0.0,245000000.0,0.0,356.589,
31,CMA,MRT,2013-09-30,2013-09-30,2013-09-30,2021-09-07,-541000000.0,64670000000.0,64392750000.0,,,0.039,37.678,-145000000.0,7088000000.0,7088000000.0,0.0,554000000.0,,8.28,3791000000.0,,,3791000000.0,0.0,125000000.0,52909000000.0,0.017,0.66,856000000.0,981000000.0,0.387,981000000.0,856000000.0,856000000.0,2.96,2.91,2.96,6969000000.0,6952500000.0,6969000000.0,7077840850.0,8.0,7.215,212000000.0,1.146,1.0,2532000000.0,1.0,0.0,0.0,61373000000.0,63384250000.0,0.0,53141000000.0,,,57701000000.0,,,7270840850.0,3150000000.0,0.0,-286000000.0,-917000000.0,-120000000.0,2042000000.0,751000000.0,730000000.0,357000000.0,0.0,554000000.0,546000000.0,546000000.0,0.0,0.0,0.216,1676000000.0,856000000.0,0.0,0.223,1.043,13.317,13.28,604000000.0,8000000.0,39.31,2.872,2.872,0.0,6239000000.0,2532000000.0,2532000000.0,0.0,0.008,0.079,0.014,0.338,32000000.0,1066000000.0,1.0,184961609.0,184961609.0,,13.689,64670000000.0,0.0,302000000.0,0.0,349.64,
32,CMA,MRT,2013-06-30,2013-06-30,2013-06-30,2021-09-07,-538000000.0,62947000000.0,64053750000.0,,,0.039,37.028,-117000000.0,3925000000.0,3925000000.0,0.0,524000000.0,,8.108,3732000000.0,,,3732000000.0,0.0,128000000.0,51255000000.0,0.016,0.64,794000000.0,922000000.0,0.369,922000000.0,794000000.0,794000000.0,2.77,2.74,2.77,6911000000.0,6981250000.0,6911000000.0,6594028011.0,8.0,7.152,385000000.0,2.063,1.0,2502000000.0,1.0,0.0,0.0,62754000000.0,64085750000.0,0.0,54596000000.0,,,56036000000.0,,,7434028011.0,-215000000.0,0.0,-314000000.0,-1007000000.0,-118000000.0,752000000.0,-1469000000.0,-1507000000.0,502000000.0,0.0,524000000.0,517000000.0,517000000.0,0.0,0.0,0.207,1708000000.0,794000000.0,0.0,0.231,1.076,14.379,14.379,604000000.0,7000000.0,39.83,2.971,2.971,0.0,6127000000.0,2502000000.0,2502000000.0,0.0,0.008,0.074,0.012,0.317,32000000.0,1066000000.0,1.0,186643937.0,186643937.0,,13.405,62947000000.0,0.0,270000000.0,0.0,337.257,
33,CMA,MRT,2013-03-31,2013-03-31,2013-03-31,2021-09-07,-410000000.0,64885000000.0,63979500000.0,,,0.039,37.236,-94000000.0,5597000000.0,5597000000.0,0.0,524000000.0,,8.285,4757000000.0,,,4757000000.0,0.0,130000000.0,52117000000.0,0.017,0.62,780000000.0,910000000.0,0.363,910000000.0,780000000.0,780000000.0,2.73,2.71,2.73,6988000000.0,7010500000.0,6988000000.0,7042683546.0,9.0,7.739,700000000.0,3.73,1.0,2506000000.0,1.0,0.0,0.0,64045000000.0,64230750000.0,0.0,54851000000.0,,,57897000000.0,,,6746683546.0,1638000000.0,0.0,-338000000.0,-213000000.0,-106000000.0,3259000000.0,-2415000000.0,-2445000000.0,794000000.0,0.0,524000000.0,517000000.0,517000000.0,0.0,0.0,0.206,1726000000.0,780000000.0,0.0,0.227,0.965,13.05,13.168,618000000.0,7000000.0,35.95,2.692,2.692,0.0,6020000000.0,2506000000.0,2506000000.0,0.0,0.008,0.074,0.012,0.311,33000000.0,1072000000.0,1.0,187668527.0,187668527.0,,13.353,64885000000.0,0.0,256000000.0,0.0,345.743,
34,CMA,MRT,2012-12-31,2012-12-31,2012-12-31,2021-09-07,-413000000.0,65069000000.0,63406500000.0,,,0.04,36.471,-75000000.0,4534000000.0,4534000000.0,0.0,521000000.0,,8.373,4830000000.0,,,4830000000.0,0.0,133000000.0,52191000000.0,0.018,0.55,762000000.0,895000000.0,0.355,895000000.0,762000000.0,762000000.0,2.68,2.67,2.68,6942000000.0,7009750000.0,6942000000.0,6640040237.0,9.0,7.419,617000000.0,3.241,1.0,2519000000.0,1.0,0.0,0.0,65365000000.0,64128000000.0,0.0,55850000000.0,,,58127000000.0,,,5775040237.0,978000000.0,0.0,-305000000.0,-153000000.0,-97000000.0,3962000000.0,-3676000000.0,-3688000000.0,692000000.0,0.0,521000000.0,515000000.0,515000000.0,0.0,0.0,0.204,1757000000.0,762000000.0,0.0,0.205,0.832,11.214,11.321,622000000.0,6000000.0,30.34,2.293,2.293,0.0,5931000000.0,2519000000.0,2519000000.0,0.0,0.008,0.073,0.012,0.303,36000000.0,1083000000.0,1.0,190344108.0,190344108.0,,13.234,65069000000.0,0.0,241000000.0,0.0,341.849,
35,CMA,MRT,2012-09-30,2012-09-30,2012-09-30,2021-09-07,-253000000.0,63314000000.0,62391250000.0,,,0.039,36.611,-121000000.0,3938000000.0,3938000000.0,0.0,486000000.0,,7.938,4803000000.0,,,4803000000.0,0.0,132000000.0,49977000000.0,0.016,0.5,653000000.0,785000000.0,0.319,785000000.0,653000000.0,653000000.0,2.48,2.48,2.48,7084000000.0,6991250000.0,7084000000.0,6692036765.0,10.0,8.525,664000000.0,3.432,1.0,2463000000.0,1.0,0.0,0.0,64179000000.0,63403250000.0,0.0,54262000000.0,,,56230000000.0,,,6008036765.0,-1260000000.0,0.0,-252000000.0,-347000000.0,-89000000.0,1865000000.0,-3910000000.0,-3944000000.0,785000000.0,0.0,486000000.0,481000000.0,481000000.0,0.0,0.0,0.195,1810000000.0,653000000.0,0.0,0.202,0.848,12.491,12.52,625000000.0,5000000.0,31.05,2.439,2.439,0.0,5831000000.0,2463000000.0,2463000000.0,0.0,0.008,0.069,0.01,0.265,36000000.0,1087000000.0,1.0,193495548.0,193495548.0,,12.729,63314000000.0,0.0,167000000.0,0.0,327.212,
36,CMA,MRT,2012-06-30,2012-06-30,2012-06-30,2021-09-07,-301000000.0,62650000000.0,61784750000.0,,,0.04,35.734,-121000000.0,4141000000.0,4141000000.0,0.0,467000000.0,,7.914,4825000000.0,,,4825000000.0,0.0,130000000.0,49388000000.0,0.015,0.45,626000000.0,756000000.0,0.309,756000000.0,626000000.0,626000000.0,2.38,2.38,2.38,7028000000.0,6958000000.0,7028000000.0,7080824513.0,11.0,9.366,659000000.0,3.351,1.0,2450000000.0,1.0,0.0,0.0,63334000000.0,62574250000.0,0.0,53435000000.0,,,55622000000.0,,,6039824513.0,674000000.0,721000000.0,-216000000.0,-776000000.0,-78000000.0,2789000000.0,-2895000000.0,-3612000000.0,780000000.0,0.0,467000000.0,462000000.0,462000000.0,0.0,0.0,0.189,1824000000.0,626000000.0,0.0,0.189,0.859,13.073,12.903,667000000.0,5000000.0,30.71,2.465,2.465,0.0,5744000000.0,2450000000.0,2450000000.0,0.0,0.007,0.066,0.01,0.256,36000000.0,1079000000.0,1.0,196672892.0,196672892.0,,12.457,62650000000.0,0.0,159000000.0,0.0,318.549,
37,CMA,MRT,2012-03-31,2012-03-31,2012-03-31,2021-09-07,-326000000.0,62593000000.0,59657500000.0,,,0.04,35.344,-121000000.0,3960000000.0,3960000000.0,0.0,420000000.0,,7.961,5001000000.0,,,5001000000.0,0.0,126000000.0,49306000000.0,0.012,0.4,570000000.0,696000000.0,0.294,696000000.0,570000000.0,570000000.0,2.19,2.18,2.19,6985000000.0,6710500000.0,6985000000.0,7853211273.0,14.0,11.283,682000000.0,3.451,1.0,2371000000.0,1.0,0.0,0.0,63634000000.0,60727750000.0,0.0,52549000000.0,,,55608000000.0,,,6395211273.0,-486000000.0,721000000.0,-127000000.0,-1522000000.0,-75000000.0,949000000.0,-2238000000.0,-2921000000.0,803000000.0,0.0,420000000.0,416000000.0,416000000.0,0.0,0.0,0.175,1801000000.0,570000000.0,0.0,0.183,0.916,15.373,14.776,670000000.0,4000000.0,32.36,2.697,2.697,0.0,5630000000.0,2371000000.0,2371000000.0,0.0,0.007,0.062,0.009,0.24,36000000.0,1065000000.0,1.0,197627048.0,197627048.0,,11.997,62593000000.0,0.0,150000000.0,0.0,316.723,
38,CMA,MRT,2011-12-31,2011-12-31,2011-12-31,2021-09-07,-356000000.0,61008000000.0,57763500000.0,,,0.04,34.568,-121000000.0,3556000000.0,3556000000.0,0.0,393000000.0,,7.883,5014000000.0,,,5014000000.0,0.0,122000000.0,47755000000.0,0.016,0.4,530000000.0,652000000.0,0.283,652000000.0,530000000.0,530000000.0,2.11,2.09,2.11,6868000000.0,6433500000.0,6868000000.0,5109006359.0,10.0,7.836,675000000.0,3.397,1.0,2301000000.0,1.0,0.0,0.0,62466000000.0,59006500000.0,0.0,52206000000.0,,,54140000000.0,,,5126006359.0,1473000000.0,721000000.0,-112000000.0,-1599000000.0,-73000000.0,1526000000.0,-849000000.0,-1542000000.0,796000000.0,0.0,393000000.0,389000000.0,389000000.0,0.0,0.0,0.169,1771000000.0,530000000.0,0.0,0.19,0.746,13.177,12.227,675000000.0,4000000.0,25.8,2.228,2.228,0.0,5546000000.0,2301000000.0,2301000000.0,0.0,0.007,0.06,0.009,0.23,36000000.0,1041000000.0,1.0,198682417.0,198682417.0,,11.581,61008000000.0,0.0,137000000.0,0.0,307.063,
39,CMA,MRT,2011-09-30,2011-09-30,2011-09-30,2021-09-07,-230000000.0,60888000000.0,55928250000.0,,,0.04,39.321,65000000.0,5198000000.0,5198000000.0,0.0,393000000.0,,7.76,5173000000.0,,,5173000000.0,0.0,120000000.0,47452000000.0,0.017,0.4,527000000.0,647000000.0,0.287,647000000.0,527000000.0,527000000.0,2.19,2.15,2.19,6951000000.0,6164750000.0,6951000000.0,5877583011.0,11.0,9.084,1112000000.0,6.29,1.0,2255000000.0,1.0,0.0,0.0,60863000000.0,57853000000.0,0.0,50327000000.0,,,53937000000.0,,,4060583011.0,1204000000.0,721000000.0,-79000000.0,-2527000000.0,-100000000.0,90000000.0,67000000.0,-538000000.0,1047000000.0,0.0,393000000.0,389000000.0,389000000.0,0.0,0.0,0.173,1728000000.0,527000000.0,0.0,0.183,0.584,10.439,10.489,685000000.0,4000000.0,22.97,1.801,1.801,0.0,5471000000.0,2255000000.0,2255000000.0,0.0,0.007,0.063,0.009,0.234,36000000.0,1005000000.0,1.0,176777667.0,176777667.0,,12.756,60888000000.0,0.0,134000000.0,0.0,344.433,
40,CMA,MRT,2011-06-30,2011-06-30,2011-06-30,2021-09-07,-308000000.0,54141000000.0,54457250000.0,,,0.039,34.157,36000000.0,3466000000.0,3466000000.0,0.0,354000000.0,,7.967,5273000000.0,,,5273000000.0,0.0,121000000.0,41758000000.0,0.01,0.35,467000000.0,588000000.0,0.276,588000000.0,467000000.0,467000000.0,2.02,1.97,2.02,6038000000.0,5891250000.0,6038000000.0,7856966556.0,17.0,13.362,1044000000.0,5.906,1.0,2134000000.0,1.0,0.0,0.0,55948000000.0,57247500000.0,0.0,46048000000.0,,,48103000000.0,,,6110966556.0,-759000000.0,0.0,-25000000.0,-3962000000.0,-91000000.0,-2253000000.0,486000000.0,585000000.0,1008000000.0,0.0,354000000.0,351000000.0,351000000.0,0.0,0.0,0.164,1667000000.0,467000000.0,0.0,0.173,1.012,17.41,17.114,641000000.0,3000000.0,34.57,2.864,2.864,0.0,5395000000.0,2134000000.0,2134000000.0,0.0,0.006,0.06,0.008,0.219,41000000.0,1001000000.0,1.0,176770800.0,176770800.0,,12.072,54141000000.0,0.0,113000000.0,0.0,306.278,
41,CMA,MRT,2011-03-31,2011-03-31,2011-03-31,2021-09-07,-382000000.0,55017000000.0,54893250000.0,,,0.038,33.247,17000000.0,4445000000.0,4445000000.0,0.0,328000000.0,,8.361,6177000000.0,,,6177000000.0,0.0,121000000.0,41873000000.0,0.008,0.3,423000000.0,544000000.0,0.262,544000000.0,423000000.0,423000000.0,1.88,1.83,1.88,5877000000.0,5829750000.0,5877000000.0,10684889564.0,25.0,19.641,1144000000.0,6.472,1.0,2076000000.0,1.0,0.0,0.0,56749000000.0,58491750000.0,0.0,45887000000.0,,,49140000000.0,,,6490889564.0,-143000000.0,0.0,-24000000.0,-4265000000.0,-82000000.0,-2380000000.0,1110000000.0,1136000000.0,1127000000.0,0.0,328000000.0,325000000.0,325000000.0,0.0,0.0,0.157,1653000000.0,423000000.0,0.0,0.16,1.104,19.972,19.532,637000000.0,3000000.0,36.72,3.127,3.127,0.0,5317000000.0,2076000000.0,2076000000.0,0.0,0.006,0.056,0.007,0.204,39000000.0,997000000.0,1.0,176767145.0,176767145.0,,11.744,55017000000.0,0.0,95000000.0,0.0,311.24,
42,CMA,MRT,2010-12-31,2010-12-31,2010-12-31,2021-09-07,-389000000.0,53667000000.0,55415500000.0,,,0.035,32.823,0.0,2083000000.0,2083000000.0,0.0,277000000.0,,8.264,6268000000.0,,,6268000000.0,0.0,124000000.0,40471000000.0,0.006,0.25,332000000.0,456000000.0,0.233,456000000.0,332000000.0,332000000.0,0.9,0.88,0.9,5793000000.0,5777500000.0,5793000000.0,10892006705.0,33.0,23.886,1286000000.0,7.286,1.0,1957000000.0,1.0,0.0,0.0,57852000000.0,60030000000.0,0.0,47036000000.0,,,47874000000.0,,,7455006705.0,-3534000000.0,0.0,845000000.0,-5324000000.0,-72000000.0,-6026000000.0,1206000000.0,1296000000.0,1286000000.0,0.0,277000000.0,153000000.0,153000000.0,-17000000.0,0.0,0.078,1642000000.0,315000000.0,0.0,0.278,1.287,48.726,46.933,630000000.0,124000000.0,42.24,3.809,3.809,0.0,5247000000.0,1957000000.0,1957000000.0,0.0,0.003,0.026,0.006,0.17,31000000.0,982000000.0,1.0,176491636.0,176491636.0,,11.088,53667000000.0,0.0,55000000.0,0.0,304.077,
43,CMA,MRT,2010-09-30,2010-09-30,2010-09-30,2021-09-07,-238000000.0,55004000000.0,56811000000.0,,,0.031,33.218,-85000000.0,3994000000.0,3994000000.0,0.0,152000000.0,,8.391,7431000000.0,,,7431000000.0,0.0,125000000.0,40631000000.0,0.005,0.2,135000000.0,260000000.0,0.149,260000000.0,135000000.0,135000000.0,-0.14,-0.16,-0.14,5857000000.0,6086500000.0,5857000000.0,11590263555.0,86.0,44.578,885000000.0,5.019,1.0,1746000000.0,1.0,0.0,0.0,58441000000.0,61858250000.0,0.0,46254000000.0,,,49147000000.0,,,6550263555.0,976000000.0,0.0,849000000.0,-4346000000.0,-32000000.0,-4742000000.0,4748000000.0,4833000000.0,970000000.0,0.0,152000000.0,-5000000.0,-5000000.0,-17000000.0,0.0,-0.003,1628000000.0,118000000.0,0.0,-1.429,1.118,-1310.053,-265.357,639000000.0,157000000.0,37.15,3.752,3.752,0.0,5171000000.0,1746000000.0,1746000000.0,0.0,0.0,-0.001,0.002,0.077,30000000.0,997000000.0,1.0,176319342.0,176319342.0,,9.902,55004000000.0,0.0,-17000000.0,0.0,311.957,
44,CMA,MRT,2010-06-30,2010-06-30,2010-06-30,2021-09-07,-240000000.0,55885000000.0,57957500000.0,,,0.029,32.849,-73000000.0,4225000000.0,4225000000.0,0.0,112000000.0,,8.649,9265000000.0,,,9265000000.0,0.0,123000000.0,39780000000.0,0.005,0.2,59000000.0,182000000.0,0.109,182000000.0,59000000.0,59000000.0,-0.58,-0.59,-0.58,5792000000.0,6381000000.0,5792000000.0,12289943053.0,208.0,67.527,815000000.0,4.622,1.0,1667000000.0,1.0,0.0,0.0,60925000000.0,64313250000.0,0.0,46957000000.0,,,50093000000.0,,,6493943053.0,-915000000.0,0.0,849000000.0,-4869000000.0,-31000000.0,-7647000000.0,5844000000.0,5930000000.0,888000000.0,0.0,112000000.0,-80000000.0,-80000000.0,-17000000.0,0.0,-0.048,1625000000.0,42000000.0,0.0,-0.345,1.121,-81.174,-63.5,634000000.0,192000000.0,36.83,3.896,3.896,0.0,5124000000.0,1667000000.0,1667000000.0,0.0,-0.001,-0.013,0.001,0.035,24000000.0,984000000.0,1.0,176322103.0,176322103.0,,9.454,55885000000.0,0.0,-53000000.0,0.0,316.948,
45,CMA,MRT,2010-03-31,2010-03-31,2010-03-31,2021-09-07,-303000000.0,57106000000.0,59893750000.0,,,0.026,37.493,-72000000.0,4629000000.0,4629000000.0,0.0,60000000.0,,9.075,10425000000.0,,,10425000000.0,0.0,124000000.0,39966000000.0,0.005,0.2,-75000000.0,49000000.0,0.031,49000000.0,-75000000.0,-75000000.0,-1.09,-1.09,-1.09,5668000000.0,6706250000.0,5668000000.0,11666667937.0,-156.0,238.095,577000000.0,3.817,1.0,1565000000.0,1.0,0.0,0.0,62902000000.0,67221500000.0,0.0,47369000000.0,,,51438000000.0,,,5750667937.0,1078000000.0,7000000.0,847000000.0,-6352000000.0,-30000000.0,-10030000000.0,10459000000.0,10575000000.0,649000000.0,0.0,60000000.0,-165000000.0,-165000000.0,-17000000.0,0.0,-0.105,1657000000.0,-92000000.0,0.0,-0.183,1.015,-34.853,-34.899,637000000.0,225000000.0,38.04,3.675,3.675,0.0,5064000000.0,1565000000.0,1565000000.0,0.0,-0.003,-0.025,-0.001,-0.048,25000000.0,985000000.0,1.0,151174236.0,151174236.0,,10.352,57106000000.0,0.0,-135000000.0,0.0,377.75,
46,CMA,MRT,2009-12-31,2009-12-31,2009-12-31,2021-09-07,-336000000.0,59249000000.0,62459750000.0,,,0.025,46.511,-74000000.0,5617000000.0,5617000000.0,0.0,17000000.0,,7.429,11533000000.0,,,11533000000.0,0.0,122000000.0,39665000000.0,0.007,0.2,-114000000.0,8000000.0,0.005,8000000.0,-114000000.0,-114000000.0,-0.79,-0.79,-0.79,7029000000.0,7085000000.0,7029000000.0,13139760366.0,-115.0,1642.47,17000000.0,0.112,1.0,1535000000.0,1.0,0.0,0.0,65165000000.0,71668250000.0,0.0,48730000000.0,,,52220000000.0,,,4468760366.0,2194000000.0,7000000.0,-1000000.0,-5170000000.0,-72000000.0,-7366000000.0,9469000000.0,9536000000.0,91000000.0,0.0,17000000.0,-118000000.0,-118000000.0,-1000000.0,0.0,-0.077,1650000000.0,-115000000.0,0.0,-0.253,0.636,-37.871,-37.43,644000000.0,135000000.0,29.57,2.911,2.911,0.0,5161000000.0,1535000000.0,1535000000.0,0.0,-0.002,-0.017,-0.002,-0.074,32000000.0,996000000.0,1.0,151124801.0,151124801.0,,10.157,59249000000.0,0.0,-131000000.0,0.0,392.053,
47,CMA,MRT,2009-09-30,2009-09-30,2009-09-30,2021-09-07,-361000000.0,59590000000.0,64534500000.0,,,0.025,46.554,-94000000.0,3018000000.0,3018000000.0,0.0,66000000.0,,7.471,11689000000.0,,,11689000000.0,0.0,120000000.0,39614000000.0,0.016,0.48,-40000000.0,80000000.0,0.05,80000000.0,-40000000.0,-40000000.0,-0.36,-0.37,-0.36,7035000000.0,7115750000.0,7035000000.0,13411538702.0,-335.0,167.644,87000000.0,0.576,1.0,1594000000.0,1.0,0.0,0.0,68261000000.0,75612250000.0,0.0,51642000000.0,,,52555000000.0,,,4483538702.0,1586000000.0,7000000.0,-1000000.0,-7506000000.0,-165000000.0,-5333000000.0,6738000000.0,6825000000.0,181000000.0,0.0,66000000.0,-57000000.0,-57000000.0,-2000000.0,0.0,-0.036,1636000000.0,-42000000.0,0.0,-1.333,0.637,-78.659,-82.417,657000000.0,123000000.0,29.67,2.813,2.813,0.0,5205000000.0,1594000000.0,1594000000.0,0.0,-0.001,-0.008,-0.001,-0.025,35000000.0,1028000000.0,1.0,151113539.0,151113539.0,,10.548,59590000000.0,0.0,-106000000.0,0.0,394.339,
48,CMA,MRT,2009-06-30,2009-06-30,2009-06-30,2021-09-07,-342000000.0,63630000000.0,65925250000.0,,,0.026,46.936,-116000000.0,5140000000.0,5140000000.0,0.0,75000000.0,,7.971,14068000000.0,,,14068000000.0,0.0,120000000.0,40991000000.0,0.052,1.09,-2000000.0,118000000.0,0.068,118000000.0,-2000000.0,-2000000.0,-0.07,-0.08,-0.07,7093000000.0,6632000000.0,7093000000.0,16515194303.0,-8258.0,139.959,225000000.0,1.489,1.0,1746000000.0,1.0,0.0,0.0,72558000000.0,79232750000.0,0.0,53558000000.0,,,56537000000.0,,,3196194303.0,3335000000.0,7000000.0,-1000000.0,-3043000000.0,-256000000.0,-2110000000.0,5104000000.0,5213000000.0,341000000.0,0.0,75000000.0,-13000000.0,-13000000.0,-3000000.0,0.0,-0.007,1751000000.0,-5000000.0,0.0,-15.571,0.451,-245.861,-302.143,667000000.0,88000000.0,21.15,1.831,1.831,0.0,5257000000.0,1746000000.0,1746000000.0,0.0,0.0,-0.002,0.0,-0.001,38000000.0,1036000000.0,1.0,151120298.0,151120298.0,,11.554,63630000000.0,0.0,-77000000.0,0.0,421.055,
49,CMA,MRT,2009-03-31,2009-03-31,2009-03-31,2021-09-07,-238000000.0,67370000000.0,66518500000.0,,,0.028,47.503,-143000000.0,3510000000.0,3510000000.0,0.0,113000000.0,,8.379,16829000000.0,,,16829000000.0,0.0,118000000.0,41894000000.0,0.093,1.7,130000000.0,248000000.0,0.132,248000000.0,130000000.0,130000000.0,0.41,0.4,0.41,7183000000.0,6129250000.0,7183000000.0,16161696774.0,124.0,65.168,238000000.0,1.574,1.0,1872000000.0,1.0,0.0,0.0,80689000000.0,81379750000.0,0.0,58900000000.0,,,60187000000.0,,,2768696774.0,1524000000.0,0.0,0.0,3455000000.0,-349000000.0,452000000.0,691000000.0,834000000.0,381000000.0,0.0,113000000.0,59000000.0,59000000.0,-3000000.0,0.0,0.032,1745000000.0,127000000.0,0.0,4.146,0.385,46.927,44.659,676000000.0,54000000.0,18.31,1.479,1.479,0.0,5252000000.0,1872000000.0,1872000000.0,0.0,0.001,0.01,0.002,0.069,42000000.0,1053000000.0,1.0,151212276.0,151212276.0,,12.38,67370000000.0,0.0,17000000.0,0.0,445.533,
50,CMA,MRT,2008-12-31,2008-12-31,2008-12-31,2021-09-07,-309000000.0,67548000000.0,66430250000.0,,,0.03,47.526,-166000000.0,3423000000.0,3423000000.0,0.0,213000000.0,,8.445,16816000000.0,,,16816000000.0,0.0,114000000.0,41955000000.0,0.116,2.31,272000000.0,386000000.0,0.191,386000000.0,272000000.0,272000000.0,1.29,1.28,1.29,7152000000.0,5647750000.0,7152000000.0,20602144916.0,76.0,53.373,696000000.0,4.625,1.0,2022000000.0,1.0,0.0,0.0,80941000000.0,80780750000.0,0.0,59094000000.0,,,60396000000.0,,,2987144916.0,1909000000.0,0.0,0.0,4908000000.0,-395000000.0,4464000000.0,-3417000000.0,-3251000000.0,862000000.0,0.0,213000000.0,192000000.0,192000000.0,-1000000.0,0.0,0.095,1751000000.0,271000000.0,0.0,1.791,0.418,15.558,15.388,683000000.0,21000000.0,19.85,1.477,1.477,0.0,5345000000.0,2022000000.0,2022000000.0,0.0,0.003,0.034,0.003,0.135,51000000.0,1066000000.0,1.0,150485890.0,150485890.0,,13.436,67548000000.0,0.0,59000000.0,0.0,448.866,
51,CMA,MRT,2008-09-30,2008-09-30,2008-09-30,2021-09-07,-129000000.0,65153000000.0,65126000000.0,,,0.034,33.898,-189000000.0,1432000000.0,1432000000.0,0.0,312000000.0,,11.775,19022000000.0,,,19022000000.0,0.0,112000000.0,39545000000.0,0.08,2.62,426000000.0,538000000.0,0.242,538000000.0,426000000.0,426000000.0,2.05,2.09,2.05,5100000000.0,5139000000.0,5100000000.0,20106289143.0,47.0,37.372,905000000.0,6.015,1.0,2220000000.0,1.0,0.0,0.0,82743000000.0,78668750000.0,0.0,59223000000.0,,,60053000000.0,,,4933289143.0,-2471000000.0,0.0,-47000000.0,7194000000.0,-392000000.0,4932000000.0,-8497000000.0,-8308000000.0,1094000000.0,0.0,306000000.0,306000000.0,306000000.0,-2000000.0,6000000.0,0.138,1790000000.0,430000000.0,0.0,1.278,0.967,16.122,15.995,668000000.0,0.0,32.79,2.222,2.222,0.0,5379000000.0,2220000000.0,2220000000.0,0.0,0.005,0.06,0.005,0.192,54000000.0,1084000000.0,1.0,150451026.0,150451026.0,,14.756,65153000000.0,0.0,120000000.0,0.0,433.051,
52,CMA,MRT,2008-06-30,2008-06-30,2008-06-30,2021-09-07,-207000000.0,66003000000.0,63843250000.0,,,0.037,33.769,-189000000.0,1805000000.0,1805000000.0,0.0,465000000.0,,11.988,16948000000.0,,,16948000000.0,0.0,106000000.0,42322000000.0,0.101,2.6,664000000.0,770000000.0,0.325,770000000.0,664000000.0,664000000.0,3.06,3.08,3.06,5082000000.0,5131000000.0,5082000000.0,15145102066.0,23.0,19.669,801000000.0,5.323,1.0,2367000000.0,1.0,0.0,0.0,81146000000.0,75578000000.0,0.0,59550000000.0,,,60921000000.0,,,3857102066.0,-2199000000.0,0.0,-154000000.0,7753000000.0,-392000000.0,5706000000.0,-8895000000.0,-8705000000.0,990000000.0,0.0,459000000.0,459000000.0,459000000.0,-2000000.0,6000000.0,0.194,1699000000.0,668000000.0,0.0,0.85,0.759,8.403,8.376,674000000.0,0.0,25.63,1.63,1.63,0.0,5451000000.0,2367000000.0,2367000000.0,0.0,0.007,0.089,0.009,0.281,54000000.0,1102000000.0,1.0,150491692.0,150491692.0,,15.728,66003000000.0,0.0,205000000.0,0.0,438.582,
53,CMA,MRT,2008-03-31,2008-03-31,2008-03-31,2021-09-07,-67000000.0,67017000000.0,61985000000.0,,,0.041,34.927,-185000000.0,1986000000.0,1986000000.0,0.0,605000000.0,,11.748,13262000000.0,,,13262000000.0,0.0,100000000.0,46819000000.0,0.074,2.58,860000000.0,960000000.0,0.376,960000000.0,860000000.0,860000000.0,3.97,3.96,3.97,5257000000.0,5112750000.0,5257000000.0,15480029401.0,18.0,16.125,819000000.0,5.441,1.0,2551000000.0,1.0,0.0,0.0,78293000000.0,71558000000.0,0.0,60654000000.0,,,61760000000.0,,,5280029401.0,-1980000000.0,1000000.0,-343000000.0,5584000000.0,-393000000.0,7558000000.0,-10542000000.0,-10357000000.0,1004000000.0,0.0,599000000.0,599000000.0,599000000.0,-2000000.0,6000000.0,0.235,1687000000.0,864000000.0,0.0,0.65,1.004,8.815,8.836,670000000.0,0.0,35.08,2.07,2.07,0.0,5496000000.0,2551000000.0,2551000000.0,0.0,0.01,0.117,0.012,0.337,53000000.0,1116000000.0,1.0,150513951.0,150513951.0,,16.949,67017000000.0,0.0,261000000.0,0.0,445.254,
54,CMA,MRT,2007-12-31,2007-12-31,2007-12-31,2021-09-07,-177000000.0,62331000000.0,59612500000.0,,,0.045,33.883,-189000000.0,1514000000.0,1514000000.0,0.0,686000000.0,,11.181,11676000000.0,,,11676000000.0,0.0,96000000.0,44278000000.0,0.059,2.56,986000000.0,1082000000.0,0.404,1082000000.0,986000000.0,986000000.0,4.45,4.43,4.45,5117000000.0,5076250000.0,5117000000.0,16931818938.0,17.0,15.649,825000000.0,5.463,1.0,2679000000.0,1.0,0.0,0.0,72493000000.0,67551750000.0,0.0,56817000000.0,,,57214000000.0,,,6573818938.0,-2552000000.0,3000000.0,-491000000.0,4970000000.0,-390000000.0,2803000000.0,-6369000000.0,-6183000000.0,1014000000.0,0.0,680000000.0,680000000.0,680000000.0,-4000000.0,6000000.0,0.254,1691000000.0,988000000.0,0.0,0.575,1.285,9.667,9.782,650000000.0,0.0,43.53,2.454,2.454,0.0,5497000000.0,2679000000.0,2679000000.0,0.0,0.011,0.134,0.015,0.368,50000000.0,1121000000.0,1.0,151018124.0,151018124.0,,17.74,62331000000.0,0.0,306000000.0,0.0,412.739,
55,CMA,MRT,2007-09-30,2007-09-30,2007-09-30,2021-09-07,-238000000.0,60022000000.0,58530000000.0,,,0.048,33.12,-183000000.0,1400000000.0,1400000000.0,0.0,866000000.0,,10.843,11758000000.0,,,11758000000.0,0.0,92000000.0,41920000000.0,0.049,2.51,1228000000.0,1320000000.0,0.47,1320000000.0,1228000000.0,1228000000.0,5.57,5.47,5.57,5068000000.0,5085250000.0,5068000000.0,14342827396.0,12.0,10.866,665000000.0,4.346,1.0,2810000000.0,1.0,0.0,0.0,70380000000.0,64572250000.0,0.0,54319000000.0,,,54954000000.0,,,7846827396.0,1478000000.0,3000000.0,-520000000.0,4716000000.0,-388000000.0,-325000000.0,955000000.0,914000000.0,848000000.0,0.0,866000000.0,866000000.0,866000000.0,-116000000.0,0.0,0.308,1698000000.0,1112000000.0,0.0,0.451,1.548,9.061,9.206,635000000.0,0.0,51.28,2.792,2.792,0.0,5475000000.0,2810000000.0,2810000000.0,0.0,0.015,0.17,0.019,0.437,48000000.0,1105000000.0,1.0,153019255.0,153019255.0,,18.364,60022000000.0,0.0,362000000.0,0.0,392.251,
56,CMA,MRT,2007-06-30,2007-06-30,2007-06-30,2021-09-07,-308000000.0,58570000000.0,58143000000.0,,,0.048,32.12,-181000000.0,2589000000.0,2589000000.0,0.0,885000000.0,,10.693,9085000000.0,,,9085000000.0,0.0,87000000.0,43207000000.0,0.041,2.46,1250000000.0,1337000000.0,0.477,1337000000.0,1250000000.0,1250000000.0,5.62,5.52,5.62,5009000000.0,5120250000.0,5009000000.0,14015032974.0,11.0,10.482,791000000.0,5.072,1.0,2804000000.0,1.0,0.0,0.0,65066000000.0,62124500000.0,0.0,52877000000.0,,,53561000000.0,,,9274032974.0,1371000000.0,46000000.0,-611000000.0,2484000000.0,-385000000.0,579000000.0,-3271000000.0,-1434000000.0,972000000.0,0.0,885000000.0,885000000.0,885000000.0,-120000000.0,0.0,0.316,1674000000.0,1130000000.0,0.0,0.438,1.851,10.479,10.582,616000000.0,0.0,59.47,3.307,3.307,0.0,5391000000.0,2804000000.0,2804000000.0,0.0,0.015,0.173,0.02,0.446,49000000.0,1097000000.0,1.0,155944728.0,155944728.0,,17.981,58570000000.0,0.0,365000000.0,0.0,375.582,
57,CMA,MRT,2007-03-31,2007-03-31,2007-03-31,2021-09-07,-284000000.0,57527000000.0,57770500000.0,,,0.048,32.419,-180000000.0,2791000000.0,2791000000.0,0.0,889000000.0,,10.256,7532000000.0,,,7532000000.0,0.0,87000000.0,43670000000.0,0.041,2.41,1255000000.0,1342000000.0,0.482,1342000000.0,1255000000.0,1255000000.0,5.58,5.49,5.58,5111000000.0,5165250000.0,5111000000.0,11894528069.0,9.0,8.863,737000000.0,4.675,1.0,2782000000.0,1.0,0.0,0.0,62268000000.0,60836500000.0,0.0,51698000000.0,,,52416000000.0,,,9320528069.0,1312000000.0,45000000.0,-415000000.0,1493000000.0,-380000000.0,282000000.0,-1471000000.0,-1875000000.0,917000000.0,0.0,889000000.0,889000000.0,889000000.0,-125000000.0,0.0,0.32,1652000000.0,1130000000.0,0.0,0.432,1.824,10.484,10.595,596000000.0,0.0,59.12,3.35,3.35,0.0,5302000000.0,2782000000.0,2782000000.0,0.0,0.015,0.172,0.021,0.451,52000000.0,1073000000.0,1.0,157654399.0,157654399.0,,17.646,57527000000.0,0.0,366000000.0,0.0,364.893,
58,CMA,MRT,2006-12-31,2006-12-31,2006-12-31,2021-09-07,-324000000.0,58001000000.0,57499000000.0,,,0.049,32.438,-163000000.0,4066000000.0,4066000000.0,0.0,893000000.0,,10.256,6640000000.0,,,6640000000.0,0.0,84000000.0,44927000000.0,0.04,2.36,1238000000.0,1322000000.0,0.472,1322000000.0,1238000000.0,1238000000.0,5.57,5.49,5.57,5153000000.0,5161000000.0,5153000000.0,14909625131.0,12.0,11.278,812000000.0,5.112,1.0,2801000000.0,1.0,0.0,0.0,60575000000.0,59755000000.0,0.0,50927000000.0,,,52848000000.0,,,9321625131.0,1488000000.0,43000000.0,-339000000.0,2353000000.0,-377000000.0,4142000000.0,-3629000000.0,-3730000000.0,975000000.0,0.0,893000000.0,893000000.0,893000000.0,-111000000.0,0.0,0.319,1674000000.0,1127000000.0,0.0,0.424,1.809,10.439,10.535,568000000.0,0.0,58.68,3.328,3.328,0.0,5282000000.0,2801000000.0,2801000000.0,0.0,0.016,0.173,0.021,0.442,48000000.0,1062000000.0,1.0,158855234.0,158855234.0,,17.632,58001000000.0,0.0,345000000.0,0.0,365.119,
59,CMA,MRT,2006-09-30,2006-09-30,2006-09-30,2021-09-07,-128000000.0,58474000000.0,56252000000.0,,,0.049,32.106,-149000000.0,4929000000.0,4929000000.0,0.0,801000000.0,,10.228,7044000000.0,,,7044000000.0,0.0,79000000.0,44930000000.0,0.041,2.32,1133000000.0,1212000000.0,0.436,1212000000.0,1133000000.0,1133000000.0,4.96,4.89,4.96,5208000000.0,5139750000.0,5208000000.0,14172076759.0,13.0,11.693,895000000.0,5.517,1.0,2782000000.0,1.0,0.0,0.0,60589000000.0,58308500000.0,0.0,50212000000.0,,,53266000000.0,,,9233076759.0,-339000000.0,43000000.0,-403000000.0,2747000000.0,-374000000.0,3127000000.0,-6278000000.0,-4819000000.0,1044000000.0,0.0,801000000.0,801000000.0,801000000.0,-33000000.0,0.0,0.288,1682000000.0,1100000000.0,0.0,0.468,1.773,11.527,11.476,540000000.0,0.0,56.92,3.319,3.319,0.0,5079000000.0,2782000000.0,2782000000.0,0.0,0.014,0.156,0.019,0.407,49000000.0,1046000000.0,1.0,162211468.0,162211468.0,,17.15,58474000000.0,0.0,332000000.0,0.0,360.48,
60,CMA,MRT,2006-06-30,2006-06-30,2006-06-30,2021-09-07,-226000000.0,57080000000.0,55220750000.0,,,0.052,31.946,-145000000.0,3769000000.0,3769000000.0,0.0,839000000.0,,10.0,6603000000.0,,,6603000000.0,0.0,78000000.0,44126000000.0,0.044,2.28,1196000000.0,1274000000.0,0.446,1274000000.0,1196000000.0,1196000000.0,5.14,5.07,5.14,5189000000.0,5110500000.0,5189000000.0,12782628029.0,11.0,10.033,734000000.0,4.519,1.0,2857000000.0,1.0,0.0,0.0,59914000000.0,57386250000.0,0.0,50174000000.0,,,51891000000.0,,,8444628029.0,-23000000.0,1000000.0,-329000000.0,2314000000.0,-370000000.0,1724000000.0,-1877000000.0,-1586000000.0,879000000.0,0.0,839000000.0,839000000.0,839000000.0,-33000000.0,0.0,0.294,1694000000.0,1163000000.0,0.0,0.444,1.627,10.065,10.115,522000000.0,0.0,51.99,2.956,2.956,0.0,4978000000.0,2857000000.0,2857000000.0,0.0,0.015,0.164,0.021,0.419,47000000.0,1041000000.0,1.0,162427929.0,162427929.0,,17.589,57080000000.0,0.0,357000000.0,0.0,351.417,
61,CMA,MRT,2006-03-31,2006-03-31,2006-03-31,2021-09-07,-198000000.0,56441000000.0,54623000000.0,,,0.053,31.294,-138000000.0,4522000000.0,4522000000.0,0.0,856000000.0,,10.08,6023000000.0,,,6023000000.0,0.0,74000000.0,44096000000.0,0.039,2.24,1221000000.0,1295000000.0,0.449,1295000000.0,1221000000.0,1221000000.0,5.19,5.13,5.19,5094000000.0,5092500000.0,5094000000.0,12149431323.0,10.0,9.382,782000000.0,4.804,1.0,2881000000.0,1.0,0.0,0.0,57942000000.0,56771250000.0,0.0,48708000000.0,,,51347000000.0,,,9436431323.0,-150000000.0,1000000.0,-441000000.0,1367000000.0,-367000000.0,1983000000.0,-2230000000.0,-1667000000.0,920000000.0,0.0,856000000.0,856000000.0,856000000.0,-28000000.0,0.0,0.297,1688000000.0,1193000000.0,0.0,0.432,1.852,11.024,11.17,516000000.0,0.0,57.97,3.275,3.275,0.0,4880000000.0,2881000000.0,2881000000.0,0.0,0.016,0.168,0.022,0.424,47000000.0,1040000000.0,1.0,162781289.0,162781289.0,,17.699,56441000000.0,0.0,365000000.0,0.0,346.729,
62,CMA,MRT,2005-12-31,2005-12-31,2005-12-31,2021-09-07,-170000000.0,53013000000.0,53890250000.0,,,0.052,30.665,-132000000.0,2546000000.0,2546000000.0,0.0,861000000.0,,9.46,4322000000.0,,,4322000000.0,0.0,72000000.0,42431000000.0,0.039,2.2,1254000000.0,1326000000.0,0.47,1326000000.0,1254000000.0,1254000000.0,5.17,5.11,5.17,5068000000.0,5076500000.0,5068000000.0,11931637392.0,10.0,8.998,714000000.0,4.32,1.0,2822000000.0,1.0,0.0,0.0,54789000000.0,56387250000.0,0.0,47193000000.0,,,47945000000.0,,,9380637392.0,470000000.0,1000000.0,-474000000.0,-182000000.0,-366000000.0,502000000.0,-878000000.0,-850000000.0,846000000.0,0.0,861000000.0,861000000.0,861000000.0,-45000000.0,0.0,0.305,1613000000.0,1209000000.0,0.0,0.426,1.851,10.895,10.979,510000000.0,0.0,56.76,3.324,3.324,0.0,4796000000.0,2822000000.0,2822000000.0,0.0,0.016,0.17,0.022,0.444,43000000.0,1017000000.0,1.0,165268453.0,165268453.0,,17.075,53013000000.0,0.0,393000000.0,0.0,320.769,
63,CMA,MRT,2005-09-30,2005-09-30,2005-09-30,2021-09-07,-158000000.0,54349000000.0,53578500000.0,,,0.052,30.436,-103000000.0,1795000000.0,1795000000.0,0.0,861000000.0,,9.676,4346000000.0,,,4346000000.0,0.0,69000000.0,43670000000.0,0.037,2.17,1269000000.0,1338000000.0,0.483,1338000000.0,1269000000.0,1269000000.0,5.12,5.06,5.12,5091000000.0,5085750000.0,5091000000.0,12617259250.0,10.0,9.43,885000000.0,5.291,1.0,2768000000.0,1.0,0.0,0.0,56900000000.0,56480750000.0,0.0,49290000000.0,,,49258000000.0,,,9852259250.0,235000000.0,1000000.0,-348000000.0,-284000000.0,-363000000.0,580000000.0,1436000000.0,-2661000000.0,988000000.0,0.0,861000000.0,861000000.0,861000000.0,-14000000.0,0.0,0.311,1513000000.0,1255000000.0,0.0,0.424,1.935,11.443,11.504,499000000.0,0.0,58.9,3.559,3.559,0.0,4683000000.0,2768000000.0,2768000000.0,0.0,0.016,0.169,0.022,0.458,41000000.0,978000000.0,1.0,167270955.0,167270955.0,,16.548,54349000000.0,0.0,408000000.0,0.0,324.916,
64,CMA,MRT,2005-06-30,2005-06-30,2005-06-30,2021-09-07,-99000000.0,54689000000.0,53231000000.0,,,0.05,30.314,-102000000.0,1687000000.0,1687000000.0,0.0,819000000.0,,9.688,4452000000.0,,,4452000000.0,0.0,68000000.0,44053000000.0,0.037,2.14,1203000000.0,1271000000.0,0.476,1271000000.0,1203000000.0,1203000000.0,4.84,4.78,4.84,5117000000.0,5072000000.0,5117000000.0,12652687685.0,11.0,9.955,1035000000.0,6.131,1.0,2668000000.0,1.0,0.0,0.0,57454000000.0,56272250000.0,0.0,49764000000.0,,,49572000000.0,,,9756687685.0,-178000000.0,0.0,-294000000.0,-470000000.0,-361000000.0,-983000000.0,2478000000.0,-2701000000.0,1137000000.0,0.0,819000000.0,819000000.0,819000000.0,-9000000.0,0.0,0.307,1474000000.0,1194000000.0,0.0,0.442,1.907,11.913,11.942,481000000.0,0.0,57.8,3.657,3.657,0.0,4546000000.0,2668000000.0,2668000000.0,0.0,0.015,0.161,0.021,0.451,35000000.0,959000000.0,1.0,168800825.0,168800825.0,,15.806,54689000000.0,0.0,384000000.0,0.0,323.985,
65,CMA,MRT,2005-03-31,2005-03-31,2005-03-31,2021-09-07,-154000000.0,53510000000.0,53194500000.0,,,0.049,29.554,-97000000.0,1835000000.0,1835000000.0,0.0,794000000.0,,9.638,4731000000.0,,,4731000000.0,0.0,68000000.0,42706000000.0,0.038,2.11,1170000000.0,1238000000.0,0.472,1238000000.0,1170000000.0,1170000000.0,4.66,4.6,4.66,5030000000.0,5026250000.0,5030000000.0,12771462933.0,11.0,10.316,940000000.0,5.523,1.0,2624000000.0,1.0,0.0,0.0,56406000000.0,56291000000.0,0.0,48581000000.0,,,48480000000.0,,,9374462933.0,174000000.0,8000000.0,-290000000.0,-63000000.0,-358000000.0,-1528000000.0,1891000000.0,-1130000000.0,1037000000.0,0.0,794000000.0,794000000.0,794000000.0,-9000000.0,0.0,0.303,1463000000.0,1161000000.0,0.0,0.453,1.864,11.807,11.82,463000000.0,0.0,55.08,3.573,3.573,0.0,4427000000.0,2624000000.0,2624000000.0,0.0,0.015,0.158,0.021,0.446,36000000.0,953000000.0,1.0,170197221.0,170197221.0,,15.417,53510000000.0,0.0,376000000.0,0.0,314.4,
66,CMA,MRT,2004-12-31,2004-12-31,2004-12-31,2021-09-07,-69000000.0,51766000000.0,53434000000.0,,,0.048,29.931,-95000000.0,1139000000.0,1139000000.0,0.0,757000000.0,,9.14,4536000000.0,,,4536000000.0,0.0,68000000.0,40936000000.0,0.034,2.08,1106000000.0,1174000000.0,0.459,1174000000.0,1106000000.0,1106000000.0,4.41,4.36,4.41,5105000000.0,5042000000.0,5105000000.0,13514571200.0,12.0,11.512,933000000.0,5.47,1.0,2555000000.0,1.0,0.0,0.0,55163000000.0,56610000000.0,0.0,47343000000.0,,,46661000000.0,,,10407571200.0,-388000000.0,8000000.0,-298000000.0,-523000000.0,-357000000.0,-1705000000.0,677000000.0,-294000000.0,1028000000.0,0.0,757000000.0,757000000.0,757000000.0,-9000000.0,0.0,0.296,1458000000.0,1097000000.0,0.0,0.472,2.039,13.748,13.837,415000000.0,0.0,61.02,4.073,4.073,0.0,4331000000.0,2555000000.0,2555000000.0,0.0,0.014,0.15,0.02,0.433,34000000.0,944000000.0,1.0,170560000.0,170560000.0,,14.98,51766000000.0,0.0,349000000.0,0.0,303.506,
67,CMA,MRT,2004-09-30,2004-09-30,2004-09-30,2021-09-07,-24000000.0,52959000000.0,53640500000.0,,,0.047,29.382,-101000000.0,1560000000.0,1560000000.0,0.0,708000000.0,,9.516,4667000000.0,,,4667000000.0,0.0,70000000.0,42235000000.0,0.035,2.06,1021000000.0,1091000000.0,0.434,1091000000.0,1021000000.0,1021000000.0,4.09,4.04,4.09,5036000000.0,5043250000.0,5036000000.0,13158293250.0,13.0,12.061,919000000.0,5.362,1.0,2513000000.0,1.0,0.0,0.0,56066000000.0,56858000000.0,0.0,48239000000.0,,,47923000000.0,,,10172293250.0,-395000000.0,8000000.0,-306000000.0,-418000000.0,-356000000.0,-2541000000.0,-286000000.0,1505000000.0,1020000000.0,0.0,708000000.0,708000000.0,708000000.0,0.0,0.0,0.282,1492000000.0,1021000000.0,0.0,0.504,2.02,14.368,14.511,399000000.0,0.0,59.35,4.048,4.048,0.0,4222000000.0,2513000000.0,2513000000.0,0.0,0.013,0.14,0.018,0.406,31000000.0,971000000.0,1.0,171395000.0,171395000.0,,14.662,52959000000.0,0.0,313000000.0,0.0,308.988,
68,CMA,MRT,2004-06-30,2004-06-30,2004-06-30,2021-09-07,-82000000.0,54543000000.0,54099500000.0,,,0.045,28.481,-80000000.0,1865000000.0,1865000000.0,0.0,669000000.0,,10.055,4851000000.0,,,4851000000.0,0.0,71000000.0,43911000000.0,0.037,2.04,962000000.0,1033000000.0,0.42,1033000000.0,962000000.0,962000000.0,3.84,3.8,3.84,4934000000.0,5057500000.0,4934000000.0,12721411200.0,13.0,12.315,896000000.0,5.172,1.0,2459000000.0,1.0,0.0,0.0,57529000000.0,57335500000.0,0.0,49646000000.0,,,49609000000.0,,,9507411200.0,-2691000000.0,8000000.0,-234000000.0,-801000000.0,-354000000.0,-4536000000.0,-1854000000.0,2795000000.0,976000000.0,0.0,669000000.0,669000000.0,669000000.0,0.0,0.0,0.272,1497000000.0,962000000.0,0.0,0.531,1.927,14.211,14.292,389000000.0,0.0,54.88,3.866,3.866,0.0,4125000000.0,2459000000.0,2459000000.0,0.0,0.012,0.132,0.017,0.391,35000000.0,977000000.0,1.0,173240000.0,173240000.0,,14.194,54543000000.0,0.0,293000000.0,0.0,314.841,
69,CMA,MRT,2004-03-31,2004-03-31,2004-03-31,2021-09-07,92000000.0,54468000000.0,55145500000.0,,,0.044,29.193,-68000000.0,1661000000.0,1661000000.0,0.0,647000000.0,,9.695,4875000000.0,,,4875000000.0,0.0,70000000.0,43523000000.0,0.037,2.02,926000000.0,996000000.0,0.413,996000000.0,926000000.0,926000000.0,3.71,3.67,3.71,5093000000.0,5095500000.0,5093000000.0,13039789148.0,14.0,13.092,1212000000.0,6.947,1.0,2411000000.0,1.0,0.0,0.0,57682000000.0,57943750000.0,0.0,49587000000.0,,,49375000000.0,,,9476789148.0,-603000000.0,0.0,-129000000.0,-758000000.0,-351000000.0,-2086000000.0,-1621000000.0,1892000000.0,1280000000.0,0.0,647000000.0,647000000.0,647000000.0,0.0,0.0,0.268,1485000000.0,926000000.0,0.0,0.544,1.861,14.647,14.642,378000000.0,0.0,54.32,3.931,3.931,0.0,4030000000.0,2411000000.0,2411000000.0,0.0,0.012,0.127,0.016,0.384,35000000.0,961000000.0,1.0,174462245.0,174462245.0,,13.82,54468000000.0,0.0,279000000.0,0.0,312.205,
70,CMA,MRT,2003-12-31,2003-12-31,2003-12-31,2021-09-07,74000000.0,52592000000.0,55479750000.0,,,0.044,29.14,-59000000.0,1527000000.0,1527000000.0,0.0,661000000.0,,9.292,5090000000.0,,,5090000000.0,0.0,70000000.0,41463000000.0,0.036,2.0,953000000.0,1023000000.0,0.42,1023000000.0,953000000.0,953000000.0,3.78,3.75,3.78,5110000000.0,5073000000.0,5110000000.0,13011569480.0,14.0,12.719,1262000000.0,7.197,1.0,2436000000.0,1.0,0.0,0.0,56155000000.0,58318750000.0,0.0,48001000000.0,,,47482000000.0,,,9830569480.0,-375000000.0,0.0,-11000000.0,-648000000.0,-347000000.0,-1313000000.0,-1630000000.0,1306000000.0,1321000000.0,0.0,661000000.0,661000000.0,661000000.0,0.0,0.0,0.271,1483000000.0,953000000.0,0.0,0.529,1.924,14.872,14.831,374000000.0,0.0,56.06,4.036,4.036,0.0,3973000000.0,2436000000.0,2436000000.0,0.0,0.012,0.13,0.016,0.391,28000000.0,958000000.0,1.0,175358000.0,175358000.0,,13.892,52592000000.0,0.0,292000000.0,0.0,299.912,
71,CMA,MRT,2003-09-30,2003-09-30,2003-09-30,2021-09-07,111000000.0,54795000000.0,55657000000.0,,,0.045,29.059,-68000000.0,1955000000.0,1955000000.0,0.0,709000000.0,,9.759,5136000000.0,,,5136000000.0,0.0,70000000.0,43696000000.0,0.042,1.98,1031000000.0,1101000000.0,0.439,1101000000.0,1031000000.0,1031000000.0,4.07,4.04,4.07,5093000000.0,5032250000.0,5093000000.0,9402442200.0,9.0,8.54,1175000000.0,6.704,1.0,2508000000.0,1.0,0.0,0.0,57976000000.0,58577000000.0,0.0,49724000000.0,,,49702000000.0,,,8167442200.0,-216000000.0,0.0,13000000.0,-1066000000.0,-343000000.0,1658000000.0,-3113000000.0,64000000.0,1243000000.0,0.0,709000000.0,709000000.0,709000000.0,0.0,0.0,0.283,1477000000.0,1031000000.0,0.0,0.486,1.604,11.52,11.45,368000000.0,0.0,46.6,3.257,3.257,0.0,3909000000.0,2508000000.0,2508000000.0,0.0,0.013,0.141,0.018,0.411,46000000.0,944000000.0,1.0,175267000.0,175267000.0,,14.31,54795000000.0,0.0,322000000.0,0.0,312.637,
72,CMA,MRT,2003-06-30,2003-06-30,2003-06-30,2021-09-07,181000000.0,58727000000.0,55107500000.0,,,0.043,29.035,-78000000.0,4556000000.0,4556000000.0,0.0,576000000.0,,10.547,5791000000.0,,,5791000000.0,0.0,70000000.0,47058000000.0,0.042,1.96,831000000.0,901000000.0,0.38,901000000.0,831000000.0,831000000.0,3.31,3.29,3.31,5086000000.0,4976500000.0,5086000000.0,11522172500.0,14.0,12.788,1449000000.0,8.272,1.0,2374000000.0,1.0,0.0,0.0,59962000000.0,58242750000.0,0.0,51020000000.0,,,53641000000.0,,,8145172500.0,2808000000.0,8000000.0,-8000000.0,-1058000000.0,-339000000.0,7476000000.0,-3386000000.0,-2739000000.0,1527000000.0,0.0,576000000.0,576000000.0,576000000.0,0.0,0.0,0.243,1543000000.0,831000000.0,0.0,0.592,1.601,14.141,14.048,371000000.0,0.0,46.5,3.431,3.431,0.0,3842000000.0,2374000000.0,2374000000.0,0.0,0.01,0.116,0.014,0.35,39000000.0,928000000.0,1.0,175165000.0,175165000.0,,13.553,58727000000.0,0.0,255000000.0,0.0,335.267,
73,CMA,MRT,2003-03-31,2003-03-31,2003-03-31,2021-09-07,192000000.0,55805000000.0,53071500000.0,,,0.044,28.562,-78000000.0,2264000000.0,2264000000.0,0.0,563000000.0,,10.154,5641000000.0,,,5641000000.0,0.0,75000000.0,44373000000.0,0.051,1.94,814000000.0,889000000.0,0.378,889000000.0,814000000.0,814000000.0,3.22,3.2,3.22,5003000000.0,4928500000.0,5003000000.0,10522102468.0,13.0,11.836,1133000000.0,6.468,1.0,2349000000.0,1.0,0.0,0.0,59182000000.0,57137750000.0,0.0,50242000000.0,,,50802000000.0,,,6635102468.0,458000000.0,8000000.0,-89000000.0,-1596000000.0,-337000000.0,4890000000.0,-3318000000.0,-2255000000.0,1211000000.0,0.0,563000000.0,563000000.0,563000000.0,0.0,0.0,0.24,1535000000.0,814000000.0,0.0,0.602,1.326,11.785,11.764,369000000.0,0.0,37.88,2.825,2.825,0.0,3761000000.0,2349000000.0,2349000000.0,0.0,0.011,0.114,0.014,0.347,25000000.0,920000000.0,1.0,175161100.0,175161100.0,,13.411,55805000000.0,0.0,251000000.0,0.0,318.592,
74,CMA,MRT,2002-12-31,2002-12-31,2002-12-31,2021-09-07,237000000.0,53301000000.0,51676500000.0,,,0.046,28.315,-80000000.0,1902000000.0,1902000000.0,0.0,601000000.0,,9.774,5789000000.0,,,5789000000.0,0.0,73000000.0,41775000000.0,0.044,1.92,882000000.0,955000000.0,0.398,955000000.0,882000000.0,882000000.0,3.43,3.4,3.43,4947000000.0,4875000000.0,4947000000.0,11596590120.0,13.0,12.143,1148000000.0,6.571,1.0,2397000000.0,1.0,0.0,0.0,57188000000.0,56214500000.0,0.0,46989000000.0,,,48354000000.0,,,7554590120.0,-23000000.0,8000000.0,-160000000.0,-1891000000.0,-331000000.0,1830000000.0,-1436000000.0,-1565000000.0,1228000000.0,0.0,601000000.0,601000000.0,601000000.0,0.0,0.0,0.251,1515000000.0,882000000.0,0.0,0.56,1.527,12.57,12.606,371000000.0,0.0,43.24,3.152,3.152,0.0,3684000000.0,2397000000.0,2397000000.0,0.0,0.012,0.123,0.016,0.368,25000000.0,906000000.0,1.0,174713000.0,174713000.0,,13.72,53301000000.0,0.0,281000000.0,0.0,305.077,
75,CMA,MRT,2002-09-30,2002-09-30,2002-09-30,2021-09-07,292000000.0,52597000000.0,51038750000.0,,,0.048,27.857,-85000000.0,2171000000.0,2171000000.0,0.0,594401000.0,,9.8,6213000000.0,,,6213000000.0,0.0,93000000.0,40649000000.0,0.039,1.88,893959000.0,986959000.0,0.405,986959000.0,893959000.0,893959000.0,3.37,3.33,3.37,4870000000.0,4840000000.0,4870000000.0,13389013280.0,15.0,13.566,1082000000.0,6.189,1.0,2435748000.0,1.0,0.0,0.0,56639000000.0,56003250000.0,0.0,47197000000.0,,,47727000000.0,,,8430013280.0,11000000.0,32000000.0,-214000000.0,-827000000.0,-325000000.0,2161000000.0,-271000000.0,-3303000000.0,1167000000.0,0.0,594009000.0,594009000.0,594009000.0,0.0,392000.0,0.244,1541397000.0,894351000.0,0.0,0.558,1.731,14.192,14.309,356000000.0,0.0,48.22,3.461,3.461,0.0,3565000000.0,2435748000.0,2435748000.0,0.0,0.012,0.123,0.016,0.367,0.0,928308000.0,1.0,174824000.0,174824000.0,,13.933,52597000000.0,0.0,299950000.0,0.0,300.857,
76,CMA,MRT,2002-06-30,2002-06-30,2002-06-30,2021-09-07,243000000.0,50583000000.0,50322750000.0,,,0.053,27.772,-73000000.0,1748000000.0,1748000000.0,0.0,779401000.0,,9.336,6707000000.0,,,6707000000.0,0.0,99000000.0,38182000000.0,0.023,1.4,1182959000.0,1281959000.0,0.482,1281959000.0,1182959000.0,1182959000.0,4.39,4.33,4.39,4894000000.0,4822000000.0,4894000000.0,16083846600.0,14.0,12.546,784000000.0,4.449,1.0,2658748000.0,1.0,0.0,0.0,55542000000.0,55469500000.0,0.0,45725000000.0,,,45689000000.0,,,10819846600.0,-16000000.0,45000000.0,-194000000.0,-153000000.0,-327000000.0,218000000.0,994000000.0,-2040000000.0,857000000.0,0.0,775009000.0,775009000.0,775009000.0,0.0,4392000.0,0.291,1471397000.0,1187351000.0,0.0,0.319,2.211,13.961,13.986,354000000.0,0.0,61.4,4.07,4.07,0.0,3627000000.0,2658748000.0,2658748000.0,0.0,0.015,0.161,0.021,0.445,0.0,922308000.0,1.0,176219000.0,176219000.0,,15.088,50583000000.0,0.0,407950000.0,0.0,287.046,
77,CMA,MRT,2002-03-31,2002-03-31,2002-03-31,2021-09-07,142000000.0,50225000000.0,49999000000.0,,,0.056,26.892,-69000000.0,1806000000.0,1806000000.0,0.0,830401000.0,,9.488,7070000000.0,,,7070000000.0,0.0,100000000.0,37461000000.0,0.022,1.36,1269959000.0,1369959000.0,0.493,1369959000.0,1269959000.0,1269959000.0,4.65,4.58,4.65,4789000000.0,4786250000.0,4789000000.0,15914004740.0,13.0,11.616,888000000.0,4.986,1.0,2778748000.0,1.0,0.0,0.0,55489000000.0,55155250000.0,0.0,45543000000.0,,,45436000000.0,,,11142590740.0,-203000000.0,45000000.0,-152000000.0,-935000000.0,-325000000.0,-975000000.0,1488000000.0,-1042000000.0,957000000.0,0.0,823009000.0,823009000.0,823009000.0,0.0,7392000.0,0.296,1501397000.0,1277351000.0,0.0,0.292,2.327,13.539,13.456,353000000.0,0.0,62.57,4.01,4.01,0.0,3563000000.0,2778748000.0,2778748000.0,0.0,0.016,0.172,0.023,0.457,0.0,926308000.0,1.0,178082000.0,178082000.0,,15.604,50225000000.0,0.0,446950000.0,0.0,282.033,
78,CMA,MRT,2001-12-31,2001-12-31,2001-12-31,2021-09-07,225000000.0,50750000000.0,50010250000.0,,,0.054,26.993,-68000000.0,1925000000.0,1925000000.0,0.0,710000000.0,,9.558,7518000000.0,,,7518000000.0,0.0,111000000.0,37570000000.0,0.023,1.32,1099000000.0,1210000000.0,0.448,1210000000.0,1099000000.0,1099000000.0,3.93,3.88,3.93,4807000000.0,4756000000.0,4807000000.0,14975512600.0,14.0,12.376,872000000.0,4.897,1.0,2698000000.0,1.0,0.0,0.0,56343000000.0,55347250000.0,0.0,45929000000.0,,,45943000000.0,,,10204098600.0,-6000000.0,45000000.0,-55000000.0,-2957000000.0,-314000000.0,128000000.0,779000000.0,-1723000000.0,940000000.0,0.0,698000000.0,698000000.0,698000000.0,0.0,12000000.0,0.259,1587000000.0,1111000000.0,0.0,0.336,2.123,14.619,14.58,353000000.0,0.0,57.3,3.782,3.782,0.0,3448000000.0,2698000000.0,2698000000.0,0.0,0.014,0.147,0.02,0.407,0.0,912000000.0,1.0,178082000.0,178082000.0,,15.15,50750000000.0,0.0,401000000.0,0.0,284.981,
79,CMA,MRT,2001-09-30,2001-09-30,2001-09-30,2021-09-07,286000000.0,49733000000.0,49706264000.0,,,0.054,26.959,-34934000.0,2160000000.0,2160000000.0,0.0,683861000.0,,9.365,6931000000.0,,,6931000000.0,0.0,102988000.0,37134000000.0,0.023,1.28,1055419000.0,1158407000.0,0.432,1158407000.0,1055419000.0,1055419000.0,3.77,3.71,3.77,4798000000.0,4679289750.0,4798000000.0,14857662000.0,14.0,12.826,980195000.0,5.507,1.0,2679153000.0,1.0,0.0,0.0,54504000000.0,55757150500.0,0.0,44514000000.0,,,44935000000.0,,,9859815000.0,200729000.0,-931000.0,17746000.0,-4411557000.0,-302760000.0,122289000.0,2756311000.0,-960824000.0,1015129000.0,0.0,667686000.0,667686000.0,667686000.0,0.0,16175000.0,0.249,1607559000.0,1071594000.0,0.0,0.34,2.055,14.767,14.695,350000000.0,0.0,55.4,3.68,3.68,0.0,3329000000.0,2679153000.0,2679153000.0,0.0,0.013,0.143,0.019,0.394,0.0,935935000.0,1.0,177975000.0,177975000.0,,15.054,49733000000.0,0.0,387733000.0,0.0,279.438,
80,CMA,MRT,2001-06-30,2001-06-30,2001-06-30,2021-09-07,119000000.0,49288000000.0,47494361500.0,,,0.057,26.62,-43467000.0,1764000000.0,1764000000.0,0.0,689919000.0,,9.374,6761000000.0,,,6761000000.0,0.0,105780000.0,37046000000.0,0.029,1.68,1065123000.0,1170903000.0,0.435,1170903000.0,1065123000.0,1065123000.0,3.8,3.74,3.8,4751000000.0,4441212250.0,4751000000.0,16267204200.0,15.0,13.893,1045566000.0,5.858,1.0,2691536000.0,1.0,0.0,0.0,54285000000.0,54712372250.0,0.0,44751000000.0,,,44537000000.0,,,10279987200.0,-478168000.0,-5905000.0,-14291000.0,-5065872000.0,-283652000.0,125807000.0,1999992000.0,-1709636000.0,1089033000.0,0.0,673469000.0,673469000.0,673469000.0,0.0,16450000.0,0.25,1609963000.0,1081573000.0,0.0,0.442,2.164,15.264,15.158,356000000.0,0.0,57.6,3.819,3.819,0.0,3211000000.0,2691536000.0,2691536000.0,0.0,0.014,0.152,0.019,0.396,0.0,947246000.0,1.0,178472000.0,178472000.0,,15.081,49288000000.0,0.0,391654000.0,0.0,276.167,
81,CMA,MRT,2001-03-31,2001-03-31,2001-03-31,2021-09-07,127000000.0,50270000000.0,47210272000.0,,,0.057,29.781,-49718000.0,2009000000.0,2009000000.0,0.0,687969000.0,,9.769,7996000000.0,,,7996000000.0,0.0,114759000.0,36786000000.0,0.027,1.64,1059549000.0,1174308000.0,0.44,1174308000.0,1059549000.0,1059549000.0,3.79,3.73,3.79,4668000000.0,4304165750.0,4668000000.0,19079130000.0,18.0,16.247,967349000.0,6.172,1.0,2671479000.0,1.0,0.0,0.0,56257000000.0,55561163000.0,0.0,45478000000.0,,,45602000000.0,,,9639633000.0,153650000.0,-3274000.0,22377000.0,-4619751000.0,-267437000.0,2511448000.0,318135000.0,-3388873000.0,1017067000.0,0.0,670244000.0,670244000.0,670244000.0,0.0,17725000.0,0.251,1594205000.0,1077274000.0,0.0,0.433,2.065,14.382,16.227,360000000.0,0.0,61.5,3.608,3.608,0.0,3087000000.0,2671479000.0,2671479000.0,0.0,0.014,0.156,0.019,0.397,0.0,946227000.0,1.0,156742000.0,156742000.0,,17.044,50270000000.0,0.0,389305000.0,0.0,320.718,
82,CMA,MRT,2000-12-31,2000-12-31,2000-12-31,2021-09-07,12097000.0,49534056000.0,46308226750.0,,,0.059,28.711,-46000000.0,1930682000.0,1930682000.0,0.0,791000000.0,,10.007,10379228000.0,,,10379228000.0,0.0,108000000.0,33854283000.0,0.027,1.6,1205000000.0,1313000000.0,0.48,1313000000.0,1205000000.0,1205000000.0,4.38,4.31,4.38,4500159000.0,4151517250.0,4500159000.0,18746836960.0,16.0,14.278,865000000.0,5.519,1.0,2733000000.0,1.0,0.0,0.0,57982602000.0,55831867250.0,0.0,45182397000.0,,,45033897000.0,,,9307339960.0,421000000.0,442000000.0,-19000000.0,-1349000000.0,-261000000.0,3029000000.0,174000000.0,-4089000000.0,911000000.0,0.0,774000000.0,774000000.0,774000000.0,0.0,17000000.0,0.283,1511000000.0,1222000000.0,0.0,0.365,2.068,12.025,13.557,347962000.0,0.0,59.38,3.406,3.406,0.0,3085784000.0,2733000000.0,2733000000.0,0.0,0.017,0.186,0.022,0.441,0.0,950000000.0,1.0,156742000.0,156742000.0,,17.436,49534056000.0,0.0,431000000.0,0.0,316.023,
83,CMA,MRT,2000-09-30,2000-09-30,2000-09-30,2021-09-07,-14879000.0,40885390000.0,43588045750.0,,,0.069,24.574,-74575000.0,1519051000.0,1519051000.0,0.0,880646000.0,,9.631,10958548000.0,,,10958548000.0,0.0,119728000.0,25519938000.0,0.027,1.56,1349326000.0,1469054000.0,0.489,1469054000.0,1349326000.0,1349326000.0,4.52,4.44,4.52,3845690000.0,3895138500.0,3845690000.0,18991882240.0,14.0,12.928,986675000.0,6.305,1.0,3004631000.0,1.0,0.0,0.0,50324887000.0,53546976750.0,0.0,37375231000.0,,,37039700000.0,,,9145626240.0,117975000.0,533443000.0,-43595000.0,451711000.0,-254850000.0,3729462000.0,-4672737000.0,-5085084000.0,1061250000.0,0.0,863546000.0,863546000.0,863546000.0,0.0,17100000.0,0.287,1638205000.0,1366426000.0,0.0,0.345,2.378,10.591,12.929,312992000.0,0.0,58.44,3.044,3.044,0.0,2821076000.0,3004631000.0,3004631000.0,0.0,0.02,0.222,0.025,0.449,0.0,1023226000.0,1.0,156496000.0,156496000.0,,19.199,40885390000.0,0.0,485780000.0,0.0,261.255,
84,CMA,MRT,2000-06-30,2000-06-30,2000-06-30,2021-09-07,-32617000.0,48151642000.0,42687945750.0,,,0.067,26.868,-62370000.0,2241928000.0,2241928000.0,0.0,836002000.0,,10.457,11770449000.0,,,11770449000.0,0.0,115632000.0,31545381000.0,0.034,1.52,1283364000.0,1398996000.0,0.493,1398996000.0,1283364000.0,1283364000.0,4.39,4.32,4.39,4202814000.0,3774531500.0,4202814000.0,17838406120.0,14.0,12.751,999207000.0,6.388,1.0,2840115000.0,1.0,0.0,0.0,57680163000.0,52563992750.0,0.0,43623561000.0,,,43948828000.0,,,7020309120.0,350890000.0,517417000.0,-10950000.0,644722000.0,-248465000.0,4007459000.0,-4718146000.0,-5126672000.0,1061577000.0,0.0,818902000.0,818902000.0,818902000.0,0.0,17100000.0,0.288,1539651000.0,1300464000.0,0.0,0.346,1.67,8.573,10.223,365650000.0,0.0,44.88,2.472,2.472,0.0,2850981000.0,2840115000.0,2840115000.0,0.0,0.019,0.217,0.024,0.452,0.0,964167000.0,1.0,156424000.0,156424000.0,,18.157,48151642000.0,0.0,464462000.0,0.0,307.828,
85,CMA,MRT,2000-03-31,2000-03-31,2000-03-31,2021-09-07,-37345000.0,46661819000.0,39887657000.0,,,0.068,25.805,-56085000.0,1855110000.0,1855110000.0,0.0,797334000.0,,10.5,12533108000.0,,,12533108000.0,0.0,105260000.0,29395744000.0,0.035,1.48,1224076000.0,1329336000.0,0.492,1329336000.0,1224076000.0,1224076000.0,4.29,4.23,4.29,4057406000.0,3535625250.0,4057406000.0,16774629725.0,14.0,12.619,990772000.0,6.301,1.0,2703465000.0,1.0,0.0,0.0,57339817000.0,49745644500.0,0.0,42573093000.0,,,42604413000.0,,,6584921725.0,10588000.0,514786000.0,-9540000.0,2112716000.0,-242093000.0,3101849000.0,-4138118000.0,-4550298000.0,1046857000.0,0.0,780234000.0,780234000.0,780234000.0,0.0,17100000.0,0.289,1462289000.0,1241176000.0,0.0,0.345,1.623,8.44,9.762,364104000.0,0.0,41.88,2.436,2.436,0.0,2714213000.0,2703465000.0,2703465000.0,0.0,0.02,0.221,0.025,0.453,0.0,914195000.0,1.0,157233088.0,157233088.0,,17.194,46661819000.0,0.0,443842000.0,0.0,296.768,
86,CMA,MRT,1999-12-31,1999-12-31,1999-12-31,2021-09-07,-31702000.0,38653332000.0,37334087750.0,,,0.068,22.218,-55825000.0,1201990000.0,1201990000.0,0.0,759415000.0,,10.124,11391698000.0,,,11391698000.0,0.0,108689000.0,23291403000.0,0.031,1.44,1161662000.0,1270351000.0,0.501,1270351000.0,1161662000.0,1161662000.0,4.2,4.13,4.2,3474644000.0,3310984250.0,3474644000.0,16409903480.0,14.0,12.918,1097160000.0,7.015,1.0,2537670000.0,1.0,0.0,0.0,48843040000.0,46719496750.0,0.0,35569231000.0,,,35178688000.0,,,7301942480.0,-618657000.0,69512000.0,11229000.0,2707107000.0,-235646000.0,1795913000.0,-3567555000.0,-3534721000.0,1152985000.0,0.0,742315000.0,742315000.0,742315000.0,0.0,17100000.0,0.293,1358908000.0,1178762000.0,0.0,0.343,2.101,9.837,11.117,330728000.0,0.0,46.69,2.877,2.877,0.0,2485204000.0,2537670000.0,2537670000.0,0.0,0.02,0.224,0.025,0.458,0.0,850756000.0,1.0,156392000.0,156392000.0,,16.226,38653332000.0,0.0,419347000.0,0.0,247.157,
87,CMA,MRT,1999-09-30,1999-09-30,1999-09-30,2021-09-07,-22096000.0,37284990000.0,36820962500.0,,,0.057,21.516,-32431000.0,1485739000.0,1485739000.0,0.0,654728000.0,,10.086,10593700000.0,,,10593700000.0,0.0,91093000.0,22900300000.0,0.028,1.4,984728000.0,1075821000.0,0.514,1075821000.0,984728000.0,984728000.0,4.08,4.03,4.08,3363262000.0,3203976500.0,3363262000.0,17370410190.0,18.0,16.146,935038000.0,5.982,1.0,2094023000.0,1.0,0.0,0.0,46392951000.0,45434356250.0,0.0,33928129000.0,,,33921728000.0,,,7914127190.0,121676000.0,0.0,29150000.0,1618888000.0,-228935000.0,2085991000.0,-2931784000.0,-2899353000.0,967469000.0,0.0,637628000.0,637628000.0,637628000.0,0.0,17100000.0,0.304,1092195000.0,1001828000.0,0.0,0.343,2.353,12.412,12.409,336410000.0,0.0,50.63,3.779,3.779,0.0,2379372000.0,2094023000.0,2094023000.0,0.0,0.017,0.199,0.022,0.47,0.0,685782000.0,1.0,156313000.0,156313000.0,,13.396,37284990000.0,0.0,347100000.0,0.0,238.528,
88,CMA,MRT,1999-06-30,1999-06-30,1999-06-30,2021-09-07,-26058000.0,36950487000.0,36093768500.0,,,0.057,20.784,-39821000.0,1535721000.0,1535721000.0,0.0,638804000.0,,10.379,10992004000.0,,,10992004000.0,0.0,91528000.0,22353582000.0,0.023,1.36,959439000.0,1050967000.0,0.514,1050967000.0,959439000.0,959439000.0,3.99,3.93,3.99,3247189000.0,3098162750.0,3247189000.0,18074411280.0,19.0,17.198,702147000.0,4.494,1.0,2045705000.0,1.0,0.0,0.0,46406770000.0,44332859250.0,0.0,33536272000.0,,,33703298000.0,,,9286727280.0,-686742000.0,-127184000.0,32337000.0,1703684000.0,-222621000.0,1248349000.0,-2677059000.0,-2517914000.0,741968000.0,0.0,621704000.0,621704000.0,621704000.0,0.0,17100000.0,0.304,1069166000.0,976539000.0,0.0,0.341,2.86,14.938,14.897,345298000.0,0.0,59.44,4.54,4.54,0.0,2271378000.0,2045705000.0,2045705000.0,0.0,0.017,0.201,0.022,0.469,0.0,667741000.0,1.0,156237000.0,156237000.0,,13.094,36950487000.0,0.0,337735000.0,0.0,236.503,
89,CMA,MRT,1999-03-31,1999-03-31,1999-03-31,2021-09-07,-3917000.0,36447542000.0,35618648000.0,,,0.056,20.09,-40170000.0,1489205000.0,1489205000.0,0.0,621805000.0,,10.538,10276889000.0,,,10276889000.0,0.0,89871000.0,22585331000.0,0.021,1.32,934000000.0,1023871000.0,0.516,1023871000.0,934000000.0,934000000.0,3.89,3.82,3.89,3158842000.0,2993066500.0,3158842000.0,16919296250.0,18.0,16.525,970664000.0,6.173,1.0,1984685000.0,1.0,0.0,0.0,45235226000.0,43258039750.0,0.0,33098767000.0,,,33288700000.0,,,9817649250.0,-393930000.0,1878907000.0,-56008000.0,218468000.0,-216734000.0,-662245000.0,-742519000.0,-2581256000.0,1010834000.0,0.0,604705000.0,604705000.0,604705000.0,0.0,17100000.0,0.305,1033585000.0,951100000.0,0.0,0.339,3.108,16.235,16.051,347479000.0,0.0,62.44,4.947,4.947,0.0,2168145000.0,1984685000.0,1984685000.0,0.0,0.017,0.202,0.022,0.471,0.0,642893000.0,1.0,157233332.0,157233332.0,,12.623,36447542000.0,0.0,329295000.0,0.0,231.805,
90,CMA,MRT,1998-12-31,1998-12-31,1998-12-31,2021-09-07,-6455000.0,36600831000.0,35629850250.0,,,0.055,19.587,-35609000.0,1773100000.0,1773100000.0,0.0,607076000.0,,11.014,8874747000.0,,,8874747000.0,0.0,88047000.0,24313133000.0,0.017,1.173,914275000.0,1002322000.0,0.514,1002322000.0,914275000.0,914275000.0,3.79,3.72,3.79,3046613000.0,2910077750.0,3046613000.0,18207825460.0,20.0,18.166,654316000.0,4.207,1.0,1951419000.0,1.0,0.0,0.0,43702478000.0,43114050000.0,0.0,32974259000.0,,,33554218000.0,,,10597076460.0,-153987000.0,1878907000.0,-97799000.0,-1631303000.0,-211966000.0,-214252000.0,-629660000.0,-2472958000.0,689925000.0,0.0,589976000.0,589976000.0,589976000.0,0.0,17100000.0,0.302,1020044000.0,931375000.0,0.0,0.309,3.478,17.962,17.976,352650000.0,0.0,68.13,5.43,5.43,0.0,2086589000.0,1951419000.0,1951419000.0,0.0,0.017,0.203,0.021,0.469,0.0,625450000.0,1.0,155542000.0,155542000.0,,12.546,36600831000.0,0.0,324299000.0,0.0,235.312,
91,CMA,MRT,1998-09-30,1998-09-30,1998-09-30,2021-09-07,2676000.0,34376214000.0,35552742000.0,,,0.054,18.912,-39634000.0,1364063000.0,1364063000.0,0.0,589183000.0,,10.693,8974812000.0,,,8974812000.0,0.0,86355000.0,22233412000.0,0.021,1.14,887467000.0,973822000.0,0.507,973822000.0,887467000.0,887467000.0,3.66,3.6,3.66,2940007000.0,2838868500.0,2940007000.0,15577977550.0,18.0,15.997,460675000.0,2.963,1.0,1918928000.0,1.0,0.0,0.0,41986963000.0,43404178250.0,0.0,31265462000.0,,,31436207000.0,,,8520488550.0,-522230000.0,1878907000.0,-175797000.0,-1766186000.0,-162344000.0,-1929219000.0,906680000.0,-932593000.0,500309000.0,0.0,572083000.0,572083000.0,572083000.0,0.0,17100000.0,0.298,1014361000.0,904567000.0,0.0,0.311,2.898,14.894,14.975,361171000.0,0.0,54.81,4.44,4.44,0.0,1999197000.0,1918928000.0,1918928000.0,0.0,0.016,0.202,0.02,0.462,0.0,610991000.0,1.0,155455000.0,155455000.0,,12.344,34376214000.0,0.0,315384000.0,0.0,221.133,
92,CMA,MRT,1998-06-30,1998-06-30,1998-06-30,2021-09-07,-5206000.0,35050005000.0,35934909250.0,,,0.053,18.05,-36785000.0,2222463000.0,2222463000.0,0.0,571760000.0,,11.399,9279950000.0,,,9279950000.0,0.0,84781000.0,22618633000.0,0.017,1.107,861045000.0,945826000.0,0.5,945826000.0,861045000.0,861045000.0,3.53,3.48,3.53,2826804000.0,2789955250.0,2826804000.0,18425825560.0,21.0,19.481,626485000.0,4.0,1.0,1891307000.0,1.0,0.0,0.0,42107492000.0,44095242000.0,0.0,31225485000.0,,,32223201000.0,,,10356751560.0,272612000.0,2006091000.0,-213791000.0,-855896000.0,-203160000.0,-1330755000.0,940097000.0,-1021349000.0,663270000.0,0.0,554660000.0,554660000.0,554660000.0,0.0,17100000.0,0.293,1013162000.0,878145000.0,0.0,0.314,3.664,18.672,18.734,361003000.0,0.0,66.13,5.476,5.476,0.0,1904223000.0,1891307000.0,1891307000.0,0.0,0.015,0.199,0.02,0.455,0.0,604146000.0,1.0,156612000.0,156612000.0,,12.076,35050005000.0,0.0,306385000.0,0.0,223.802,
93,CMA,MRT,1998-03-31,1998-03-31,1998-03-31,2021-09-07,4425000.0,36492351000.0,36135983750.0,,,0.051,17.976,-29833000.0,1883135000.0,1883135000.0,0.0,551087000.0,,11.909,10050051000.0,,,10050051000.0,0.0,85280000.0,23193302000.0,0.015,1.073,830787000.0,916067000.0,0.493,916067000.0,830787000.0,830787000.0,3.38,3.34,3.38,2826887000.0,2750296250.0,2826887000.0,19662462499.0,24.0,21.464,256613000.0,1.632,1.0,1857009000.0,1.0,0.0,0.0,44659267000.0,44578443500.0,0.0,32758240000.0,,,33665464000.0,,,11091869499.0,179264000.0,0.0,-145986000.0,359296000.0,-198645000.0,1060168000.0,-1167350000.0,-1137517000.0,286446000.0,0.0,533987000.0,533987000.0,533987000.0,0.0,17100000.0,0.288,1009122000.0,847887000.0,0.0,0.317,3.924,20.772,20.868,362905000.0,0.0,70.533,5.973,5.973,0.0,1814056000.0,1857009000.0,1857009000.0,0.0,0.015,0.194,0.019,0.447,0.0,601593000.0,1.0,157257129.0,157257129.0,,11.809,36492351000.0,0.0,296800000.0,0.0,232.055,
94,CMA,MRT,1997-12-31,1997-12-31,1997-12-31,2021-09-07,-1937000.0,36292398000.0,35729823000.0,,,0.051,17.526,-31023000.0,1927087000.0,1927087000.0,0.0,530476000.0,,12.141,10497680000.0,,,10497680000.0,0.0,86904000.0,22586317000.0,0.019,1.147,799642000.0,886546000.0,0.486,886546000.0,799642000.0,799642000.0,3.24,3.19,3.24,2761776000.0,2685934000.0,2761776000.0,18283133000.0,23.0,20.623,560979000.0,3.56,1.0,1824728000.0,1.0,0.0,0.0,44862991000.0,44097150500.0,0.0,32679816000.0,,,33530622000.0,,,9481304000.0,25327000.0,0.0,-207211000.0,1733618000.0,-195412000.0,1550139000.0,-2116814000.0,-2085791000.0,592002000.0,0.0,513376000.0,513376000.0,513376000.0,0.0,17100000.0,0.281,1007986000.0,816742000.0,0.0,0.354,3.433,18.469,18.57,380157000.0,0.0,60.167,5.196,5.196,0.0,1731419000.0,1824728000.0,1824728000.0,0.0,0.014,0.191,0.018,0.438,0.0,600685000.0,1.0,157584000.0,157584000.0,,11.579,36292398000.0,0.0,286266000.0,0.0,230.305,
95,CMA,MRT,1997-09-30,1997-09-30,1997-09-30,2021-09-07,7606000.0,35904883000.0,35208241250.0,,,0.051,16.918,-19745000.0,1886293000.0,1886293000.0,0.0,451365000.0,,12.083,10732628000.0,,,10732628000.0,0.0,89915000.0,22058304000.0,0.021,1.12,684813000.0,774728000.0,0.428,774728000.0,684813000.0,684813000.0,2.777,2.717,2.777,2744354000.0,2649382250.0,2744354000.0,16389180000.0,24.0,21.155,712734000.0,4.394,1.0,1808751000.0,1.0,0.0,0.0,44751218000.0,43148496000.0,0.0,32493319000.0,,,33160529000.0,,,8336001000.0,61258000.0,0.0,-160901000.0,1218724000.0,-238046000.0,1014990000.0,-1686211000.0,-1666466000.0,732479000.0,0.0,434265000.0,434265000.0,434265000.0,0.0,17100000.0,0.24,1106838000.0,701913000.0,0.0,0.403,3.038,19.196,18.965,384202000.0,0.0,52.667,4.609,4.723,0.0,1962568000.0,1808751000.0,1808751000.0,0.0,0.012,0.164,0.016,0.379,0.0,604209000.0,1.0,158278500.0,162214500.0,,11.15,35904883000.0,0.0,250548000.0,0.0,221.342,
96,CMA,MRT,1997-06-30,1997-06-30,1997-06-30,2021-09-07,-13993000.0,35854303000.0,34817457000.0,,,0.051,16.48,-25519000.0,1949851000.0,1949851000.0,0.0,435816000.0,,12.438,10135846000.0,,,10135846000.0,0.0,91889000.0,22676541000.0,0.024,1.093,660492000.0,752381000.0,0.421,752381000.0,660492000.0,660492000.0,2.63,2.58,2.63,2668168000.0,2613028250.0,2668168000.0,15049431000.0,23.0,20.002,676100000.0,4.176,1.0,1785918000.0,1.0,0.0,0.0,44040298000.0,42298096750.0,0.0,32305835000.0,,,33186135000.0,,,7183044000.0,272476000.0,106227000.0,-508493000.0,1006180000.0,-188175000.0,1023797000.0,-1452940000.0,-1533648000.0,701619000.0,0.0,418241000.0,418241000.0,418241000.0,0.0,17575000.0,0.234,1107851000.0,678067000.0,0.0,0.416,2.692,17.174,17.237,388827000.0,0.0,45.333,4.022,4.11,0.0,1906324000.0,1785918000.0,1785918000.0,0.0,0.012,0.16,0.016,0.37,0.0,605406000.0,1.0,158449500.0,161899500.0,,11.031,35854303000.0,0.0,242251000.0,0.0,221.46,
97,CMA,MRT,1997-03-31,1997-03-31,1997-03-31,2021-09-07,-49847000.0,34867708000.0,34700413000.0,,,0.052,15.702,-38971000.0,1824368000.0,1824368000.0,0.0,424327000.0,,12.57,9690755000.0,,,9690755000.0,0.0,95074000.0,22147799000.0,0.028,1.067,645134000.0,740208000.0,0.414,740208000.0,645134000.0,645134000.0,2.507,2.467,2.507,2569438000.0,2662528750.0,2569438000.0,,,,688395000.0,4.207,1.0,1787222000.0,1.0,0.0,0.0,42734095000.0,41871034750.0,0.0,31463511000.0,,,32298270000.0,,,6000030977.0,473620000.0,111436000.0,-609399000.0,863442000.0,-179431000.0,544791000.0,-798537000.0,-871002000.0,727366000.0,0.0,411027000.0,411027000.0,411027000.0,0.0,13300000.0,0.23,1128788000.0,658434000.0,0.0,0.426,2.335,14.598,14.993,397955000.0,0.0,37.587,3.357,3.441,0.0,1842488000.0,1787222000.0,1787222000.0,0.0,0.012,0.154,0.015,0.361,0.0,614624000.0,1.0,159631899.0,163633500.0,,10.922,34867708000.0,0.0,234107000.0,0.0,213.084,
98,CMA,MRT,1996-12-31,1996-12-31,1996-12-31,2021-09-07,-22789000.0,34206071000.0,34739356250.0,,,0.052,16.385,-46038000.0,1901760000.0,1901760000.0,0.0,417161000.0,,12.078,8764062000.0,,,8764062000.0,0.0,97579000.0,22367173000.0,0.029,1.013,637181000.0,734760000.0,0.407,734760000.0,637181000.0,637181000.0,2.41,2.38,2.41,2615569000.0,2698025250.0,2615569000.0,,,,1274496000.0,7.984,1.0,1805232000.0,1.0,0.0,0.0,41068373000.0,41858329500.0,0.0,30743184000.0,,,31590502000.0,,,5574345913.0,-126615000.0,200459000.0,-586990000.0,-419365000.0,-173414000.0,-1758884000.0,311735000.0,157314000.0,1320534000.0,0.0,408136000.0,408136000.0,408136000.0,0.0,9025000.0,0.226,1159026000.0,646206000.0,0.0,0.42,2.131,13.658,14.49,407663000.0,0.0,34.92,3.088,3.088,0.0,1854116000.0,1805232000.0,1805232000.0,0.0,0.012,0.151,0.015,0.353,0.0,629611000.0,1.0,159631899.0,159631899.0,,11.309,34206071000.0,0.0,229045000.0,0.0,214.281,
99,CMA,MRT,1996-09-30,1996-09-30,1996-09-30,2021-09-07,-42597000.0,34341746000.0,,,,,15.396,,2506029000.0,2506029000.0,,,,12.214,9513904000.0,,,9513904000.0,0.0,,21863049000.0,0.029,0.987,,,,,,,,,,2598938000.0,,2598938000.0,,,,,,1.0,,,0.0,,41349621000.0,,0.0,30241431000.0,,,31742808000.0,,,,,,,,,,,,,,,,,,,,,,0.0,,,,,425836000.0,,34.333,,,0.0,1844430000.0,,,,,,,,,,1.0,,168807000.0,,,34341746000.0,0.0,,0.0,203.438,
100,CMA,MRT,1996-06-30,1996-06-30,1996-06-30,2021-09-07,-81428000.0,35386127000.0,,,,,16.18,,2348814000.0,2348814000.0,,,,11.346,9294737000.0,,,9294737000.0,0.0,,22948339000.0,0.033,0.96,,,,,,,,,,2866170000.0,,2866170000.0,,,,,,1.0,,,0.0,,42332050000.0,,0.0,31318404000.0,,,32519957000.0,,,,,,,,,,,,,,,,,,,,,,0.0,,,,,462480000.0,,29.0,,,0.0,1773684000.0,,,,,,,,,,1.0,,177147000.0,,,35386127000.0,0.0,,0.0,199.756,
101,CMA,MRT,1996-03-31,1996-03-31,1996-03-31,2021-09-07,-29722000.0,35023481000.0,,,,,15.17,,1333314000.0,1333314000.0,,,,11.917,8993107000.0,,,8993107000.0,0.0,,22910578000.0,0.034,0.933,,,,,,,,,,2711424000.0,,2711424000.0,,,,,,1.0,,,0.0,,42683274000.0,,0.0,31995841000.0,,,32312057000.0,,,,,,,,,,,,,,,,,,,,,,0.0,,,,,464708000.0,,27.333,,,0.0,1703403000.0,,,,,,,,,,1.0,,178741500.0,,,35023481000.0,0.0,,0.0,195.945,
102,CMA,MRT,1995-12-31,1995-12-31,1995-12-31,2021-09-07,,,,,,,,-62334000.0,,,0.0,413366000.0,,,,,,,,93030000.0,,0.034,0.913,625694000.0,718724000.0,0.42,718724000.0,625694000.0,625694000.0,1.587,1.58,1.587,,,,,,,-210894000.0,,1.0,1712108000.0,1.0,,0.0,,,,,,,,,,,206062000.0,19224000.0,-166920000.0,997486000.0,-155726000.0,805116000.0,-450494000.0,-407384000.0,-148560000.0,0.0,413366000.0,413366000.0,413366000.0,0.0,0.0,0.241,1086414000.0,625694000.0,,0.575,,,16.803,,0.0,26.667,,,,,1712108000.0,1712108000.0,0.0,,,,0.365,0.0,630031000.0,1.0,,,,,,,212328000.0,,,
