None,ticker,dimension,calendardate,datekey,reportperiod,lastupdated,accoci,assets,assetsavg,assetsc,assetsnc,assetturnover,bvps,capex,cashneq,cashnequsd,cor,consolinc,currentratio,de,debt,debtc,debtnc,debtusd,deferredrev,depamor,deposits,divyield,dps,ebit,ebitda,ebitdamargin,ebitdausd,ebitusd,ebt,eps,epsdil,epsusd,equity,equityavg,equityusd,ev,evebit,evebitda,fcf,fcfps,fxusd,gp,grossmargin,intangibles,intexp,invcap,invcapavg,inventory,investments,investmentsc,investmentsnc,liabilities,liabilitiesc,liabilitiesnc,marketcap,ncf,ncfbus,ncfcommon,ncfdebt,ncfdiv,ncff,ncfi,ncfinv,ncfo,ncfx,netinc,netinccmn,netinccmnusd,netincdis,netincnci,netmargin,opex,opinc,payables,payoutratio,pb,pe,pe1,ppnenet,prefdivis,price,ps,ps1,receivables,retearn,revenue,revenueusd,rnd,roa,roe,roic,ros,sbcomp,sgna,sharefactor,sharesbas,shareswa,shareswadil,sps,tangibles,taxassets,taxexp,taxliabilities,tbvps,workingcapital
0,CCI,MRY,2020-12-31,2020-12-31,2020-12-31,2021-08-07,-4000000.0,38768000000.0,39267750000.0,1104000000.0,37664000000.0,0.149,22.366,-1624000000.0,376000000.0,376000000.0,1969000000.0,1056000000.0,0.561,3.098,25417000000.0,458000000.0,24959000000.0,25417000000.0,704000000.0,1608000000.0,0.0,0.031,4.93,1765000000.0,3373000000.0,0.578,3373000000.0,1765000000.0,1076000000.0,2.36,2.35,2.36,9461000000.0,9727500000.0,9461000000.0,93575304105.0,53.0,27.742,1431000000.0,3.383,1.0,3871000000.0,0.663,14511000000.0,689000000.0,47329000000.0,47081000000.0,0.0,0.0,0.0,0.0,29307000000.0,1969000000.0,27338000000.0,68658304105.0,43000000.0,-107000000.0,-76000000.0,995000000.0,-2105000000.0,-1271000000.0,-1741000000.0,0.0,3055000000.0,0.0,1056000000.0,999000000.0,999000000.0,0.0,0.0,0.171,2008000000.0,1863000000.0,230000000.0,2.089,7.257,68.727,67.453,21626000000.0,57000000.0,159.19,11.757,11.53,1839000000.0,-8472000000.0,5840000000.0,5840000000.0,0.0,0.025,0.103,0.037,0.302,138000000.0,678000000.0,1.0,431297846.0,423000000.0,425000000.0,13.806,24257000000.0,0.0,20000000.0,0.0,57.345,-865000000.0
1,CCI,MRY,2019-12-31,2019-12-31,2019-12-31,2021-08-07,-5000000.0,38457000000.0,38181500000.0,1204000000.0,37253000000.0,0.151,25.214,-2057000000.0,333000000.0,333000000.0,1986000000.0,860000000.0,0.627,2.666,23931000000.0,399000000.0,23532000000.0,23931000000.0,657000000.0,1572000000.0,0.0,0.032,4.575,1564000000.0,3136000000.0,0.544,3136000000.0,1564000000.0,881000000.0,1.8,1.79,1.8,10489000000.0,11270750000.0,10489000000.0,82407487726.0,53.0,26.278,641000000.0,1.541,1.0,3777000000.0,0.655,14914000000.0,683000000.0,45221000000.0,44411000000.0,0.0,0.0,0.0,0.0,27968000000.0,1920000000.0,26048000000.0,59101487726.0,-75000000.0,-17000000.0,-44000000.0,1377000000.0,-1912000000.0,-692000000.0,-2081000000.0,0.0,2698000000.0,0.0,860000000.0,747000000.0,747000000.0,0.0,0.0,0.13,2218000000.0,1559000000.0,334000000.0,2.542,5.635,79.118,78.972,20799000000.0,113000000.0,142.15,10.255,10.261,2020000000.0,-7365000000.0,5763000000.0,5763000000.0,0.0,0.02,0.066,0.035,0.271,117000000.0,614000000.0,1.0,415768468.0,416000000.0,418000000.0,13.853,23543000000.0,0.0,21000000.0,0.0,56.594,-716000000.0
2,CCI,MRY,2018-12-31,2018-12-31,2018-12-31,2021-08-07,-5000000.0,32762000000.0,32507500000.0,1229000000.0,31533000000.0,0.165,28.017,-1739000000.0,408000000.0,408000000.0,1844000000.0,622000000.0,0.816,1.831,16682000000.0,107000000.0,16575000000.0,16682000000.0,587000000.0,1527000000.0,0.0,0.039,4.275,1283000000.0,2810000000.0,0.523,2810000000.0,1283000000.0,641000000.0,1.23,1.23,1.23,11571000000.0,12316000000.0,11571000000.0,61041203514.0,48.0,21.723,761000000.0,1.843,1.0,3526000000.0,0.657,15594000000.0,642000000.0,31936000000.0,31251750000.0,0.0,0.0,0.0,0.0,21191000000.0,1506000000.0,19685000000.0,45065203514.0,-26000000.0,-42000000.0,807000000.0,355000000.0,-1782000000.0,-733000000.0,-1793000000.0,0.0,2500000000.0,-1000000.0,622000000.0,509000000.0,509000000.0,0.0,0.0,0.095,2143000000.0,1383000000.0,313000000.0,3.476,3.895,88.537,88.317,13653000000.0,113000000.0,108.63,8.392,8.355,1867000000.0,-6195000000.0,5370000000.0,5370000000.0,0.0,0.016,0.041,0.041,0.239,103000000.0,563000000.0,1.0,414850442.0,413000000.0,415000000.0,13.002,17168000000.0,0.0,19000000.0,0.0,41.569,-277000000.0
3,CCI,MRY,2017-12-31,2017-12-31,2017-12-31,2021-08-07,-4000000.0,32229000000.0,27875305500.0,1134000000.0,31095000000.0,0.153,32.301,-1217000000.0,435000000.0,435000000.0,1543000000.0,366000000.0,0.878,1.612,16159000000.0,115000000.0,16044000000.0,16159000000.0,457000000.0,1241000000.0,0.0,0.035,3.9,983000000.0,2224000000.0,0.523,2224000000.0,983000000.0,392000000.0,0.8,0.8,0.8,12339000000.0,9991280250.0,12339000000.0,53470148852.0,54.0,24.042,815000000.0,2.134,1.0,2712000000.0,0.637,15983000000.0,591000000.0,30678000000.0,27494592750.0,0.0,0.0,0.0,0.0,19890000000.0,1292000000.0,18598000000.0,45100597852.0,-258000000.0,-9260000000.0,4198000000.0,3925000000.0,-1509000000.0,8192000000.0,-10482000000.0,0.0,2032000000.0,1000000.0,366000000.0,308000000.0,308000000.0,0.0,0.0,0.072,1745000000.0,967000000.0,249000000.0,4.875,3.655,146.431,138.762,12933000000.0,58000000.0,111.01,10.599,9.966,1698000000.0,-4505000000.0,4255000000.0,4255000000.0,0.0,0.011,0.031,0.036,0.231,92000000.0,426000000.0,1.0,406275091.0,382000000.0,383000000.0,11.139,16246000000.0,0.0,26000000.0,0.0,42.529,-158000000.0
4,CCI,MRY,2016-12-31,2016-12-31,2016-12-31,2021-08-07,-5888000.0,22675092000.0,22179535000.0,1324761000.0,21350331000.0,0.177,22.227,-874000000.0,692146000.0,692146000.0,1441000000.0,357000000.0,1.378,2.0,12171142000.0,101749000.0,12069393000.0,12171142000.0,353005000.0,1109000000.0,0.0,0.042,3.605,889000000.0,1998000000.0,0.51,1998000000.0,889000000.0,374000000.0,0.95,0.95,0.95,7557115000.0,7103033250.0,7557115000.0,41727586152.0,47.0,20.885,913000000.0,2.685,1.0,2480000000.0,0.632,9407748000.0,515000000.0,23784985000.0,23741126250.0,0.0,0.0,0.0,0.0,15117977000.0,961355000.0,14156622000.0,29407779152.0,382000000.0,-557000000.0,1301000000.0,-107000000.0,-1239000000.0,-89000000.0,-1429000000.0,0.0,1787000000.0,0.0,357000000.0,324000000.0,324000000.0,0.0,0.0,0.083,1531000000.0,949000000.0,188516000.0,3.795,3.891,90.765,91.337,9805315000.0,33000000.0,86.77,7.5,7.524,1691190000.0,-3378838000.0,3921000000.0,3921000000.0,0.0,0.015,0.046,0.037,0.227,79000000.0,371000000.0,1.0,338916436.0,340000000.0,341000000.0,11.532,13267344000.0,0.0,17000000.0,0.0,39.022,363406000.0
5,CCI,MRY,2015-12-31,2015-12-31,2015-12-31,2021-08-07,-4398000.0,21936966000.0,21512429000.0,981245000.0,20955721000.0,0.17,21.289,-908892000.0,309541000.0,309541000.0,1321426000.0,1524335000.0,1.147,2.094,12149959000.0,106219000.0,12043740000.0,12149959000.0,322623000.0,1036178000.0,0.0,0.039,3.345,1996663000.0,3032841000.0,0.828,3032841000.0,1996663000.0,1469535000.0,4.44,4.42,4.44,7089221000.0,7067620000.0,7089221000.0,40695126490.0,20.0,13.418,885133000.0,2.658,1.0,2342425000.0,0.639,9293466000.0,527128000.0,23628549000.0,23118732000.0,0.0,0.0,0.0,0.0,14847745000.0,855369000.0,13992376000.0,28854529490.0,5092000.0,-1102179000.0,-29657000.0,238155000.0,-1116444000.0,-935476000.0,-1959734000.0,0.0,1794025000.0,-1902000.0,1520992000.0,1477004000.0,1477004000.0,-999049000.0,3343000.0,0.403,1396245000.0,946180000.0,159629000.0,0.753,4.07,19.536,19.471,9580057000.0,43988000.0,86.45,7.875,7.857,1619704000.0,-2458397000.0,3663851000.0,3663851000.0,0.0,0.069,0.209,0.086,0.545,60773000.0,310921000.0,1.0,333771307.0,333002000.0,334062000.0,11.002,12643500000.0,0.0,-51457000.0,0.0,37.968,125876000.0
6,CCI,MRY,2014-12-31,2014-12-31,2014-12-31,2021-08-07,15820000.0,21143276000.0,20792465250.0,1282996000.0,19860280000.0,0.17,20.211,-758535000.0,298723000.0,298723000.0,1306606000.0,398774000.0,1.376,2.145,11920861000.0,113335000.0,11807526000.0,11920861000.0,279882000.0,985781000.0,0.0,0.024,1.87,952560000.0,1938341000.0,0.548,1938341000.0,952560000.0,379269000.0,1.04,1.04,1.04,6716225000.0,6835200500.0,6716225000.0,37471913647.0,39.0,19.332,841662000.0,2.533,1.0,2232150000.0,0.631,8878036000.0,573291000.0,22955247000.0,22386148000.0,0.0,0.0,0.0,0.0,14406048000.0,932131000.0,13473917000.0,26274609647.0,-39762000.0,-461651000.0,-21872000.0,197526000.0,-624297000.0,-462987000.0,-1216709000.0,0.0,1600197000.0,-8012000.0,390513000.0,346525000.0,346525000.0,-52460000.0,8261000.0,0.098,1291468000.0,940682000.0,162397000.0,1.798,3.912,75.823,75.673,8982783000.0,43988000.0,78.7,7.425,7.39,1515366000.0,-2815428000.0,3538756000.0,3538756000.0,0.0,0.017,0.051,0.043,0.269,51497000.0,257296000.0,1.0,333857810.0,332302000.0,333265000.0,10.649,12265240000.0,0.0,-11244000.0,0.0,36.91,350865000.0
7,CCI,MRY,2013-12-31,2013-12-31,2013-12-31,2021-08-07,-23612000.0,20594908000.0,16731892500.0,892683000.0,19702225000.0,0.171,23.238,-534809000.0,406920000.0,406920000.0,991017000.0,93901000.0,1.18,1.971,11594500000.0,103586000.0,11490914000.0,11594500000.0,260114000.0,741342000.0,0.0,0.0,0.0,870741000.0,1612083000.0,0.563,1612083000.0,870741000.0,281111000.0,0.26,0.26,0.26,6926717000.0,3942893500.0,6926717000.0,34929899511.0,40.0,21.668,636250000.0,2.134,1.0,1874734000.0,0.654,8974291000.0,589630000.0,22051810000.0,19965892500.0,0.0,0.0,0.0,0.0,13653733000.0,756387000.0,12897346000.0,24530793511.0,-220180000.0,-4931752000.0,2881128000.0,-154863000.0,0.0,4063133000.0,-5459285000.0,0.0,1171059000.0,2210000.0,90111000.0,78748000.0,78748000.0,-33900000.0,3790000.0,0.027,994030000.0,880704000.0,145390000.0,0.0,3.541,311.51,282.423,8947677000.0,11363000.0,73.43,8.56,7.638,1328920000.0,-2535879000.0,2865751000.0,2865751000.0,0.0,0.005,0.02,0.044,0.304,39030000.0,213519000.0,1.0,334070455.0,298083000.0,299293000.0,9.614,11620617000.0,45722000.0,191000000.0,56513000.0,38.985,136296000.0
8,CCI,MRY,2012-12-31,2012-12-31,2012-12-31,2021-08-07,-61791000.0,16088709000.0,13386865000.0,1581324000.0,14507385000.0,0.182,10.159,-441383000.0,1017302000.0,1017302000.0,728989000.0,200888000.0,1.277,4.47,11611242000.0,688056000.0,10923186000.0,11611242000.0,241127000.0,622592000.0,0.0,0.0,0.0,689567000.0,1312159000.0,0.539,1312159000.0,689567000.0,88523000.0,0.64,0.64,0.64,2938746000.0,2869949500.0,2938746000.0,29145325315.0,42.0,22.212,331174000.0,1.145,1.0,1703691000.0,0.7,6061653000.0,601044000.0,19383138000.0,15943516750.0,0.0,0.0,0.0,0.0,13137445000.0,1237858000.0,11899587000.0,21154369315.0,361244000.0,-3759475000.0,-35785000.0,4113832000.0,0.0,3786803000.0,-4199596000.0,0.0,772557000.0,1480000.0,188584000.0,185955000.0,185955000.0,0.0,12304000.0,0.076,869010000.0,834681000.0,115999000.0,0.0,7.198,113.761,112.75,6917531000.0,2629000.0,72.16,8.696,8.581,1057652000.0,-2625990000.0,2432680000.0,2432680000.0,0.0,0.014,0.065,0.043,0.283,41944000.0,212572000.0,1.0,293159220.0,289285000.0,291270000.0,8.409,10027056000.0,227334000.0,-100061000.0,65830000.0,34.662,343466000.0
9,CCI,MRY,2011-12-31,2011-12-31,2011-12-31,2021-08-07,-116996000.0,10545096000.0,10442706250.0,599152000.0,9945944000.0,0.195,8.408,-347942000.0,332488000.0,332488000.0,588385000.0,171460000.0,1.49,3.291,6885699000.0,32517000.0,6853182000.0,6885699000.0,167238000.0,552951000.0,0.0,0.0,0.0,687011000.0,1239962000.0,0.61,1239962000.0,687011000.0,179424000.0,0.52,0.52,0.52,2386245000.0,2382684250.0,2386245000.0,19383017237.0,28.0,15.632,295512000.0,1.041,1.0,1444344000.0,0.711,4213572000.0,507587000.0,12482629000.0,12326199250.0,0.0,0.0,0.0,0.0,7853200000.0,402106000.0,7451094000.0,12745428237.0,-32411000.0,-37551000.0,-301857000.0,58655000.0,0.0,-275712000.0,-399865000.0,0.0,643454000.0,-288000.0,171077000.0,148137000.0,148137000.0,0.0,383000.0,0.073,752039000.0,692305000.0,32055000.0,0.0,5.341,86.038,86.154,4861227000.0,22940000.0,44.8,6.27,6.255,698361000.0,-2811945000.0,2032729000.0,2032729000.0,0.0,0.014,0.062,0.056,0.338,32610000.0,173493000.0,1.0,284496166.0,283821000.0,285947000.0,7.162,6331524000.0,85385000.0,8347000.0,97562000.0,22.308,197046000.0
10,CCI,MRY,2010-12-31,2010-12-31,2010-12-31,2021-08-07,-178978000.0,10469529000.0,10508923500.0,545145000.0,9924384000.0,0.179,8.527,-228058000.0,333546000.0,333546000.0,581377000.0,-311259000.0,1.236,3.152,6778894000.0,28687000.0,6750207000.0,6778894000.0,202123000.0,540771000.0,0.0,0.0,0.0,152483000.0,693254000.0,0.369,693254000.0,152483000.0,-337786000.0,-1.16,-1.16,-1.16,2445373000.0,2499019250.0,2445373000.0,18848911345.0,124.0,27.189,375372000.0,1.309,1.0,1297281000.0,0.691,4343225000.0,490269000.0,12130767000.0,11775625500.0,0.0,0.0,0.0,0.0,7707954000.0,440885000.0,7267069000.0,12743840345.0,-653615000.0,-139158000.0,-140908000.0,-19969000.0,0.0,-866624000.0,-390949000.0,0.0,603430000.0,528000.0,-310940000.0,-331746000.0,-331746000.0,0.0,-319000.0,-0.177,721916000.0,575365000.0,39649000.0,0.0,5.211,-38.414,-37.784,4893651000.0,20806000.0,43.83,6.783,6.69,481216000.0,-2960082000.0,1878658000.0,1878658000.0,0.0,-0.032,-0.133,0.013,0.081,36540000.0,165356000.0,1.0,290756111.0,286764000.0,286764000.0,6.551,6126304000.0,59098000.0,-26846000.0,66686000.0,21.364,104260000.0
11,CCI,MRY,2009-12-31,2009-12-31,2009-12-31,2021-08-07,-124224000.0,10956606000.0,10685535250.0,1196033000.0,9760573000.0,0.158,10.244,-173535000.0,979660000.0,979660000.0,549368000.0,-114123000.0,1.586,2.624,6579150000.0,217196000.0,6361954000.0,6579150000.0,179649000.0,529739000.0,0.0,0.0,0.0,255150000.0,784889000.0,0.466,784889000.0,255150000.0,-190732000.0,-0.47,-0.47,-0.47,2936241000.0,2872365500.0,2936241000.0,17276179567.0,68.0,22.011,397721000.0,1.388,1.0,1136039000.0,0.674,4390226000.0,445882000.0,11411765000.0,11419259500.0,0.0,0.0,0.0,0.0,7704867000.0,754105000.0,6950762000.0,11368683567.0,610927000.0,-2598000.0,42046000.0,290969000.0,0.0,214396000.0,-172145000.0,0.0,571256000.0,-2580000.0,-114332000.0,-135138000.0,-135138000.0,0.0,209000.0,-0.08,702048000.0,433991000.0,33053000.0,0.0,3.872,-84.126,-83.064,4895983000.0,20806000.0,39.04,6.745,6.639,44431000.0,-2628336000.0,1685407000.0,1685407000.0,0.0,-0.013,-0.047,0.022,0.151,29225000.0,153072000.0,1.0,291206034.0,286622000.0,286622000.0,5.88,6566380000.0,76089000.0,-76400000.0,74117000.0,22.91,441928000.0
12,CCI,MRY,2008-12-31,2008-12-31,2008-12-31,2021-08-07,-408329000.0,10361722000.0,10439942500.0,485168000.0,9876554000.0,0.146,9.63,-448877000.0,308071000.0,308071000.0,538575000.0,-48858000.0,0.581,2.699,6301588000.0,466217000.0,5835371000.0,6301588000.0,174213000.0,526442000.0,0.0,0.0,0.0,198794000.0,725236000.0,0.475,725236000.0,198794000.0,-153219000.0,-0.25,-0.25,-0.25,2715865000.0,3022757500.0,2715865000.0,11109097815.0,56.0,15.318,64124000.0,0.227,1.0,987929000.0,0.647,4535282000.0,352013000.0,10985599000.0,11357221500.0,0.0,0.0,0.0,0.0,7331131000.0,834358000.0,6496773000.0,5075298815.0,79974000.0,-27736000.0,-36241000.0,86091000.0,0.0,47717000.0,-476613000.0,0.0,513001000.0,-4131000.0,-48858000.0,-69664000.0,-69664000.0,0.0,0.0,-0.046,695420000.0,292509000.0,33808000.0,0.0,1.869,-72.854,-70.32,5060126000.0,20806000.0,17.58,3.325,3.248,67271000.0,-2493198000.0,1526504000.0,1526504000.0,0.0,-0.007,-0.023,0.018,0.13,25896000.0,149586000.0,1.0,288697316.0,282007000.0,282007000.0,5.413,5826440000.0,28331000.0,-104361000.0,40446000.0,20.661,-349190000.0
13,CCI,MRY,2007-12-31,2007-12-31,2007-12-31,2021-08-07,26166000.0,10488133000.0,10560895250.0,497255000.0,9990878000.0,0.131,11.313,-297096000.0,245801000.0,245801000.0,509084000.0,-222964000.0,1.337,2.213,6241703000.0,81500000.0,6160203000.0,6241703000.0,144760000.0,539904000.0,0.0,0.0,0.0,24056000.0,563960000.0,0.407,563960000.0,24056000.0,-316852000.0,-0.87,-0.87,-0.87,3166911000.0,3394788250.0,3166911000.0,17747130672.0,738.0,31.469,53259000.0,0.19,1.0,876402000.0,0.633,4525230000.0,340908000.0,11586818000.0,11616619500.0,0.0,60085000.0,0.0,60085000.0,7007424000.0,371987000.0,6635437000.0,11864420672.0,-517471000.0,-494352000.0,-698635000.0,711017000.0,0.0,-77782000.0,-791448000.0,0.0,350355000.0,1404000.0,-222813000.0,-243618000.0,-243618000.0,0.0,-151000.0,-0.176,776874000.0,99528000.0,37366000.0,0.0,3.746,-48.701,-47.816,5051055000.0,20805000.0,41.6,8.563,8.405,183491000.0,-2423534000.0,1385486000.0,1385486000.0,0.0,-0.023,-0.072,0.002,0.017,21621000.0,142846000.0,1.0,285202420.0,279937000.0,279937000.0,4.949,5962903000.0,113492000.0,-94039000.0,281259000.0,21.301,125268000.0
14,CCI,MRY,2006-12-31,2006-12-31,2006-12-31,2021-08-07,65000000.0,5007464000.0,4554985250.0,801323000.0,4206141000.0,0.173,3.649,-122538000.0,713219000.0,713219000.0,272961000.0,-41893000.0,3.991,5.169,3649551000.0,0.0,3649551000.0,3649551000.0,102701000.0,285244000.0,0.0,0.0,0.0,123398000.0,408642000.0,0.518,408642000.0,123398000.0,-41050000.0,-0.3,-0.3,-0.3,756281000.0,923004250.0,756281000.0,9458736123.0,77.0,23.147,153221000.0,0.739,1.0,515260000.0,0.654,616743000.0,164448000.0,7126258000.0,6457800000.0,0.0,154955000.0,0.0,154955000.0,3909260000.0,200795000.0,3708465000.0,6522508123.0,527308000.0,-303611000.0,-472488000.0,1205389000.0,0.0,678914000.0,-432499000.0,0.0,275759000.0,-523000.0,-41893000.0,-62699000.0,-62699000.0,-5657000.0,0.0,-0.08,393833000.0,121427000.0,18545000.0,0.0,8.624,-104.029,-107.667,3246446000.0,20806000.0,32.3,8.275,8.493,134980000.0,-2184598000.0,788221000.0,788221000.0,0.0,-0.014,-0.068,0.019,0.157,14896000.0,104532000.0,1.0,201935236.0,207245000.0,207245000.0,3.803,4390721000.0,1980000.0,843000.0,0.0,21.186,600528000.0
15,CCI,MRY,2005-12-31,2005-12-31,2005-12-31,2021-08-07,41937000.0,4131317000.0,4198863500.0,221295000.0,3910022000.0,0.161,5.411,-61851000.0,161161000.0,161161000.0,251985000.0,-399926000.0,0.477,2.218,2389433000.0,295000000.0,2094433000.0,2389433000.0,87286000.0,281118000.0,0.0,0.0,0.0,-264249000.0,16869000.0,0.025,16869000.0,-264249000.0,-396701000.0,-2.06,-2.06,-2.06,1178376000.0,1352924000.0,1178376000.0,7839795067.0,-30.0,464.746,143061000.0,0.657,1.0,424774000.0,0.628,411284000.0,132452000.0,5484091000.0,5423294500.0,0.0,0.0,0.0,0.0,2614206000.0,464214000.0,2149992000.0,5743548067.0,-501299000.0,-147255000.0,-255835000.0,134373000.0,0.0,-445636000.0,-264140000.0,-55034000.0,204912000.0,-408000.0,-399926000.0,-449282000.0,-449282000.0,-848000.0,0.0,-0.664,400568000.0,24206000.0,12230000.0,0.0,4.874,-12.784,-13.063,3294333000.0,49356000.0,26.91,8.487,8.659,109753000.0,-2121899000.0,676759000.0,676759000.0,0.0,-0.107,-0.332,-0.049,-0.39,24760000.0,113910000.0,1.0,213435454.0,217759000.0,217759000.0,3.108,3720033000.0,0.0,3225000.0,0.0,17.083,-242919000.0
16,CCI,MRY,2004-12-31,2004-12-31,2004-12-31,2021-08-07,55921000.0,4574567000.0,5485414750.0,638713000.0,3935854000.0,0.11,8.343,-39681000.0,566707000.0,566707000.0,231025000.0,233824000.0,2.241,1.181,1952900000.0,97250000.0,1855650000.0,1952900000.0,116326000.0,284991000.0,0.0,0.0,0.0,435452000.0,720443000.0,1.192,720443000.0,435452000.0,228454000.0,0.88,0.88,0.88,1849494000.0,1807080000.0,1849494000.0,4710899102.0,11.0,6.539,81820000.0,0.369,1.0,373177000.0,0.618,332493000.0,206998000.0,5343202000.0,6505397000.0,0.0,0.0,0.0,0.0,2185017000.0,285065000.0,1899952000.0,3720557102.0,157123000.0,-295000000.0,-27270000.0,-1658708000.0,0.0,-1689601000.0,-319200000.0,15481000.0,121501000.0,7452000.0,233824000.0,195206000.0,195206000.0,-534688000.0,0.0,0.323,394775000.0,-21598000.0,12168000.0,0.0,2.012,19.06,18.909,3375022000.0,38618000.0,16.64,6.158,6.106,105106000.0,-1587021000.0,604202000.0,604202000.0,0.0,0.036,0.108,0.067,0.721,15230000.0,101193000.0,1.0,223591172.0,221693000.0,221693000.0,2.725,4242074000.0,0.0,-5370000.0,0.0,19.135,353648000.0
17,CCI,MRY,2003-12-31,2003-12-31,2003-12-31,2021-08-07,247249000.0,6612233000.0,6639078750.0,2566800000.0,4045433000.0,0.084,8.271,-13835000.0,409584000.0,409584000.0,226193000.0,-451611000.0,3.211,2.304,3548516000.0,267142000.0,3281374000.0,3548516000.0,106384000.0,281028000.0,0.0,0.0,0.0,-58520000.0,222508000.0,0.399,222508000.0,-58520000.0,-449146000.0,-2.34,-2.34,-2.34,1794353000.0,1999266750.0,1794353000.0,5324513827.0,-91.0,23.93,71489000.0,0.33,1.0,330964000.0,0.594,270438000.0,390626000.0,8681412000.0,8145315250.0,9615000.0,26600000.0,26600000.0,0.0,4134533000.0,799315000.0,3335218000.0,2424947827.0,69747000.0,-19181000.0,-44417000.0,436362000.0,0.0,71086000.0,119081000.0,152097000.0,85324000.0,8754000.0,-451611000.0,-507508000.0,-507508000.0,-4430000.0,0.0,-0.911,397355000.0,-66391000.0,9785000.0,0.0,1.351,-4.778,-4.714,3593570000.0,55897000.0,11.03,4.352,4.295,115954000.0,-1796441000.0,557157000.0,557157000.0,0.0,-0.076,-0.254,-0.007,-0.105,13986000.0,100719000.0,1.0,219850211.0,216947000.0,216947000.0,2.568,6341795000.0,0.0,2465000.0,0.0,29.232,1767485000.0
18,CCI,MRY,2002-12-31,2002-12-31,2002-12-31,2021-08-07,39323000.0,6892601000.0,7129894750.0,867081000.0,6025520000.0,0.085,10.129,-83665000.0,516172000.0,516172000.0,298188000.0,-319921000.0,2.403,1.701,3226960000.0,14250000.0,3212710000.0,3226960000.0,208195000.0,278609000.0,0.0,0.0,0.0,-106541000.0,172068000.0,0.284,172068000.0,-106541000.0,-315514000.0,-1.39,-1.39,-1.39,2208498000.0,2209761000.0,2208498000.0,3564866272.0,-33.0,20.718,9912000.0,0.045,1.0,307165000.0,0.507,1067041000.0,208973000.0,8175579000.0,8178038250.0,45616000.0,115697000.0,115697000.0,0.0,3756706000.0,360769000.0,3395937000.0,802676272.0,-168803000.0,-15583000.0,-93438000.0,-192820000.0,0.0,-286258000.0,50518000.0,149766000.0,93577000.0,1230000.0,-319921000.0,-303898000.0,-303898000.0,-9041000.0,0.0,-0.502,435087000.0,-127922000.0,63852000.0,0.0,0.363,-2.641,-2.698,4828033000.0,-16023000.0,3.75,1.326,1.351,125950000.0,-1148200000.0,605353000.0,605353000.0,0.0,-0.043,-0.138,-0.013,-0.176,0.0,95215000.0,1.0,214047006.0,218028000.0,218028000.0,2.776,5825560000.0,0.0,4407000.0,0.0,26.719,506312000.0
19,CCI,MRY,2001-12-31,2001-12-31,2001-12-31,2021-08-07,-43246000.0,7375458000.0,7309754750.0,1216061000.0,6159397000.0,0.123,11.037,-683102000.0,804602000.0,804602000.0,467233000.0,-366167000.0,2.956,1.676,3423097000.0,29086000.0,3394011000.0,3423097000.0,204584000.0,328491000.0,0.0,0.0,0.0,-60793000.0,267698000.0,0.298,267698000.0,-60793000.0,-349689000.0,-2.08,-2.08,-2.08,2364648000.0,2515508250.0,2364648000.0,5157701979.0,-85.0,19.267,-551172000.0,-2.573,1.0,431718000.0,0.48,1036914000.0,288896000.0,8545586000.0,8349901000.0,102771000.0,201463000.0,72963000.0,128500000.0,3963013000.0,411453000.0,3551560000.0,2305002979.0,350769000.0,-185571000.0,358207000.0,746829000.0,0.0,1109309000.0,-895136000.0,-26463000.0,131930000.0,4666000.0,-366167000.0,-445195000.0,-445195000.0,0.0,0.0,-0.495,493817000.0,-62099000.0,104149000.0,0.0,0.975,-5.178,-5.135,4844912000.0,79028000.0,10.68,2.564,2.545,188496000.0,-895317000.0,898951000.0,898951000.0,0.0,-0.061,-0.177,-0.007,-0.068,0.0,120988000.0,1.0,215824249.0,214246000.0,214246000.0,4.196,6338544000.0,0.0,16478000.0,0.0,29.585,804608000.0
20,CCI,MRY,2000-12-31,2000-12-31,2000-12-31,2021-08-07,-25100000.0,6401885000.0,5448302750.0,734178000.0,5667707000.0,0.119,13.556,-636506000.0,453833000.0,453833000.0,314600000.0,-204786000.0,2.559,1.232,2602687000.0,0.0,2602687000.0,2602687000.0,126649000.0,238796000.0,0.0,0.0,0.0,4488000.0,243284000.0,0.375,243284000.0,4488000.0,-204540000.0,-1.48,-1.48,-1.48,2420862000.0,2027342250.0,2420862000.0,7112467754.0,1585.0,29.235,-471011000.0,-2.637,1.0,334565000.0,0.515,1112876000.0,209028000.0,7150943000.0,6224841500.0,40684000.0,175000000.0,38000000.0,137000000.0,2982961000.0,286920000.0,2696041000.0,5364509754.0,-95495000.0,-1146181000.0,743290000.0,1011020000.0,0.0,1707091000.0,-1957687000.0,-175000000.0,165495000.0,-10394000.0,-204786000.0,-264255000.0,-264255000.0,0.0,0.0,-0.407,329356000.0,5209000.0,100766000.0,0.0,2.216,-20.301,-18.284,4303037000.0,59469000.0,27.06,8.264,7.444,168184000.0,-450122000.0,649165000.0,649165000.0,0.0,-0.049,-0.13,0.001,0.007,0.0,90560000.0,1.0,198245002.0,178588000.0,178588000.0,3.635,5289009000.0,0.0,246000.0,0.0,29.616,447258000.0
21,CCI,MRY,1999-12-31,1999-12-31,1999-12-31,2021-08-07,-3013000.0,3836650000.0,2992651750.0,662045000.0,3174605000.0,0.116,12.305,-293801000.0,549328000.0,549328000.0,156748000.0,-96761000.0,5.043,1.076,1542343000.0,0.0,1542343000.0,1542343000.0,60366000.0,130106000.0,0.0,0.0,0.0,-3309000.0,126797000.0,0.367,126797000.0,-3309000.0,-96486000.0,-0.96,-0.96,-0.96,1617747000.0,1362346500.0,1617747000.0,5642736460.0,-1705.0,44.502,-201193000.0,-1.53,1.0,189011000.0,0.547,596147000.0,93177000.0,4102237000.0,2943591000.0,19178000.0,0.0,0.0,0.0,1740688000.0,131281000.0,1609407000.0,4656128460.0,252878000.0,-1215345000.0,805771000.0,894199000.0,0.0,1670402000.0,-1509146000.0,0.0,92608000.0,-986000.0,-96761000.0,-96761000.0,-96761000.0,0.0,0.0,-0.28,187150000.0,1861000.0,45998000.0,0.0,2.878,-48.12,-33.469,2468101000.0,125642000.0,32.13,13.466,12.217,74290000.0,-185867000.0,345759000.0,345759000.0,0.0,-0.032,-0.071,-0.001,-0.01,0.0,51399000.0,1.0,144915296.0,131466000.0,131466000.0,2.63,3240503000.0,0.0,275000.0,0.0,24.649,530764000.0
22,CCI,MRY,1998-12-31,1998-12-31,1998-12-31,2021-08-07,1690000.0,1523230000.0,926171750.0,342116000.0,1181114000.0,0.122,17.347,-138759000.0,296450000.0,296450000.0,47818000.0,-37775000.0,3.683,0.739,429710000.0,0.0,429710000.0,429710000.0,26002000.0,37239000.0,0.0,0.0,0.0,-12532000.0,24707000.0,0.218,24707000.0,-12532000.0,-37401000.0,-1.02,-1.02,-1.02,737562000.0,388328000.0,737562000.0,2241294740.0,-179.0,90.715,-93783000.0,-2.206,1.0,65260000.0,0.577,569740000.0,24869000.0,993863000.0,702587000.0,6599000.0,0.0,0.0,0.0,545420000.0,92887000.0,452533000.0,1948319740.0,241372000.0,-10489000.0,339046000.0,9212000.0,0.0,345248000.0,-149248000.0,0.0,44976000.0,396000.0,-37775000.0,-37775000.0,-37775000.0,0.0,0.0,-0.334,78193000.0,-12933000.0,46020000.0,0.0,2.642,-51.577,-23.039,592594000.0,43186000.0,23.5,17.23,8.836,32130000.0,-60225000.0,113078000.0,113078000.0,0.0,-0.041,-0.097,-0.018,-0.111,0.0,40954000.0,1.0,82907223.0,42518000.0,42518000.0,2.66,953490000.0,0.0,374000.0,0.0,22.426,249229000.0
23,CCI,MRY,1997-12-31,1997-12-31,1997-12-31,2021-08-07,562000.0,371391000.0,,67156000.0,304235000.0,,6.7,-18035000.0,55078000.0,55078000.0,15350000.0,-11942000.0,5.62,4.04,156293000.0,0.0,156293000.0,156293000.0,2398000.0,6952000.0,0.0,,0.0,-4590000.0,2362000.0,0.075,2362000.0,-4590000.0,-11893000.0,-2.27,-2.27,-2.27,41792000.0,,41792000.0,,,,-18659000.0,-2.991,1.0,16055000.0,0.511,152541000.0,7303000.0,308115000.0,,1322000.0,59082000.0,0.0,59082000.0,168850000.0,11950000.0,156900000.0,,47735000.0,-93449000.0,137735000.0,29906000.0,0.0,159843000.0,-111484000.0,0.0,-624000.0,0.0,-11942000.0,-11942000.0,-11942000.0,0.0,0.0,-0.38,19507000.0,-3452000.0,7760000.0,0.0,,,,81968000.0,14141000.0,,,,9264000.0,-17039000.0,31405000.0,31405000.0,0.0,,,,-0.146,0.0,12555000.0,1.0,,6238000.0,6238000.0,5.034,218850000.0,0.0,49000.0,0.0,35.083,55206000.0
24,CCI,MRY,1996-12-31,1996-12-31,1996-12-31,2021-08-07,,,,,,,,-890000.0,,,1300000.0,-957000.0,,,,,,,,1242000.0,,,0.0,663000.0,1905000.0,0.307,1905000.0,663000.0,-947000.0,-0.27,-0.27,-0.27,,,,,,,-1420000.0,-0.405,1.0,4907000.0,0.791,,1610000.0,,,,,,,,,,,6747000.0,-13026000.0,10503000.0,10870000.0,0.0,21193000.0,-13916000.0,0.0,-530000.0,0.0,-957000.0,-957000.0,-957000.0,0.0,0.0,-0.154,4244000.0,663000.0,,0.0,,,,,957000.0,,,,,,6207000.0,6207000.0,0.0,,,,0.107,0.0,3002000.0,1.0,,3503000.0,3503000.0,1.772,,,10000.0,,,
0,CCI,MRQ,2021-06-30,2021-06-30,2021-06-30,2021-08-07,-2000000.0,38973000000.0,,1329000000.0,37644000000.0,,20.169,-307000000.0,520000000.0,520000000.0,494000000.0,334000000.0,0.659,3.473,26386000000.0,409000000.0,25977000000.0,26386000000.0,805000000.0,408000000.0,0.0,0.027,1.33,501000000.0,909000000.0,0.574,909000000.0,501000000.0,340000000.0,0.77,0.77,0.77,8713000000.0,,8713000000.0,109947199935.0,63.0,32.577,480000000.0,1.111,1.0,1089000000.0,0.688,14300000000.0,161000000.0,48521000000.0,,0.0,0.0,0.0,0.0,30260000000.0,2018000000.0,28242000000.0,84320199935.0,87000000.0,-11000000.0,-1000000.0,181000000.0,-575000000.0,-395000000.0,-305000000.0,0.0,787000000.0,0.0,334000000.0,334000000.0,334000000.0,-2000000.0,0.0,0.211,584000000.0,505000000.0,219000000.0,1.727,9.678,79.323,78.988,21796000000.0,0.0,195.1,13.944,13.938,1859000000.0,-9240000000.0,1583000000.0,1583000000.0,0.0,,,,,34000000.0,169000000.0,1.0,432189646.0,432000000.0,434000000.0,3.664,24673000000.0,0.0,6000000.0,0.0,57.113,-689000000.0
1,CCI,MRQ,2021-03-31,2021-03-31,2021-03-31,2021-08-07,-3000000.0,38752000000.0,,1176000000.0,37576000000.0,,20.655,-302000000.0,433000000.0,433000000.0,462000000.0,58000000.0,0.608,3.343,26060000000.0,491000000.0,25569000000.0,26060000000.0,814000000.0,408000000.0,0.0,0.029,1.33,235000000.0,643000000.0,0.433,643000000.0,235000000.0,65000000.0,0.13,0.13,0.13,8923000000.0,,8923000000.0,99282710290.0,61.0,30.53,282000000.0,0.653,1.0,1023000000.0,0.689,14402000000.0,170000000.0,48044000000.0,,0.0,0.0,0.0,0.0,29829000000.0,1933000000.0,27896000000.0,74241710290.0,56000000.0,-4000000.0,-67000000.0,438000000.0,-588000000.0,-217000000.0,-311000000.0,0.0,584000000.0,1000000.0,58000000.0,58000000.0,58000000.0,63000000.0,0.0,0.039,575000000.0,448000000.0,187000000.0,10.231,8.32,82.399,81.578,21663000000.0,0.0,172.13,12.575,12.595,1801000000.0,-8995000000.0,1485000000.0,1485000000.0,0.0,,,,,33000000.0,164000000.0,1.0,431311859.0,432000000.0,433000000.0,3.438,24350000000.0,0.0,7000000.0,0.0,56.366,-757000000.0
2,CCI,MRQ,2020-12-31,2020-12-31,2020-12-31,2021-08-07,-4000000.0,38768000000.0,,1104000000.0,37664000000.0,,21.9,-386000000.0,376000000.0,376000000.0,522000000.0,508000000.0,0.561,3.098,25417000000.0,458000000.0,24959000000.0,25417000000.0,704000000.0,401000000.0,0.0,0.031,1.33,680000000.0,1081000000.0,0.724,1081000000.0,680000000.0,512000000.0,1.19,1.18,1.19,9461000000.0,,9461000000.0,93575304105.0,53.0,27.742,599000000.0,1.387,1.0,971000000.0,0.65,14511000000.0,168000000.0,47329000000.0,,0.0,0.0,0.0,0.0,29307000000.0,1969000000.0,27338000000.0,68658304105.0,-40000000.0,-21000000.0,-1000000.0,-45000000.0,-574000000.0,-620000000.0,-405000000.0,0.0,985000000.0,0.0,508000000.0,508000000.0,508000000.0,0.0,0.0,0.34,289000000.0,682000000.0,230000000.0,1.118,7.257,68.727,67.453,21626000000.0,0.0,159.19,11.757,11.53,1839000000.0,-8472000000.0,1493000000.0,1493000000.0,0.0,,,,,30000000.0,185000000.0,1.0,431297846.0,432000000.0,434000000.0,3.456,24257000000.0,0.0,4000000.0,0.0,56.15,-865000000.0
3,CCI,MRQ,2020-09-30,2020-09-30,2020-09-30,2021-08-07,-4000000.0,38786000000.0,,1184000000.0,37602000000.0,,22.253,-377000000.0,416000000.0,416000000.0,487000000.0,163000000.0,0.615,3.082,25333000000.0,430000000.0,24903000000.0,25333000000.0,787000000.0,406000000.0,0.0,0.029,1.2,336000000.0,742000000.0,0.499,742000000.0,336000000.0,168000000.0,0.38,0.38,0.38,9502000000.0,,9502000000.0,94241769786.0,64.0,30.638,284000000.0,0.665,1.0,999000000.0,0.672,14613000000.0,168000000.0,47165000000.0,,0.0,0.0,0.0,0.0,29284000000.0,1925000000.0,27359000000.0,69874769786.0,-2253000000.0,-70000000.0,-1000000.0,-1922000000.0,-517000000.0,-2468000000.0,-446000000.0,0.0,661000000.0,1000000.0,163000000.0,163000000.0,163000000.0,0.0,0.0,0.11,565000000.0,434000000.0,264000000.0,3.158,7.354,103.98,103.416,21449000000.0,0.0,166.5,12.104,12.315,1875000000.0,-8402000000.0,1486000000.0,1486000000.0,0.0,,,,,33000000.0,154000000.0,1.0,419668287.0,427000000.0,429000000.0,3.48,24173000000.0,0.0,5000000.0,0.0,56.611,-741000000.0
4,CCI,MRQ,2020-06-30,2020-06-30,2020-06-30,2021-08-07,-6000000.0,40901000000.0,,3436000000.0,37465000000.0,,23.564,-414000000.0,2668000000.0,2668000000.0,486000000.0,200000000.0,1.749,3.163,27035000000.0,406000000.0,26629000000.0,27035000000.0,763000000.0,402000000.0,0.0,0.028,1.2,384000000.0,786000000.0,0.546,786000000.0,384000000.0,206000000.0,0.41,0.41,0.41,9826000000.0,,9826000000.0,93838318340.0,60.0,29.866,342000000.0,0.82,1.0,954000000.0,0.662,14704000000.0,178000000.0,48600000000.0,,0.0,0.0,0.0,0.0,31075000000.0,1964000000.0,29111000000.0,69743318340.0,2201000000.0,-3000000.0,-1000000.0,2398000000.0,-501000000.0,1867000000.0,-422000000.0,0.0,756000000.0,0.0,200000000.0,172000000.0,172000000.0,0.0,0.0,0.119,571000000.0,383000000.0,280000000.0,2.927,7.098,96.464,96.178,21214000000.0,28000000.0,167.35,12.089,12.097,1867000000.0,-8044000000.0,1440000000.0,1440000000.0,0.0,,,,,38000000.0,164000000.0,1.0,416751230.0,417000000.0,419000000.0,3.453,26197000000.0,0.0,6000000.0,0.0,62.823,1472000000.0
5,CCI,MRQ,2020-03-31,2020-03-31,2020-03-31,2021-08-07,-6000000.0,38616000000.0,,1247000000.0,37369000000.0,,24.329,-447000000.0,467000000.0,467000000.0,474000000.0,185000000.0,0.467,2.815,24562000000.0,1249000000.0,23313000000.0,24562000000.0,741000000.0,399000000.0,0.0,0.032,1.2,365000000.0,764000000.0,0.538,764000000.0,365000000.0,190000000.0,0.38,0.38,0.38,10121000000.0,,10121000000.0,83776177272.0,54.0,26.697,206000000.0,0.495,1.0,947000000.0,0.666,14812000000.0,175000000.0,45230000000.0,,0.0,0.0,0.0,0.0,28495000000.0,2669000000.0,25826000000.0,60178177272.0,135000000.0,-13000000.0,-73000000.0,564000000.0,-513000000.0,-50000000.0,-468000000.0,0.0,653000000.0,-1000000.0,185000000.0,157000000.0,157000000.0,0.0,0.0,0.11,583000000.0,364000000.0,296000000.0,3.158,5.946,81.432,81.124,21013000000.0,28000000.0,144.4,10.419,10.4,1923000000.0,-7712000000.0,1421000000.0,1421000000.0,0.0,,,,,37000000.0,175000000.0,1.0,416746380.0,416000000.0,418000000.0,3.416,23804000000.0,0.0,5000000.0,0.0,57.221,-1422000000.0
6,CCI,MRQ,2019-12-31,2019-12-31,2019-12-31,2021-08-07,-5000000.0,38457000000.0,,1204000000.0,37253000000.0,,25.214,-520000000.0,333000000.0,333000000.0,484000000.0,208000000.0,0.627,2.666,23931000000.0,399000000.0,23532000000.0,23931000000.0,657000000.0,397000000.0,0.0,0.032,1.2,387000000.0,784000000.0,0.55,784000000.0,387000000.0,214000000.0,0.44,0.43,0.44,10489000000.0,,10489000000.0,82407487726.0,53.0,26.278,288000000.0,0.692,1.0,942000000.0,0.661,14914000000.0,173000000.0,45221000000.0,,0.0,0.0,0.0,0.0,27968000000.0,1920000000.0,26048000000.0,59101487726.0,13000000.0,-2000000.0,0.0,262000000.0,-497000000.0,-263000000.0,-532000000.0,0.0,808000000.0,0.0,208000000.0,180000000.0,180000000.0,0.0,0.0,0.126,563000000.0,379000000.0,334000000.0,2.727,5.635,79.118,78.972,20799000000.0,28000000.0,142.15,10.255,10.261,2020000000.0,-7365000000.0,1426000000.0,1426000000.0,0.0,,,,,26000000.0,157000000.0,1.0,415768468.0,416000000.0,418000000.0,3.428,23543000000.0,0.0,6000000.0,0.0,56.594,-716000000.0
7,CCI,MRQ,2019-09-30,2019-09-30,2019-09-30,2021-08-07,-5000000.0,38344000000.0,,1253000000.0,37091000000.0,,27.224,-539000000.0,320000000.0,320000000.0,515000000.0,242000000.0,0.723,2.386,23626000000.0,396000000.0,23230000000.0,23626000000.0,525000000.0,388000000.0,0.0,0.032,1.125,420000000.0,808000000.0,0.545,808000000.0,420000000.0,247000000.0,0.51,0.51,0.51,11325000000.0,,11325000000.0,80655139805.0,53.0,26.238,124000000.0,0.298,1.0,967000000.0,0.652,15046000000.0,173000000.0,44870000000.0,,0.0,0.0,0.0,0.0,27019000000.0,1734000000.0,25285000000.0,57794139805.0,-104000000.0,-2000000.0,-1000000.0,272000000.0,-471000000.0,-228000000.0,-539000000.0,0.0,663000000.0,0.0,242000000.0,214000000.0,214000000.0,0.0,0.0,0.144,544000000.0,423000000.0,368000000.0,2.206,5.103,82.211,82.254,20528000000.0,28000000.0,139.01,10.134,10.14,2080000000.0,-6503000000.0,1482000000.0,1482000000.0,0.0,,,,,29000000.0,150000000.0,1.0,415755268.0,416000000.0,418000000.0,3.562,23298000000.0,0.0,5000000.0,0.0,56.005,-481000000.0
8,CCI,MRQ,2019-06-30,2019-06-30,2019-06-30,2021-08-07,-5000000.0,38147000000.0,,1294000000.0,36853000000.0,,27.7,-518000000.0,424000000.0,424000000.0,502000000.0,216000000.0,0.762,2.311,23285000000.0,387000000.0,22898000000.0,23285000000.0,503000000.0,393000000.0,0.0,0.034,1.125,389000000.0,782000000.0,0.54,782000000.0,389000000.0,220000000.0,0.45,0.45,0.45,11523000000.0,,11523000000.0,76629869982.0,54.0,25.715,197000000.0,0.474,1.0,945000000.0,0.653,15152000000.0,169000000.0,44158000000.0,,0.0,0.0,0.0,0.0,26624000000.0,1698000000.0,24926000000.0,54191869982.0,21000000.0,-3000000.0,-1000000.0,324000000.0,-467000000.0,-173000000.0,-521000000.0,0.0,715000000.0,0.0,216000000.0,188000000.0,188000000.0,0.0,0.0,0.13,556000000.0,389000000.0,337000000.0,2.5,4.703,86.707,86.325,20204000000.0,28000000.0,130.35,9.684,9.69,1982000000.0,-6277000000.0,1447000000.0,1447000000.0,0.0,,,,,33000000.0,155000000.0,1.0,415741235.0,416000000.0,418000000.0,3.478,22995000000.0,0.0,4000000.0,0.0,55.276,-404000000.0
9,CCI,MRQ,2019-03-31,2019-03-31,2019-03-31,2021-08-07,-5000000.0,37778000000.0,,1193000000.0,36585000000.0,,28.304,-480000000.0,403000000.0,403000000.0,485000000.0,193000000.0,0.762,2.216,22841000000.0,383000000.0,22458000000.0,22841000000.0,502000000.0,394000000.0,0.0,0.034,1.125,367000000.0,761000000.0,0.54,761000000.0,367000000.0,199000000.0,0.4,0.4,0.4,11746000000.0,,11746000000.0,69466752896.0,51.0,23.79,32000000.0,0.077,1.0,923000000.0,0.656,15256000000.0,168000000.0,43395000000.0,,0.0,0.0,0.0,0.0,26032000000.0,1565000000.0,24467000000.0,53192752896.0,-5000000.0,-10000000.0,-42000000.0,519000000.0,-477000000.0,-28000000.0,-489000000.0,0.0,512000000.0,0.0,193000000.0,165000000.0,165000000.0,0.0,0.0,0.117,556000000.0,367000000.0,311000000.0,2.812,4.529,90.31,89.51,19852000000.0,28000000.0,128.0,9.708,9.695,1918000000.0,-6022000000.0,1408000000.0,1408000000.0,0.0,,,,,29000000.0,152000000.0,1.0,415568382.0,415000000.0,417000000.0,3.393,22522000000.0,0.0,6000000.0,0.0,54.27,-372000000.0
10,CCI,MRQ,2018-12-31,2018-12-31,2018-12-31,2021-08-07,-5000000.0,32762000000.0,,1229000000.0,31533000000.0,,28.017,-498000000.0,408000000.0,408000000.0,483000000.0,164000000.0,0.816,1.831,16682000000.0,107000000.0,16575000000.0,16682000000.0,587000000.0,389000000.0,0.0,0.039,1.125,334000000.0,723000000.0,0.529,723000000.0,334000000.0,170000000.0,0.33,0.33,0.33,11571000000.0,,11571000000.0,61041203514.0,48.0,21.723,227000000.0,0.55,1.0,883000000.0,0.646,15594000000.0,164000000.0,31936000000.0,,0.0,0.0,0.0,0.0,21191000000.0,1506000000.0,19685000000.0,45065203514.0,-40000000.0,-16000000.0,0.0,242000000.0,-467000000.0,-253000000.0,-512000000.0,0.0,725000000.0,0.0,164000000.0,136000000.0,136000000.0,0.0,0.0,0.1,551000000.0,332000000.0,313000000.0,3.409,3.895,88.537,88.317,13653000000.0,28000000.0,108.63,8.392,8.355,1867000000.0,-6195000000.0,1366000000.0,1366000000.0,0.0,,,,,24000000.0,145000000.0,1.0,414850442.0,413000000.0,418000000.0,3.308,17168000000.0,0.0,6000000.0,0.0,41.569,-277000000.0
11,CCI,MRQ,2018-09-30,2018-09-30,2018-09-30,2021-08-07,-5000000.0,32644000000.0,,1249000000.0,31395000000.0,,29.627,-478000000.0,448000000.0,448000000.0,474000000.0,164000000.0,0.958,1.655,16424000000.0,111000000.0,16313000000.0,16424000000.0,484000000.0,385000000.0,0.0,0.038,1.05,329000000.0,714000000.0,0.519,714000000.0,329000000.0,169000000.0,0.33,0.33,0.33,12295000000.0,,12295000000.0,61809132301.0,54.0,23.377,186000000.0,0.448,1.0,901000000.0,0.655,15694000000.0,160000000.0,31622000000.0,,0.0,0.0,0.0,0.0,20349000000.0,1304000000.0,19045000000.0,46184132301.0,117000000.0,-8000000.0,0.0,420000000.0,-436000000.0,-44000000.0,-503000000.0,0.0,664000000.0,0.0,164000000.0,136000000.0,136000000.0,0.0,0.0,0.099,542000000.0,359000000.0,302000000.0,3.182,3.756,126.186,129.453,13433000000.0,28000000.0,111.33,8.983,8.987,1828000000.0,-5447000000.0,1375000000.0,1375000000.0,0.0,,,,,32000000.0,145000000.0,1.0,414839956.0,415000000.0,416000000.0,3.313,16950000000.0,0.0,5000000.0,0.0,40.843,-55000000.0
12,CCI,MRQ,2018-06-30,2018-06-30,2018-06-30,2021-08-07,-5000000.0,32374000000.0,,1164000000.0,31210000000.0,,30.28,-393000000.0,331000000.0,331000000.0,454000000.0,180000000.0,0.905,1.576,15956000000.0,112000000.0,15844000000.0,15956000000.0,476000000.0,379000000.0,0.0,0.038,1.05,343000000.0,722000000.0,0.543,722000000.0,343000000.0,185000000.0,0.37,0.36,0.37,12566000000.0,,12566000000.0,60132209606.0,55.0,24.072,266000000.0,0.641,1.0,876000000.0,0.659,15804000000.0,158000000.0,30909000000.0,,0.0,0.0,0.0,0.0,19808000000.0,1286000000.0,18522000000.0,44726209606.0,-8000000.0,-4000000.0,-3000000.0,195000000.0,-436000000.0,-273000000.0,-394000000.0,0.0,659000000.0,-1000000.0,180000000.0,152000000.0,152000000.0,0.0,0.0,0.114,531000000.0,345000000.0,272000000.0,2.838,3.559,141.988,143.76,13218000000.0,28000000.0,107.82,9.262,9.266,1758000000.0,-5144000000.0,1330000000.0,1330000000.0,0.0,,,,,24000000.0,138000000.0,1.0,414822942.0,415000000.0,416000000.0,3.205,16570000000.0,0.0,5000000.0,0.0,39.928,-122000000.0
13,CCI,MRQ,2018-03-31,2018-03-31,2018-03-31,2021-08-07,-4000000.0,32250000000.0,,1074000000.0,31176000000.0,,31.374,-370000000.0,340000000.0,340000000.0,433000000.0,114000000.0,0.905,1.513,15746000000.0,130000000.0,15616000000.0,15746000000.0,465000000.0,374000000.0,0.0,0.036,1.05,278000000.0,652000000.0,0.502,652000000.0,278000000.0,118000000.0,0.21,0.21,0.21,12832000000.0,,12832000000.0,60325536393.0,60.0,25.891,82000000.0,0.2,1.0,866000000.0,0.667,15929000000.0,160000000.0,30540000000.0,,0.0,0.0,0.0,0.0,19418000000.0,1187000000.0,18231000000.0,44601075393.0,-95000000.0,-14000000.0,810000000.0,-502000000.0,-443000000.0,-163000000.0,-384000000.0,0.0,452000000.0,0.0,114000000.0,86000000.0,86000000.0,0.0,0.0,0.066,517000000.0,349000000.0,248000000.0,5.0,3.476,162.186,158.855,13051000000.0,28000000.0,109.61,9.831,9.881,1706000000.0,-4858000000.0,1299000000.0,1299000000.0,0.0,,,,,23000000.0,134000000.0,1.0,406906992.0,409000000.0,410000000.0,3.176,16321000000.0,0.0,4000000.0,0.0,39.905,-113000000.0
14,CCI,MRQ,2017-12-31,2017-12-31,2017-12-31,2021-08-07,-4000000.0,32229000000.0,,1134000000.0,31095000000.0,,30.392,-365000000.0,435000000.0,435000000.0,418000000.0,20000000.0,0.878,1.612,16159000000.0,115000000.0,16044000000.0,16159000000.0,457000000.0,361000000.0,0.0,0.035,1.05,195000000.0,556000000.0,0.489,556000000.0,195000000.0,34000000.0,-0.05,-0.04,-0.05,12339000000.0,,12339000000.0,53470148852.0,54.0,24.042,254000000.0,0.626,1.0,719000000.0,0.632,15983000000.0,161000000.0,30678000000.0,,0.0,0.0,0.0,0.0,19890000000.0,1292000000.0,18598000000.0,45100597852.0,-6399000000.0,-7147000000.0,0.0,950000000.0,-427000000.0,493000000.0,-7511000000.0,0.0,619000000.0,0.0,20000000.0,-8000000.0,-8000000.0,0.0,0.0,-0.007,528000000.0,191000000.0,249000000.0,-21.0,3.655,146.431,138.762,12933000000.0,28000000.0,111.01,10.599,9.966,1698000000.0,-4505000000.0,1137000000.0,1137000000.0,0.0,,,,,25000000.0,126000000.0,1.0,406275091.0,406000000.0,407000000.0,2.8,16246000000.0,0.0,14000000.0,0.0,40.015,-158000000.0
15,CCI,MRQ,2017-09-30,2017-09-30,2017-09-30,2021-08-07,-4959000.0,31011756000.0,,7474555000.0,23537201000.0,,32.082,-289000000.0,6834864000.0,6834864000.0,388000000.0,115000000.0,7.126,1.447,15204415000.0,114198000.0,15090217000.0,15204415000.0,387447000.0,296000000.0,0.0,0.038,0.95,272000000.0,568000000.0,0.534,568000000.0,272000000.0,118000000.0,0.22,0.21,0.22,12672332000.0,,12672332000.0,54142284456.0,52.0,24.604,193000000.0,0.489,1.0,675000000.0,0.635,10791233000.0,154000000.0,27541203000.0,,0.0,0.0,0.0,0.0,18339424000.0,1048871000.0,17290553000.0,40618595456.0,6516000000.0,-9000000.0,3757000000.0,1351000000.0,-386000000.0,6330000000.0,-296000000.0,0.0,482000000.0,0.0,115000000.0,85000000.0,85000000.0,0.0,0.0,0.08,414000000.0,261000000.0,179335000.0,4.318,3.205,92.163,81.951,10599604000.0,30000000.0,99.98,9.79,9.518,1603403000.0,-4145527000.0,1063000000.0,1063000000.0,0.0,,,,,22000000.0,100000000.0,1.0,406267208.0,395000000.0,397000000.0,2.691,20220523000.0,0.0,3000000.0,0.0,51.191,6425684000.0
16,CCI,MRQ,2017-06-30,2017-06-30,2017-06-30,2021-08-07,-5183000.0,24483624000.0,,951335000.0,23532289000.0,,20.852,-301000000.0,317576000.0,317576000.0,373000000.0,112000000.0,0.953,2.226,13841265000.0,114932000.0,13726333000.0,13841265000.0,387065000.0,295000000.0,0.0,0.037,0.95,259000000.0,554000000.0,0.534,554000000.0,259000000.0,117000000.0,0.31,0.31,0.31,7590309000.0,,7590309000.0,49849425972.0,49.0,23.221,188000000.0,0.516,1.0,665000000.0,0.641,10873170000.0,142000000.0,26136231000.0,,0.0,0.0,0.0,0.0,16893315000.0,997912000.0,15895403000.0,36676772972.0,-3000000.0,-607000000.0,441000000.0,327000000.0,-348000000.0,420000000.0,-912000000.0,0.0,489000000.0,1000000.0,112000000.0,112000000.0,112000000.0,0.0,0.0,0.108,406000000.0,259000000.0,178927000.0,3.065,4.832,82.774,79.508,10507736000.0,0.0,100.18,8.993,8.942,1605422000.0,-3841187000.0,1038000000.0,1038000000.0,0.0,,,,,23000000.0,98000000.0,1.0,366108734.0,364000000.0,366000000.0,2.852,13610454000.0,0.0,5000000.0,0.0,37.391,-46577000.0
17,CCI,MRQ,2017-03-31,2017-03-31,2017-03-31,2021-08-07,-5713000.0,23776842000.0,,916449000.0,22860393000.0,,20.397,-262000000.0,320320000.0,320320000.0,364000000.0,119000000.0,1.016,2.229,13492973000.0,112882000.0,13380091000.0,13492973000.0,366758000.0,289000000.0,0.0,0.039,0.95,257000000.0,546000000.0,0.537,546000000.0,257000000.0,123000000.0,0.33,0.33,0.33,7363480000.0,,7363480000.0,45531838246.0,47.0,21.806,180000000.0,0.499,1.0,652000000.0,0.642,10424363000.0,134000000.0,25622937000.0,,0.0,0.0,0.0,0.0,16413362000.0,902195000.0,15511167000.0,34052842246.0,-372000000.0,-1497000000.0,0.0,1297000000.0,-348000000.0,949000000.0,-1763000000.0,0.0,442000000.0,0.0,119000000.0,119000000.0,119000000.0,0.0,0.0,0.117,397000000.0,255000000.0,154753000.0,2.879,4.625,83.841,80.726,10293693000.0,0.0,94.45,8.508,8.519,1612930000.0,-3602985000.0,1016000000.0,1016000000.0,0.0,,,,,22000000.0,101000000.0,1.0,360538298.0,361000000.0,362000000.0,2.814,13352479000.0,0.0,4000000.0,0.0,36.987,14254000.0
18,CCI,MRQ,2016-12-31,2016-12-31,2016-12-31,2021-08-07,-5888000.0,22675092000.0,,1324761000.0,21350331000.0,,21.547,-259822000.0,692146000.0,692146000.0,392711000.0,124737000.0,1.378,2.0,12171142000.0,101749000.0,12069393000.0,12171142000.0,353005000.0,274275000.0,0.0,0.042,0.95,258284000.0,532559000.0,0.516,532559000.0,258284000.0,128940000.0,0.36,0.36,0.36,7557115000.0,,7557115000.0,41727586152.0,47.0,20.885,222463000.0,0.634,1.0,639480000.0,0.62,9407748000.0,129344000.0,23784985000.0,,0.0,0.0,0.0,0.0,15117977000.0,961355000.0,14156622000.0,29407779152.0,404270000.0,-11838000.0,1001961000.0,-436988000.0,-342372000.0,211552000.0,-289417000.0,0.0,482285000.0,321000.0,124737000.0,124728000.0,124728000.0,0.0,0.0,0.121,377656000.0,261824000.0,188516000.0,2.639,3.891,90.765,91.337,9805315000.0,9000.0,86.77,7.5,7.524,1691190000.0,-3378838000.0,1032191000.0,1032191000.0,0.0,,,,,18598000.0,92091000.0,1.0,338916436.0,350722000.0,352772000.0,2.943,13267344000.0,0.0,4203000.0,0.0,37.829,363406000.0
19,CCI,MRQ,2016-09-30,2016-09-30,2016-09-30,2021-08-07,-5541000.0,22171723000.0,,839675000.0,21332048000.0,,20.007,-221181000.0,273151000.0,273151000.0,365978000.0,98366000.0,0.935,2.283,12592958000.0,101362000.0,12491596000.0,12592958000.0,358683000.0,280824000.0,0.0,0.038,0.885,233323000.0,514147000.0,0.518,514147000.0,233323000.0,103407000.0,0.26,0.26,0.26,6753717000.0,,6753717000.0,43893601603.0,51.0,22.368,165353000.0,0.49,1.0,626038000.0,0.631,9487481000.0,129916000.0,24106311000.0,,0.0,0.0,0.0,0.0,15418006000.0,897738000.0,14520268000.0,31801854603.0,-45478000.0,-51230000.0,-299000.0,134586000.0,-298782000.0,-169363000.0,-262649000.0,0.0,386534000.0,-641000.0,98366000.0,87369000.0,87369000.0,0.0,0.0,0.088,381784000.0,244254000.0,148916000.0,3.404,4.709,96.562,96.133,9714149000.0,10997000.0,94.21,8.293,8.293,1598036000.0,-3159059000.0,992016000.0,992016000.0,0.0,,,,,20267000.0,89941000.0,1.0,337563471.0,337564000.0,338409000.0,2.939,12684242000.0,0.0,5041000.0,0.0,37.576,-58063000.0
20,CCI,MRQ,2016-06-30,2016-06-30,2016-06-30,2021-08-07,-4006000.0,22153074000.0,,817615000.0,21335459000.0,,20.584,-199508000.0,334457000.0,334457000.0,348719000.0,86058000.0,0.933,2.188,12426204000.0,100345000.0,12325859000.0,12426204000.0,364010000.0,276026000.0,0.0,0.034,0.885,219304000.0,495330000.0,0.515,495330000.0,219304000.0,89942000.0,0.22,0.22,0.22,6948307000.0,,6948307000.0,45799560197.0,54.0,23.612,281017000.0,0.832,1.0,613690000.0,0.638,9524638000.0,129362000.0,23844219000.0,,0.0,0.0,0.0,0.0,15204767000.0,875964000.0,14328803000.0,34238682197.0,25740000.0,-471903000.0,-106000.0,531464000.0,-298756000.0,214403000.0,-669188000.0,0.0,480525000.0,896000.0,86058000.0,75061000.0,75061000.0,0.0,0.0,0.078,382505000.0,231185000.0,143082000.0,4.023,4.928,102.28,101.43,9670358000.0,10997000.0,101.43,9.104,9.104,1562805000.0,-2946081000.0,962409000.0,962409000.0,0.0,,,,,20240000.0,91386000.0,1.0,337559718.0,337560000.0,338609000.0,2.851,12628436000.0,0.0,3884000.0,0.0,37.411,-58349000.0
21,CCI,MRQ,2016-03-31,2016-03-31,2016-03-31,2021-08-07,-4977000.0,21718251000.0,,820882000.0,20897369000.0,,21.406,-193489000.0,305121000.0,305121000.0,333592000.0,47840000.0,1.011,2.036,11865999000.0,87823000.0,11778176000.0,11865999000.0,332711000.0,277875000.0,0.0,0.039,0.885,178090000.0,455965000.0,0.488,455965000.0,178090000.0,51712000.0,0.11,0.11,0.11,7152994000.0,,7152994000.0,40810681765.0,21.0,13.689,244167000.0,0.731,1.0,600792000.0,0.643,9238193000.0,126378000.0,23228990000.0,,0.0,0.0,0.0,0.0,14565257000.0,811946000.0,13753311000.0,28870984765.0,-2532000.0,-22029000.0,299444000.0,-336062000.0,-299090000.0,-345592000.0,-207746000.0,0.0,437656000.0,-576000.0,47840000.0,36843000.0,36843000.0,0.0,0.0,0.039,389053000.0,211739000.0,141574000.0,8.045,4.036,20.592,20.546,9559397000.0,10997000.0,86.5,7.808,7.817,1572567000.0,-2720364000.0,934384000.0,934384000.0,0.0,,,,,19895000.0,97581000.0,1.0,333768610.0,334155000.0,334929000.0,2.796,12480058000.0,0.0,3872000.0,0.0,37.348,8936000.0
22,CCI,MRQ,2015-12-31,2015-12-31,2015-12-31,2021-08-07,-4398000.0,21936966000.0,,981245000.0,20955721000.0,,21.279,-250652000.0,309541000.0,309541000.0,342005000.0,141066000.0,1.147,2.094,12149959000.0,106219000.0,12043740000.0,12149959000.0,322623000.0,269557000.0,0.0,0.039,0.885,227335000.0,496892000.0,0.525,496892000.0,227335000.0,98989000.0,0.39,0.38,0.39,7089221000.0,,7089221000.0,40695126490.0,20.0,13.418,252497000.0,0.758,1.0,603831000.0,0.638,9293466000.0,128346000.0,23628549000.0,,0.0,0.0,0.0,0.0,14847745000.0,855369000.0,13992376000.0,28854529490.0,-5086000.0,-18860000.0,-81000.0,82956000.0,-295388000.0,-235487000.0,-271089000.0,0.0,503149000.0,-220000.0,141066000.0,130069000.0,130069000.0,1659000.0,0.0,0.138,374091000.0,229740000.0,159629000.0,2.269,4.07,19.536,19.471,9580057000.0,10997000.0,86.45,7.875,7.857,1619704000.0,-2458397000.0,945836000.0,945836000.0,0.0,,,,,16062000.0,87041000.0,1.0,333771307.0,333155000.0,335043000.0,2.839,12643500000.0,0.0,-42077000.0,0.0,37.951,125876000.0
23,CCI,MRQ,2015-09-30,2015-09-30,2015-09-30,2021-08-07,-3754000.0,21995644000.0,,1024371000.0,20971273000.0,,21.739,-237357000.0,300769000.0,300769000.0,333859000.0,103779000.0,1.242,2.038,12141366000.0,102188000.0,12039178000.0,12141366000.0,314648000.0,261662000.0,0.0,0.042,0.82,229855000.0,491517000.0,0.535,491517000.0,229855000.0,99978000.0,0.28,0.28,0.28,7240303000.0,,7240303000.0,36973441643.0,18.0,12.048,134641000.0,0.404,1.0,584248000.0,0.636,9364494000.0,129877000.0,23647205000.0,,0.0,0.0,0.0,0.0,14755341000.0,824542000.0,13930799000.0,26323762643.0,-153780000.0,-1018594000.0,-86000.0,989602000.0,-273685000.0,724176000.0,-1249432000.0,0.0,371998000.0,-713000.0,103779000.0,92782000.0,92782000.0,522000.0,0.0,0.101,353446000.0,230802000.0,157024000.0,2.929,3.636,17.738,17.684,9498568000.0,10997000.0,78.87,7.224,7.209,1607318000.0,-2291977000.0,918107000.0,918107000.0,0.0,,,,,14580000.0,76699000.0,1.0,333761413.0,333049000.0,333711000.0,2.757,12631150000.0,33110000.0,-3801000.0,32317000.0,37.926,199829000.0
24,CCI,MRQ,2015-06-30,2015-06-30,2015-06-30,2021-08-07,-6866000.0,21011629000.0,,1117560000.0,19894069000.0,,22.229,-219230000.0,481625000.0,481625000.0,326431000.0,1154378000.0,1.432,1.838,11131304000.0,94702000.0,11036602000.0,11131304000.0,313355000.0,253153000.0,0.0,0.035,0.82,1283682000.0,1536835000.0,1.709,1536835000.0,1283682000.0,1149216000.0,3.43,3.42,3.43,7404236000.0,,7404236000.0,38493991775.0,19.0,12.536,246590000.0,0.74,1.0,573006000.0,0.637,8792093000.0,134466000.0,22088971000.0,,0.0,0.0,0.0,0.0,13607393000.0,780244000.0,12827149000.0,26801017775.0,98165000.0,-47232000.0,-118000.0,-966002000.0,-273686000.0,-1251924000.0,-219553000.0,0.0,465820000.0,291000.0,1153360000.0,1142363000.0,1142363000.0,-987852000.0,1018000.0,1.27,332275000.0,240731000.0,153909000.0,0.239,3.62,18.022,17.964,9042284000.0,10997000.0,80.3,7.406,7.391,1509859000.0,-2110438000.0,899437000.0,899437000.0,0.0,,,,,14887000.0,73125000.0,1.0,333761118.0,333091000.0,333733000.0,2.7,12219536000.0,29842000.0,-4144000.0,35117000.0,36.685,337316000.0
25,CCI,MRQ,2015-03-31,2015-03-31,2015-03-31,2021-08-07,8304000.0,21105477000.0,,927514000.0,20177963000.0,,19.647,-201653000.0,377117000.0,377117000.0,319131000.0,125112000.0,1.128,2.225,12070091000.0,115998000.0,11954093000.0,12070091000.0,327270000.0,251806000.0,0.0,0.028,0.82,255791000.0,507597000.0,0.564,507597000.0,255791000.0,121352000.0,0.34,0.34,0.34,6536720000.0,,6536720000.0,39155210116.0,41.0,20.07,251405000.0,0.756,1.0,581340000.0,0.646,8866293000.0,134439000.0,23110203000.0,,0.0,0.0,0.0,0.0,14546684000.0,821955000.0,13724729000.0,27557380117.0,65793000.0,-17493000.0,-29372000.0,131599000.0,-273685000.0,-172241000.0,-219660000.0,0.0,453058000.0,-1260000.0,122787000.0,111790000.0,111790000.0,-13378000.0,2325000.0,0.124,336433000.0,244907000.0,146894000.0,2.412,4.216,74.922,74.36,9139703000.0,10997000.0,82.54,7.66,7.634,1585195000.0,-2978356000.0,900471000.0,900471000.0,0.0,,,,,15244000.0,74056000.0,1.0,333866975.0,332712000.0,333485000.0,2.706,12239184000.0,48725000.0,-1435000.0,38152000.0,36.786,105559000.0
26,CCI,MRQ,2014-12-31,2014-12-31,2014-12-31,2021-08-07,15820000.0,21143276000.0,,1282996000.0,19860280000.0,,20.204,-259575000.0,298723000.0,298723000.0,354817000.0,152587000.0,1.376,2.145,11920861000.0,113335000.0,11807526000.0,11920861000.0,279882000.0,246816000.0,0.0,0.024,0.82,286014000.0,532830000.0,0.575,532830000.0,286014000.0,144944000.0,0.41,0.41,0.41,6716225000.0,,6716225000.0,37471913647.0,39.0,19.332,189696000.0,0.571,1.0,571051000.0,0.617,8878036000.0,141070000.0,22955247000.0,,0.0,0.0,0.0,0.0,14406048000.0,932131000.0,13473917000.0,26274609647.0,-62276000.0,-287295000.0,-94000.0,310771000.0,-273762000.0,16046000.0,-546180000.0,0.0,449271000.0,-654000.0,148070000.0,137073000.0,137073000.0,-23958000.0,4517000.0,0.148,325807000.0,245244000.0,162397000.0,2.0,3.912,75.823,75.673,8982783000.0,10997000.0,78.7,7.425,7.39,1515366000.0,-2815428000.0,925868000.0,925868000.0,0.0,,,,,12000000.0,70125000.0,1.0,333857810.0,332416000.0,334000000.0,2.785,12265240000.0,0.0,-3126000.0,0.0,36.897,350865000.0
27,CCI,MRQ,2014-09-30,2014-09-30,2014-09-30,2021-08-07,19006000.0,20784860000.0,,978795000.0,19806065000.0,,20.592,-199662000.0,376374000.0,376374000.0,332413000.0,108037000.0,1.158,2.034,11573678000.0,106673000.0,11467005000.0,11573678000.0,327265000.0,247206000.0,0.0,0.013,0.35,246247000.0,493453000.0,0.553,493453000.0,246247000.0,104960000.0,0.29,0.29,0.29,6844974000.0,,6844974000.0,38072811322.0,43.0,21.159,228328000.0,0.687,1.0,560470000.0,0.628,8887226000.0,141287000.0,22249371000.0,,0.0,0.0,0.0,0.0,13922115000.0,845567000.0,13076548000.0,26885764322.0,12398000.0,-88568000.0,-48000.0,-10877000.0,-116851000.0,-123277000.0,-287821000.0,0.0,427990000.0,-1327000.0,106937000.0,95940000.0,95940000.0,-8882000.0,1100000.0,0.107,321418000.0,239052000.0,175110000.0,1.207,3.928,154.035,161.06,8870817000.0,10997000.0,80.53,8.175,8.139,1531848000.0,-2677959000.0,892883000.0,892883000.0,0.0,,,,,12124000.0,65212000.0,1.0,333860230.0,332413000.0,333241000.0,2.686,11897634000.0,51056000.0,-1977000.0,57118000.0,35.792,133228000.0
28,CCI,MRQ,2014-06-30,2014-06-30,2014-06-30,2021-08-07,26205000.0,20672059000.0,,947746000.0,19724313000.0,,20.645,-156355000.0,383204000.0,383204000.0,328933000.0,35357000.0,1.191,2.01,11570251000.0,105624000.0,11464627000.0,11570251000.0,320134000.0,241568000.0,0.0,0.009,0.35,175442000.0,417010000.0,0.475,417010000.0,175442000.0,30908000.0,0.07,0.07,0.07,6861338000.0,,6861338000.0,35996476315.0,42.0,20.89,204298000.0,0.615,1.0,549309000.0,0.625,8861818000.0,144534000.0,22201410000.0,,0.0,0.0,0.0,0.0,13792623000.0,795878000.0,12996745000.0,24787640315.0,32973000.0,-23560000.0,-313000.0,-62775000.0,-116855000.0,-181297000.0,-178489000.0,0.0,360653000.0,431000.0,34009000.0,23012000.0,23012000.0,-10053000.0,1348000.0,0.026,332131000.0,217178000.0,132529000.0,5.0,3.613,199.195,200.703,8888426000.0,10997000.0,74.26,7.882,7.847,1484661000.0,-2656718000.0,878242000.0,878242000.0,0.0,,,,,15417000.0,63318000.0,1.0,333795318.0,332344000.0,333081000.0,2.643,11810241000.0,46662000.0,-3101000.0,54123000.0,35.536,151868000.0
29,CCI,MRQ,2014-03-31,2014-03-31,2014-03-31,2021-08-07,4059000.0,20569666000.0,,852268000.0,19717398000.0,,20.836,-142943000.0,364490000.0,364490000.0,300950000.0,102793000.0,1.203,1.971,11573326000.0,105467000.0,11467859000.0,11573326000.0,255323000.0,250191000.0,0.0,0.005,0.35,247709000.0,497900000.0,0.568,497900000.0,247709000.0,101309000.0,0.27,0.27,0.27,6918265000.0,,6918265000.0,35834927278.0,39.0,20.762,219340000.0,0.661,1.0,575000000.0,0.656,8931666000.0,146400000.0,22138564000.0,,0.0,0.0,0.0,0.0,13634999000.0,708272000.0,12926727000.0,24647347278.0,-22857000.0,-62228000.0,-21417000.0,-39593000.0,-116829000.0,-174459000.0,-204219000.0,0.0,362283000.0,-6462000.0,101497000.0,90500000.0,90500000.0,0.0,1296000.0,0.103,323432000.0,251568000.0,127053000.0,1.296,3.563,160.27,153.708,8927218000.0,10997000.0,73.78,8.211,8.161,1375234000.0,-2562541000.0,875950000.0,875950000.0,0.0,,,,,11956000.0,64849000.0,1.0,334065428.0,332034000.0,333045000.0,2.638,11638000000.0,41718000.0,-188000.0,52134000.0,35.051,143996000.0
30,CCI,MRQ,2013-12-31,2013-12-31,2013-12-31,2021-08-07,-23612000.0,20594908000.0,,892683000.0,19702225000.0,,21.671,-149327000.0,406920000.0,406920000.0,222856000.0,-22681000.0,1.18,1.971,11594500000.0,103586000.0,11490914000.0,11594500000.0,260114000.0,168824000.0,0.0,0.0,0.0,222189000.0,391013000.0,0.609,391013000.0,222189000.0,79200000.0,-0.13,-0.13,-0.13,6926717000.0,,6926717000.0,34929899511.0,40.0,21.668,182866000.0,0.572,1.0,418930000.0,0.653,8974291000.0,142989000.0,22051810000.0,,0.0,0.0,0.0,0.0,13653733000.0,756387000.0,12897346000.0,24530793511.0,2535000.0,-4876621000.0,2980345000.0,786416000.0,0.0,4688131000.0,-5026273000.0,0.0,332193000.0,5781000.0,-23546000.0,-34909000.0,-34909000.0,-33900000.0,865000.0,-0.054,226082000.0,192848000.0,145390000.0,0.0,3.541,311.51,282.423,8947677000.0,11363000.0,73.43,8.56,7.638,1328920000.0,-2535879000.0,641786000.0,641786000.0,0.0,,,,,9696000.0,41980000.0,1.0,334070455.0,319632000.0,321043000.0,2.008,11620617000.0,45722000.0,102746000.0,56513000.0,36.356,136296000.0
31,CCI,MRQ,2013-09-30,2013-09-30,2013-09-30,2021-08-07,-61339000.0,15567572000.0,,999803000.0,14567769000.0,,10.273,-130662000.0,376348000.0,376348000.0,263964000.0,46468000.0,1.471,4.214,10775454000.0,115378000.0,10660076000.0,10775454000.0,248807000.0,195408000.0,0.0,0.0,0.0,221811000.0,417219000.0,0.557,417219000.0,221811000.0,79795000.0,0.16,0.16,0.16,2982972000.0,,2982972000.0,31874796712.0,44.0,21.53,148177000.0,0.51,1.0,485013000.0,0.648,5962120000.0,142016000.0,19324840000.0,,0.0,0.0,0.0,0.0,12570282000.0,679718000.0,11890564000.0,21374701712.0,91763000.0,-27851000.0,-350000.0,-33001000.0,0.0,-28901000.0,-157556000.0,0.0,278839000.0,-619000.0,45836000.0,45836000.0,45836000.0,0.0,632000.0,0.061,262174000.0,222839000.0,119689000.0,0.0,7.166,227.023,228.219,6904346000.0,0.0,73.03,7.376,7.317,1268177000.0,-2512333000.0,748977000.0,748977000.0,0.0,,,,,9862000.0,58504000.0,1.0,292683852.0,290372000.0,291378000.0,2.579,9605452000.0,211189000.0,33959000.0,153967000.0,33.08,320085000.0
32,CCI,MRQ,2013-06-30,2013-06-30,2013-06-30,2021-08-07,-77491000.0,15392585000.0,,880066000.0,14512519000.0,,9.997,-138467000.0,288427000.0,288427000.0,249214000.0,53376000.0,1.366,4.282,10788522000.0,97013000.0,10691509000.0,10788522000.0,242420000.0,190651000.0,0.0,0.0,0.0,229202000.0,419853000.0,0.571,419853000.0,229202000.0,88946000.0,0.18,0.18,0.18,2911472000.0,,2911472000.0,31801861719.0,44.0,22.124,134934000.0,0.463,1.0,485714000.0,0.661,5990452000.0,140256000.0,19258030000.0,,0.0,0.0,0.0,0.0,12467693000.0,644198000.0,11823495000.0,21266025719.0,-33979000.0,-14470000.0,-75288000.0,-69596000.0,0.0,-159610000.0,-146440000.0,0.0,273401000.0,-1330000.0,52359000.0,52359000.0,52359000.0,0.0,1017000.0,0.071,255753000.0,229961000.0,112160000.0,0.0,7.304,235.345,241.3,6892277000.0,0.0,72.39,7.676,7.61,1178526000.0,-2558169000.0,734928000.0,734928000.0,0.0,,,,,9443000.0,54790000.0,1.0,293770213.0,291225000.0,292706000.0,2.524,9402133000.0,208112000.0,36587000.0,110756000.0,32.285,235868000.0
33,CCI,MRQ,2013-03-31,2013-03-31,2013-03-31,2021-08-07,-52036000.0,15372505000.0,,865415000.0,14507090000.0,,10.135,-116353000.0,300320000.0,300320000.0,254983000.0,16737000.0,1.357,4.205,10836156000.0,94839000.0,10741317000.0,10836156000.0,230792000.0,186459000.0,0.0,0.0,0.0,197539000.0,383998000.0,0.519,383998000.0,197539000.0,33170000.0,0.05,0.05,0.05,2950413000.0,,2950413000.0,31009515420.0,45.0,22.758,170273000.0,0.585,1.0,485077000.0,0.655,6041825000.0,164369000.0,19228890000.0,,0.0,0.0,0.0,0.0,12407874000.0,637626000.0,11770248000.0,20415575420.0,-280499000.0,-12810000.0,-23579000.0,-838682000.0,0.0,-436487000.0,-129016000.0,0.0,286626000.0,-1622000.0,15462000.0,15462000.0,15462000.0,0.0,1275000.0,0.021,250022000.0,235055000.0,96874000.0,0.0,6.92,132.556,133.923,6882411000.0,0.0,69.64,7.789,7.735,1139437000.0,-2610528000.0,740060000.0,740060000.0,0.0,,,,,10029000.0,58246000.0,1.0,293158751.0,291102000.0,292570000.0,2.542,9330680000.0,212433000.0,17708000.0,50336000.0,32.053,227789000.0
34,CCI,MRQ,2012-12-31,2012-12-31,2012-12-31,2021-08-07,-61791000.0,16088709000.0,,1581324000.0,14507385000.0,,10.105,-157997000.0,1017302000.0,1017302000.0,217421000.0,-9644000.0,1.277,4.47,11611242000.0,688056000.0,10923186000.0,11611242000.0,241127000.0,175843000.0,0.0,0.0,0.0,83554000.0,259397000.0,0.385,259397000.0,83554000.0,-90129000.0,-0.07,-0.07,-0.07,2938746000.0,,2938746000.0,29145325315.0,42.0,22.212,90102000.0,0.31,1.0,456666000.0,0.677,6061653000.0,173683000.0,19383138000.0,,0.0,0.0,0.0,0.0,13137445000.0,1237858000.0,11899587000.0,21154369315.0,322461000.0,-2523237000.0,-40000.0,3064152000.0,0.0,2755816000.0,-2681216000.0,0.0,248099000.0,-238000.0,-19505000.0,-19505000.0,-19505000.0,0.0,9861000.0,-0.029,247958000.0,208708000.0,115999000.0,0.0,7.198,113.761,112.75,6917531000.0,0.0,72.16,8.696,8.581,1057652000.0,-2625990000.0,674087000.0,674087000.0,0.0,,,,,8371000.0,58631000.0,1.0,293159220.0,290815000.0,293499000.0,2.318,10027056000.0,227334000.0,-70624000.0,65830000.0,34.479,343466000.0
35,CCI,MRQ,2012-09-30,2012-09-30,2012-09-30,2021-08-07,-71633000.0,12736419000.0,,777376000.0,11959043000.0,,10.112,-123689000.0,392208000.0,392208000.0,185343000.0,43178000.0,1.462,3.331,8383164000.0,88093000.0,8295071000.0,8383164000.0,220744000.0,154867000.0,0.0,0.0,0.0,219294000.0,374161000.0,0.602,374161000.0,219294000.0,74345000.0,0.14,0.14,0.14,2940077000.0,,2940077000.0,26798668417.0,34.0,19.582,76427000.0,0.263,1.0,435994000.0,0.702,5169811000.0,144949000.0,15025747000.0,,0.0,0.0,0.0,0.0,9793614000.0,531817000.0,9261797000.0,18783705417.0,22728000.0,-36922000.0,-310000.0,-24853000.0,0.0,-18250000.0,-160555000.0,0.0,200116000.0,1417000.0,42045000.0,42045000.0,42045000.0,0.0,1133000.0,0.068,215226000.0,220768000.0,48373000.0,0.0,6.389,75.323,74.535,5380541000.0,0.0,64.1,8.245,8.181,945630000.0,-2606485000.0,621337000.0,621337000.0,0.0,,,,,16468000.0,55862000.0,1.0,293037526.0,290762000.0,292098000.0,2.137,7566608000.0,78937000.0,32300000.0,96735000.0,26.023,245559000.0
36,CCI,MRQ,2012-06-30,2012-06-30,2012-06-30,2021-08-07,-89065000.0,12597676000.0,,739110000.0,11858566000.0,,9.855,-94645000.0,372123000.0,372123000.0,171833000.0,117084000.0,1.511,3.397,8387086000.0,79303000.0,8307783000.0,8387086000.0,195330000.0,152482000.0,0.0,0.0,0.0,192521000.0,345003000.0,0.589,345003000.0,192521000.0,47581000.0,0.4,0.4,0.4,2864441000.0,,2864441000.0,24256298159.0,33.0,18.458,67485000.0,0.232,1.0,413678000.0,0.707,5167413000.0,144940000.0,14956102000.0,,0.0,0.0,0.0,0.0,9731678000.0,489124000.0,9242554000.0,17188019159.0,-967509000.0,-978000000.0,-154000.0,-67214000.0,0.0,-55696000.0,-1072652000.0,0.0,162130000.0,-1291000.0,116013000.0,116013000.0,116013000.0,0.0,1071000.0,0.198,210701000.0,202977000.0,46279000.0,0.0,6.0,68.46,66.659,5347867000.0,0.0,58.66,7.919,7.855,860379000.0,-2648530000.0,585511000.0,585511000.0,0.0,,,,,8070000.0,47078000.0,1.0,293010896.0,290649000.0,291203000.0,2.014,7430263000.0,93889000.0,-68432000.0,81665000.0,25.564,249986000.0
37,CCI,MRQ,2012-03-31,2012-03-31,2012-03-31,2021-08-07,-93043000.0,12124656000.0,,1648009000.0,10476647000.0,,9.605,-65052000.0,1352653000.0,1352653000.0,154392000.0,50270000.0,3.87,3.431,8420932000.0,77776000.0,8343156000.0,8420932000.0,174176000.0,139400000.0,0.0,0.0,0.0,194198000.0,333598000.0,0.605,333598000.0,194198000.0,56726000.0,0.17,0.17,0.17,2736534000.0,,2736534000.0,21726858242.0,30.0,17.102,97160000.0,0.341,1.0,397353000.0,0.72,4358013000.0,137472000.0,14409080000.0,,0.0,0.0,0.0,0.0,9387990000.0,425842000.0,8962148000.0,15173647242.0,983564000.0,-221316000.0,-35281000.0,1141747000.0,0.0,1104933000.0,-285173000.0,0.0,162212000.0,1592000.0,50031000.0,47402000.0,47402000.0,0.0,239000.0,0.086,195125000.0,202228000.0,31909000.0,0.0,5.545,94.409,93.579,4836152000.0,2629000.0,53.34,7.276,7.287,760748000.0,-2764543000.0,551745000.0,551745000.0,0.0,,,,,9035000.0,51001000.0,1.0,284470327.0,284913000.0,285853000.0,1.937,7766643000.0,87262000.0,6695000.0,104290000.0,27.26,1222167000.0
38,CCI,MRQ,2011-12-31,2011-12-31,2011-12-31,2021-08-07,-116996000.0,10545096000.0,,599152000.0,9945944000.0,,8.493,-82827000.0,332488000.0,332488000.0,148855000.0,48939000.0,1.49,3.291,6885699000.0,32517000.0,6853182000.0,6885699000.0,167238000.0,138964000.0,0.0,0.0,0.0,176794000.0,315758000.0,0.608,315758000.0,176794000.0,49495000.0,0.15,0.16,0.15,2386245000.0,,2386245000.0,19383017237.0,28.0,15.632,105353000.0,0.375,1.0,370616000.0,0.713,4213572000.0,127299000.0,12482629000.0,,0.0,0.0,0.0,0.0,7853200000.0,402106000.0,7451094000.0,12745428237.0,4596000.0,-19554000.0,-2011000.0,-63237000.0,0.0,-80196000.0,-102378000.0,0.0,188180000.0,-1010000.0,48911000.0,43915000.0,43915000.0,0.0,28000.0,0.085,193770000.0,176846000.0,32055000.0,0.0,5.341,86.038,86.154,4861227000.0,4996000.0,44.8,6.27,6.255,698361000.0,-2811945000.0,519471000.0,519471000.0,0.0,,,,,7673000.0,44568000.0,1.0,284496166.0,280974000.0,283184000.0,1.849,6331524000.0,85385000.0,584000.0,97562000.0,22.534,197046000.0
39,CCI,MRQ,2011-09-30,2011-09-30,2011-09-30,2021-08-07,-140602000.0,10443215000.0,,522280000.0,9920935000.0,,8.201,-148425000.0,299097000.0,299097000.0,146842000.0,51383000.0,1.386,3.383,6936686000.0,33612000.0,6903074000.0,6936686000.0,174906000.0,138523000.0,0.0,0.0,0.0,181222000.0,319745000.0,0.622,319745000.0,181222000.0,54103000.0,0.16,0.15,0.16,2313062000.0,,2313062000.0,18161966049.0,27.0,14.826,23040000.0,0.082,1.0,367041000.0,0.714,4243592000.0,127119000.0,12460378000.0,,0.0,0.0,0.0,0.0,7824753000.0,376834000.0,7447919000.0,11647432049.0,-32592000.0,-5622000.0,-108040000.0,107766000.0,0.0,-34985000.0,-169251000.0,0.0,171465000.0,179000.0,51278000.0,43737000.0,43737000.0,0.0,105000.0,0.085,185152000.0,181889000.0,29655000.0,0.0,5.036,83.26,83.0,4864400000.0,7541000.0,40.67,5.796,5.708,64762000.0,-2855860000.0,513883000.0,513883000.0,0.0,,,,,7683000.0,42922000.0,1.0,286388789.0,282031000.0,283899000.0,1.822,6199623000.0,53345000.0,2825000.0,67613000.0,21.982,145446000.0
40,CCI,MRQ,2011-06-30,2011-06-30,2011-06-30,2021-08-07,-141746000.0,10385320000.0,,511942000.0,9873378000.0,,8.303,-64040000.0,301724000.0,301724000.0,147049000.0,31014000.0,1.342,3.251,6816258000.0,30708000.0,6785550000.0,6816258000.0,176008000.0,138191000.0,0.0,0.0,0.0,163109000.0,301300000.0,0.602,301300000.0,163109000.0,36626000.0,0.09,0.09,0.09,2368538000.0,,2368538000.0,18266269561.0,39.0,17.886,92255000.0,0.323,1.0,353287000.0,0.706,4277092000.0,126483000.0,12241189000.0,,0.0,0.0,0.0,0.0,7699483000.0,381573000.0,7317910000.0,11846665561.0,25796000.0,-11940000.0,-150232000.0,72647000.0,0.0,-54941000.0,-75444000.0,0.0,156295000.0,-114000.0,30871000.0,25669000.0,25669000.0,0.0,143000.0,0.051,186145000.0,167142000.0,32691000.0,0.0,5.002,-268.912,-254.938,4828564000.0,5202000.0,40.79,5.99,5.884,57093000.0,-2899597000.0,500336000.0,500336000.0,0.0,,,,,7758000.0,41259000.0,1.0,290430634.0,285280000.0,287026000.0,1.754,6108228000.0,51986000.0,5755000.0,62116000.0,21.411,130369000.0
41,CCI,MRQ,2011-03-31,2011-03-31,2011-03-31,2021-08-07,-164197000.0,10397194000.0,,516071000.0,9881123000.0,,8.582,-52650000.0,312751000.0,312751000.0,145639000.0,40124000.0,1.314,3.093,6732355000.0,29562000.0,6702793000.0,6732355000.0,198521000.0,137273000.0,0.0,0.0,0.0,165886000.0,303159000.0,0.607,303159000.0,165886000.0,39200000.0,0.12,0.12,0.12,2462892000.0,,2462892000.0,18822654654.0,57.0,21.567,74864000.0,0.261,1.0,353400000.0,0.708,4303468000.0,126686000.0,12120601000.0,,0.0,0.0,0.0,0.0,7617385000.0,392729000.0,7224656000.0,12377306654.0,-30211000.0,-435000.0,-41574000.0,-58521000.0,0.0,-105590000.0,-52792000.0,0.0,127514000.0,657000.0,40017000.0,34816000.0,34816000.0,0.0,107000.0,0.07,186972000.0,166428000.0,30231000.0,0.0,5.026,-71.772,-69.754,4854182000.0,5201000.0,42.55,6.402,6.316,53671000.0,-2925266000.0,499039000.0,499039000.0,0.0,,,,,9496000.0,44744000.0,1.0,290888523.0,286998000.0,289005000.0,1.739,6093726000.0,60423000.0,-817000.0,66007000.0,21.233,123342000.0
42,CCI,MRQ,2010-12-31,2010-12-31,2010-12-31,2021-08-07,-178978000.0,10469529000.0,,545145000.0,9924384000.0,,8.538,-79784000.0,333546000.0,333546000.0,152934000.0,40905000.0,1.236,3.152,6778894000.0,28687000.0,6750207000.0,6778894000.0,202123000.0,137259000.0,0.0,0.0,0.0,163581000.0,300840000.0,0.606,300840000.0,163581000.0,36649000.0,0.12,0.12,0.12,2445373000.0,,2445373000.0,18848911345.0,124.0,27.189,115991000.0,0.405,1.0,343380000.0,0.692,4343225000.0,126932000.0,12130767000.0,,0.0,0.0,0.0,0.0,7707954000.0,440885000.0,7267069000.0,12743840345.0,-191448000.0,-12186000.0,-10310000.0,148354000.0,0.0,-295391000.0,-92491000.0,0.0,195775000.0,659000.0,40873000.0,35671000.0,35671000.0,0.0,32000.0,0.072,187228000.0,156152000.0,39649000.0,0.0,5.211,-38.414,-37.784,4893651000.0,5202000.0,43.83,6.783,6.69,481216000.0,-2960082000.0,496314000.0,496314000.0,0.0,,,,,10355000.0,43907000.0,1.0,290756111.0,286407000.0,286407000.0,1.733,6126304000.0,59098000.0,-4224000.0,66686000.0,21.39,104260000.0
43,CCI,MRQ,2010-09-30,2010-09-30,2010-09-30,2021-08-07,-207241000.0,10653242000.0,,754305000.0,9898937000.0,,8.323,-58483000.0,511034000.0,511034000.0,143000000.0,-135150000.0,1.126,3.341,6616105000.0,22039000.0,6594066000.0,6616105000.0,232940000.0,136218000.0,0.0,0.0,0.0,-20257000.0,115961000.0,0.241,115961000.0,-20257000.0,-142606000.0,-0.49,-0.49,-0.49,2381394000.0,,2381394000.0,19005254250.0,142.0,28.35,100965000.0,0.353,1.0,338890000.0,0.703,4367656000.0,122349000.0,11720866000.0,,0.0,0.0,0.0,0.0,7955896000.0,669791000.0,7286105000.0,12816324250.0,61892000.0,-126343000.0,7889000.0,121525000.0,0.0,88026000.0,-186238000.0,21800000.0,159448000.0,656000.0,-135009000.0,-140210000.0,-140210000.0,0.0,-141000.0,-0.291,182934000.0,155956000.0,28100000.0,0.0,5.382,-36.156,-35.894,4897340000.0,5201000.0,44.15,7.019,6.918,55201000.0,-2995753000.0,481890000.0,481890000.0,0.0,,,,,8042000.0,41420000.0,1.0,290290470.0,286119000.0,286119000.0,1.684,6285586000.0,92678000.0,-7597000.0,87889000.0,21.968,84514000.0
44,CCI,MRQ,2010-06-30,2010-06-30,2010-06-30,2021-08-07,-230843000.0,10352414000.0,,672219000.0,9680195000.0,,8.676,-54670000.0,451395000.0,451395000.0,145392000.0,-97614000.0,1.174,3.044,6640325000.0,20775000.0,6619550000.0,6640325000.0,180925000.0,134426000.0,0.0,0.0,0.0,18371000.0,152797000.0,0.335,152797000.0,18371000.0,-102215000.0,-0.36,-0.36,-0.36,2482071000.0,,2482071000.0,16877679435.0,81.0,22.776,109280000.0,0.382,1.0,310735000.0,0.681,4336292000.0,120586000.0,11632585000.0,,0.0,0.0,0.0,0.0,7554427000.0,572467000.0,6981960000.0,10821775435.0,-155409000.0,-629000.0,-36586000.0,-4606000.0,0.0,-263223000.0,-55299000.0,0.0,163950000.0,-837000.0,-97529000.0,-102731000.0,-102731000.0,0.0,-85000.0,-0.225,177851000.0,132884000.0,26074000.0,0.0,4.36,-43.097,-42.828,4786553000.0,5202000.0,37.26,6.103,6.012,49054000.0,-2855543000.0,456127000.0,456127000.0,0.0,,,,,9880000.0,40556000.0,1.0,290439491.0,286080000.0,286080000.0,1.594,6016122000.0,83286000.0,-4686000.0,76579000.0,21.03,99752000.0
45,CCI,MRQ,2010-03-31,2010-03-31,2010-03-31,2021-08-07,-155112000.0,10560509000.0,,814069000.0,9746440000.0,,9.316,-35121000.0,577218000.0,577218000.0,140051000.0,-119400000.0,1.298,2.812,6633122000.0,19553000.0,6613569000.0,6633122000.0,171710000.0,132868000.0,0.0,0.0,0.0,-9212000.0,123656000.0,0.278,123656000.0,-9212000.0,-129614000.0,-0.43,-0.43,-0.43,2687239000.0,,2687239000.0,17028381569.0,130.0,25.783,49136000.0,0.17,1.0,304276000.0,0.685,4370753000.0,120402000.0,11618284000.0,,0.0,0.0,0.0,0.0,7557514000.0,627376000.0,6930138000.0,11197447569.0,-368650000.0,0.0,-101901000.0,-285242000.0,0.0,-396036000.0,-56921000.0,-21800000.0,84257000.0,50000.0,-119275000.0,-124476000.0,-124476000.0,0.0,-125000.0,-0.28,173903000.0,130373000.0,24771000.0,0.0,4.167,-42.256,-41.554,4842394000.0,5201000.0,38.23,6.484,6.386,41265000.0,-2752812000.0,444327000.0,444327000.0,0.0,,,,,8263000.0,39473000.0,1.0,292896876.0,288451000.0,288451000.0,1.54,6189756000.0,110529000.0,-10339000.0,107139000.0,21.459,186693000.0
46,CCI,MRQ,2009-12-31,2009-12-31,2009-12-31,2021-08-07,-124224000.0,10956606000.0,,1196033000.0,9760573000.0,,10.216,-65612000.0,979660000.0,979660000.0,146706000.0,18732000.0,1.586,2.624,6579150000.0,217196000.0,6361954000.0,6579150000.0,179649000.0,133503000.0,0.0,0.0,0.0,144472000.0,277975000.0,0.627,277975000.0,144472000.0,20024000.0,0.05,0.05,0.05,2936241000.0,,2936241000.0,17276179567.0,68.0,22.011,111971000.0,0.39,1.0,296838000.0,0.669,4390226000.0,124448000.0,11411765000.0,,0.0,0.0,0.0,0.0,7704867000.0,754105000.0,6950762000.0,11368683567.0,497315000.0,-17000.0,26535000.0,427306000.0,0.0,381191000.0,-61641000.0,0.0,177583000.0,182000.0,18148000.0,12946000.0,12946000.0,0.0,584000.0,0.029,177384000.0,119454000.0,33053000.0,0.0,3.872,-84.126,-83.064,4895983000.0,5202000.0,39.04,6.745,6.639,44431000.0,-2628336000.0,443544000.0,443544000.0,0.0,,,,,7415000.0,39103000.0,1.0,291206034.0,287420000.0,287420000.0,1.543,6566380000.0,76089000.0,1876000.0,74117000.0,22.846,441928000.0
47,CCI,MRQ,2009-09-30,2009-09-30,2009-09-30,2021-08-07,-161330000.0,10483219000.0,,675293000.0,9807926000.0,,9.948,-32187000.0,456549000.0,456549000.0,136512000.0,-31138000.0,1.047,2.565,6364045000.0,113106000.0,6250939000.0,6364045000.0,170063000.0,131463000.0,0.0,0.0,0.0,55125000.0,186588000.0,0.435,186588000.0,55125000.0,-53475000.0,-0.13,-0.13,-0.13,2852238000.0,,2852238000.0,15089265354.0,129.0,23.421,92028000.0,0.321,1.0,292567000.0,0.682,4427317000.0,108600000.0,11318694000.0,,0.0,0.0,0.0,0.0,7316278000.0,644704000.0,6671574000.0,9128863354.0,-66158000.0,-2581000.0,6951000.0,-171234000.0,0.0,-157280000.0,-33029000.0,1739000.0,124215000.0,-64000.0,-31639000.0,-36841000.0,-36841000.0,0.0,501000.0,-0.086,173766000.0,118801000.0,24423000.0,0.0,3.201,-42.049,-40.727,4926598000.0,5202000.0,31.36,5.587,5.503,277135000.0,-2641282000.0,429079000.0,429079000.0,0.0,,,,,6779000.0,39230000.0,1.0,291098959.0,286707000.0,286707000.0,1.497,6055902000.0,99153000.0,-21836000.0,95248000.0,21.122,30589000.0
48,CCI,MRQ,2009-06-30,2009-06-30,2009-06-30,2021-08-07,-111985000.0,10552413000.0,,741234000.0,9811179000.0,,10.21,-38883000.0,530875000.0,530875000.0,134391000.0,-111767000.0,1.012,2.501,6491277000.0,248720000.0,6242557000.0,6491277000.0,167527000.0,131597000.0,0.0,0.0,0.0,-59366000.0,72231000.0,0.176,72231000.0,-59366000.0,-166367000.0,-0.41,-0.41,-0.41,2924695000.0,,2924695000.0,12922565880.0,111.0,20.064,112517000.0,0.393,1.0,275483000.0,0.672,4462940000.0,107001000.0,11317385000.0,,0.0,0.0,0.0,0.0,7313574000.0,732490000.0,6581084000.0,6986178880.0,-274348000.0,0.0,5538000.0,-352565000.0,0.0,-383863000.0,-40622000.0,-1739000.0,151400000.0,-1263000.0,-111418000.0,-116619000.0,-116619000.0,0.0,-349000.0,-0.285,176994000.0,98489000.0,27324000.0,0.0,2.389,-32.095,-31.195,4964104000.0,5201000.0,24.02,4.396,4.33,243325000.0,-2604441000.0,409874000.0,409874000.0,0.0,,,,,8055000.0,38102000.0,1.0,290848413.0,286449000.0,286449000.0,1.431,6089473000.0,72885000.0,-54949000.0,72747000.0,21.258,8744000.0
49,CCI,MRQ,2009-03-31,2009-03-31,2009-03-31,2021-08-07,-363280000.0,10749903000.0,,936779000.0,9813124000.0,,9.71,-36853000.0,773356000.0,773356000.0,131759000.0,10050000.0,1.676,2.759,6709743000.0,225517000.0,6484226000.0,6709743000.0,158968000.0,133176000.0,0.0,0.0,0.0,114919000.0,248095000.0,0.616,248095000.0,114919000.0,9086000.0,0.02,0.02,0.02,2776288000.0,,2776288000.0,11879739998.0,49.0,15.382,81205000.0,0.284,1.0,271151000.0,0.673,4497998000.0,105833000.0,11629194000.0,,0.0,0.0,0.0,0.0,7659196000.0,559098000.0,7100098000.0,5891667998.0,454118000.0,0.0,3022000.0,387462000.0,0.0,374348000.0,-36853000.0,0.0,118058000.0,-1435000.0,10577000.0,5376000.0,5376000.0,0.0,-527000.0,0.013,173904000.0,97247000.0,26135000.0,0.0,2.122,-128.322,-127.562,4992087000.0,5201000.0,20.41,3.78,3.744,219694000.0,-2487822000.0,402910000.0,402910000.0,0.0,,,,,6976000.0,36637000.0,1.0,288665752.0,285913000.0,287608000.0,1.409,6251905000.0,29444000.0,-1491000.0,33218000.0,21.866,377681000.0
50,CCI,MRQ,2008-12-31,2008-12-31,2008-12-31,2021-08-07,-408329000.0,10361722000.0,,485168000.0,9876554000.0,,9.506,-107257000.0,308071000.0,308071000.0,135919000.0,-63817000.0,0.581,2.699,6301588000.0,466217000.0,5835371000.0,6301588000.0,174213000.0,130799000.0,0.0,0.0,0.0,6543000.0,137342000.0,0.35,137342000.0,6543000.0,-81099000.0,-0.25,-0.25,-0.25,2715865000.0,,2715865000.0,11109097815.0,56.0,15.318,59989000.0,0.21,1.0,256103000.0,0.653,4535282000.0,87642000.0,10985599000.0,,0.0,0.0,0.0,0.0,7331131000.0,834358000.0,6496773000.0,5075298815.0,82115000.0,0.0,367000.0,7504000.0,0.0,25024000.0,-107257000.0,0.0,167246000.0,-2898000.0,-63817000.0,-69019000.0,-69019000.0,0.0,0.0,-0.176,177159000.0,78944000.0,33808000.0,0.0,1.869,-72.854,-70.32,5060126000.0,5202000.0,17.58,3.325,3.248,67271000.0,-2493198000.0,392022000.0,392022000.0,0.0,,,,,7510000.0,38671000.0,1.0,288697316.0,285688000.0,285688000.0,1.372,5826440000.0,28331000.0,-17282000.0,40446000.0,20.394,-349190000.0
51,CCI,MRQ,2008-09-30,2008-09-30,2008-09-30,2021-08-07,-30593000.0,10449865000.0,,507274000.0,9942591000.0,,11.125,-140303000.0,248079000.0,248079000.0,136299000.0,-32207000.0,1.126,2.213,6281878000.0,166500000.0,6115378000.0,6281878000.0,154037000.0,131714000.0,0.0,0.0,0.0,54682000.0,186396000.0,0.485,186396000.0,54682000.0,-34303000.0,-0.13,-0.13,-0.13,3154746000.0,,3154746000.0,14336900228.0,81.0,20.319,-10659000.0,-0.038,1.0,248049000.0,0.645,4575435000.0,88985000.0,11457713000.0,,0.0,36367000.0,0.0,36367000.0,6980625000.0,450516000.0,6530109000.0,8288784228.0,-25650000.0,-27736000.0,1224000.0,8375000.0,0.0,15334000.0,-168039000.0,0.0,129644000.0,-2589000.0,-32207000.0,-37408000.0,-37408000.0,0.0,0.0,-0.097,172053000.0,75996000.0,37593000.0,0.0,2.627,-96.364,-96.567,5059917000.0,5201000.0,28.97,5.491,5.442,199697000.0,-2424179000.0,384348000.0,384348000.0,0.0,,,,,6346000.0,37437000.0,1.0,286116128.0,283573000.0,283573000.0,1.355,5874430000.0,113541000.0,-2096000.0,184150000.0,20.716,56758000.0
52,CCI,MRQ,2008-06-30,2008-06-30,2008-06-30,2021-08-07,22537000.0,10477820000.0,,539274000.0,9938546000.0,,11.361,-139735000.0,284392000.0,284392000.0,135566000.0,60339000.0,1.239,2.202,6332508000.0,156500000.0,6176008000.0,6332508000.0,155298000.0,131896000.0,0.0,0.0,0.0,68566000.0,200462000.0,0.528,200462000.0,68566000.0,-19985000.0,0.2,0.19,0.2,3174453000.0,,3174453000.0,16986183774.0,154.0,26.448,8584000.0,0.031,1.0,243947000.0,0.643,4580137000.0,88551000.0,11510432000.0,,0.0,36894000.0,0.0,36894000.0,6989105000.0,435367000.0,6553738000.0,10938384774.0,1522000.0,0.0,3587000.0,-1661000.0,0.0,-7802000.0,-139735000.0,0.0,148319000.0,740000.0,60339000.0,55138000.0,55138000.0,0.0,0.0,0.145,175381000.0,68566000.0,33153000.0,0.0,3.446,-90.534,-90.07,5061982000.0,5201000.0,38.73,7.406,7.327,198658000.0,-2386771000.0,379513000.0,379513000.0,0.0,,,,,6622000.0,38492000.0,1.0,282426666.0,279428000.0,288427000.0,1.358,5897683000.0,110140000.0,-80324000.0,196518000.0,21.106,103907000.0
53,CCI,MRQ,2008-03-31,2008-03-31,2008-03-31,2021-08-07,-40440000.0,10470363000.0,,543360000.0,9927003000.0,,10.904,-61582000.0,278112000.0,278112000.0,130791000.0,-13173000.0,1.256,2.334,6325911000.0,156500000.0,6169411000.0,6325911000.0,137233000.0,132033000.0,0.0,0.0,0.0,69003000.0,201036000.0,0.542,201036000.0,69003000.0,-17832000.0,-0.07,-0.07,-0.07,3045966000.0,,3045966000.0,15701640881.0,198.0,25.629,6210000.0,0.022,1.0,239830000.0,0.647,4610451000.0,86835000.0,11475142000.0,,0.0,46381000.0,0.0,46381000.0,7110367000.0,432569000.0,6677798000.0,9705738881.0,21987000.0,0.0,-41419000.0,71873000.0,0.0,15161000.0,-61582000.0,0.0,67792000.0,616000.0,-13173000.0,-18375000.0,-18375000.0,0.0,0.0,-0.05,170827000.0,69003000.0,32377000.0,0.0,3.186,-45.375,-45.382,5021536000.0,5202000.0,34.49,6.738,6.689,194615000.0,-2441909000.0,370621000.0,370621000.0,0.0,,,,,5418000.0,34986000.0,1.0,281407332.0,279340000.0,279340000.0,1.327,5859912000.0,109141000.0,-4659000.0,238376000.0,20.978,110791000.0
54,CCI,MRQ,2007-12-31,2007-12-31,2007-12-31,2021-08-07,26166000.0,10488133000.0,,497255000.0,9990878000.0,,11.243,-109502000.0,245801000.0,245801000.0,134976000.0,-80320000.0,1.337,2.213,6241703000.0,81500000.0,6160203000.0,6241703000.0,144760000.0,132347000.0,0.0,0.0,0.0,-14637000.0,117710000.0,0.314,117710000.0,-14637000.0,-104503000.0,-0.3,-0.3,-0.3,3166911000.0,,3166911000.0,17747130672.0,738.0,31.469,20438000.0,0.073,1.0,240187000.0,0.64,4525230000.0,89866000.0,11586818000.0,,0.0,60085000.0,0.0,60085000.0,7007424000.0,371987000.0,6635437000.0,11864420672.0,-44557000.0,0.0,-119756000.0,62642000.0,0.0,-65630000.0,-108747000.0,0.0,129940000.0,-120000.0,-80169000.0,-85370000.0,-85370000.0,0.0,-151000.0,-0.228,179201000.0,60986000.0,37366000.0,0.0,3.746,-48.701,-47.816,5051055000.0,5201000.0,41.6,8.563,8.405,183491000.0,-2423534000.0,375163000.0,375163000.0,0.0,,,,,3243000.0,38636000.0,1.0,285202420.0,281689000.0,281689000.0,1.332,5962903000.0,113492000.0,-24334000.0,281259000.0,21.168,125268000.0
55,CCI,MRQ,2007-09-30,2007-09-30,2007-09-30,2021-08-07,69305000.0,10506316000.0,,421420000.0,10084896000.0,,12.066,-65451000.0,277705000.0,277705000.0,128895000.0,-67013000.0,1.65,1.989,6160415000.0,6500000.0,6153915000.0,6160415000.0,126881000.0,135540000.0,0.0,0.0,0.0,-12494000.0,123046000.0,0.35,123046000.0,-12494000.0,-98936000.0,-0.26,-0.26,-0.26,3409603000.0,,3409603000.0,17473933270.0,232.0,31.513,36226000.0,0.128,1.0,222849000.0,0.634,4579785000.0,86442000.0,11553908000.0,,0.0,101195000.0,0.0,101195000.0,6783147000.0,255333000.0,6527814000.0,11565188270.0,27370000.0,-4875000.0,9139000.0,-1625000.0,0.0,-4081000.0,-70581000.0,500000.0,101677000.0,355000.0,-67013000.0,-72214000.0,-72214000.0,0.0,0.0,-0.205,235667000.0,-12818000.0,25636000.0,0.0,3.392,-68.141,-64.492,5047374000.0,5201000.0,40.63,9.471,9.402,171314000.0,-2338164000.0,351744000.0,351744000.0,0.0,,,,,5987000.0,32881000.0,1.0,284646524.0,282577000.0,282577000.0,1.245,5926531000.0,0.0,-31923000.0,0.0,20.973,166087000.0
56,CCI,MRQ,2007-06-30,2007-06-30,2007-06-30,2021-08-07,114461000.0,10621023000.0,,374372000.0,10246651000.0,,12.454,-77500000.0,244037000.0,244037000.0,126845000.0,-32740000.0,1.57,1.935,6152782000.0,6500000.0,6146282000.0,6152782000.0,120910000.0,133324000.0,0.0,0.0,0.0,37524000.0,170848000.0,0.498,170848000.0,37524000.0,-48360000.0,-0.13,-0.13,-0.13,3512457000.0,,3512457000.0,16170154631.0,134.0,30.165,-7518000.0,-0.027,1.0,216025000.0,0.63,4578960000.0,85884000.0,11712399000.0,,0.0,114108000.0,0.0,114108000.0,6794907000.0,238409000.0,6556498000.0,10317098631.0,-32104000.0,0.0,7115000.0,0.0,0.0,-24795000.0,-78000000.0,-500000.0,69982000.0,709000.0,-32740000.0,-37942000.0,-37942000.0,0.0,0.0,-0.111,178111000.0,37914000.0,23522000.0,0.0,2.937,-87.231,-77.17,5123413000.0,5202000.0,36.27,9.639,9.557,152469000.0,-2265950000.0,342870000.0,342870000.0,0.0,,,,,6841000.0,36327000.0,1.0,284452678.0,282025000.0,282025000.0,1.216,6042063000.0,0.0,-15620000.0,0.0,21.424,135963000.0
57,CCI,MRQ,2007-03-31,2007-03-31,2007-03-31,2021-08-07,58635000.0,10628109000.0,,410470000.0,10217639000.0,,12.763,-44643000.0,289115000.0,289115000.0,118368000.0,-42891000.0,1.58,1.948,6142171000.0,6500000.0,6135671000.0,6142171000.0,130348000.0,138693000.0,0.0,0.0,0.0,13663000.0,152356000.0,0.483,152356000.0,13663000.0,-65053000.0,-0.18,-0.18,-0.18,3490182000.0,,3490182000.0,12022014715.0,110.0,26.055,4113000.0,0.015,1.0,197341000.0,0.625,4608018000.0,78716000.0,11613353000.0,,0.0,136772000.0,0.0,136772000.0,6797320000.0,259794000.0,6537526000.0,9085682715.0,-468180000.0,-489477000.0,-595133000.0,650000000.0,0.0,16724000.0,-534120000.0,0.0,48756000.0,460000.0,-42891000.0,-48092000.0,-48092000.0,0.0,0.0,-0.152,183895000.0,13446000.0,27512000.0,0.0,2.603,-91.897,-74.721,5140944000.0,5201000.0,32.13,9.862,9.537,139989000.0,-2228008000.0,315709000.0,315709000.0,0.0,,,,,5550000.0,35002000.0,1.0,282778796.0,273456000.0,273456000.0,1.155,6020091000.0,0.0,-22162000.0,0.0,22.015,150676000.0
58,CCI,MRQ,2006-12-31,2006-12-31,2006-12-31,2021-08-07,65000000.0,5007464000.0,,801323000.0,4206141000.0,,3.767,-44847000.0,713219000.0,713219000.0,72682000.0,-6275000.0,3.991,5.169,3649551000.0,0.0,3649551000.0,3649551000.0,102701000.0,71618000.0,0.0,0.0,0.0,36633000.0,108251000.0,0.513,108251000.0,36633000.0,-7130000.0,-0.06,-0.06,-0.06,756281000.0,,756281000.0,9458736123.0,77.0,23.147,51989000.0,0.259,1.0,138159000.0,0.655,616743000.0,43763000.0,7126258000.0,,0.0,154955000.0,0.0,154955000.0,3909260000.0,200795000.0,3708465000.0,6522508123.0,526632000.0,0.0,1621000.0,512497000.0,0.0,474948000.0,-44847000.0,6350000.0,96836000.0,-305000.0,-6275000.0,-11477000.0,-11477000.0,0.0,0.0,-0.054,97617000.0,40542000.0,18545000.0,0.0,8.624,-104.029,-107.667,3246446000.0,5202000.0,32.3,8.275,8.493,134980000.0,-2184598000.0,210841000.0,210841000.0,0.0,,,,,1273000.0,24747000.0,1.0,201935236.0,200762000.0,200762000.0,1.05,4390721000.0,1980000.0,-855000.0,0.0,21.87,600528000.0
59,CCI,MRQ,2006-09-30,2006-09-30,2006-09-30,2021-08-07,149498000.0,4519603000.0,,231312000.0,4288291000.0,,4.215,-29496000.0,159774000.0,159774000.0,69996000.0,-15561000.0,1.233,3.931,3096002000.0,10000000.0,3086002000.0,3096002000.0,152243000.0,72161000.0,0.0,0.0,0.0,32449000.0,104610000.0,0.521,104610000.0,32449000.0,-14986000.0,-0.1,-0.1,-0.1,847568000.0,,847568000.0,9577066977.0,100.0,25.239,31055000.0,0.154,1.0,130943000.0,0.652,619884000.0,47435000.0,6648410000.0,,0.0,249035000.0,0.0,249035000.0,3331517000.0,187537000.0,3143980000.0,7104260977.0,-456511000.0,-303611000.0,-171914000.0,-12108000.0,0.0,-178469000.0,-338457000.0,-5350000.0,60551000.0,-136000.0,-15561000.0,-20762000.0,-20762000.0,0.0,0.0,-0.103,98542000.0,32401000.0,16667000.0,0.0,8.382,-75.884,-78.311,3260049000.0,5201000.0,35.24,9.397,9.373,123400000.0,-2173121000.0,200939000.0,200939000.0,0.0,,,,,4729000.0,25433000.0,1.0,201596509.0,201070000.0,201070000.0,0.999,3899719000.0,0.0,575000.0,0.0,19.395,43775000.0
60,CCI,MRQ,2006-06-30,2006-06-30,2006-06-30,2021-08-07,86527000.0,4562118000.0,,701449000.0,3860669000.0,,4.219,-26740000.0,630423000.0,630423000.0,66807000.0,-13335000.0,3.946,3.708,3103229000.0,10000000.0,3093229000.0,3103229000.0,141308000.0,69374000.0,0.0,0.0,0.0,26826000.0,96200000.0,0.496,96200000.0,26826000.0,-12828000.0,-0.09,-0.09,-0.09,897171000.0,,897171000.0,9620476178.0,152.0,27.89,41367000.0,0.195,1.0,126969000.0,0.655,340412000.0,39654000.0,6516737000.0,,0.0,0.0,0.0,0.0,3326381000.0,177775000.0,3148606000.0,7422649178.0,425164000.0,0.0,-308505000.0,705000000.0,0.0,383571000.0,-26740000.0,0.0,68107000.0,226000.0,-13335000.0,-18537000.0,-18537000.0,0.0,0.0,-0.096,99407000.0,27562000.0,16686000.0,0.0,8.273,-68.841,-67.725,3207025000.0,5202000.0,34.54,10.205,10.1,120699000.0,-2068374000.0,193776000.0,193776000.0,0.0,,,,,5380000.0,28511000.0,1.0,214900092.0,212675000.0,212675000.0,0.911,4221706000.0,0.0,507000.0,0.0,19.851,523674000.0
61,CCI,MRQ,2006-03-31,2006-03-31,2006-03-31,2021-08-07,58156000.0,4130756000.0,,260179000.0,3870577000.0,,5.553,-21455000.0,195505000.0,195505000.0,63476000.0,-6722000.0,0.58,2.185,2393332000.0,295000000.0,2098332000.0,2393332000.0,132959000.0,72091000.0,0.0,0.0,0.0,27490000.0,99581000.0,0.545,99581000.0,27490000.0,-6106000.0,-0.06,-0.06,-0.06,1190997000.0,,1190997000.0,8345161158.0,171.0,25.144,28810000.0,0.134,1.0,119189000.0,0.653,340412000.0,33596000.0,5539795000.0,,0.0,0.0,0.0,0.0,2602317000.0,448376000.0,2153941000.0,6116889158.0,32023000.0,0.0,6310000.0,0.0,0.0,-1136000.0,-22455000.0,-1000000.0,50265000.0,-308000.0,-6722000.0,-11923000.0,-11923000.0,-5657000.0,0.0,-0.065,98267000.0,20922000.0,12953000.0,0.0,5.136,-18.844,-18.9,3241708000.0,5201000.0,28.35,8.716,8.664,112102000.0,-2049837000.0,182665000.0,182665000.0,0.0,,,,,3514000.0,25841000.0,1.0,215763286.0,214473000.0,214473000.0,0.852,3790344000.0,0.0,616000.0,0.0,17.673,-188197000.0
62,CCI,MRQ,2005-12-31,2005-12-31,2005-12-31,2021-08-07,41937000.0,4131317000.0,,221295000.0,3910022000.0,,5.518,-25020000.0,161161000.0,161161000.0,65385000.0,-21692000.0,0.477,2.218,2389433000.0,295000000.0,2094433000.0,2389433000.0,87286000.0,69986000.0,0.0,0.0,0.0,9077000.0,79063000.0,0.443,79063000.0,9077000.0,-18875000.0,-0.2,-0.2,-0.2,1178376000.0,,1178376000.0,7839795067.0,-30.0,464.746,71154000.0,0.333,1.0,113241000.0,0.634,411284000.0,27952000.0,5484091000.0,,0.0,0.0,0.0,0.0,2614206000.0,464214000.0,2149992000.0,5743548067.0,-5942000.0,-2675000.0,-161000.0,117595000.0,0.0,-74470000.0,-27695000.0,0.0,96174000.0,49000.0,-21692000.0,-42398000.0,-42398000.0,0.0,0.0,-0.237,95893000.0,17348000.0,12230000.0,0.0,4.874,-12.784,-13.063,3294333000.0,20706000.0,26.91,8.487,8.659,109753000.0,-2121899000.0,178626000.0,178626000.0,0.0,,,,,2336000.0,30996000.0,1.0,213435454.0,213535000.0,213535000.0,0.837,3720033000.0,0.0,2817000.0,0.0,17.421,-242919000.0
63,CCI,MRQ,2005-09-30,2005-09-30,2005-09-30,2021-08-07,51851000.0,4162971000.0,,207521000.0,3955450000.0,,5.561,-16501000.0,152046000.0,152046000.0,64004000.0,-25536000.0,0.728,2.024,2248293000.0,145000000.0,2103293000.0,2248293000.0,109966000.0,70215000.0,0.0,0.0,0.0,-112000.0,70103000.0,0.407,70103000.0,-112000.0,-25419000.0,-0.16,-0.16,-0.16,1199258000.0,,1199258000.0,7160744118.0,-88.0,35.092,30666000.0,0.142,1.0,108255000.0,0.628,341936000.0,25307000.0,5632375000.0,,3732000.0,0.0,0.0,0.0,2427154000.0,284907000.0,2142247000.0,5351457118.0,-187612000.0,-144580000.0,-100885000.0,90069000.0,0.0,-18739000.0,-216115000.0,-55034000.0,47167000.0,75000.0,-25536000.0,-34965000.0,-34965000.0,0.0,0.0,-0.203,106525000.0,1730000.0,11064000.0,0.0,4.462,-10.575,-10.709,3326801000.0,9429000.0,24.63,8.151,8.091,106612000.0,-2012877000.0,172259000.0,172259000.0,0.0,,,,,12590000.0,35149000.0,1.0,217273939.0,215664000.0,215664000.0,0.799,3821035000.0,0.0,117000.0,0.0,17.718,-77386000.0
64,CCI,MRQ,2005-06-30,2005-06-30,2005-06-30,2021-08-07,51462000.0,4197797000.0,,390990000.0,3806807000.0,,6.067,-10735000.0,343138000.0,343138000.0,62805000.0,-225751000.0,1.979,1.765,2152425000.0,52927000.0,2099498000.0,2152425000.0,117130000.0,70730000.0,0.0,0.0,0.0,12424000.0,83154000.0,0.494,83154000.0,12424000.0,-225604000.0,-1.08,-1.08,-1.08,1323986000.0,,1323986000.0,5923722150.0,14.0,8.302,23795000.0,0.109,1.0,105422000.0,0.627,333718000.0,238028000.0,5475752000.0,,4318000.0,0.0,0.0,0.0,2336910000.0,197614000.0,2139296000.0,4451607150.0,-124115000.0,45000.0,-154034000.0,122391000.0,0.0,-152440000.0,-10690000.0,0.0,34530000.0,-270000.0,-225751000.0,-235319000.0,-235319000.0,-2347000.0,0.0,-1.399,96072000.0,9350000.0,10398000.0,0.0,3.362,-147.073,-127.0,3242818000.0,9568000.0,20.32,7.017,6.99,102649000.0,-1975382000.0,168227000.0,168227000.0,0.0,,,,,1863000.0,24787000.0,1.0,219075155.0,218237000.0,218237000.0,0.771,3864079000.0,0.0,147000.0,0.0,17.706,193376000.0
65,CCI,MRQ,2005-03-31,2005-03-31,2005-03-31,2021-08-07,53305000.0,4303369000.0,,436384000.0,3866985000.0,,7.648,-9595000.0,383077000.0,383077000.0,59791000.0,-126947000.0,1.28,1.202,1855192000.0,182564000.0,1672628000.0,1855192000.0,113621000.0,70187000.0,0.0,0.0,0.0,-4517000.0,65670000.0,0.417,65670000.0,-4517000.0,-126803000.0,-0.61,-0.61,-0.61,1710076000.0,,1710076000.0,5014402765.0,12.0,7.076,17446000.0,0.078,1.0,97856000.0,0.621,333718000.0,122286000.0,5100960000.0,,4933000.0,0.0,0.0,0.0,2055516000.0,340806000.0,1714710000.0,3614278765.0,-183630000.0,-45000.0,-755000.0,-195682000.0,0.0,-199987000.0,-9640000.0,0.0,27041000.0,-262000.0,-126947000.0,-136600000.0,-136600000.0,1499000.0,0.0,-0.866,102078000.0,-4222000.0,6765000.0,0.0,2.114,23.428,24.708,3304591000.0,9653000.0,16.06,5.858,5.82,100938000.0,-1738363000.0,157647000.0,157647000.0,0.0,,,,,7971000.0,22978000.0,1.0,225048491.0,223601000.0,223601000.0,0.705,3969651000.0,0.0,144000.0,0.0,17.753,95578000.0
66,CCI,MRQ,2004-12-31,2004-12-31,2004-12-31,2021-08-07,55921000.0,4574567000.0,,638713000.0,3935854000.0,,8.302,-13600000.0,566707000.0,566707000.0,61143000.0,-89415000.0,2.241,1.181,1952900000.0,97250000.0,1855650000.0,1952900000.0,116326000.0,73850000.0,0.0,0.0,0.0,-88718000.0,-14868000.0,-0.094,-14868000.0,-88718000.0,-89266000.0,-0.45,-0.45,-0.45,1849494000.0,,1849494000.0,4710899102.0,11.0,6.539,61725000.0,0.277,1.0,97236000.0,0.614,332493000.0,548000.0,5343202000.0,,0.0,0.0,0.0,0.0,2185017000.0,285065000.0,1899952000.0,3720557102.0,-190298000.0,-283881000.0,-4354000.0,-86599000.0,0.0,-94132000.0,-157100000.0,140381000.0,75325000.0,7557000.0,-89415000.0,-99169000.0,-99169000.0,2562000.0,0.0,-0.626,106706000.0,-9470000.0,12168000.0,0.0,2.012,19.06,18.909,3375022000.0,9754000.0,16.64,6.158,6.106,105106000.0,-1587021000.0,158379000.0,158379000.0,0.0,,,,,5370000.0,27603000.0,1.0,223591172.0,222785000.0,222785000.0,0.711,4242074000.0,0.0,149000.0,0.0,19.041,353648000.0
67,CCI,MRQ,2004-09-30,2004-09-30,2004-09-30,2021-08-07,40763000.0,4823613000.0,,988706000.0,3834907000.0,,8.554,-8317000.0,757005000.0,757005000.0,56521000.0,450656000.0,5.498,1.172,2010222000.0,0.0,2010222000.0,2010222000.0,128303000.0,69925000.0,0.0,0.0,0.0,509633000.0,579558000.0,3.859,579558000.0,509633000.0,443800000.0,1.98,1.98,1.98,1906098000.0,,1906098000.0,6295227749.0,13.0,8.063,12388000.0,0.056,1.0,93664000.0,0.624,270438000.0,65833000.0,5626578000.0,,8368000.0,151500000.0,151500000.0,0.0,2233447000.0,179814000.0,2053633000.0,3353593749.0,564348000.0,3214000.0,-32180000.0,-1275385000.0,0.0,-1307597000.0,-156603000.0,-151500000.0,20705000.0,816000.0,450656000.0,440820000.0,440820000.0,-509140000.0,0.0,2.935,92627000.0,1037000.0,8963000.0,0.0,1.759,24.889,27.055,3395320000.0,9836000.0,14.88,5.65,5.586,116893000.0,-1502066000.0,150185000.0,150185000.0,0.0,,,,,1442000.0,23147000.0,1.0,225375924.0,222841000.0,222841000.0,0.674,4553175000.0,0.0,-6856000.0,0.0,20.432,808892000.0
68,CCI,MRQ,2004-06-30,2004-06-30,2004-06-30,2021-08-07,264469000.0,6231350000.0,,2327774000.0,3903576000.0,,7.678,-11578000.0,192657000.0,192657000.0,57724000.0,-50780000.0,1.3,2.258,3280739000.0,1275385000.0,2005354000.0,3280739000.0,97043000.0,70473000.0,0.0,0.0,0.0,7783000.0,78256000.0,0.519,78256000.0,7783000.0,-50096000.0,-0.27,-0.27,-0.27,1703389000.0,,1703389000.0,6308667603.0,-277.0,24.373,25218000.0,0.114,1.0,93031000.0,0.617,270438000.0,57879000.0,7258337000.0,,9308000.0,0.0,0.0,0.0,3846003000.0,1790657000.0,2055346000.0,3294825603.0,42306000.0,-305000.0,9810000.0,-11615000.0,0.0,-1805000.0,-11883000.0,0.0,36796000.0,-1185000.0,-50780000.0,-50780000.0,-50780000.0,-15108000.0,0.0,-0.337,100079000.0,-7048000.0,9060000.0,0.0,1.934,-7.582,-7.302,3446238000.0,60112000.0,14.75,5.656,5.617,117195000.0,-1942886000.0,150755000.0,150755000.0,0.0,,,,,6203000.0,27738000.0,1.0,223378007.0,221853000.0,221853000.0,0.68,5960912000.0,0.0,684000.0,0.0,26.869,537117000.0
69,CCI,MRQ,2004-03-31,2004-03-31,2004-03-31,2021-08-07,297090000.0,6312129000.0,,352469000.0,5959660000.0,,8.068,-6186000.0,171485000.0,171485000.0,55637000.0,-76637000.0,0.888,2.181,3288499000.0,46461000.0,3242038000.0,3288499000.0,274089000.0,70743000.0,0.0,0.0,0.0,-2942000.0,67801000.0,0.468,67801000.0,-2942000.0,-85680000.0,-0.39,-0.39,-0.39,1769339000.0,,1769339000.0,5782907821.0,-117.0,27.153,-17511000.0,-0.08,1.0,89246000.0,0.616,1238800000.0,82738000.0,7793471000.0,,17435000.0,0.0,0.0,0.0,3858500000.0,396872000.0,3461628000.0,2795342821.0,-259233000.0,-14028000.0,-546000.0,-285109000.0,0.0,-286067000.0,6386000.0,26600000.0,-11325000.0,264000.0,-86333000.0,-86333000.0,-86333000.0,-13002000.0,0.0,-0.596,95363000.0,-6117000.0,37235000.0,0.0,1.58,-5.592,-5.515,4528882000.0,86333000.0,12.63,4.906,4.861,165262000.0,-1882774000.0,144883000.0,144883000.0,0.0,,,,,2215000.0,22705000.0,1.0,221325639.0,219294000.0,219294000.0,0.661,5073329000.0,0.0,653000.0,0.0,23.135,-44403000.0
70,CCI,MRQ,2003-12-31,2003-12-31,2003-12-31,2021-08-07,247249000.0,6612233000.0,,2566800000.0,4045433000.0,,8.222,-4825000.0,409584000.0,409584000.0,58697000.0,-158966000.0,3.211,2.304,3548516000.0,267142000.0,3281374000.0,3548516000.0,106384000.0,70086000.0,0.0,0.0,0.0,-14973000.0,55113000.0,0.373,55113000.0,-14973000.0,-158329000.0,-0.77,-0.77,-0.77,1794353000.0,,1794353000.0,5324513827.0,-91.0,23.93,49864000.0,0.228,1.0,89065000.0,0.603,270438000.0,143356000.0,8681412000.0,,9615000.0,26600000.0,26600000.0,0.0,4134533000.0,799315000.0,3335218000.0,2424947827.0,252073000.0,-63000.0,232519000.0,502729000.0,0.0,421830000.0,-14488000.0,-9600000.0,54689000.0,5485000.0,-158966000.0,-168963000.0,-168963000.0,8187000.0,0.0,-1.143,95935000.0,-6870000.0,9785000.0,0.0,1.351,-4.778,-4.714,3593570000.0,9997000.0,11.03,4.352,4.295,115954000.0,-1796441000.0,147762000.0,147762000.0,0.0,,,,,13986000.0,19049000.0,1.0,219850211.0,218240000.0,218240000.0,0.677,6341795000.0,0.0,637000.0,0.0,29.059,1767485000.0
71,CCI,MRQ,2003-09-30,2003-09-30,2003-09-30,2021-08-07,123535000.0,6430707000.0,,438655000.0,5992052000.0,,9.215,-1872000.0,255672000.0,255672000.0,54338000.0,-118981000.0,1.216,1.866,3155238000.0,37750000.0,3117488000.0,3155238000.0,228232000.0,70276000.0,0.0,0.0,0.0,-12606000.0,57670000.0,0.414,57670000.0,-12606000.0,-118396000.0,-0.59,-0.59,-0.59,1996177000.0,,1996177000.0,4783543405.0,-40.0,32.804,-2872000.0,-0.013,1.0,84843000.0,0.61,1142357000.0,105790000.0,7827170000.0,,25310000.0,0.0,0.0,0.0,3725677000.0,360746000.0,3364931000.0,2056407405.0,-162523000.0,-22000.0,-226641000.0,-36617000.0,0.0,-270699000.0,109162000.0,111056000.0,-1000000.0,89000.0,-118981000.0,-128477000.0,-128477000.0,-5076000.0,0.0,-0.923,104021000.0,-19178000.0,47168000.0,0.0,1.03,-5.222,-5.17,4708688000.0,9496000.0,9.41,4.814,4.772,89121000.0,-1441673000.0,139181000.0,139181000.0,0.0,,,,,0.0,28666000.0,1.0,218534262.0,216621000.0,216621000.0,0.643,5288350000.0,0.0,585000.0,0.0,24.413,77909000.0
72,CCI,MRQ,2003-06-30,2003-06-30,2003-06-30,2021-08-07,111535000.0,6754321000.0,,706747000.0,6047574000.0,,9.647,38239000.0,459702000.0,459702000.0,56889000.0,-94649000.0,1.846,1.794,3186838000.0,28375000.0,3158463000.0,3186838000.0,252882000.0,51205000.0,0.0,0.0,0.0,-18816000.0,32389000.0,0.235,32389000.0,-18816000.0,-94022000.0,-0.54,-0.54,-0.54,2083524000.0,,2083524000.0,4429175159.0,-39.0,28.13,63942000.0,0.296,1.0,81016000.0,0.587,1137564000.0,75206000.0,7961046000.0,,36629000.0,63456000.0,63456000.0,0.0,3738745000.0,382847000.0,3355898000.0,1693848159.0,17469000.0,-18846000.0,-37792000.0,-6855000.0,0.0,-44647000.0,30651000.0,11258000.0,25703000.0,4742000.0,-94649000.0,-116095000.0,-116095000.0,-2099000.0,0.0,-0.842,102800000.0,-21784000.0,41537000.0,0.0,0.813,-5.627,-5.59,4770377000.0,21446000.0,7.77,3.287,3.256,82862000.0,-1332499000.0,137905000.0,137905000.0,0.0,,,,,0.0,28972000.0,1.0,217998476.0,215969000.0,215969000.0,0.639,5616757000.0,0.0,627000.0,0.0,26.007,323900000.0
73,CCI,MRQ,2003-03-31,2003-03-31,2003-03-31,2021-08-07,28794000.0,6759054000.0,,787009000.0,5972045000.0,,9.785,-45377000.0,476950000.0,476950000.0,102352000.0,-79015000.0,2.372,1.747,3212277000.0,19000000.0,3193277000.0,3212277000.0,218168000.0,89461000.0,0.0,0.0,0.0,-269000.0,89192000.0,0.409,89192000.0,-269000.0,-74549000.0,-0.44,-0.44,-0.44,2123013000.0,,2123013000.0,3940876057.0,-44.0,19.143,-39445000.0,-0.182,1.0,115927000.0,0.531,1050975000.0,74280000.0,8111633000.0,,41216000.0,78264000.0,78264000.0,0.0,3709711000.0,331773000.0,3377938000.0,1230088057.0,-37272000.0,-250000.0,-12503000.0,-22895000.0,0.0,-35398000.0,-6244000.0,39383000.0,5932000.0,-1562000.0,-79015000.0,-93973000.0,-93973000.0,0.0,0.0,-0.431,115704000.0,223000.0,50744000.0,0.0,0.579,-4.483,-4.365,4796141000.0,14958000.0,5.5,2.04,1.979,123610000.0,-1231587000.0,218279000.0,218279000.0,0.0,,,,,0.0,26243000.0,1.0,223652374.0,216958000.0,216958000.0,1.006,5708079000.0,0.0,4466000.0,0.0,26.31,455236000.0
74,CCI,MRQ,2002-12-31,2002-12-31,2002-12-31,2021-08-07,39323000.0,6892601000.0,,867081000.0,6025520000.0,,10.265,131138000.0,516172000.0,516172000.0,-37375000.0,-82302000.0,2.403,1.701,3226960000.0,14250000.0,3212710000.0,3226960000.0,208195000.0,53442000.0,0.0,0.0,0.0,-86871000.0,-33429000.0,0.49,-33429000.0,-86871000.0,-83339000.0,-0.25,-0.25,-0.25,2208498000.0,,2208498000.0,3564866272.0,-33.0,20.718,142342000.0,0.662,1.0,-30844000.0,0.452,1067041000.0,-3532000.0,8175579000.0,,45616000.0,115697000.0,115697000.0,0.0,3756706000.0,360769000.0,3395937000.0,802676272.0,30480000.0,-446000.0,-48894000.0,-82275000.0,0.0,-131169000.0,187299000.0,56607000.0,11204000.0,-8984000.0,-82302000.0,-55245000.0,-55245000.0,-9041000.0,0.0,0.81,74061000.0,-104905000.0,63852000.0,0.0,0.363,-2.641,-2.698,4828033000.0,-27057000.0,3.75,1.326,1.351,125950000.0,-1148200000.0,-68219000.0,-68219000.0,0.0,,,,,0.0,13211000.0,1.0,214047006.0,215139000.0,215139000.0,-0.317,5825560000.0,0.0,-1037000.0,0.0,27.078,506312000.0
75,CCI,MRQ,2002-09-30,2002-09-30,2002-09-30,2021-08-07,-2650000.0,7044465000.0,,991300000.0,6053165000.0,,9.992,-15527000.0,605319000.0,605319000.0,117979000.0,-65628000.0,1.401,1.789,3367509000.0,369091000.0,2998418000.0,3367509000.0,218506000.0,77280000.0,0.0,0.0,0.0,-7979000.0,69301000.0,0.305,69301000.0,-7979000.0,-65527000.0,-0.16,-0.16,-0.16,2164813000.0,,2164813000.0,3229781103.0,-77.0,11.356,-3144000.0,-0.015,1.0,109445000.0,0.481,1039657000.0,57548000.0,8059438000.0,,77556000.0,108304000.0,78804000.0,29500000.0,3872926000.0,707560000.0,3165366000.0,462189103.0,-96056000.0,5985000.0,-41415000.0,-95300000.0,0.0,-136715000.0,26114000.0,35656000.0,12383000.0,2162000.0,-65628000.0,-35696000.0,-35696000.0,0.0,0.0,-0.157,117349000.0,-7904000.0,75684000.0,0.0,0.214,-1.243,-1.276,4856346000.0,-29932000.0,2.17,0.507,0.516,163289000.0,-1143970000.0,227424000.0,227424000.0,0.0,,,,,0.0,24872000.0,1.0,212990370.0,216656000.0,216656000.0,1.05,6004808000.0,0.0,101000.0,0.0,27.716,283740000.0
76,CCI,MRQ,2002-06-30,2002-06-30,2002-06-30,2021-08-07,-2842000.0,7300035000.0,,1124720000.0,6175315000.0,,10.014,-126295000.0,701375000.0,701375000.0,111793000.0,-68598000.0,1.527,1.817,3468967000.0,351710000.0,3117257000.0,3468967000.0,246318000.0,76172000.0,0.0,0.0,0.0,4634000.0,80806000.0,0.358,80806000.0,4634000.0,-67914000.0,-0.41,-0.41,-0.41,2212026000.0,,2212026000.0,3524038115.0,-68.0,12.788,-72346000.0,-0.328,1.0,113738000.0,0.504,1040283000.0,72548000.0,8290691000.0,,102695000.0,143960000.0,87460000.0,56500000.0,4018868000.0,736653000.0,3282215000.0,866127115.0,-78643000.0,-18176000.0,-3667000.0,-15245000.0,0.0,-18912000.0,-124468000.0,20003000.0,53949000.0,10788000.0,-68598000.0,-89459000.0,-89459000.0,0.0,0.0,-0.397,108828000.0,4910000.0,77072000.0,0.0,0.392,-1.86,-1.836,4926574000.0,20861000.0,3.93,0.959,0.962,170752000.0,-1108274000.0,225531000.0,225531000.0,0.0,,,,,0.0,31791000.0,1.0,220388579.0,220897000.0,220897000.0,1.021,6259752000.0,0.0,684000.0,0.0,28.338,388067000.0
77,CCI,MRQ,2002-03-31,2002-03-31,2002-03-31,2021-08-07,-42493000.0,7282478000.0,,1202590000.0,6079888000.0,,10.271,-72981000.0,780018000.0,780018000.0,105791000.0,-103393000.0,1.674,1.763,3437929000.0,342737000.0,3095192000.0,3437929000.0,229629000.0,71715000.0,0.0,0.0,0.0,-16325000.0,55390000.0,0.251,55390000.0,-16325000.0,-98734000.0,-0.56,-0.56,-0.56,2253707000.0,,2253707000.0,4279297286.0,-59.0,16.886,-56940000.0,-0.26,1.0,114826000.0,0.52,1035498000.0,82409000.0,8186445000.0,,105387000.0,163963000.0,72463000.0,91500000.0,3973349000.0,718446000.0,3254903000.0,1426598286.0,-24584000.0,-2946000.0,538000.0,0.0,0.0,538000.0,-38427000.0,37500000.0,16041000.0,-2736000.0,-103393000.0,-123498000.0,-123498000.0,0.0,0.0,-0.56,134849000.0,-20023000.0,93485000.0,0.0,0.633,-3.095,-2.977,4811688000.0,20105000.0,6.61,1.574,1.6,186311000.0,-1018815000.0,220617000.0,220617000.0,0.0,,,,,0.0,25341000.0,1.0,215824249.0,219420000.0,219420000.0,1.005,6246980000.0,0.0,4659000.0,0.0,28.47,484144000.0
78,CCI,MRQ,2001-12-31,2001-12-31,2001-12-31,2021-08-07,-43246000.0,7375458000.0,,1216061000.0,6159397000.0,,10.91,-121990000.0,804602000.0,804602000.0,121835000.0,-103049000.0,2.956,1.676,3423097000.0,29086000.0,3394011000.0,3423097000.0,204584000.0,101119000.0,0.0,0.0,0.0,-22209000.0,78910000.0,0.331,78910000.0,-22209000.0,-98358000.0,-0.57,-0.57,-0.57,2364648000.0,,2364648000.0,5157701979.0,-85.0,19.267,-68768000.0,-0.317,1.0,116351000.0,0.488,1036914000.0,76149000.0,8545586000.0,,102771000.0,201463000.0,72963000.0,128500000.0,3963013000.0,411453000.0,3551560000.0,2305002979.0,267907000.0,381805000.0,5483000.0,15000000.0,0.0,20380000.0,195852000.0,-63963000.0,53222000.0,-1547000.0,-103049000.0,-123307000.0,-123307000.0,0.0,0.0,-0.518,138751000.0,-22400000.0,104149000.0,0.0,0.975,-5.178,-5.135,4844912000.0,20258000.0,10.68,2.564,2.545,188496000.0,-895317000.0,238186000.0,238186000.0,0.0,,,,,0.0,28556000.0,1.0,215824249.0,216745000.0,216745000.0,1.099,6338544000.0,0.0,4691000.0,0.0,29.244,804608000.0
79,CCI,MRQ,2001-09-30,2001-09-30,2001-09-30,2021-08-07,-41695000.0,7523189000.0,,1057248000.0,6465941000.0,,11.5,-152418000.0,536695000.0,536695000.0,109097000.0,-110330000.0,2.146,1.623,3389394000.0,14691000.0,3374703000.0,3389394000.0,321968000.0,78525000.0,0.0,0.0,0.0,-18050000.0,60475000.0,0.277,60475000.0,-18050000.0,-98603000.0,-0.6,-0.6,-0.6,2472305000.0,,2472305000.0,4626587668.0,-116.0,17.871,-126587000.0,-0.589,1.0,109299000.0,0.5,1067603000.0,80553000.0,8815522000.0,,195407000.0,137500000.0,73500000.0,64000000.0,4013612000.0,492763000.0,3520849000.0,1930777668.0,-122339000.0,-998000.0,429000.0,0.0,0.0,162000.0,-153416000.0,0.0,25831000.0,5084000.0,-110330000.0,-129330000.0,-129330000.0,0.0,0.0,-0.592,127601000.0,-18302000.0,101051000.0,0.0,0.781,-4.819,-4.737,4808305000.0,19000000.0,9.0,2.238,2.243,204927000.0,-772010000.0,218396000.0,218396000.0,0.0,,,,,0.0,26086000.0,1.0,214530852.0,214986000.0,214986000.0,1.016,6455586000.0,0.0,11727000.0,0.0,30.028,564485000.0
80,CCI,MRQ,2001-06-30,2001-06-30,2001-06-30,2021-08-07,-73271000.0,7471826000.0,,1087241000.0,6384585000.0,,11.951,-156834000.0,659034000.0,659034000.0,123106000.0,-84733000.0,2.661,1.518,3354844000.0,0.0,3354844000.0,3354844000.0,267607000.0,74756000.0,0.0,0.0,0.0,-16102000.0,58654000.0,0.256,58654000.0,-16102000.0,-84733000.0,-0.49,-0.49,-0.49,2558323000.0,,2558323000.0,5490676229.0,-283.0,20.606,-148846000.0,-0.695,1.0,106310000.0,0.463,1079778000.0,68631000.0,8679268000.0,,160149000.0,137500000.0,37500000.0,100000000.0,3884003000.0,408590000.0,3475413000.0,3506442229.0,-57907000.0,-555810000.0,1465000.0,636281000.0,0.0,645061000.0,-712644000.0,0.0,7988000.0,1688000.0,-84733000.0,-84733000.0,-84733000.0,0.0,0.0,-0.369,122631000.0,-16321000.0,93928000.0,0.0,1.371,-10.814,-9.88,4694745000.0,104998000.0,16.4,4.282,4.287,198746000.0,-642680000.0,229416000.0,229416000.0,0.0,,,,,0.0,35603000.0,1.0,213807453.0,214059000.0,214059000.0,1.072,6392048000.0,0.0,0.0,0.0,29.861,678651000.0
81,CCI,MRQ,2001-03-31,2001-03-31,2001-03-31,2021-08-07,-56078000.0,6868546000.0,,1091250000.0,5777296000.0,,12.627,-251860000.0,716941000.0,716941000.0,113195000.0,-68055000.0,2.742,1.199,2701175000.0,0.0,2701175000.0,2701175000.0,289654000.0,74091000.0,0.0,0.0,0.0,-4432000.0,69659000.0,0.327,69659000.0,-4432000.0,-67995000.0,-0.41,-0.41,-0.41,2666757000.0,,2666757000.0,5308762222.0,-2161.0,20.01,-206971000.0,-0.98,1.0,99758000.0,0.468,1095530000.0,63563000.0,7359228000.0,,112806000.0,137500000.0,37500000.0,100000000.0,3198654000.0,398022000.0,2800632000.0,3159908222.0,263108000.0,-10568000.0,350830000.0,95548000.0,0.0,443706000.0,-224928000.0,37500000.0,44889000.0,-559000.0,-68055000.0,-68055000.0,-68055000.0,0.0,0.0,-0.32,104834000.0,-5076000.0,83191000.0,0.0,1.185,-10.577,-9.256,4450622000.0,87560000.0,14.81,4.282,4.239,197116000.0,-537682000.0,212953000.0,212953000.0,0.0,,,,,0.0,30743000.0,1.0,213363148.0,211195000.0,211195000.0,1.008,5773016000.0,0.0,60000.0,0.0,27.335,693228000.0
82,CCI,MRQ,2000-12-31,2000-12-31,2000-12-31,2021-08-07,-25100000.0,6401885000.0,,734178000.0,5667707000.0,,12.202,-199501000.0,453833000.0,453833000.0,104466000.0,-59036000.0,2.559,1.232,2602687000.0,0.0,2602687000.0,2602687000.0,126649000.0,71431000.0,0.0,0.0,0.0,-1326000.0,70105000.0,0.347,70105000.0,-1326000.0,-58953000.0,-0.4,-0.4,-0.4,2420862000.0,,2420862000.0,7112467754.0,1585.0,29.235,-151596000.0,-0.764,1.0,97507000.0,0.483,1112876000.0,57627000.0,7150943000.0,,40684000.0,175000000.0,38000000.0,137000000.0,2982961000.0,286920000.0,2696041000.0,5364509754.0,-363105000.0,-52776000.0,1687000.0,15000000.0,0.0,16652000.0,-427277000.0,-175000000.0,47905000.0,-385000.0,-59036000.0,-118505000.0,-118505000.0,0.0,0.0,-0.587,101413000.0,-3906000.0,100766000.0,0.0,2.216,-20.301,-18.284,4303037000.0,-125852000.0,27.06,8.264,7.444,168184000.0,-450122000.0,201973000.0,201973000.0,0.0,,,,,0.0,29982000.0,1.0,198245002.0,198397000.0,198397000.0,1.018,5289009000.0,0.0,83000.0,0.0,26.659,447258000.0
83,CCI,MRQ,2000-09-30,2000-09-30,2000-09-30,2021-08-07,-30044000.0,6307154000.0,,1025173000.0,5281981000.0,,12.808,-178400000.0,816938000.0,816938000.0,85376000.0,-52965000.0,4.212,1.177,2564896000.0,0.0,2564896000.0,2564896000.0,117995000.0,65596000.0,0.0,0.0,0.0,2443000.0,68039000.0,0.39,68039000.0,2443000.0,-52838000.0,-0.36,-0.36,-0.36,2456105000.0,,2456105000.0,8172501856.0,1258.0,38.083,-140255000.0,-0.731,1.0,89213000.0,0.511,1091587000.0,55281000.0,6720148000.0,,53960000.0,0.0,0.0,0.0,2891243000.0,243377000.0,2647866000.0,6090388856.0,484889000.0,-236705000.0,732592000.0,139020000.0,0.0,868307000.0,-415105000.0,0.0,38145000.0,-6458000.0,-52965000.0,-52965000.0,-52965000.0,0.0,0.0,-0.303,86822000.0,2391000.0,82120000.0,0.0,2.48,-34.08,-23.007,4081113000.0,69318000.0,31.06,10.849,10.61,132805000.0,-371188000.0,174589000.0,174589000.0,0.0,,,,,0.0,21226000.0,1.0,196084638.0,191763000.0,191763000.0,0.91,5215567000.0,0.0,127000.0,0.0,27.198,781796000.0
84,CCI,MRQ,2000-06-30,2000-06-30,2000-06-30,2021-08-07,-16143000.0,4871660000.0,,473747000.0,4397913000.0,,9.878,-148178000.0,332049000.0,332049000.0,68570000.0,-59230000.0,2.552,1.636,2414162000.0,0.0,2414162000.0,2414162000.0,90940000.0,56647000.0,0.0,0.0,0.0,858000.0,57505000.0,0.388,57505000.0,858000.0,-59205000.0,-0.43,-0.43,-0.43,1635990000.0,,1635990000.0,7015995916.0,1928.0,37.721,-105667000.0,-0.638,1.0,79789000.0,0.538,596813000.0,60063000.0,6171332000.0,,32562000.0,0.0,0.0,0.0,2677003000.0,185628000.0,2491375000.0,5632934916.0,-177456000.0,-567839000.0,2166000.0,520000000.0,0.0,497217000.0,-716017000.0,0.0,42511000.0,-1167000.0,-59230000.0,-59230000.0,-59230000.0,0.0,0.0,-0.399,78614000.0,1175000.0,76730000.0,0.0,3.443,-36.863,-29.918,3698226000.0,70955000.0,36.5,11.597,12.446,92473000.0,-301870000.0,148359000.0,148359000.0,0.0,,,,,0.0,21967000.0,1.0,154326984.0,165625000.0,165625000.0,0.896,4274847000.0,0.0,25000.0,0.0,25.81,288119000.0
85,CCI,MRQ,2000-03-31,2000-03-31,2000-03-31,2021-08-07,-5393000.0,4212512000.0,,635391000.0,3577121000.0,,10.068,-110427000.0,509505000.0,509505000.0,56188000.0,-33555000.0,4.429,1.323,1892566000.0,0.0,1892566000.0,1892566000.0,85633000.0,45122000.0,0.0,0.0,0.0,2513000.0,47635000.0,0.383,47635000.0,2513000.0,-33544000.0,-0.28,-0.28,-0.28,1596412000.0,,1596412000.0,7049408874.0,1754.0,44.172,-73493000.0,-0.463,1.0,68056000.0,0.548,595166000.0,36057000.0,4856943000.0,,24948000.0,0.0,0.0,0.0,2111280000.0,143464000.0,1967816000.0,6056393874.0,-39823000.0,-288861000.0,6845000.0,337000000.0,0.0,324915000.0,-399288000.0,0.0,36934000.0,-2384000.0,-33555000.0,-33555000.0,-33555000.0,0.0,0.0,-0.27,62507000.0,5549000.0,43640000.0,0.0,3.794,-52.927,-37.505,2851855000.0,45048000.0,37.88,14.597,14.477,87991000.0,-230915000.0,124244000.0,124244000.0,0.0,,,,,0.0,17385000.0,1.0,159883682.0,158566000.0,158566000.0,0.784,3617346000.0,0.0,11000.0,0.0,22.813,491927000.0
86,CCI,MRQ,1999-12-31,1999-12-31,1999-12-31,2021-08-07,-3013000.0,3836650000.0,,662045000.0,3174605000.0,,10.326,-80174000.0,549328000.0,549328000.0,51861000.0,-32957000.0,5.043,1.076,1542343000.0,0.0,1542343000.0,1542343000.0,60366000.0,40737000.0,0.0,0.0,0.0,681000.0,41418000.0,0.363,41418000.0,681000.0,-32950000.0,-0.28,-0.28,-0.28,1617747000.0,,1617747000.0,5642736460.0,-1705.0,44.502,-63273000.0,-0.404,1.0,62335000.0,0.546,596147000.0,33631000.0,4102237000.0,,19178000.0,0.0,0.0,0.0,1740688000.0,131281000.0,1609407000.0,4656128460.0,57169000.0,-112827000.0,188474000.0,52242000.0,0.0,233431000.0,-193001000.0,0.0,16901000.0,-162000.0,-32957000.0,-32957000.0,-32957000.0,0.0,0.0,-0.289,60085000.0,2250000.0,45998000.0,0.0,2.878,-48.12,-33.469,2468101000.0,41992000.0,32.13,13.466,12.217,74290000.0,-185867000.0,114196000.0,114196000.0,0.0,,,,,-1672000.0,17189000.0,1.0,144915296.0,156663000.0,156663000.0,0.729,3240503000.0,0.0,7000.0,0.0,20.685,530764000.0
87,CCI,MRQ,1999-09-30,1999-09-30,1999-09-30,2021-08-07,117000.0,3581633000.0,,574803000.0,3006830000.0,,11.079,-86063000.0,492159000.0,492159000.0,44646000.0,-27067000.0,5.467,0.995,1478767000.0,0.0,1478767000.0,1478767000.0,53309000.0,39850000.0,0.0,0.0,0.0,-413000.0,39437000.0,0.399,39437000.0,-413000.0,-26996000.0,-0.23,-0.23,-0.23,1657679000.0,,1657679000.0,3109429629.0,-2003.0,28.804,-45475000.0,-0.304,1.0,54281000.0,0.549,608055000.0,26583000.0,3855052000.0,,15316000.0,0.0,0.0,0.0,1648572000.0,105134000.0,1543438000.0,2620672629.0,-213765000.0,-558218000.0,140202000.0,255704000.0,0.0,389284000.0,-644281000.0,0.0,40588000.0,644000.0,-27067000.0,-27067000.0,-27067000.0,0.0,0.0,-0.274,54079000.0,202000.0,31771000.0,0.0,1.581,-36.857,-56.727,2347017000.0,33891000.0,18.72,8.963,9.58,39027000.0,-143875000.0,98927000.0,98927000.0,0.0,,,,,501000.0,13728000.0,1.0,139993196.0,149621000.0,149621000.0,0.661,2973578000.0,0.0,71000.0,0.0,19.874,469669000.0
88,CCI,MRQ,1999-06-30,1999-06-30,1999-06-30,2021-08-07,-6630000.0,3029094000.0,,767475000.0,2261619000.0,,11.505,-51201000.0,705924000.0,705924000.0,34732000.0,-20850000.0,8.941,0.923,1194681000.0,0.0,1194681000.0,1194681000.0,52626000.0,29863000.0,0.0,0.0,0.0,1237000.0,31100000.0,0.401,31100000.0,1237000.0,-20780000.0,-0.22,-0.22,-0.22,1436398000.0,,1436398000.0,2196958254.0,-184.0,32.732,-36569000.0,-0.293,1.0,42795000.0,0.552,608800000.0,22017000.0,2823212000.0,,12591000.0,0.0,0.0,0.0,1326511000.0,85839000.0,1240672000.0,2063698254.0,604077000.0,-339455000.0,475260000.0,521574000.0,0.0,981290000.0,-390656000.0,0.0,14632000.0,-1189000.0,-20850000.0,-20850000.0,-20850000.0,0.0,0.0,-0.269,41671000.0,1124000.0,22690000.0,0.0,1.437,-33.567,-48.395,1615646000.0,27464000.0,20.81,9.281,11.685,28655000.0,-109984000.0,77527000.0,77527000.0,0.0,,,,,504000.0,11304000.0,1.0,99168585.0,124849000.0,124849000.0,0.621,2420294000.0,0.0,70000.0,0.0,19.386,681636000.0
89,CCI,MRQ,1999-03-31,1999-03-31,1999-03-31,2021-08-07,1690000.0,1523230000.0,,342116000.0,1181114000.0,,7.786,-76363000.0,296450000.0,296450000.0,25509000.0,-15887000.0,3.683,0.739,429710000.0,0.0,429710000.0,429710000.0,26002000.0,19656000.0,0.0,0.0,0.0,-4814000.0,14842000.0,0.269,14842000.0,-4814000.0,-15760000.0,-0.24,-0.24,-0.24,737562000.0,,737562000.0,1841566236.0,-125.0,47.786,-55876000.0,-0.59,1.0,29600000.0,0.537,569740000.0,10946000.0,993863000.0,,6599000.0,0.0,0.0,0.0,545420000.0,92887000.0,452533000.0,1708306236.0,-194603000.0,-204845000.0,1835000.0,64679000.0,0.0,66397000.0,-281208000.0,0.0,20487000.0,-279000.0,-15887000.0,-15887000.0,-15887000.0,0.0,0.0,-0.288,31315000.0,-1715000.0,46020000.0,0.0,2.316,-36.304,-18.182,592594000.0,22295000.0,18.0,10.926,10.906,32130000.0,-60225000.0,55109000.0,55109000.0,0.0,,,,,667000.0,9178000.0,1.0,94905902.0,94732000.0,94732000.0,0.582,953490000.0,0.0,127000.0,0.0,10.065,249229000.0
90,CCI,MRQ,1998-12-31,1998-12-31,1998-12-31,2021-08-07,1690000.0,1523230000.0,,342116000.0,1181114000.0,,17.347,-61031000.0,296450000.0,296450000.0,25186000.0,-7299000.0,3.683,0.739,429710000.0,0.0,429710000.0,429710000.0,26002000.0,20134000.0,0.0,0.0,0.0,2438000.0,22572000.0,0.371,22572000.0,2438000.0,-7143000.0,0.36,0.36,0.36,737562000.0,,737562000.0,2241294740.0,-179.0,90.715,-19407000.0,-0.456,1.0,35631000.0,0.586,569740000.0,9581000.0,993863000.0,,6599000.0,0.0,0.0,0.0,545420000.0,92887000.0,452533000.0,1948319740.0,95101000.0,-11486000.0,190833000.0,-63500000.0,0.0,126022000.0,-72517000.0,0.0,41624000.0,-28000.0,-7299000.0,-7299000.0,-7299000.0,0.0,0.0,-0.12,31867000.0,3764000.0,46020000.0,0.0,2.642,-51.577,-23.039,592594000.0,8362000.0,23.5,17.23,8.836,32130000.0,-60225000.0,60817000.0,60817000.0,0.0,,,,,-11361000.0,23094000.0,1.0,82907223.0,42518000.0,42518000.0,1.43,953490000.0,0.0,156000.0,0.0,22.426,249229000.0
91,CCI,MRQ,1998-09-30,1998-09-30,1998-09-30,2021-08-07,5069000.0,1369939000.0,,243940000.0,1125999000.0,,14.015,-24976000.0,201349000.0,201349000.0,13059000.0,-17444000.0,3.154,0.763,494324000.0,0.0,494324000.0,494324000.0,34958000.0,9410000.0,0.0,0.0,0.0,-10804000.0,-1394000.0,-0.048,-1394000.0,-10804000.0,-17435000.0,-0.33,-0.33,-0.33,755117000.0,,755117000.0,358869259.0,-22.0,78.977,-19652000.0,-0.365,1.0,15835000.0,0.548,563706000.0,6631000.0,1021859000.0,,5209000.0,2221000.0,0.0,2221000.0,576293000.0,77349000.0,498944000.0,193258259.0,150091000.0,997000.0,148213000.0,20162000.0,0.0,168322000.0,-23979000.0,0.0,5324000.0,424000.0,-17444000.0,-17444000.0,-17444000.0,0.0,0.0,-0.604,27841000.0,-12006000.0,30271000.0,0.0,0.256,-5.397,-3.502,544486000.0,17660000.0,9.63,2.954,7.931,33834000.0,-51863000.0,28894000.0,28894000.0,0.0,,,,,11361000.0,7070000.0,1.0,20068355.0,53879000.0,53879000.0,0.536,806233000.0,0.0,9000.0,0.0,14.964,166591000.0
92,CCI,MRQ,1998-06-30,1998-06-30,1998-06-30,2021-08-07,2319000.0,418830000.0,,65381000.0,353449000.0,,2.439,-28213000.0,51258000.0,51258000.0,3980000.0,-6426000.0,6.856,8.504,216869000.0,0.0,216869000.0,216869000.0,0.0,4091000.0,0.0,,0.0,-1573000.0,2518000.0,0.218,2518000.0,-1573000.0,-6230000.0,-0.78,-0.78,-0.78,26721000.0,,26721000.0,,,,-27234000.0,-2.486,1.0,7550000.0,0.655,148336000.0,4657000.0,426568000.0,,1233000.0,61432000.0,0.0,61432000.0,227228000.0,9537000.0,217691000.0,,-2137000.0,0.0,0.0,25500000.0,0.0,25097000.0,-28213000.0,0.0,979000.0,0.0,-6426000.0,-6426000.0,-6426000.0,0.0,0.0,-0.557,9747000.0,-2197000.0,6311000.0,0.0,,,,131492000.0,8503000.0,,,,10150000.0,-34203000.0,11530000.0,11530000.0,0.0,,,,,0.0,5656000.0,1.0,2081746.0,10954000.0,10954000.0,1.053,270494000.0,0.0,196000.0,0.0,24.694,55844000.0
93,CCI,MRQ,1998-03-31,1998-03-31,1998-03-31,2021-08-07,1233000.0,392688000.0,,66580000.0,326108000.0,,3.096,-24539000.0,53395000.0,53395000.0,5593000.0,-6606000.0,8.254,5.779,187299000.0,0.0,187299000.0,187299000.0,0.0,3604000.0,0.0,,0.0,-2593000.0,1011000.0,0.085,1011000.0,-2593000.0,-6593000.0,-0.79,-0.79,-0.79,33912000.0,,33912000.0,,,,-27490000.0,-2.51,1.0,6244000.0,0.527,150468000.0,4000000.0,368058000.0,,1220000.0,59688000.0,0.0,59688000.0,195972000.0,8066000.0,187906000.0,,-1683000.0,0.0,0.0,27050000.0,0.0,25807000.0,-24539000.0,0.0,-2951000.0,0.0,-6606000.0,-6606000.0,-6606000.0,0.0,0.0,-0.558,8738000.0,-2494000.0,4964000.0,0.0,,,,105034000.0,8661000.0,,,,9908000.0,-25700000.0,11837000.0,11837000.0,0.0,,,,,0.0,5134000.0,1.0,2081746.0,10954000.0,10954000.0,1.081,242220000.0,0.0,13000.0,0.0,22.112,58514000.0
94,CCI,MRQ,1997-12-31,1997-12-31,1997-12-31,2021-08-07,562000.0,371391000.0,,67156000.0,304235000.0,,6.7,-12740000.0,55078000.0,55078000.0,6741000.0,-5792000.0,5.62,4.04,156293000.0,0.0,156293000.0,156293000.0,2398000.0,3657000.0,0.0,,0.0,-1248000.0,2409000.0,0.183,2409000.0,-1248000.0,-5789000.0,-0.85,-0.85,-0.85,41792000.0,,41792000.0,,,,-11303000.0,-1.812,1.0,6418000.0,0.488,152541000.0,4541000.0,308115000.0,,1322000.0,59082000.0,0.0,59082000.0,168850000.0,11950000.0,156900000.0,,41983000.0,-1502000.0,36631000.0,25223000.0,0.0,54788000.0,-14242000.0,0.0,1437000.0,0.0,-5792000.0,-5331000.0,-5331000.0,0.0,0.0,-0.405,7717000.0,-1299000.0,7760000.0,0.0,,,,81968000.0,13680000.0,,,,9264000.0,-17039000.0,13159000.0,13159000.0,0.0,,,,,0.0,4060000.0,1.0,,6238000.0,6238000.0,2.109,218850000.0,0.0,3000.0,0.0,35.083,55206000.0
95,CCI,MRQ,1997-09-30,1997-09-30,1997-09-30,2021-08-07,,,,,,,,-4377000.0,,,5833000.0,-4001000.0,,,,,,,,2365000.0,,,0.0,-907000.0,1458000.0,0.127,1458000.0,-907000.0,-3981000.0,-0.62,-0.62,-0.62,,,,,,,-6834000.0,-0.942,1.0,5648000.0,0.492,,3074000.0,,,,,,,,,,,873000.0,-26371000.0,29053000.0,5204000.0,0.0,34078000.0,-30748000.0,0.0,-2457000.0,0.0,-4001000.0,-4462000.0,-4462000.0,0.0,0.0,-0.389,5587000.0,61000.0,,0.0,,,,,461000.0,,,,,,11481000.0,11481000.0,0.0,,,,,0.0,3222000.0,1.0,,7254000.0,7254000.0,1.583,,,20000.0,,,
96,CCI,MRQ,1997-06-30,1997-06-30,1997-06-30,2021-08-07,,,,,,,,-686000.0,,,2513000.0,-1706000.0,,,,,,,,522000.0,,,0.0,-1132000.0,-610000.0,-0.128,-610000.0,-1132000.0,-1702000.0,-0.51,-0.51,-0.51,,,,,,,335000.0,0.1,1.0,2258000.0,0.473,,570000.0,,,,,,,,,,,-4547000.0,-8034000.0,4536000.0,-1380000.0,0.0,3152000.0,-8720000.0,0.0,1021000.0,0.0,-1706000.0,-1706000.0,-1706000.0,0.0,0.0,-0.358,3179000.0,-921000.0,,0.0,,,,,0.0,,,,,,4771000.0,4771000.0,0.0,,,,,0.0,2657000.0,1.0,,3362000.0,3362000.0,1.419,,,4000.0,,,
97,CCI,MRQ,1997-03-31,1997-03-31,1997-03-31,2021-08-07,,,,,,,,-232000.0,,,263000.0,-443000.0,,,,,,,,408000.0,,,0.0,205000.0,613000.0,0.307,613000.0,205000.0,-421000.0,,,,,,,,,,-857000.0,,1.0,1731000.0,0.868,,626000.0,,,,,,,,,,,9426000.0,-57542000.0,67515000.0,859000.0,0.0,67825000.0,-57774000.0,0.0,-625000.0,0.0,-443000.0,-443000.0,-443000.0,0.0,0.0,-0.222,3024000.0,-1293000.0,,,,,,,0.0,,,,,,1994000.0,1994000.0,0.0,,,,,0.0,2616000.0,1.0,,,,,,,22000.0,,,
0,CCI,MRT,2021-06-30,2021-06-30,2021-06-30,2021-08-07,-2000000.0,38973000000.0,38819750000.0,1329000000.0,37644000000.0,0.156,20.169,-1372000000.0,520000000.0,520000000.0,1965000000.0,1063000000.0,0.659,3.473,26386000000.0,409000000.0,25977000000.0,26386000000.0,805000000.0,1623000000.0,0.0,0.027,5.19,1752000000.0,3375000000.0,0.558,3375000000.0,1752000000.0,1085000000.0,2.47,2.46,2.47,8713000000.0,9149750000.0,8713000000.0,109947199935.0,63.0,32.577,1645000000.0,3.808,1.0,4082000000.0,0.675,14300000000.0,667000000.0,48521000000.0,47764750000.0,0.0,0.0,0.0,0.0,30260000000.0,2018000000.0,28242000000.0,84320199935.0,-2150000000.0,-106000000.0,-70000000.0,-1348000000.0,-2254000000.0,-3700000000.0,-1467000000.0,0.0,3017000000.0,2000000.0,1063000000.0,1063000000.0,1063000000.0,61000000.0,0.0,0.176,2013000000.0,2069000000.0,219000000.0,2.101,9.678,79.323,78.988,21796000000.0,0.0,195.1,13.944,13.938,1859000000.0,-9240000000.0,6047000000.0,6047000000.0,0.0,0.027,0.116,0.037,0.29,130000000.0,672000000.0,1.0,432189646.0,432000000.0,434000000.0,13.998,24673000000.0,0.0,22000000.0,0.0,57.113,-689000000.0
1,CCI,MRT,2021-03-31,2021-03-31,2021-03-31,2021-08-07,-3000000.0,38752000000.0,39301750000.0,1176000000.0,37576000000.0,0.15,20.655,-1479000000.0,433000000.0,433000000.0,1957000000.0,929000000.0,0.608,3.343,26060000000.0,491000000.0,25569000000.0,26060000000.0,814000000.0,1617000000.0,0.0,0.029,5.06,1635000000.0,3252000000.0,0.551,3252000000.0,1635000000.0,951000000.0,2.11,2.1,2.11,8923000000.0,9428000000.0,8923000000.0,99282710290.0,61.0,30.53,1507000000.0,3.488,1.0,3947000000.0,0.669,14402000000.0,684000000.0,48044000000.0,47784500000.0,0.0,0.0,0.0,0.0,29829000000.0,1933000000.0,27896000000.0,74241710290.0,-36000000.0,-98000000.0,-70000000.0,869000000.0,-2180000000.0,-1438000000.0,-1584000000.0,0.0,2986000000.0,2000000.0,929000000.0,901000000.0,901000000.0,63000000.0,0.0,0.153,2000000000.0,1947000000.0,187000000.0,2.398,8.32,82.399,81.578,21663000000.0,28000000.0,172.13,12.575,12.595,1801000000.0,-8995000000.0,5904000000.0,5904000000.0,0.0,0.023,0.096,0.034,0.277,134000000.0,667000000.0,1.0,431311859.0,432000000.0,433000000.0,13.667,24350000000.0,0.0,22000000.0,0.0,56.366,-757000000.0
2,CCI,MRT,2020-12-31,2020-12-31,2020-12-31,2021-08-07,-4000000.0,38768000000.0,39267750000.0,1104000000.0,37664000000.0,0.149,22.366,-1624000000.0,376000000.0,376000000.0,1969000000.0,1056000000.0,0.561,3.098,25417000000.0,458000000.0,24959000000.0,25417000000.0,704000000.0,1608000000.0,0.0,0.031,4.93,1765000000.0,3373000000.0,0.578,3373000000.0,1765000000.0,1076000000.0,2.36,2.35,2.36,9461000000.0,9727500000.0,9461000000.0,93575304105.0,53.0,27.742,1431000000.0,3.383,1.0,3871000000.0,0.663,14511000000.0,689000000.0,47329000000.0,47081000000.0,0.0,0.0,0.0,0.0,29307000000.0,1969000000.0,27338000000.0,68658304105.0,43000000.0,-107000000.0,-76000000.0,995000000.0,-2105000000.0,-1271000000.0,-1741000000.0,0.0,3055000000.0,0.0,1056000000.0,999000000.0,999000000.0,0.0,0.0,0.171,2008000000.0,1863000000.0,230000000.0,2.089,7.257,68.727,67.453,21626000000.0,57000000.0,159.19,11.757,11.53,1839000000.0,-8472000000.0,5840000000.0,5840000000.0,0.0,0.025,0.103,0.037,0.302,138000000.0,678000000.0,1.0,431297846.0,423000000.0,425000000.0,13.806,24257000000.0,0.0,20000000.0,0.0,57.345,-865000000.0
3,CCI,MRT,2020-09-30,2020-09-30,2020-09-30,2021-08-07,-4000000.0,38786000000.0,39190000000.0,1184000000.0,37602000000.0,0.147,22.253,-1758000000.0,416000000.0,416000000.0,1931000000.0,756000000.0,0.615,3.082,25333000000.0,430000000.0,24903000000.0,25333000000.0,787000000.0,1604000000.0,0.0,0.029,4.8,1472000000.0,3076000000.0,0.533,3076000000.0,1472000000.0,778000000.0,1.61,1.6,1.61,9502000000.0,9984500000.0,9502000000.0,94241769786.0,64.0,30.638,1120000000.0,2.623,1.0,3842000000.0,0.666,14613000000.0,694000000.0,47165000000.0,46554000000.0,0.0,0.0,0.0,0.0,29284000000.0,1925000000.0,27359000000.0,69874769786.0,96000000.0,-88000000.0,-75000000.0,1302000000.0,-2028000000.0,-914000000.0,-1868000000.0,0.0,2878000000.0,0.0,756000000.0,672000000.0,672000000.0,0.0,0.0,0.116,2282000000.0,1560000000.0,264000000.0,2.981,7.354,103.98,103.416,21449000000.0,84000000.0,166.5,12.104,12.315,1875000000.0,-8402000000.0,5773000000.0,5773000000.0,0.0,0.017,0.067,0.032,0.255,134000000.0,650000000.0,1.0,419668287.0,427000000.0,429000000.0,13.52,24173000000.0,0.0,22000000.0,0.0,56.611,-741000000.0
4,CCI,MRT,2020-06-30,2020-06-30,2020-06-30,2021-08-07,-6000000.0,40901000000.0,39079500000.0,3436000000.0,37465000000.0,0.148,23.564,-1920000000.0,2668000000.0,2668000000.0,1959000000.0,835000000.0,1.749,3.163,27035000000.0,406000000.0,26629000000.0,27035000000.0,763000000.0,1586000000.0,0.0,0.028,4.725,1556000000.0,3142000000.0,0.545,3142000000.0,1556000000.0,857000000.0,1.74,1.73,1.74,9826000000.0,10440250000.0,9826000000.0,93838318340.0,60.0,29.866,960000000.0,2.302,1.0,3810000000.0,0.66,14704000000.0,699000000.0,48600000000.0,45980250000.0,0.0,0.0,0.0,0.0,31075000000.0,1964000000.0,29111000000.0,69743318340.0,2245000000.0,-20000000.0,-75000000.0,3496000000.0,-1982000000.0,1326000000.0,-1961000000.0,0.0,2880000000.0,-1000000.0,835000000.0,723000000.0,723000000.0,0.0,0.0,0.125,2261000000.0,1549000000.0,280000000.0,2.716,7.098,96.464,96.178,21214000000.0,112000000.0,167.35,12.089,12.097,1867000000.0,-8044000000.0,5769000000.0,5769000000.0,0.0,0.019,0.069,0.034,0.27,130000000.0,646000000.0,1.0,416751230.0,417000000.0,419000000.0,13.835,26197000000.0,0.0,22000000.0,0.0,62.823,1472000000.0
5,CCI,MRT,2020-03-31,2020-03-31,2020-03-31,2021-08-07,-6000000.0,38616000000.0,38391000000.0,1247000000.0,37369000000.0,0.15,24.329,-2024000000.0,467000000.0,467000000.0,1975000000.0,851000000.0,0.467,2.815,24562000000.0,1249000000.0,23313000000.0,24562000000.0,741000000.0,1577000000.0,0.0,0.032,4.65,1561000000.0,3138000000.0,0.543,3138000000.0,1561000000.0,871000000.0,1.78,1.77,1.78,10121000000.0,10864500000.0,10121000000.0,83776177272.0,54.0,26.697,815000000.0,1.959,1.0,3801000000.0,0.658,14812000000.0,690000000.0,45230000000.0,44869750000.0,0.0,0.0,0.0,0.0,28495000000.0,2669000000.0,25826000000.0,60178177272.0,65000000.0,-20000000.0,-75000000.0,1422000000.0,-1948000000.0,-714000000.0,-2060000000.0,0.0,2839000000.0,-1000000.0,851000000.0,739000000.0,739000000.0,0.0,0.0,0.128,2246000000.0,1555000000.0,296000000.0,2.612,5.946,81.432,81.124,21013000000.0,112000000.0,144.4,10.419,10.4,1923000000.0,-7712000000.0,5776000000.0,5776000000.0,0.0,0.019,0.068,0.035,0.27,125000000.0,637000000.0,1.0,416746380.0,416000000.0,418000000.0,13.885,23804000000.0,0.0,20000000.0,0.0,57.221,-1422000000.0
6,CCI,MRT,2019-12-31,2019-12-31,2019-12-31,2021-08-07,-5000000.0,38457000000.0,38181500000.0,1204000000.0,37253000000.0,0.151,25.214,-2057000000.0,333000000.0,333000000.0,1986000000.0,860000000.0,0.627,2.666,23931000000.0,399000000.0,23532000000.0,23931000000.0,657000000.0,1572000000.0,0.0,0.032,4.575,1564000000.0,3136000000.0,0.544,3136000000.0,1564000000.0,881000000.0,1.8,1.79,1.8,10489000000.0,11270750000.0,10489000000.0,82407487726.0,53.0,26.278,641000000.0,1.541,1.0,3777000000.0,0.655,14914000000.0,683000000.0,45221000000.0,44411000000.0,0.0,0.0,0.0,0.0,27968000000.0,1920000000.0,26048000000.0,59101487726.0,-75000000.0,-17000000.0,-44000000.0,1377000000.0,-1912000000.0,-692000000.0,-2081000000.0,0.0,2698000000.0,0.0,860000000.0,747000000.0,747000000.0,0.0,0.0,0.13,2218000000.0,1559000000.0,334000000.0,2.542,5.635,79.118,78.972,20799000000.0,113000000.0,142.15,10.255,10.261,2020000000.0,-7365000000.0,5763000000.0,5763000000.0,0.0,0.02,0.066,0.035,0.271,117000000.0,614000000.0,1.0,415768468.0,416000000.0,418000000.0,13.853,23543000000.0,0.0,21000000.0,0.0,56.594,-716000000.0
7,CCI,MRT,2019-09-30,2019-09-30,2019-09-30,2021-08-07,-5000000.0,38344000000.0,36757750000.0,1253000000.0,37091000000.0,0.155,27.224,-2035000000.0,320000000.0,320000000.0,1985000000.0,815000000.0,0.723,2.386,23626000000.0,396000000.0,23230000000.0,23626000000.0,525000000.0,1564000000.0,0.0,0.032,4.5,1510000000.0,3074000000.0,0.539,3074000000.0,1510000000.0,836000000.0,1.69,1.69,1.69,11325000000.0,11541250000.0,11325000000.0,80655139805.0,53.0,26.238,580000000.0,1.394,1.0,3718000000.0,0.652,15046000000.0,674000000.0,44870000000.0,41089750000.0,0.0,0.0,0.0,0.0,27019000000.0,1734000000.0,25285000000.0,57794139805.0,-128000000.0,-31000000.0,-44000000.0,1357000000.0,-1882000000.0,-682000000.0,-2061000000.0,0.0,2615000000.0,0.0,815000000.0,703000000.0,703000000.0,0.0,0.0,0.123,2207000000.0,1511000000.0,368000000.0,2.663,5.103,82.211,82.254,20528000000.0,112000000.0,139.01,10.134,10.14,2080000000.0,-6503000000.0,5703000000.0,5703000000.0,0.0,0.019,0.061,0.037,0.265,115000000.0,602000000.0,1.0,415755268.0,416000000.0,418000000.0,13.709,23298000000.0,0.0,21000000.0,0.0,56.005,-481000000.0
8,CCI,MRT,2019-06-30,2019-06-30,2019-06-30,2021-08-07,-5000000.0,38147000000.0,35332750000.0,1294000000.0,36853000000.0,0.158,27.7,-1974000000.0,424000000.0,424000000.0,1944000000.0,737000000.0,0.762,2.311,23285000000.0,387000000.0,22898000000.0,23285000000.0,503000000.0,1561000000.0,0.0,0.034,4.425,1419000000.0,2980000000.0,0.533,2980000000.0,1419000000.0,758000000.0,1.51,1.51,1.51,11523000000.0,11783750000.0,11523000000.0,76629869982.0,54.0,25.715,642000000.0,1.543,1.0,3652000000.0,0.653,15152000000.0,661000000.0,44158000000.0,37777750000.0,0.0,0.0,0.0,0.0,26624000000.0,1698000000.0,24926000000.0,54191869982.0,93000000.0,-37000000.0,-43000000.0,1505000000.0,-1847000000.0,-498000000.0,-2025000000.0,0.0,2616000000.0,0.0,737000000.0,625000000.0,625000000.0,0.0,0.0,0.112,2205000000.0,1447000000.0,337000000.0,2.93,4.703,86.707,86.325,20204000000.0,112000000.0,130.35,9.684,9.69,1982000000.0,-6277000000.0,5596000000.0,5596000000.0,0.0,0.018,0.053,0.038,0.254,118000000.0,597000000.0,1.0,415741235.0,416000000.0,418000000.0,13.452,22995000000.0,0.0,21000000.0,0.0,55.276,-404000000.0
9,CCI,MRT,2019-03-31,2019-03-31,2019-03-31,2021-08-07,-5000000.0,37778000000.0,33889500000.0,1193000000.0,36585000000.0,0.162,28.304,-1849000000.0,403000000.0,403000000.0,1896000000.0,701000000.0,0.762,2.216,22841000000.0,383000000.0,22458000000.0,22841000000.0,502000000.0,1547000000.0,0.0,0.034,4.35,1373000000.0,2920000000.0,0.533,2920000000.0,1373000000.0,723000000.0,1.43,1.42,1.43,11746000000.0,12044500000.0,11746000000.0,69466752896.0,51.0,23.79,711000000.0,1.713,1.0,3583000000.0,0.654,15256000000.0,650000000.0,43395000000.0,34465500000.0,0.0,0.0,0.0,0.0,26032000000.0,1565000000.0,24467000000.0,53192752896.0,64000000.0,-38000000.0,-45000000.0,1376000000.0,-1816000000.0,-598000000.0,-1898000000.0,0.0,2560000000.0,-1000000.0,701000000.0,589000000.0,589000000.0,0.0,0.0,0.108,2180000000.0,1403000000.0,311000000.0,3.042,4.529,90.31,89.51,19852000000.0,112000000.0,128.0,9.708,9.695,1918000000.0,-6022000000.0,5479000000.0,5479000000.0,0.0,0.017,0.049,0.04,0.251,109000000.0,580000000.0,1.0,415568382.0,415000000.0,417000000.0,13.202,22522000000.0,0.0,22000000.0,0.0,54.27,-372000000.0
10,CCI,MRT,2018-12-31,2018-12-31,2018-12-31,2021-08-07,-5000000.0,32762000000.0,32507500000.0,1229000000.0,31533000000.0,0.165,28.017,-1739000000.0,408000000.0,408000000.0,1844000000.0,622000000.0,0.816,1.831,16682000000.0,107000000.0,16575000000.0,16682000000.0,587000000.0,1527000000.0,0.0,0.039,4.275,1283000000.0,2810000000.0,0.523,2810000000.0,1283000000.0,641000000.0,1.23,1.23,1.23,11571000000.0,12316000000.0,11571000000.0,61041203514.0,48.0,21.723,761000000.0,1.843,1.0,3526000000.0,0.657,15594000000.0,642000000.0,31936000000.0,31251750000.0,0.0,0.0,0.0,0.0,21191000000.0,1506000000.0,19685000000.0,45065203514.0,-26000000.0,-42000000.0,807000000.0,355000000.0,-1782000000.0,-733000000.0,-1793000000.0,0.0,2500000000.0,-1000000.0,622000000.0,509000000.0,509000000.0,0.0,0.0,0.095,2143000000.0,1383000000.0,313000000.0,3.476,3.895,88.537,88.317,13653000000.0,113000000.0,108.63,8.392,8.355,1867000000.0,-6195000000.0,5370000000.0,5370000000.0,0.0,0.016,0.041,0.041,0.239,103000000.0,563000000.0,1.0,414850442.0,413000000.0,415000000.0,13.002,17168000000.0,0.0,19000000.0,0.0,41.569,-277000000.0
11,CCI,MRT,2018-09-30,2018-09-30,2018-09-30,2021-08-07,-5000000.0,32644000000.0,32374250000.0,1249000000.0,31395000000.0,0.159,29.627,-1606000000.0,448000000.0,448000000.0,1779000000.0,478000000.0,0.958,1.655,16424000000.0,111000000.0,16313000000.0,16424000000.0,484000000.0,1499000000.0,0.0,0.038,4.2,1145000000.0,2644000000.0,0.514,2644000000.0,1145000000.0,506000000.0,0.86,0.86,0.86,12295000000.0,12508000000.0,12295000000.0,61809132301.0,54.0,23.377,788000000.0,1.899,1.0,3362000000.0,0.654,15694000000.0,639000000.0,31622000000.0,30937250000.0,0.0,0.0,0.0,0.0,20349000000.0,1304000000.0,19045000000.0,46184132301.0,-6385000000.0,-7173000000.0,807000000.0,1063000000.0,-1742000000.0,13000000.0,-8792000000.0,0.0,2394000000.0,-1000000.0,478000000.0,366000000.0,366000000.0,0.0,0.0,0.071,2118000000.0,1244000000.0,302000000.0,4.884,3.756,126.186,129.453,13433000000.0,112000000.0,111.33,8.983,8.987,1828000000.0,-5447000000.0,5141000000.0,5141000000.0,0.0,0.011,0.029,0.037,0.223,104000000.0,543000000.0,1.0,414839956.0,415000000.0,416000000.0,12.388,16950000000.0,0.0,28000000.0,0.0,40.843,-55000000.0
12,CCI,MRT,2018-06-30,2018-06-30,2018-06-30,2021-08-07,-5000000.0,32374000000.0,31966189000.0,1164000000.0,31210000000.0,0.151,30.28,-1417000000.0,331000000.0,331000000.0,1693000000.0,429000000.0,0.905,1.576,15956000000.0,112000000.0,15844000000.0,15956000000.0,476000000.0,1410000000.0,0.0,0.038,4.1,1088000000.0,2498000000.0,0.517,2498000000.0,1088000000.0,455000000.0,0.75,0.74,0.75,12566000000.0,12602333000.0,12566000000.0,60132209606.0,55.0,24.072,795000000.0,1.916,1.0,3136000000.0,0.649,15804000000.0,633000000.0,30909000000.0,29917050750.0,0.0,0.0,0.0,0.0,19808000000.0,1286000000.0,18522000000.0,44726209606.0,14000000.0,-7174000000.0,4564000000.0,1994000000.0,-1692000000.0,6387000000.0,-8585000000.0,0.0,2212000000.0,-1000000.0,429000000.0,315000000.0,315000000.0,0.0,0.0,0.065,1990000000.0,1146000000.0,272000000.0,5.467,3.559,141.988,143.76,13218000000.0,114000000.0,107.82,9.262,9.266,1758000000.0,-5144000000.0,4829000000.0,4829000000.0,0.0,0.01,0.025,0.036,0.225,94000000.0,498000000.0,1.0,414822942.0,415000000.0,416000000.0,11.636,16570000000.0,0.0,26000000.0,0.0,39.928,-122000000.0
13,CCI,MRT,2018-03-31,2018-03-31,2018-03-31,2021-08-07,-4000000.0,32250000000.0,29993595000.0,1074000000.0,31176000000.0,0.151,31.374,-1325000000.0,340000000.0,340000000.0,1612000000.0,361000000.0,0.905,1.513,15746000000.0,130000000.0,15616000000.0,15746000000.0,465000000.0,1326000000.0,0.0,0.036,4.0,1004000000.0,2330000000.0,0.514,2330000000.0,1004000000.0,387000000.0,0.69,0.69,0.69,12832000000.0,11358410250.0,12832000000.0,60325536393.0,60.0,25.891,717000000.0,1.753,1.0,2925000000.0,0.645,15929000000.0,617000000.0,30540000000.0,28723858500.0,0.0,0.0,0.0,0.0,19418000000.0,1187000000.0,18231000000.0,44601075393.0,19000000.0,-7777000000.0,5008000000.0,2126000000.0,-1604000000.0,7080000000.0,-9103000000.0,0.0,2042000000.0,1000000.0,361000000.0,275000000.0,275000000.0,0.0,0.0,0.061,1865000000.0,1060000000.0,248000000.0,5.797,3.476,162.186,158.855,13051000000.0,86000000.0,109.61,9.831,9.881,1706000000.0,-4858000000.0,4537000000.0,4537000000.0,0.0,0.009,0.024,0.035,0.221,93000000.0,458000000.0,1.0,406906992.0,409000000.0,410000000.0,11.093,16321000000.0,0.0,26000000.0,0.0,39.905,-113000000.0
14,CCI,MRT,2017-12-31,2017-12-31,2017-12-31,2021-08-07,-4000000.0,32229000000.0,27875305500.0,1134000000.0,31095000000.0,0.153,32.301,-1217000000.0,435000000.0,435000000.0,1543000000.0,366000000.0,0.878,1.612,16159000000.0,115000000.0,16044000000.0,16159000000.0,457000000.0,1241000000.0,0.0,0.035,3.9,983000000.0,2224000000.0,0.523,2224000000.0,983000000.0,392000000.0,0.8,0.8,0.8,12339000000.0,9991280250.0,12339000000.0,53470148852.0,54.0,24.042,815000000.0,2.134,1.0,2712000000.0,0.637,15983000000.0,591000000.0,30678000000.0,27494592750.0,0.0,0.0,0.0,0.0,19890000000.0,1292000000.0,18598000000.0,45100597852.0,-258000000.0,-9260000000.0,4198000000.0,3925000000.0,-1509000000.0,8192000000.0,-10482000000.0,0.0,2032000000.0,1000000.0,366000000.0,308000000.0,308000000.0,0.0,0.0,0.072,1745000000.0,967000000.0,249000000.0,4.875,3.655,146.431,138.762,12933000000.0,58000000.0,111.01,10.599,9.966,1698000000.0,-4505000000.0,4255000000.0,4255000000.0,0.0,0.011,0.031,0.036,0.231,92000000.0,426000000.0,1.0,406275091.0,382000000.0,383000000.0,11.139,16246000000.0,0.0,26000000.0,0.0,42.529,-158000000.0
15,CCI,MRT,2017-09-30,2017-09-30,2017-09-30,2021-08-07,-4959000.0,31011756000.0,25486828500.0,7474555000.0,23537201000.0,0.163,32.082,-1111822000.0,6834864000.0,6834864000.0,1517711000.0,470737000.0,7.126,1.447,15204415000.0,114198000.0,15090217000.0,15204415000.0,387447000.0,1154275000.0,0.0,0.038,3.8,1046284000.0,2200559000.0,0.53,2200559000.0,1046284000.0,486940000.0,1.22,1.21,1.22,12672332000.0,8795809000.0,12672332000.0,54142284456.0,52.0,24.604,783463000.0,1.983,1.0,2631480000.0,0.634,10791233000.0,559344000.0,27541203000.0,25771339000.0,0.0,0.0,0.0,0.0,18339424000.0,1048871000.0,17290553000.0,40618595456.0,6545270000.0,-2124838000.0,5199961000.0,2538012000.0,-1424372000.0,7910552000.0,-3260417000.0,0.0,1895285000.0,1321000.0,470737000.0,440728000.0,440728000.0,0.0,0.0,0.106,1594656000.0,1036824000.0,179335000.0,3.115,3.205,92.163,81.951,10599604000.0,30009000.0,99.98,9.79,9.518,1603403000.0,-4145527000.0,4149191000.0,4149191000.0,0.0,0.017,0.05,0.041,0.252,85598000.0,391091000.0,1.0,406267208.0,395000000.0,397000000.0,10.504,20220523000.0,0.0,16203000.0,0.0,51.191,6425684000.0
16,CCI,MRT,2017-06-30,2017-06-30,2017-06-30,2021-08-07,-5183000.0,24483624000.0,23276820250.0,951335000.0,23532289000.0,0.175,20.852,-1044003000.0,317576000.0,317576000.0,1495689000.0,454103000.0,0.953,2.226,13841265000.0,114932000.0,13726333000.0,13841265000.0,387065000.0,1139099000.0,0.0,0.037,3.735,1007607000.0,2146706000.0,0.526,2146706000.0,1007607000.0,472347000.0,1.26,1.26,1.26,7590309000.0,7316155250.0,7590309000.0,49849425972.0,49.0,23.221,755816000.0,2.076,1.0,2582518000.0,0.633,10873170000.0,535260000.0,26136231000.0,24912616000.0,0.0,0.0,0.0,0.0,16893315000.0,997912000.0,15895403000.0,36676772972.0,-16208000.0,-2167068000.0,1442662000.0,1321598000.0,-1337154000.0,1411189000.0,-3227066000.0,0.0,1799819000.0,680000.0,454103000.0,443097000.0,443097000.0,0.0,0.0,0.109,1562440000.0,1020078000.0,178927000.0,2.964,4.832,82.774,79.508,10507736000.0,11006000.0,100.18,8.993,8.942,1605422000.0,-3841187000.0,4078207000.0,4078207000.0,0.0,0.019,0.061,0.04,0.247,83865000.0,381032000.0,1.0,366108734.0,364000000.0,366000000.0,11.204,13610454000.0,0.0,18244000.0,0.0,37.391,-46577000.0
17,CCI,MRT,2017-03-31,2017-03-31,2017-03-31,2021-08-07,-5713000.0,23776842000.0,22694182750.0,916449000.0,22860393000.0,0.176,20.397,-942511000.0,320320000.0,320320000.0,1471408000.0,428161000.0,1.016,2.229,13492973000.0,112882000.0,13380091000.0,13492973000.0,366758000.0,1120125000.0,0.0,0.039,3.67,967911000.0,2088036000.0,0.522,2088036000.0,967911000.0,445289000.0,1.17,1.17,1.17,7363480000.0,7155654750.0,7363480000.0,45531838246.0,47.0,21.806,848833000.0,2.351,1.0,2531208000.0,0.632,10424363000.0,522622000.0,25622937000.0,24339613000.0,0.0,0.0,0.0,0.0,16413362000.0,902195000.0,15511167000.0,34052842246.0,12532000.0,-2031971000.0,1001556000.0,1526062000.0,-1287910000.0,1205592000.0,-2984254000.0,0.0,1791344000.0,576000.0,428161000.0,406158000.0,406158000.0,0.0,0.0,0.101,1538945000.0,992263000.0,154753000.0,3.137,4.625,83.841,80.726,10293693000.0,22003000.0,94.45,8.508,8.519,1612930000.0,-3602985000.0,4002616000.0,4002616000.0,0.0,0.018,0.057,0.04,0.242,81105000.0,374418000.0,1.0,360538298.0,361000000.0,362000000.0,11.088,13352479000.0,0.0,17128000.0,0.0,36.987,14254000.0
18,CCI,MRT,2016-12-31,2016-12-31,2016-12-31,2021-08-07,-5888000.0,22675092000.0,22179535000.0,1324761000.0,21350331000.0,0.177,22.227,-874000000.0,692146000.0,692146000.0,1441000000.0,357000000.0,1.378,2.0,12171142000.0,101749000.0,12069393000.0,12171142000.0,353005000.0,1109000000.0,0.0,0.042,3.605,889000000.0,1998000000.0,0.51,1998000000.0,889000000.0,374000000.0,0.95,0.95,0.95,7557115000.0,7103033250.0,7557115000.0,41727586152.0,47.0,20.885,913000000.0,2.685,1.0,2480000000.0,0.632,9407748000.0,515000000.0,23784985000.0,23741126250.0,0.0,0.0,0.0,0.0,15117977000.0,961355000.0,14156622000.0,29407779152.0,382000000.0,-557000000.0,1301000000.0,-107000000.0,-1239000000.0,-89000000.0,-1429000000.0,0.0,1787000000.0,0.0,357000000.0,324000000.0,324000000.0,0.0,0.0,0.083,1531000000.0,949000000.0,188516000.0,3.795,3.891,90.765,91.337,9805315000.0,33000000.0,86.77,7.5,7.524,1691190000.0,-3378838000.0,3921000000.0,3921000000.0,0.0,0.015,0.046,0.037,0.227,79000000.0,371000000.0,1.0,338916436.0,340000000.0,341000000.0,11.532,13267344000.0,0.0,17000000.0,0.0,39.022,363406000.0
19,CCI,MRT,2016-09-30,2016-09-30,2016-09-30,2021-08-07,-5541000.0,22171723000.0,21995003500.0,839675000.0,21332048000.0,0.174,20.007,-864830000.0,273151000.0,273151000.0,1390294000.0,373330000.0,0.935,2.283,12592958000.0,101362000.0,12491596000.0,12592958000.0,358683000.0,1104282000.0,0.0,0.038,3.54,858052000.0,1962334000.0,0.512,1962334000.0,858052000.0,344050000.0,0.98,0.97,0.98,6753717000.0,6986059750.0,6753717000.0,43893601603.0,51.0,22.368,943034000.0,2.794,1.0,2444351000.0,0.637,9487481000.0,514002000.0,24106311000.0,23702017250.0,0.0,0.0,0.0,0.0,15418006000.0,897738000.0,14520268000.0,31801854603.0,-27356000.0,-564022000.0,298958000.0,412944000.0,-1192016000.0,-536039000.0,-1410672000.0,0.0,1807864000.0,-541000.0,373330000.0,329342000.0,329342000.0,1659000.0,0.0,0.086,1527433000.0,916918000.0,148916000.0,3.612,4.709,96.562,96.133,9714149000.0,43988000.0,94.21,8.293,8.293,1598036000.0,-3159059000.0,3834645000.0,3834645000.0,0.0,0.015,0.047,0.036,0.224,76464000.0,365949000.0,1.0,337563471.0,337564000.0,338409000.0,11.36,12684242000.0,0.0,-29280000.0,0.0,37.576,-58063000.0
20,CCI,MRT,2016-06-30,2016-06-30,2016-06-30,2021-08-07,-4006000.0,22153074000.0,21950983750.0,817615000.0,21335459000.0,0.171,20.584,-881006000.0,334457000.0,334457000.0,1358175000.0,378743000.0,0.933,2.188,12426204000.0,100345000.0,12325859000.0,12426204000.0,364010000.0,1085120000.0,0.0,0.034,3.475,854584000.0,1939704000.0,0.516,1939704000.0,854584000.0,340621000.0,1.0,0.99,1.0,6948307000.0,7107706250.0,6948307000.0,45799560197.0,54.0,23.612,912322000.0,2.703,1.0,2402561000.0,0.639,9524638000.0,513963000.0,23844219000.0,23587240750.0,0.0,0.0,0.0,0.0,15204767000.0,875964000.0,14328803000.0,34238682197.0,-135658000.0,-1531386000.0,299171000.0,1267960000.0,-1166919000.0,357500000.0,-2397455000.0,0.0,1793328000.0,-613000.0,378743000.0,334755000.0,334755000.0,2181000.0,0.0,0.089,1499095000.0,903466000.0,143082000.0,3.475,4.928,102.28,101.43,9670358000.0,43988000.0,101.43,9.104,9.104,1562805000.0,-2946081000.0,3760736000.0,3760736000.0,0.0,0.015,0.047,0.036,0.227,70777000.0,352707000.0,1.0,337559718.0,337560000.0,338609000.0,11.141,12628436000.0,0.0,-38122000.0,0.0,37.411,-58349000.0
21,CCI,MRT,2016-03-31,2016-03-31,2016-03-31,2021-08-07,-4977000.0,21718251000.0,21665622500.0,820882000.0,20897369000.0,0.171,21.406,-900728000.0,305121000.0,305121000.0,1335887000.0,1447063000.0,1.011,2.036,11865999000.0,87823000.0,11778176000.0,11865999000.0,332711000.0,1062247000.0,0.0,0.039,3.41,1918962000.0,2981209000.0,0.806,2981209000.0,1918962000.0,1399895000.0,4.21,4.19,4.21,7152994000.0,7221688500.0,7152994000.0,40810681765.0,21.0,13.689,877895000.0,2.627,1.0,2361877000.0,0.639,9238193000.0,519067000.0,23228990000.0,23148428750.0,0.0,0.0,0.0,0.0,14565257000.0,811946000.0,13753311000.0,28870984765.0,-63233000.0,-1106715000.0,299159000.0,-229506000.0,-1141849000.0,-1108827000.0,-1947820000.0,0.0,1778623000.0,-1218000.0,1446045000.0,1402057000.0,1402057000.0,-985671000.0,1018000.0,0.379,1448865000.0,913012000.0,141574000.0,0.81,4.036,20.592,20.546,9559397000.0,43988000.0,86.5,7.808,7.817,1572567000.0,-2720364000.0,3697764000.0,3697764000.0,0.0,0.065,0.194,0.083,0.519,65424000.0,334446000.0,1.0,333768610.0,334155000.0,334929000.0,11.066,12480058000.0,0.0,-46150000.0,0.0,37.348,8936000.0
22,CCI,MRT,2015-12-31,2015-12-31,2015-12-31,2021-08-07,-4398000.0,21936966000.0,21512429000.0,981245000.0,20955721000.0,0.17,21.289,-908892000.0,309541000.0,309541000.0,1321426000.0,1524335000.0,1.147,2.094,12149959000.0,106219000.0,12043740000.0,12149959000.0,322623000.0,1036178000.0,0.0,0.039,3.345,1996663000.0,3032841000.0,0.828,3032841000.0,1996663000.0,1469535000.0,4.44,4.42,4.44,7089221000.0,7067620000.0,7089221000.0,40695126490.0,20.0,13.418,885133000.0,2.658,1.0,2342425000.0,0.639,9293466000.0,527128000.0,23628549000.0,23118732000.0,0.0,0.0,0.0,0.0,14847745000.0,855369000.0,13992376000.0,28854529490.0,5092000.0,-1102179000.0,-29657000.0,238155000.0,-1116444000.0,-935476000.0,-1959734000.0,0.0,1794025000.0,-1902000.0,1520992000.0,1477004000.0,1477004000.0,-999049000.0,3343000.0,0.403,1396245000.0,946180000.0,159629000.0,0.753,4.07,19.536,19.471,9580057000.0,43988000.0,86.45,7.875,7.857,1619704000.0,-2458397000.0,3663851000.0,3663851000.0,0.0,0.069,0.209,0.086,0.545,60773000.0,310921000.0,1.0,333771307.0,333002000.0,334062000.0,11.002,12643500000.0,0.0,-51457000.0,0.0,37.968,125876000.0
23,CCI,MRT,2015-09-30,2015-09-30,2015-09-30,2021-08-07,-3754000.0,21995644000.0,21314006500.0,1024371000.0,20971273000.0,0.171,21.739,-917815000.0,300769000.0,300769000.0,1334238000.0,1535856000.0,1.242,2.038,12141366000.0,102188000.0,12039178000.0,12141366000.0,314648000.0,1013437000.0,0.0,0.042,3.28,2055342000.0,3068779000.0,0.842,3068779000.0,2055342000.0,1515490000.0,4.46,4.45,4.46,7240303000.0,6974371000.0,7240303000.0,36973441643.0,18.0,12.048,822332000.0,2.469,1.0,2309645000.0,0.634,9364494000.0,539852000.0,23647205000.0,22950406500.0,0.0,0.0,0.0,0.0,14755341000.0,824542000.0,13930799000.0,26323762643.0,-52098000.0,-1370614000.0,-29670000.0,465970000.0,-1094818000.0,-683943000.0,-2234825000.0,0.0,1740147000.0,-2336000.0,1527996000.0,1484008000.0,1484008000.0,-1024666000.0,7860000.0,0.407,1347961000.0,961684000.0,157024000.0,0.735,3.636,17.738,17.684,9498568000.0,43988000.0,78.87,7.224,7.209,1607318000.0,-2291977000.0,3643883000.0,3643883000.0,0.0,0.07,0.213,0.09,0.564,56711000.0,294005000.0,1.0,333761413.0,333049000.0,333711000.0,10.941,12631150000.0,33110000.0,-12506000.0,32317000.0,37.926,199829000.0
24,CCI,MRT,2015-06-30,2015-06-30,2015-06-30,2021-08-07,-6866000.0,21011629000.0,21011310500.0,1117560000.0,19894069000.0,0.172,22.229,-880120000.0,481625000.0,481625000.0,1332792000.0,1540114000.0,1.432,1.838,11131304000.0,94702000.0,11036602000.0,11131304000.0,313355000.0,998981000.0,0.0,0.035,2.81,2071734000.0,3070715000.0,0.849,3070715000.0,2071734000.0,1520472000.0,4.47,4.46,4.47,7404236000.0,6875538750.0,7404236000.0,38493991775.0,19.0,12.536,916019000.0,2.75,1.0,2285867000.0,0.632,8792093000.0,551262000.0,22088971000.0,22600948000.0,0.0,0.0,0.0,0.0,13607393000.0,780244000.0,12827149000.0,26801017775.0,114080000.0,-440588000.0,-29632000.0,-534509000.0,-937984000.0,-1531396000.0,-1273214000.0,0.0,1796139000.0,-2950000.0,1531154000.0,1487166000.0,1487166000.0,-1034070000.0,8960000.0,0.411,1315933000.0,969934000.0,153909000.0,0.629,3.62,18.022,17.964,9042284000.0,43988000.0,80.3,7.406,7.391,1509859000.0,-2110438000.0,3618659000.0,3618659000.0,0.0,0.071,0.216,0.092,0.573,54255000.0,282518000.0,1.0,333761118.0,333091000.0,333733000.0,10.864,12219536000.0,29842000.0,-10682000.0,35117000.0,36.685,337316000.0
25,CCI,MRT,2015-03-31,2015-03-31,2015-03-31,2021-08-07,8304000.0,21105477000.0,20926418000.0,927514000.0,20177963000.0,0.172,19.647,-817245000.0,377117000.0,377117000.0,1335294000.0,421093000.0,1.128,2.225,12070091000.0,115998000.0,11954093000.0,12070091000.0,327270000.0,987396000.0,0.0,0.028,2.34,963494000.0,1950890000.0,0.542,1950890000.0,963494000.0,402164000.0,1.11,1.11,1.11,6536720000.0,6739814250.0,6536720000.0,39155210116.0,41.0,20.07,873727000.0,2.626,1.0,2262170000.0,0.629,8866293000.0,561330000.0,23110203000.0,22629057750.0,0.0,0.0,0.0,0.0,14546684000.0,821955000.0,13724729000.0,27557380117.0,48888000.0,-416916000.0,-29827000.0,368718000.0,-781153000.0,-460769000.0,-1232150000.0,0.0,1690972000.0,-2810000.0,411803000.0,367815000.0,367815000.0,-56271000.0,9290000.0,0.102,1315789000.0,946381000.0,146894000.0,2.108,4.216,74.922,74.36,9139703000.0,43988000.0,82.54,7.66,7.634,1585195000.0,-2978356000.0,3597464000.0,3597464000.0,0.0,0.018,0.055,0.043,0.268,54785000.0,272711000.0,1.0,333866975.0,332712000.0,333485000.0,10.813,12239184000.0,48725000.0,-9639000.0,38152000.0,36.786,105559000.0
26,CCI,MRT,2014-12-31,2014-12-31,2014-12-31,2021-08-07,15820000.0,21143276000.0,20792465250.0,1282996000.0,19860280000.0,0.17,20.211,-758535000.0,298723000.0,298723000.0,1306606000.0,398774000.0,1.376,2.145,11920861000.0,113335000.0,11807526000.0,11920861000.0,279882000.0,985781000.0,0.0,0.024,1.87,952560000.0,1938341000.0,0.548,1938341000.0,952560000.0,379269000.0,1.04,1.04,1.04,6716225000.0,6835200500.0,6716225000.0,37471913647.0,39.0,19.332,841662000.0,2.533,1.0,2232150000.0,0.631,8878036000.0,573291000.0,22955247000.0,22386148000.0,0.0,0.0,0.0,0.0,14406048000.0,932131000.0,13473917000.0,26274609647.0,-39762000.0,-461651000.0,-21872000.0,197526000.0,-624297000.0,-462987000.0,-1216709000.0,0.0,1600197000.0,-8012000.0,390513000.0,346525000.0,346525000.0,-52460000.0,8261000.0,0.098,1291468000.0,940682000.0,162397000.0,1.798,3.912,75.823,75.673,8982783000.0,43988000.0,78.7,7.425,7.39,1515366000.0,-2815428000.0,3538756000.0,3538756000.0,0.0,0.017,0.051,0.043,0.269,51497000.0,257296000.0,1.0,333857810.0,332302000.0,333265000.0,10.649,12265240000.0,0.0,-11244000.0,0.0,36.91,350865000.0
27,CCI,MRT,2014-09-30,2014-09-30,2014-09-30,2021-08-07,19006000.0,20784860000.0,20655373250.0,978795000.0,19806065000.0,0.159,20.592,-648287000.0,376374000.0,376374000.0,1185152000.0,223506000.0,1.158,2.034,11573678000.0,106673000.0,11467005000.0,11573678000.0,327265000.0,907789000.0,0.0,0.013,1.05,891587000.0,1799376000.0,0.547,1799376000.0,891587000.0,316377000.0,0.5,0.5,0.5,6844974000.0,6887823500.0,6844974000.0,38072811322.0,43.0,21.159,834832000.0,2.511,1.0,2103709000.0,0.64,8887226000.0,575210000.0,22249371000.0,22160288750.0,0.0,0.0,0.0,0.0,13922115000.0,845567000.0,13076548000.0,26885764322.0,25049000.0,-5050977000.0,2958567000.0,673171000.0,-350535000.0,4209098000.0,-5696802000.0,0.0,1483119000.0,-1577000.0,218897000.0,174543000.0,174543000.0,-52835000.0,4609000.0,0.053,1203063000.0,900646000.0,175110000.0,2.1,3.928,154.035,161.06,8870817000.0,44354000.0,80.53,8.175,8.139,1531848000.0,-2677959000.0,3288861000.0,3288861000.0,0.0,0.008,0.025,0.04,0.271,49193000.0,235359000.0,1.0,333860230.0,332413000.0,333241000.0,9.894,11897634000.0,51056000.0,97480000.0,57118000.0,35.792,133228000.0
28,CCI,MRT,2014-06-30,2014-06-30,2014-06-30,2021-08-07,26205000.0,20672059000.0,19351051250.0,947746000.0,19724313000.0,0.163,20.645,-579287000.0,383204000.0,383204000.0,1116703000.0,161937000.0,1.191,2.01,11570251000.0,105624000.0,11464627000.0,11570251000.0,320134000.0,855991000.0,0.0,0.009,0.7,867151000.0,1723142000.0,0.548,1723142000.0,867151000.0,291212000.0,0.37,0.37,0.37,6861338000.0,5922323000.0,6861338000.0,35996476315.0,42.0,20.89,754681000.0,2.271,1.0,2028252000.0,0.645,8861818000.0,575939000.0,22201410000.0,21429156000.0,0.0,0.0,0.0,0.0,13792623000.0,795878000.0,12996745000.0,24787640315.0,104414000.0,-4990260000.0,2958265000.0,651047000.0,-233684000.0,4303474000.0,-5566537000.0,0.0,1333968000.0,-869000.0,157796000.0,124439000.0,124439000.0,-43953000.0,4141000.0,0.04,1143819000.0,884433000.0,132529000.0,1.892,3.613,199.195,200.703,8888426000.0,33357000.0,74.26,7.882,7.847,1484661000.0,-2656718000.0,3144955000.0,3144955000.0,0.0,0.006,0.021,0.04,0.276,46931000.0,228651000.0,1.0,333795318.0,332344000.0,333081000.0,9.463,11810241000.0,46662000.0,133416000.0,54123000.0,35.536,151868000.0
29,CCI,MRT,2014-03-31,2014-03-31,2014-03-31,2021-08-07,4059000.0,20569666000.0,18031182750.0,852268000.0,19717398000.0,0.166,20.836,-561399000.0,364490000.0,364490000.0,1036984000.0,179956000.0,1.203,1.971,11573326000.0,105467000.0,11467859000.0,11573326000.0,255323000.0,805074000.0,0.0,0.005,0.35,920911000.0,1725985000.0,0.575,1725985000.0,920911000.0,349250000.0,0.48,0.48,0.48,6918265000.0,4934856500.0,6918265000.0,35834927278.0,39.0,20.762,685317000.0,2.064,1.0,1964657000.0,0.655,8931666000.0,571661000.0,22138564000.0,20693311000.0,0.0,0.0,0.0,0.0,13634999000.0,708272000.0,12926727000.0,24647347278.0,37462000.0,-4981170000.0,2883290000.0,644226000.0,-116829000.0,4325161000.0,-5534488000.0,0.0,1246716000.0,-2630000.0,176146000.0,153786000.0,153786000.0,-33900000.0,3810000.0,0.051,1067441000.0,897216000.0,127053000.0,0.729,3.563,160.27,153.708,8927218000.0,22360000.0,73.78,8.211,8.161,1375234000.0,-2562541000.0,3001641000.0,3001641000.0,0.0,0.009,0.031,0.045,0.307,40957000.0,220123000.0,1.0,334065428.0,332034000.0,333045000.0,9.04,11638000000.0,41718000.0,173104000.0,52134000.0,35.051,143996000.0
30,CCI,MRT,2013-12-31,2013-12-31,2013-12-31,2021-08-07,-23612000.0,20594908000.0,16731892500.0,892683000.0,19702225000.0,0.171,23.238,-534809000.0,406920000.0,406920000.0,991017000.0,93901000.0,1.18,1.971,11594500000.0,103586000.0,11490914000.0,11594500000.0,260114000.0,741342000.0,0.0,0.0,0.0,870741000.0,1612083000.0,0.563,1612083000.0,870741000.0,281111000.0,0.26,0.26,0.26,6926717000.0,3942893500.0,6926717000.0,34929899511.0,40.0,21.668,636250000.0,2.134,1.0,1874734000.0,0.654,8974291000.0,589630000.0,22051810000.0,19965892500.0,0.0,0.0,0.0,0.0,13653733000.0,756387000.0,12897346000.0,24530793511.0,-220180000.0,-4931752000.0,2881128000.0,-154863000.0,0.0,4063133000.0,-5459285000.0,0.0,1171059000.0,2210000.0,90111000.0,78748000.0,78748000.0,-33900000.0,3790000.0,0.027,994030000.0,880704000.0,145390000.0,0.0,3.541,311.51,282.423,8947677000.0,11363000.0,73.43,8.56,7.638,1328920000.0,-2535879000.0,2865751000.0,2865751000.0,0.0,0.005,0.02,0.044,0.304,39030000.0,213519000.0,1.0,334070455.0,298083000.0,299293000.0,9.614,11620617000.0,45722000.0,191000000.0,56513000.0,38.985,136296000.0
31,CCI,MRT,2013-09-30,2013-09-30,2013-09-30,2021-08-07,-61339000.0,15567572000.0,15605342750.0,999803000.0,14567769000.0,0.186,10.273,-543479000.0,376348000.0,376348000.0,985582000.0,106937000.0,1.471,4.214,10775454000.0,115378000.0,10660076000.0,10775454000.0,248807000.0,748361000.0,0.0,0.0,0.0,732106000.0,1480467000.0,0.511,1480467000.0,732106000.0,111782000.0,0.32,0.32,0.32,2982972000.0,2945900750.0,2982972000.0,31874796712.0,44.0,21.53,543486000.0,1.872,1.0,1912470000.0,0.66,5962120000.0,620324000.0,19324840000.0,19298724500.0,0.0,0.0,0.0,0.0,12570282000.0,679718000.0,11890564000.0,21374701712.0,99746000.0,-2578368000.0,-99257000.0,2122873000.0,0.0,2130818000.0,-3114228000.0,0.0,1086965000.0,-3809000.0,94152000.0,94152000.0,94152000.0,0.0,12785000.0,0.032,1015907000.0,896563000.0,119689000.0,0.0,7.166,227.023,228.219,6904346000.0,0.0,73.03,7.376,7.317,1268177000.0,-2512333000.0,2898052000.0,2898052000.0,0.0,0.006,0.032,0.038,0.253,37705000.0,230171000.0,1.0,292683852.0,290372000.0,291378000.0,9.98,9605452000.0,211189000.0,17630000.0,153967000.0,33.08,320085000.0
32,CCI,MRT,2013-06-30,2013-06-30,2013-06-30,2021-08-07,-77491000.0,15392585000.0,14897554500.0,880066000.0,14512519000.0,0.186,9.997,-536506000.0,288427000.0,288427000.0,906961000.0,103647000.0,1.366,4.282,10788522000.0,97013000.0,10691509000.0,10788522000.0,242420000.0,707820000.0,0.0,0.0,0.0,729589000.0,1437409000.0,0.519,1437409000.0,729589000.0,106332000.0,0.3,0.3,0.3,2911472000.0,2935177000.0,2911472000.0,31801861719.0,44.0,22.124,471736000.0,1.62,1.0,1863451000.0,0.673,5990452000.0,623257000.0,19258030000.0,18223951250.0,0.0,0.0,0.0,0.0,12467693000.0,644198000.0,11823495000.0,21266025719.0,30711000.0,-2587439000.0,-99217000.0,2131021000.0,0.0,2141469000.0,-3117227000.0,0.0,1008242000.0,-1773000.0,90361000.0,90361000.0,90361000.0,0.0,13286000.0,0.033,968959000.0,894492000.0,112160000.0,0.0,7.304,235.345,241.3,6892277000.0,0.0,72.39,7.676,7.61,1178526000.0,-2558169000.0,2770412000.0,2770412000.0,0.0,0.006,0.031,0.04,0.263,44311000.0,227529000.0,1.0,293770213.0,291225000.0,292706000.0,9.513,9402133000.0,208112000.0,15971000.0,110756000.0,32.285,235868000.0
33,CCI,MRT,2013-03-31,2013-03-31,2013-03-31,2021-08-07,-52036000.0,15372505000.0,14198827250.0,865415000.0,14507090000.0,0.185,10.135,-492684000.0,300320000.0,300320000.0,829580000.0,167355000.0,1.357,4.205,10836156000.0,94839000.0,10741317000.0,10836156000.0,230792000.0,669651000.0,0.0,0.0,0.0,692908000.0,1362559000.0,0.52,1362559000.0,692908000.0,64967000.0,0.52,0.52,0.52,2950413000.0,2923419250.0,2950413000.0,31009515420.0,45.0,22.758,404287000.0,1.389,1.0,1791415000.0,0.683,6041825000.0,627941000.0,19228890000.0,17148469250.0,0.0,0.0,0.0,0.0,12407874000.0,637626000.0,11770248000.0,20415575420.0,-902819000.0,-3550969000.0,-24083000.0,2133403000.0,0.0,2245383000.0,-4043439000.0,0.0,896971000.0,-1734000.0,154015000.0,154015000.0,154015000.0,0.0,13340000.0,0.059,923907000.0,867508000.0,96874000.0,0.0,6.92,132.556,133.923,6882411000.0,0.0,69.64,7.789,7.735,1139437000.0,-2610528000.0,2620995000.0,2620995000.0,0.0,0.011,0.053,0.04,0.264,42938000.0,219817000.0,1.0,293158751.0,291102000.0,292570000.0,9.004,9330680000.0,212433000.0,-89048000.0,50336000.0,32.053,227789000.0
34,CCI,MRT,2012-12-31,2012-12-31,2012-12-31,2021-08-07,-61791000.0,16088709000.0,13386865000.0,1581324000.0,14507385000.0,0.182,10.159,-441383000.0,1017302000.0,1017302000.0,728989000.0,200888000.0,1.277,4.47,11611242000.0,688056000.0,10923186000.0,11611242000.0,241127000.0,622592000.0,0.0,0.0,0.0,689567000.0,1312159000.0,0.539,1312159000.0,689567000.0,88523000.0,0.64,0.64,0.64,2938746000.0,2869949500.0,2938746000.0,29145325315.0,42.0,22.212,331174000.0,1.145,1.0,1703691000.0,0.7,6061653000.0,601044000.0,19383138000.0,15943516750.0,0.0,0.0,0.0,0.0,13137445000.0,1237858000.0,11899587000.0,21154369315.0,361244000.0,-3759475000.0,-35785000.0,4113832000.0,0.0,3786803000.0,-4199596000.0,0.0,772557000.0,1480000.0,188584000.0,185955000.0,185955000.0,0.0,12304000.0,0.076,869010000.0,834681000.0,115999000.0,0.0,7.198,113.761,112.75,6917531000.0,2629000.0,72.16,8.696,8.581,1057652000.0,-2625990000.0,2432680000.0,2432680000.0,0.0,0.014,0.065,0.043,0.283,41944000.0,212572000.0,1.0,293159220.0,289285000.0,291270000.0,8.409,10027056000.0,227334000.0,-100061000.0,65830000.0,34.662,343466000.0
35,CCI,MRT,2012-09-30,2012-09-30,2012-09-30,2021-08-07,-71633000.0,12736419000.0,12000961750.0,777376000.0,11959043000.0,0.19,10.112,-366213000.0,392208000.0,392208000.0,660423000.0,259471000.0,1.462,3.331,8383164000.0,88093000.0,8295071000.0,8383164000.0,220744000.0,585713000.0,0.0,0.0,0.0,782807000.0,1368520000.0,0.601,1368520000.0,782807000.0,228147000.0,0.86,0.87,0.86,2940077000.0,2731824250.0,2940077000.0,26798668417.0,34.0,19.582,346425000.0,1.191,1.0,1617641000.0,0.71,5169811000.0,554660000.0,15025747000.0,14218389500.0,0.0,0.0,0.0,0.0,9793614000.0,531817000.0,9261797000.0,18783705417.0,43379000.0,-1255792000.0,-37756000.0,986443000.0,0.0,950791000.0,-1620758000.0,0.0,712638000.0,708000.0,257000000.0,249375000.0,249375000.0,0.0,2471000.0,0.109,814822000.0,802819000.0,48373000.0,0.0,6.389,75.323,74.535,5380541000.0,7625000.0,64.1,8.245,8.181,945630000.0,-2606485000.0,2278064000.0,2278064000.0,0.0,0.021,0.091,0.055,0.344,41246000.0,198509000.0,1.0,293037526.0,290762000.0,292098000.0,7.835,7566608000.0,78937000.0,-28853000.0,96735000.0,26.023,245559000.0
36,CCI,MRT,2012-06-30,2012-06-30,2012-06-30,2021-08-07,-89065000.0,12597676000.0,11427660750.0,739110000.0,11858566000.0,0.19,9.855,-390949000.0,372123000.0,372123000.0,621922000.0,267676000.0,1.511,3.397,8387086000.0,79303000.0,8307783000.0,8387086000.0,195330000.0,569369000.0,0.0,0.0,0.0,744735000.0,1314104000.0,0.605,1314104000.0,744735000.0,207905000.0,0.88,0.88,0.88,2864441000.0,2575070500.0,2864441000.0,24256298159.0,33.0,18.458,293038000.0,1.008,1.0,1548688000.0,0.713,5167413000.0,536830000.0,14956102000.0,13577047250.0,0.0,0.0,0.0,0.0,9731678000.0,489124000.0,9242554000.0,17188019159.0,-11941000.0,-1224492000.0,-145486000.0,1119062000.0,0.0,934056000.0,-1629454000.0,0.0,683987000.0,-530000.0,266233000.0,251067000.0,251067000.0,0.0,1443000.0,0.116,784748000.0,763940000.0,46279000.0,0.0,6.0,68.46,66.659,5347867000.0,15166000.0,58.66,7.919,7.855,860379000.0,-2648530000.0,2170610000.0,2170610000.0,0.0,0.022,0.097,0.055,0.343,32461000.0,185569000.0,1.0,293010896.0,290649000.0,291203000.0,7.468,7430263000.0,93889000.0,-58328000.0,81665000.0,25.564,249986000.0
37,CCI,MRT,2012-03-31,2012-03-31,2012-03-31,2021-08-07,-93043000.0,12124656000.0,10874571750.0,1648009000.0,10476647000.0,0.192,9.605,-360344000.0,1352653000.0,1352653000.0,597138000.0,181606000.0,3.87,3.431,8420932000.0,77776000.0,8343156000.0,8420932000.0,174176000.0,555078000.0,0.0,0.0,0.0,715323000.0,1270401000.0,0.609,1270401000.0,715323000.0,196950000.0,0.57,0.57,0.57,2736534000.0,2451094750.0,2736534000.0,21726858242.0,30.0,17.102,317808000.0,1.115,1.0,1488297000.0,0.714,4358013000.0,518373000.0,14409080000.0,12898319000.0,0.0,0.0,0.0,0.0,9387990000.0,425842000.0,8962148000.0,15173647242.0,981364000.0,-258432000.0,-295564000.0,1258923000.0,0.0,934811000.0,-632246000.0,0.0,678152000.0,647000.0,181091000.0,160723000.0,160723000.0,0.0,515000.0,0.077,760192000.0,728105000.0,31909000.0,0.0,5.545,94.409,93.579,4836152000.0,20368000.0,53.34,7.276,7.287,760748000.0,-2764543000.0,2085435000.0,2085435000.0,0.0,0.015,0.066,0.055,0.343,32149000.0,179750000.0,1.0,284470327.0,284913000.0,285853000.0,7.32,7766643000.0,87262000.0,15859000.0,104290000.0,27.26,1222167000.0
38,CCI,MRT,2011-12-31,2011-12-31,2011-12-31,2021-08-07,-116996000.0,10545096000.0,10442706250.0,599152000.0,9945944000.0,0.195,8.408,-347942000.0,332488000.0,332488000.0,588385000.0,171460000.0,1.49,3.291,6885699000.0,32517000.0,6853182000.0,6885699000.0,167238000.0,552951000.0,0.0,0.0,0.0,687011000.0,1239962000.0,0.61,1239962000.0,687011000.0,179424000.0,0.52,0.52,0.52,2386245000.0,2382684250.0,2386245000.0,19383017237.0,28.0,15.632,295512000.0,1.041,1.0,1444344000.0,0.711,4213572000.0,507587000.0,12482629000.0,12326199250.0,0.0,0.0,0.0,0.0,7853200000.0,402106000.0,7451094000.0,12745428237.0,-32411000.0,-37551000.0,-301857000.0,58655000.0,0.0,-275712000.0,-399865000.0,0.0,643454000.0,-288000.0,171077000.0,148137000.0,148137000.0,0.0,383000.0,0.073,752039000.0,692305000.0,32055000.0,0.0,5.341,86.038,86.154,4861227000.0,22940000.0,44.8,6.27,6.255,698361000.0,-2811945000.0,2032729000.0,2032729000.0,0.0,0.014,0.062,0.056,0.338,32610000.0,173493000.0,1.0,284496166.0,283821000.0,285947000.0,7.162,6331524000.0,85385000.0,8347000.0,97562000.0,22.308,197046000.0
39,CCI,MRT,2011-09-30,2011-09-30,2011-09-30,2021-08-07,-140602000.0,10443215000.0,10423814500.0,522280000.0,9920935000.0,0.193,8.201,-344899000.0,299097000.0,299097000.0,592464000.0,163426000.0,1.386,3.383,6936686000.0,33612000.0,6903074000.0,6936686000.0,174906000.0,551246000.0,0.0,0.0,0.0,673798000.0,1225044000.0,0.61,1225044000.0,673798000.0,166578000.0,0.49,0.48,0.49,2313062000.0,2397466250.0,2313062000.0,18161966049.0,27.0,14.826,306150000.0,1.086,1.0,1417108000.0,0.705,4243592000.0,507220000.0,12460378000.0,12238233750.0,0.0,0.0,0.0,0.0,7824753000.0,376834000.0,7447919000.0,11647432049.0,-228455000.0,-30183000.0,-310156000.0,270246000.0,0.0,-490907000.0,-389978000.0,0.0,651049000.0,1381000.0,163039000.0,139893000.0,139893000.0,0.0,387000.0,0.07,745497000.0,671611000.0,29655000.0,0.0,5.036,83.26,83.0,4864400000.0,23146000.0,40.67,5.796,5.708,64762000.0,-2855860000.0,2009572000.0,2009572000.0,0.0,0.013,0.058,0.055,0.335,35292000.0,172832000.0,1.0,286388789.0,282031000.0,283899000.0,7.125,6199623000.0,53345000.0,3539000.0,67613000.0,21.982,145446000.0
40,CCI,MRT,2011-06-30,2011-06-30,2011-06-30,2021-08-07,-141746000.0,10385320000.0,10476321250.0,511942000.0,9873378000.0,0.189,8.303,-254957000.0,301724000.0,301724000.0,588622000.0,-23107000.0,1.342,3.251,6816258000.0,30708000.0,6785550000.0,6816258000.0,176008000.0,548941000.0,0.0,0.0,0.0,472319000.0,1021260000.0,0.516,1021260000.0,472319000.0,-30131000.0,-0.16,-0.16,-0.16,2368538000.0,2414549250.0,2368538000.0,18266269561.0,39.0,17.886,384075000.0,1.346,1.0,1388957000.0,0.702,4277092000.0,502450000.0,12241189000.0,12053355750.0,0.0,0.0,0.0,0.0,7699483000.0,381573000.0,7317910000.0,11846665561.0,-133971000.0,-150904000.0,-194227000.0,284005000.0,0.0,-367896000.0,-406965000.0,21800000.0,639032000.0,1858000.0,-23248000.0,-44054000.0,-44054000.0,0.0,141000.0,-0.022,743279000.0,645678000.0,32691000.0,0.0,5.002,-268.912,-254.938,4828564000.0,20806000.0,40.79,5.99,5.884,57093000.0,-2899597000.0,1977579000.0,1977579000.0,0.0,-0.004,-0.018,0.039,0.239,35651000.0,171330000.0,1.0,290430634.0,285280000.0,287026000.0,6.932,6108228000.0,51986000.0,-6883000.0,62116000.0,21.411,130369000.0
41,CCI,MRT,2011-03-31,2011-03-31,2011-03-31,2021-08-07,-164197000.0,10397194000.0,10468094750.0,516071000.0,9881123000.0,0.185,8.582,-245587000.0,312751000.0,312751000.0,586965000.0,-151735000.0,1.314,3.093,6732355000.0,29562000.0,6702793000.0,6732355000.0,198521000.0,545176000.0,0.0,0.0,0.0,327581000.0,872757000.0,0.451,872757000.0,327581000.0,-168972000.0,-0.61,-0.61,-0.61,2462892000.0,2442932500.0,2462892000.0,18822654654.0,57.0,21.567,401100000.0,1.398,1.0,1346405000.0,0.696,4303468000.0,496553000.0,12120601000.0,11901204750.0,0.0,0.0,0.0,0.0,7617385000.0,392729000.0,7224656000.0,12377306654.0,-315176000.0,-139593000.0,-80581000.0,206752000.0,0.0,-576178000.0,-386820000.0,21800000.0,646687000.0,1135000.0,-151648000.0,-172454000.0,-172454000.0,0.0,-87000.0,-0.089,734985000.0,611420000.0,30231000.0,0.0,5.026,-71.772,-69.754,4854182000.0,20806000.0,42.55,6.402,6.316,53671000.0,-2925266000.0,1933370000.0,1933370000.0,0.0,-0.016,-0.071,0.028,0.169,37773000.0,170627000.0,1.0,290888523.0,286998000.0,289005000.0,6.737,6093726000.0,60423000.0,-17324000.0,66007000.0,21.233,123342000.0
42,CCI,MRT,2010-12-31,2010-12-31,2010-12-31,2021-08-07,-178978000.0,10469529000.0,10508923500.0,545145000.0,9924384000.0,0.179,8.527,-228058000.0,333546000.0,333546000.0,581377000.0,-311259000.0,1.236,3.152,6778894000.0,28687000.0,6750207000.0,6778894000.0,202123000.0,540771000.0,0.0,0.0,0.0,152483000.0,693254000.0,0.369,693254000.0,152483000.0,-337786000.0,-1.16,-1.16,-1.16,2445373000.0,2499019250.0,2445373000.0,18848911345.0,124.0,27.189,375372000.0,1.309,1.0,1297281000.0,0.691,4343225000.0,490269000.0,12130767000.0,11775625500.0,0.0,0.0,0.0,0.0,7707954000.0,440885000.0,7267069000.0,12743840345.0,-653615000.0,-139158000.0,-140908000.0,-19969000.0,0.0,-866624000.0,-390949000.0,0.0,603430000.0,528000.0,-310940000.0,-331746000.0,-331746000.0,0.0,-319000.0,-0.177,721916000.0,575365000.0,39649000.0,0.0,5.211,-38.414,-37.784,4893651000.0,20806000.0,43.83,6.783,6.69,481216000.0,-2960082000.0,1878658000.0,1878658000.0,0.0,-0.032,-0.133,0.013,0.081,36540000.0,165356000.0,1.0,290756111.0,286764000.0,286764000.0,6.551,6126304000.0,59098000.0,-26846000.0,66686000.0,21.364,104260000.0
43,CCI,MRT,2010-09-30,2010-09-30,2010-09-30,2021-08-07,-207241000.0,10653242000.0,10630692750.0,754305000.0,9898937000.0,0.172,8.323,-213886000.0,511034000.0,511034000.0,575149000.0,-333432000.0,1.126,3.341,6616105000.0,22039000.0,6594066000.0,6616105000.0,232940000.0,537015000.0,0.0,0.0,0.0,133374000.0,670389000.0,0.367,670389000.0,133374000.0,-354411000.0,-1.23,-1.23,-1.23,2381394000.0,2621736250.0,2381394000.0,19005254250.0,142.0,28.35,371352000.0,1.298,1.0,1250739000.0,0.685,4367656000.0,487785000.0,11720866000.0,11595875000.0,0.0,0.0,0.0,0.0,7955896000.0,669791000.0,7286105000.0,12816324250.0,35148000.0,-126989000.0,-104063000.0,258983000.0,0.0,-190042000.0,-360099000.0,0.0,585238000.0,51000.0,-333665000.0,-354471000.0,-354471000.0,0.0,233000.0,-0.194,712072000.0,538667000.0,28100000.0,0.0,5.382,-36.156,-35.894,4897340000.0,20806000.0,44.15,7.019,6.918,55201000.0,-2995753000.0,1825888000.0,1825888000.0,0.0,-0.033,-0.135,0.012,0.073,33600000.0,160552000.0,1.0,290290470.0,286119000.0,286119000.0,6.382,6285586000.0,92678000.0,-20746000.0,87889000.0,21.968,84514000.0
44,CCI,MRT,2010-06-30,2010-06-30,2010-06-30,2021-08-07,-230843000.0,10352414000.0,10588187000.0,672219000.0,9680195000.0,0.167,8.676,-187590000.0,451395000.0,451395000.0,568661000.0,-229420000.0,1.174,3.044,6640325000.0,20775000.0,6619550000.0,6640325000.0,180925000.0,532260000.0,0.0,0.0,0.0,208756000.0,741016000.0,0.418,741016000.0,208756000.0,-265280000.0,-0.87,-0.87,-0.87,2482071000.0,2739447250.0,2482071000.0,16877679435.0,81.0,22.776,362415000.0,1.267,1.0,1204416000.0,0.679,4336292000.0,474036000.0,11632585000.0,11495332000.0,0.0,0.0,0.0,0.0,7554427000.0,572467000.0,6981960000.0,10821775435.0,-92902000.0,-3227000.0,-105001000.0,-33776000.0,0.0,-435348000.0,-206890000.0,-20061000.0,550005000.0,-669000.0,-230295000.0,-251102000.0,-251102000.0,0.0,875000.0,-0.142,702904000.0,501512000.0,26074000.0,0.0,4.36,-43.097,-42.828,4786553000.0,20807000.0,37.26,6.103,6.012,49054000.0,-2855543000.0,1773077000.0,1773077000.0,0.0,-0.024,-0.092,0.018,0.118,32337000.0,158362000.0,1.0,290439491.0,286080000.0,286080000.0,6.198,6016122000.0,83286000.0,-34985000.0,76579000.0,21.03,99752000.0
45,CCI,MRT,2010-03-31,2010-03-31,2010-03-31,2021-08-07,-155112000.0,10560509000.0,10638186750.0,814069000.0,9746440000.0,0.162,9.316,-171803000.0,577218000.0,577218000.0,557660000.0,-243573000.0,1.298,2.812,6633122000.0,19553000.0,6613569000.0,6633122000.0,171710000.0,529431000.0,0.0,0.0,0.0,131019000.0,660450000.0,0.382,660450000.0,131019000.0,-329432000.0,-0.92,-0.92,-0.92,2687239000.0,2850103250.0,2687239000.0,17028381569.0,130.0,25.783,365652000.0,1.268,1.0,1169164000.0,0.677,4370753000.0,460451000.0,11618284000.0,11416532000.0,0.0,0.0,0.0,0.0,7557514000.0,627376000.0,6930138000.0,11197447569.0,-211841000.0,-2598000.0,-62877000.0,-381735000.0,0.0,-555988000.0,-192213000.0,-21800000.0,537455000.0,-1095000.0,-244184000.0,-264990000.0,-264990000.0,0.0,611000.0,-0.153,702047000.0,467117000.0,24771000.0,0.0,4.167,-42.256,-41.554,4842394000.0,20806000.0,38.23,6.484,6.386,41265000.0,-2752812000.0,1726824000.0,1726824000.0,0.0,-0.025,-0.093,0.011,0.076,30512000.0,155908000.0,1.0,292896876.0,288451000.0,288451000.0,5.987,6189756000.0,110529000.0,-85248000.0,107139000.0,21.459,186693000.0
46,CCI,MRT,2009-12-31,2009-12-31,2009-12-31,2021-08-07,-124224000.0,10956606000.0,10685535250.0,1196033000.0,9760573000.0,0.158,10.244,-173535000.0,979660000.0,979660000.0,549368000.0,-114123000.0,1.586,2.624,6579150000.0,217196000.0,6361954000.0,6579150000.0,179649000.0,529739000.0,0.0,0.0,0.0,255150000.0,784889000.0,0.466,784889000.0,255150000.0,-190732000.0,-0.47,-0.47,-0.47,2936241000.0,2872365500.0,2936241000.0,17276179567.0,68.0,22.011,397721000.0,1.388,1.0,1136039000.0,0.674,4390226000.0,445882000.0,11411765000.0,11419259500.0,0.0,0.0,0.0,0.0,7704867000.0,754105000.0,6950762000.0,11368683567.0,610927000.0,-2598000.0,42046000.0,290969000.0,0.0,214396000.0,-172145000.0,0.0,571256000.0,-2580000.0,-114332000.0,-135138000.0,-135138000.0,0.0,209000.0,-0.08,702048000.0,433991000.0,33053000.0,0.0,3.872,-84.126,-83.064,4895983000.0,20806000.0,39.04,6.745,6.639,44431000.0,-2628336000.0,1685407000.0,1685407000.0,0.0,-0.013,-0.047,0.022,0.151,29225000.0,153072000.0,1.0,291206034.0,286622000.0,286622000.0,5.88,6566380000.0,76089000.0,-76400000.0,74117000.0,22.91,441928000.0
47,CCI,MRT,2009-09-30,2009-09-30,2009-09-30,2021-08-07,-161330000.0,10483219000.0,10536814250.0,675293000.0,9807926000.0,0.155,9.948,-215180000.0,456549000.0,456549000.0,538581000.0,-196672000.0,1.047,2.565,6364045000.0,113106000.0,6250939000.0,6364045000.0,170063000.0,527035000.0,0.0,0.0,0.0,117221000.0,644256000.0,0.394,644256000.0,117221000.0,-291855000.0,-0.77,-0.77,-0.77,2852238000.0,2817271500.0,2852238000.0,15089265354.0,129.0,23.421,345739000.0,1.206,1.0,1095304000.0,0.67,4427317000.0,409076000.0,11318694000.0,11312718000.0,0.0,0.0,0.0,0.0,7316278000.0,644704000.0,6671574000.0,9128863354.0,195727000.0,-2581000.0,15878000.0,-128833000.0,0.0,-141771000.0,-217761000.0,0.0,560919000.0,-5660000.0,-196297000.0,-217103000.0,-217103000.0,0.0,-375000.0,-0.133,701823000.0,393481000.0,24423000.0,0.0,3.201,-42.049,-40.727,4926598000.0,20806000.0,31.36,5.587,5.503,277135000.0,-2641282000.0,1633885000.0,1633885000.0,0.0,-0.021,-0.077,0.01,0.072,29320000.0,152640000.0,1.0,291098959.0,286707000.0,286707000.0,5.699,6055902000.0,99153000.0,-95558000.0,95248000.0,21.122,30589000.0
48,CCI,MRT,2009-06-30,2009-06-30,2009-06-30,2021-08-07,-111985000.0,10552413000.0,10528475750.0,741234000.0,9811179000.0,0.151,10.21,-323296000.0,530875000.0,530875000.0,538368000.0,-197741000.0,1.012,2.501,6491277000.0,248720000.0,6242557000.0,6491277000.0,167527000.0,527286000.0,0.0,0.0,0.0,116778000.0,644064000.0,0.405,644064000.0,116778000.0,-272683000.0,-0.77,-0.77,-0.77,2924695000.0,2892898500.0,2924695000.0,12922565880.0,111.0,20.064,243052000.0,0.849,1.0,1050786000.0,0.661,4462940000.0,389461000.0,11317385000.0,11347472750.0,0.0,0.0,0.0,0.0,7313574000.0,732490000.0,6581084000.0,6986178880.0,236235000.0,-27736000.0,10151000.0,50776000.0,0.0,30843000.0,-352771000.0,-1739000.0,566348000.0,-8185000.0,-196865000.0,-217670000.0,-217670000.0,0.0,-876000.0,-0.137,700110000.0,350676000.0,27324000.0,0.0,2.389,-32.095,-31.195,4964104000.0,20805000.0,24.02,4.396,4.33,243325000.0,-2604441000.0,1589154000.0,1589154000.0,0.0,-0.021,-0.075,0.01,0.073,28887000.0,150847000.0,1.0,290848413.0,286449000.0,286449000.0,5.548,6089473000.0,72885000.0,-75818000.0,72747000.0,21.258,8744000.0
49,CCI,MRT,2009-03-31,2009-03-31,2009-03-31,2021-08-07,-363280000.0,10749903000.0,10509827500.0,936779000.0,9813124000.0,0.148,9.71,-424148000.0,773356000.0,773356000.0,539543000.0,-25635000.0,1.676,2.759,6709743000.0,225517000.0,6484226000.0,6709743000.0,158968000.0,527585000.0,0.0,0.0,0.0,244710000.0,772295000.0,0.495,772295000.0,244710000.0,-126301000.0,-0.16,-0.17,-0.16,2776288000.0,2955338000.0,2776288000.0,11879739998.0,49.0,15.382,139119000.0,0.487,1.0,1019250000.0,0.654,4497998000.0,371011000.0,11629194000.0,11395734500.0,0.0,0.0,0.0,0.0,7659196000.0,559098000.0,7100098000.0,5891667998.0,512105000.0,-27736000.0,8200000.0,401680000.0,0.0,406904000.0,-451884000.0,0.0,563267000.0,-6182000.0,-25108000.0,-45913000.0,-45913000.0,0.0,-527000.0,-0.029,698497000.0,320753000.0,26135000.0,0.0,2.122,-128.322,-127.562,4992087000.0,20805000.0,20.41,3.78,3.744,219694000.0,-2487822000.0,1558793000.0,1558793000.0,0.0,-0.004,-0.016,0.021,0.157,27454000.0,151237000.0,1.0,288665752.0,285913000.0,287608000.0,5.452,6251905000.0,29444000.0,-101193000.0,33218000.0,21.866,377681000.0
50,CCI,MRT,2008-12-31,2008-12-31,2008-12-31,2021-08-07,-408329000.0,10361722000.0,10439942500.0,485168000.0,9876554000.0,0.146,9.63,-448877000.0,308071000.0,308071000.0,538575000.0,-48858000.0,0.581,2.699,6301588000.0,466217000.0,5835371000.0,6301588000.0,174213000.0,526442000.0,0.0,0.0,0.0,198794000.0,725236000.0,0.475,725236000.0,198794000.0,-153219000.0,-0.25,-0.25,-0.25,2715865000.0,3022757500.0,2715865000.0,11109097815.0,56.0,15.318,64124000.0,0.227,1.0,987929000.0,0.647,4535282000.0,352013000.0,10985599000.0,11357221500.0,0.0,0.0,0.0,0.0,7331131000.0,834358000.0,6496773000.0,5075298815.0,79974000.0,-27736000.0,-36241000.0,86091000.0,0.0,47717000.0,-476613000.0,0.0,513001000.0,-4131000.0,-48858000.0,-69664000.0,-69664000.0,0.0,0.0,-0.046,695420000.0,292509000.0,33808000.0,0.0,1.869,-72.854,-70.32,5060126000.0,20806000.0,17.58,3.325,3.248,67271000.0,-2493198000.0,1526504000.0,1526504000.0,0.0,-0.007,-0.023,0.018,0.13,25896000.0,149586000.0,1.0,288697316.0,282007000.0,282007000.0,5.413,5826440000.0,28331000.0,-104361000.0,40446000.0,20.661,-349190000.0
51,CCI,MRT,2008-09-30,2008-09-30,2008-09-30,2021-08-07,-30593000.0,10449865000.0,10471545250.0,507274000.0,9942591000.0,0.144,11.125,-451122000.0,248079000.0,248079000.0,537632000.0,-65361000.0,1.126,2.213,6281878000.0,166500000.0,6115378000.0,6281878000.0,154037000.0,527990000.0,0.0,0.0,0.0,177614000.0,705604000.0,0.467,705604000.0,177614000.0,-176623000.0,-0.3,-0.31,-0.3,3154746000.0,3135519000.0,3154746000.0,14336900228.0,81.0,20.319,24573000.0,0.087,1.0,972013000.0,0.644,4575435000.0,354237000.0,11457713000.0,11507526250.0,0.0,36367000.0,0.0,36367000.0,6980625000.0,450516000.0,6530109000.0,8288784228.0,-46698000.0,-27736000.0,-156364000.0,141229000.0,0.0,-42937000.0,-478103000.0,0.0,475695000.0,-1353000.0,-65210000.0,-86015000.0,-86015000.0,0.0,-151000.0,-0.057,697462000.0,274551000.0,37593000.0,0.0,2.627,-96.364,-96.567,5059917000.0,20805000.0,28.97,5.491,5.442,199697000.0,-2424179000.0,1509645000.0,1509645000.0,0.0,-0.008,-0.027,0.015,0.118,21629000.0,149551000.0,1.0,286116128.0,283573000.0,283573000.0,5.324,5874430000.0,113541000.0,-111413000.0,184150000.0,20.716,56758000.0
52,CCI,MRT,2008-06-30,2008-06-30,2008-06-30,2021-08-07,22537000.0,10477820000.0,10485658000.0,539274000.0,9938546000.0,0.141,11.361,-376270000.0,284392000.0,284392000.0,530228000.0,-100167000.0,1.239,2.202,6332508000.0,156500000.0,6176008000.0,6332508000.0,155298000.0,531816000.0,0.0,0.0,0.0,110438000.0,642254000.0,0.435,642254000.0,110438000.0,-241256000.0,-0.43,-0.44,-0.43,3174453000.0,3199233250.0,3174453000.0,16986183774.0,154.0,26.448,71458000.0,0.256,1.0,946813000.0,0.641,4580137000.0,351694000.0,11510432000.0,11531575000.0,0.0,36894000.0,0.0,36894000.0,6989105000.0,435367000.0,6553738000.0,10938384774.0,6322000.0,-4875000.0,-148449000.0,131229000.0,0.0,-62352000.0,-380645000.0,500000.0,447728000.0,1591000.0,-100016000.0,-120821000.0,-120821000.0,0.0,-151000.0,-0.082,761076000.0,185737000.0,33153000.0,0.0,3.446,-90.534,-90.07,5061982000.0,20805000.0,38.73,7.406,7.327,198658000.0,-2386771000.0,1477041000.0,1477041000.0,0.0,-0.012,-0.038,0.01,0.075,21270000.0,144995000.0,1.0,282426666.0,279428000.0,288427000.0,5.286,5897683000.0,110140000.0,-141240000.0,196518000.0,21.106,103907000.0
53,CCI,MRT,2008-03-31,2008-03-31,2008-03-31,2021-08-07,-40440000.0,10470363000.0,10521458750.0,543360000.0,9927003000.0,0.137,10.904,-314035000.0,278112000.0,278112000.0,521507000.0,-193246000.0,1.256,2.334,6325911000.0,156500000.0,6169411000.0,6325911000.0,137233000.0,533244000.0,0.0,0.0,0.0,79396000.0,612640000.0,0.425,612640000.0,79396000.0,-269631000.0,-0.76,-0.76,-0.76,3045966000.0,3283734250.0,3045966000.0,15701640881.0,198.0,25.629,55356000.0,0.198,1.0,918891000.0,0.638,4610451000.0,349027000.0,11475142000.0,11582066750.0,0.0,46381000.0,0.0,46381000.0,7110367000.0,432569000.0,6677798000.0,9705738881.0,-27304000.0,-4875000.0,-144921000.0,132890000.0,0.0,-79345000.0,-318910000.0,0.0,369391000.0,1560000.0,-193095000.0,-213901000.0,-213901000.0,0.0,-151000.0,-0.149,763806000.0,155085000.0,32377000.0,0.0,3.186,-45.375,-45.382,5021536000.0,20806000.0,34.49,6.738,6.689,194615000.0,-2441909000.0,1440398000.0,1440398000.0,0.0,-0.02,-0.065,0.007,0.055,21489000.0,142830000.0,1.0,281407332.0,279340000.0,279340000.0,5.156,5859912000.0,109141000.0,-76536000.0,238376000.0,20.978,110791000.0
54,CCI,MRT,2007-12-31,2007-12-31,2007-12-31,2021-08-07,26166000.0,10488133000.0,10560895250.0,497255000.0,9990878000.0,0.131,11.313,-297096000.0,245801000.0,245801000.0,509084000.0,-222964000.0,1.337,2.213,6241703000.0,81500000.0,6160203000.0,6241703000.0,144760000.0,539904000.0,0.0,0.0,0.0,24056000.0,563960000.0,0.407,563960000.0,24056000.0,-316852000.0,-0.87,-0.87,-0.87,3166911000.0,3394788250.0,3166911000.0,17747130672.0,738.0,31.469,53259000.0,0.19,1.0,876402000.0,0.633,4525230000.0,340908000.0,11586818000.0,11616619500.0,0.0,60085000.0,0.0,60085000.0,7007424000.0,371987000.0,6635437000.0,11864420672.0,-517471000.0,-494352000.0,-698635000.0,711017000.0,0.0,-77782000.0,-791448000.0,0.0,350355000.0,1404000.0,-222813000.0,-243618000.0,-243618000.0,0.0,-151000.0,-0.176,776874000.0,99528000.0,37366000.0,0.0,3.746,-48.701,-47.816,5051055000.0,20805000.0,41.6,8.563,8.405,183491000.0,-2423534000.0,1385486000.0,1385486000.0,0.0,-0.023,-0.072,0.002,0.017,21621000.0,142846000.0,1.0,285202420.0,279937000.0,279937000.0,4.949,5962903000.0,113492000.0,-94039000.0,281259000.0,21.301,125268000.0
55,CCI,MRT,2007-09-30,2007-09-30,2007-09-30,2021-08-07,69305000.0,10506316000.0,9190728000.0,421420000.0,10084896000.0,0.133,12.066,-232441000.0,277705000.0,277705000.0,446790000.0,-148919000.0,1.65,1.989,6160415000.0,6500000.0,6153915000.0,6160415000.0,126881000.0,479175000.0,0.0,0.0,0.0,75326000.0,554501000.0,0.454,554501000.0,75326000.0,-219479000.0,-0.63,-0.63,-0.63,3409603000.0,2792130750.0,3409603000.0,17473933270.0,232.0,31.513,84810000.0,0.3,1.0,774374000.0,0.634,4579785000.0,294805000.0,11553908000.0,10501479500.0,0.0,101195000.0,0.0,101195000.0,6783147000.0,255333000.0,6527814000.0,11565188270.0,53718000.0,-494352000.0,-577258000.0,1160872000.0,0.0,462796000.0,-727548000.0,6350000.0,317251000.0,1219000.0,-148919000.0,-169725000.0,-169725000.0,0.0,0.0,-0.139,695290000.0,79084000.0,25636000.0,0.0,3.392,-68.141,-64.492,5047374000.0,20806000.0,40.63,9.471,9.402,171314000.0,-2338164000.0,1221164000.0,1221164000.0,0.0,-0.018,-0.061,0.007,0.062,19651000.0,128957000.0,1.0,284646524.0,282577000.0,282577000.0,4.322,5926531000.0,0.0,-70560000.0,0.0,20.973,166087000.0
56,CCI,MRT,2007-06-30,2007-06-30,2007-06-30,2021-08-07,114461000.0,10621023000.0,7694049750.0,374372000.0,10246651000.0,0.139,12.454,-196486000.0,244037000.0,244037000.0,387891000.0,-97467000.0,1.57,1.935,6152782000.0,6500000.0,6146282000.0,6152782000.0,120910000.0,415796000.0,0.0,0.0,0.0,120269000.0,536065000.0,0.501,536065000.0,120269000.0,-135529000.0,-0.47,-0.47,-0.47,3512457000.0,2151622000.0,3512457000.0,16170154631.0,134.0,30.165,79639000.0,0.282,1.0,682468000.0,0.638,4578960000.0,255798000.0,11712399000.0,9275105000.0,0.0,114108000.0,0.0,114108000.0,6794907000.0,238409000.0,6556498000.0,10317098631.0,-430163000.0,-793088000.0,-758311000.0,1150389000.0,0.0,288408000.0,-995424000.0,500000.0,276125000.0,728000.0,-97467000.0,-118273000.0,-118273000.0,0.0,0.0,-0.11,558165000.0,124303000.0,23522000.0,0.0,2.937,-87.231,-77.17,5123413000.0,20806000.0,36.27,9.639,9.557,152469000.0,-2265950000.0,1070359000.0,1070359000.0,0.0,-0.015,-0.055,0.013,0.112,18393000.0,121509000.0,1.0,284452678.0,282025000.0,282025000.0,3.795,6042063000.0,0.0,-38062000.0,0.0,21.424,135963000.0
57,CCI,MRT,2007-03-31,2007-03-31,2007-03-31,2021-08-07,58635000.0,10628109000.0,6179323500.0,410470000.0,10217639000.0,0.149,12.763,-145726000.0,289115000.0,289115000.0,327853000.0,-78062000.0,1.58,1.948,6142171000.0,6500000.0,6135671000.0,6142171000.0,130348000.0,351846000.0,0.0,0.0,0.0,109571000.0,461417000.0,0.501,461417000.0,109571000.0,-99997000.0,-0.43,-0.43,-0.43,3490182000.0,1497800500.0,3490182000.0,12022014715.0,110.0,26.055,128524000.0,0.47,1.0,593412000.0,0.644,4608018000.0,209568000.0,11613353000.0,7976189500.0,0.0,136772000.0,0.0,136772000.0,6797320000.0,259794000.0,6537526000.0,9085682715.0,27105000.0,-793088000.0,-1073931000.0,1855389000.0,0.0,696774000.0,-944164000.0,1000000.0,274250000.0,245000.0,-78062000.0,-98868000.0,-98868000.0,0.0,0.0,-0.107,479461000.0,113951000.0,27512000.0,0.0,2.603,-91.897,-74.721,5140944000.0,20806000.0,32.13,9.862,9.537,139989000.0,-2228008000.0,921265000.0,921265000.0,0.0,-0.016,-0.066,0.014,0.119,16932000.0,113693000.0,1.0,282778796.0,273456000.0,273456000.0,3.369,6020091000.0,0.0,-21935000.0,0.0,22.015,150676000.0
58,CCI,MRT,2006-12-31,2006-12-31,2006-12-31,2021-08-07,65000000.0,5007464000.0,4554985250.0,801323000.0,4206141000.0,0.173,3.649,-122538000.0,713219000.0,713219000.0,272961000.0,-41893000.0,3.991,5.169,3649551000.0,0.0,3649551000.0,3649551000.0,102701000.0,285244000.0,0.0,0.0,0.0,123398000.0,408642000.0,0.518,408642000.0,123398000.0,-41050000.0,-0.3,-0.3,-0.3,756281000.0,923004250.0,756281000.0,9458736123.0,77.0,23.147,153221000.0,0.739,1.0,515260000.0,0.654,616743000.0,164448000.0,7126258000.0,6457800000.0,0.0,154955000.0,0.0,154955000.0,3909260000.0,200795000.0,3708465000.0,6522508123.0,527308000.0,-303611000.0,-472488000.0,1205389000.0,0.0,678914000.0,-432499000.0,0.0,275759000.0,-523000.0,-41893000.0,-62699000.0,-62699000.0,-5657000.0,0.0,-0.08,393833000.0,121427000.0,18545000.0,0.0,8.624,-104.029,-107.667,3246446000.0,20806000.0,32.3,8.275,8.493,134980000.0,-2184598000.0,788221000.0,788221000.0,0.0,-0.014,-0.068,0.019,0.157,14896000.0,104532000.0,1.0,201935236.0,207245000.0,207245000.0,3.803,4390721000.0,1980000.0,843000.0,0.0,21.186,600528000.0
59,CCI,MRT,2006-09-30,2006-09-30,2006-09-30,2021-08-07,149498000.0,4519603000.0,4335948500.0,231312000.0,4288291000.0,0.174,4.215,-102711000.0,159774000.0,159774000.0,265664000.0,-57310000.0,1.233,3.931,3096002000.0,10000000.0,3086002000.0,3096002000.0,152243000.0,283612000.0,0.0,0.0,0.0,95842000.0,379454000.0,0.502,379454000.0,95842000.0,-52795000.0,-0.45,-0.45,-0.45,847568000.0,1028528000.0,847568000.0,9577066977.0,100.0,25.239,172386000.0,0.857,1.0,490342000.0,0.649,619884000.0,148637000.0,6648410000.0,6047258250.0,0.0,249035000.0,0.0,249035000.0,3331517000.0,187537000.0,3143980000.0,7104260977.0,-5266000.0,-306286000.0,-474270000.0,810487000.0,0.0,129496000.0,-415347000.0,-6350000.0,275097000.0,-169000.0,-57310000.0,-93620000.0,-93620000.0,-5657000.0,0.0,-0.124,392109000.0,98233000.0,16667000.0,0.0,8.382,-75.884,-78.311,3260049000.0,36310000.0,35.24,9.397,9.373,123400000.0,-2173121000.0,756006000.0,756006000.0,0.0,-0.022,-0.091,0.016,0.127,15959000.0,110781000.0,1.0,201596509.0,201070000.0,201070000.0,3.76,3899719000.0,0.0,4515000.0,0.0,19.395,43775000.0
60,CCI,MRT,2006-06-30,2006-06-30,2006-06-30,2021-08-07,86527000.0,4562118000.0,4246790500.0,701449000.0,3860669000.0,0.171,4.219,-89716000.0,630423000.0,630423000.0,259672000.0,-67285000.0,3.946,3.708,3103229000.0,10000000.0,3093229000.0,3103229000.0,141308000.0,281666000.0,0.0,0.0,0.0,63281000.0,344947000.0,0.474,344947000.0,63281000.0,-63228000.0,-0.51,-0.51,-0.51,897171000.0,1116450500.0,897171000.0,9620476178.0,152.0,27.89,171997000.0,0.809,1.0,467654000.0,0.643,340412000.0,126509000.0,6516737000.0,5793249500.0,0.0,0.0,0.0,0.0,3326381000.0,177775000.0,3148606000.0,7422649178.0,263633000.0,-147255000.0,-403241000.0,912664000.0,0.0,289226000.0,-293005000.0,-56034000.0,261713000.0,42000.0,-67285000.0,-107823000.0,-107823000.0,-5657000.0,0.0,-0.148,400092000.0,67562000.0,16686000.0,0.0,8.273,-68.841,-67.725,3207025000.0,40538000.0,34.54,10.205,10.1,120699000.0,-2068374000.0,727326000.0,727326000.0,0.0,-0.025,-0.097,0.011,0.087,23820000.0,120497000.0,1.0,214900092.0,212675000.0,212675000.0,3.42,4221706000.0,0.0,4057000.0,0.0,19.851,523674000.0
61,CCI,MRT,2006-03-31,2006-03-31,2006-03-31,2021-08-07,58156000.0,4130756000.0,4155710250.0,260179000.0,3870577000.0,0.169,5.553,-73711000.0,195505000.0,195505000.0,255670000.0,-279701000.0,0.58,2.185,2393332000.0,295000000.0,2098332000.0,2393332000.0,132959000.0,283022000.0,0.0,0.0,0.0,48879000.0,331901000.0,0.473,331901000.0,48879000.0,-276004000.0,-1.5,-1.5,-1.5,1190997000.0,1223154250.0,1190997000.0,8345161158.0,171.0,25.144,154425000.0,0.72,1.0,446107000.0,0.636,340412000.0,324883000.0,5539795000.0,5533003250.0,0.0,0.0,0.0,0.0,2602317000.0,448376000.0,2153941000.0,6116889158.0,-285646000.0,-147210000.0,-248770000.0,330055000.0,0.0,-246785000.0,-276955000.0,-56034000.0,228136000.0,-454000.0,-279701000.0,-324605000.0,-324605000.0,-8004000.0,0.0,-0.463,396757000.0,49350000.0,12953000.0,0.0,5.136,-18.844,-18.9,3241708000.0,44904000.0,28.35,8.716,8.664,112102000.0,-2049837000.0,701777000.0,701777000.0,0.0,-0.078,-0.265,0.009,0.07,20303000.0,116773000.0,1.0,215763286.0,214473000.0,214473000.0,3.272,3790344000.0,0.0,3697000.0,0.0,17.673,-188197000.0
62,CCI,MRT,2005-12-31,2005-12-31,2005-12-31,2021-08-07,41937000.0,4131317000.0,4198863500.0,221295000.0,3910022000.0,0.161,5.411,-61851000.0,161161000.0,161161000.0,251985000.0,-399926000.0,0.477,2.218,2389433000.0,295000000.0,2094433000.0,2389433000.0,87286000.0,281118000.0,0.0,0.0,0.0,-264249000.0,16869000.0,0.025,16869000.0,-264249000.0,-396701000.0,-2.06,-2.06,-2.06,1178376000.0,1352924000.0,1178376000.0,7839795067.0,-30.0,464.746,143061000.0,0.657,1.0,424774000.0,0.628,411284000.0,132452000.0,5484091000.0,5423294500.0,0.0,0.0,0.0,0.0,2614206000.0,464214000.0,2149992000.0,5743548067.0,-501299000.0,-147255000.0,-255835000.0,134373000.0,0.0,-445636000.0,-264140000.0,-55034000.0,204912000.0,-408000.0,-399926000.0,-449282000.0,-449282000.0,-848000.0,0.0,-0.664,400568000.0,24206000.0,12230000.0,0.0,4.874,-12.784,-13.063,3294333000.0,49356000.0,26.91,8.487,8.659,109753000.0,-2121899000.0,676759000.0,676759000.0,0.0,-0.107,-0.332,-0.049,-0.39,24760000.0,113910000.0,1.0,213435454.0,217759000.0,217759000.0,3.108,3720033000.0,0.0,3225000.0,0.0,17.083,-242919000.0
63,CCI,MRT,2005-09-30,2005-09-30,2005-09-30,2021-08-07,51851000.0,4162971000.0,4309676000.0,207521000.0,3955450000.0,0.152,5.561,-50431000.0,152046000.0,152046000.0,247743000.0,-467649000.0,0.728,2.024,2248293000.0,145000000.0,2103293000.0,2248293000.0,109966000.0,284982000.0,0.0,0.0,0.0,-80923000.0,204059000.0,0.311,204059000.0,-80923000.0,-467092000.0,-2.3,-2.3,-2.3,1199258000.0,1520703500.0,1199258000.0,7160744118.0,-88.0,35.092,133632000.0,0.62,1.0,408769000.0,0.623,341936000.0,386169000.0,5632375000.0,5388072250.0,3732000.0,0.0,0.0,0.0,2427154000.0,284907000.0,2142247000.0,5351457118.0,-685655000.0,-428461000.0,-260028000.0,-69821000.0,0.0,-465298000.0,-393545000.0,85347000.0,184063000.0,7100000.0,-467649000.0,-506053000.0,-506053000.0,1714000.0,0.0,-0.771,411381000.0,-2612000.0,11064000.0,0.0,4.462,-10.575,-10.709,3326801000.0,38404000.0,24.63,8.151,8.091,106612000.0,-2012877000.0,656512000.0,656512000.0,0.0,-0.117,-0.333,-0.015,-0.123,27794000.0,110517000.0,1.0,217273939.0,215664000.0,215664000.0,3.044,3821035000.0,0.0,557000.0,0.0,17.718,-77386000.0
64,CCI,MRT,2005-06-30,2005-06-30,2005-06-30,2021-08-07,51462000.0,4197797000.0,4474836500.0,390990000.0,3806807000.0,0.142,6.067,-42247000.0,343138000.0,343138000.0,240260000.0,8543000.0,1.979,1.765,2152425000.0,52927000.0,2099498000.0,2152425000.0,117130000.0,284692000.0,0.0,0.0,0.0,428822000.0,713514000.0,1.125,713514000.0,428822000.0,2127000.0,-0.16,-0.16,-0.16,1323986000.0,1697413500.0,1323986000.0,5923722150.0,14.0,8.302,115354000.0,0.529,1.0,394178000.0,0.621,333718000.0,426695000.0,5475752000.0,5386623000.0,4318000.0,0.0,0.0,0.0,2336910000.0,197614000.0,2139296000.0,4451607150.0,66305000.0,-280667000.0,-191323000.0,-1435275000.0,0.0,-1754156000.0,-334033000.0,-11119000.0,157601000.0,7841000.0,8543000.0,-30268000.0,-30268000.0,-507426000.0,0.0,-0.048,397483000.0,-3305000.0,10398000.0,0.0,3.362,-147.073,-127.0,3242818000.0,38811000.0,20.32,7.017,6.99,102649000.0,-1975382000.0,634438000.0,634438000.0,0.0,-0.007,-0.018,0.08,0.676,16646000.0,98515000.0,1.0,219075155.0,218237000.0,218237000.0,2.907,3864079000.0,0.0,-6416000.0,0.0,17.706,193376000.0
65,CCI,MRT,2005-03-31,2005-03-31,2005-03-31,2021-08-07,53305000.0,4303369000.0,4983224750.0,436384000.0,3866985000.0,0.124,7.648,-43090000.0,383077000.0,383077000.0,235179000.0,183514000.0,1.28,1.202,1855192000.0,182564000.0,1672628000.0,1855192000.0,113621000.0,284435000.0,0.0,0.0,0.0,424181000.0,708616000.0,1.149,708616000.0,424181000.0,177635000.0,0.65,0.65,0.65,1710076000.0,1792264250.0,1710076000.0,5014402765.0,12.0,7.076,116777000.0,0.522,1.0,381787000.0,0.619,333718000.0,246546000.0,5100960000.0,5832269250.0,4933000.0,0.0,0.0,0.0,2055516000.0,340806000.0,1714710000.0,3614278765.0,232726000.0,-281017000.0,-27479000.0,-1569281000.0,0.0,-1603521000.0,-335226000.0,-11119000.0,159867000.0,6926000.0,183514000.0,154271000.0,154271000.0,-520187000.0,0.0,0.25,401490000.0,-19703000.0,6765000.0,0.0,2.114,23.428,24.708,3304591000.0,89355000.0,16.06,5.858,5.82,100938000.0,-1738363000.0,616966000.0,616966000.0,0.0,0.031,0.086,0.073,0.688,20986000.0,101466000.0,1.0,225048491.0,223601000.0,223601000.0,2.759,3969651000.0,0.0,-5879000.0,0.0,17.753,95578000.0
66,CCI,MRT,2004-12-31,2004-12-31,2004-12-31,2021-08-07,55921000.0,4574567000.0,5485414750.0,638713000.0,3935854000.0,0.11,8.343,-39681000.0,566707000.0,566707000.0,231025000.0,233824000.0,2.241,1.181,1952900000.0,97250000.0,1855650000.0,1952900000.0,116326000.0,284991000.0,0.0,0.0,0.0,435452000.0,720443000.0,1.192,720443000.0,435452000.0,228454000.0,0.88,0.88,0.88,1849494000.0,1807080000.0,1849494000.0,4710899102.0,11.0,6.539,81820000.0,0.369,1.0,373177000.0,0.618,332493000.0,206998000.0,5343202000.0,6505397000.0,0.0,0.0,0.0,0.0,2185017000.0,285065000.0,1899952000.0,3720557102.0,157123000.0,-295000000.0,-27270000.0,-1658708000.0,0.0,-1689601000.0,-319200000.0,15481000.0,121501000.0,7452000.0,233824000.0,195206000.0,195206000.0,-534688000.0,0.0,0.323,394775000.0,-21598000.0,12168000.0,0.0,2.012,19.06,18.909,3375022000.0,38618000.0,16.64,6.158,6.106,105106000.0,-1587021000.0,604202000.0,604202000.0,0.0,0.036,0.108,0.067,0.721,15230000.0,101193000.0,1.0,223591172.0,221693000.0,221693000.0,2.725,4242074000.0,0.0,-5370000.0,0.0,19.135,353648000.0
67,CCI,MRT,2004-09-30,2004-09-30,2004-09-30,2021-08-07,40763000.0,4823613000.0,5994831250.0,988706000.0,3834907000.0,0.099,8.554,-30906000.0,757005000.0,757005000.0,228579000.0,164273000.0,5.498,1.172,2010222000.0,0.0,2010222000.0,2010222000.0,128303000.0,281227000.0,0.0,0.0,0.0,499501000.0,780728000.0,1.315,780728000.0,499501000.0,149695000.0,0.55,0.55,0.55,1906098000.0,1793294750.0,1906098000.0,6295227749.0,13.0,8.063,69959000.0,0.314,1.0,365006000.0,0.615,270438000.0,349806000.0,5626578000.0,7339949500.0,8368000.0,151500000.0,151500000.0,0.0,2233447000.0,179814000.0,2053633000.0,3353593749.0,599494000.0,-11182000.0,209603000.0,-1069380000.0,0.0,-1173639000.0,-176588000.0,-134500000.0,100865000.0,5380000.0,154577000.0,134744000.0,134744000.0,-529063000.0,0.0,0.227,384004000.0,-18998000.0,8963000.0,0.0,1.759,24.889,27.055,3395320000.0,166278000.0,14.88,5.65,5.586,116893000.0,-1502066000.0,593585000.0,593585000.0,0.0,0.022,0.075,0.068,0.841,23846000.0,92639000.0,1.0,225375924.0,222841000.0,222841000.0,2.664,4553175000.0,0.0,-4882000.0,0.0,20.432,808892000.0
68,CCI,MRT,2004-06-30,2004-06-30,2004-06-30,2021-08-07,264469000.0,6231350000.0,6396604750.0,2327774000.0,3903576000.0,0.091,7.678,-24461000.0,192657000.0,192657000.0,226396000.0,-405364000.0,1.3,2.258,3280739000.0,1275385000.0,2005354000.0,3280739000.0,97043000.0,281578000.0,0.0,0.0,0.0,-22738000.0,258840000.0,0.444,258840000.0,-22738000.0,-412501000.0,-2.02,-2.02,-2.02,1703389000.0,1815814500.0,1703389000.0,6308667603.0,-277.0,24.373,54699000.0,0.247,1.0,356185000.0,0.611,270438000.0,389763000.0,7258337000.0,7890097500.0,9308000.0,0.0,0.0,0.0,3846003000.0,1790657000.0,2055346000.0,3294825603.0,-127377000.0,-14418000.0,15142000.0,169388000.0,0.0,-136741000.0,89177000.0,128056000.0,79160000.0,4653000.0,-415060000.0,-434553000.0,-434553000.0,-24999000.0,0.0,-0.746,395398000.0,-39213000.0,9060000.0,0.0,1.934,-7.582,-7.302,3446238000.0,165938000.0,14.75,5.656,5.617,117195000.0,-1942886000.0,582581000.0,582581000.0,0.0,-0.068,-0.239,-0.003,-0.039,22404000.0,98158000.0,1.0,223378007.0,221853000.0,221853000.0,2.626,5960912000.0,0.0,2559000.0,0.0,26.869,537117000.0
69,CCI,MRT,2004-03-31,2004-03-31,2004-03-31,2021-08-07,297090000.0,6312129000.0,6527347500.0,352469000.0,5959660000.0,0.087,8.068,25356000.0,171485000.0,171485000.0,225561000.0,-449233000.0,0.888,2.181,3288499000.0,46461000.0,3242038000.0,3288499000.0,274089000.0,262310000.0,0.0,0.0,0.0,-49337000.0,212973000.0,0.374,212973000.0,-49337000.0,-456427000.0,-2.29,-2.29,-2.29,1769339000.0,1910848250.0,1769339000.0,5782907821.0,-117.0,27.153,93423000.0,0.426,1.0,344170000.0,0.604,1238800000.0,407090000.0,7793471000.0,8065774750.0,17435000.0,0.0,0.0,0.0,3858500000.0,396872000.0,3461628000.0,2795342821.0,-152214000.0,-32959000.0,-32460000.0,174148000.0,0.0,-179583000.0,131711000.0,139314000.0,68067000.0,10580000.0,-458929000.0,-499868000.0,-499868000.0,-11990000.0,0.0,-0.877,398119000.0,-53949000.0,37235000.0,0.0,1.58,-5.592,-5.515,4528882000.0,127272000.0,12.63,4.906,4.861,165262000.0,-1882774000.0,569731000.0,569731000.0,0.0,-0.077,-0.262,-0.006,-0.087,16201000.0,99392000.0,1.0,221325639.0,219294000.0,219294000.0,2.598,5073329000.0,0.0,2502000.0,0.0,23.135,-44403000.0
70,CCI,MRT,2003-12-31,2003-12-31,2003-12-31,2021-08-07,247249000.0,6612233000.0,6639078750.0,2566800000.0,4045433000.0,0.084,8.271,-13835000.0,409584000.0,409584000.0,226193000.0,-451611000.0,3.211,2.304,3548516000.0,267142000.0,3281374000.0,3548516000.0,106384000.0,281028000.0,0.0,0.0,0.0,-58520000.0,222508000.0,0.399,222508000.0,-58520000.0,-449146000.0,-2.34,-2.34,-2.34,1794353000.0,1999266750.0,1794353000.0,5324513827.0,-91.0,23.93,71489000.0,0.33,1.0,330964000.0,0.594,270438000.0,390626000.0,8681412000.0,8145315250.0,9615000.0,26600000.0,26600000.0,0.0,4134533000.0,799315000.0,3335218000.0,2424947827.0,69747000.0,-19181000.0,-44417000.0,436362000.0,0.0,71086000.0,119081000.0,152097000.0,85324000.0,8754000.0,-451611000.0,-507508000.0,-507508000.0,-4430000.0,0.0,-0.911,397355000.0,-66391000.0,9785000.0,0.0,1.351,-4.778,-4.714,3593570000.0,55897000.0,11.03,4.352,4.295,115954000.0,-1796441000.0,557157000.0,557157000.0,0.0,-0.076,-0.254,-0.007,-0.105,13986000.0,100719000.0,1.0,219850211.0,216947000.0,216947000.0,2.568,6341795000.0,0.0,2465000.0,0.0,29.232,1767485000.0
71,CCI,MRT,2003-09-30,2003-09-30,2003-09-30,2021-08-07,123535000.0,6430707000.0,6709170750.0,438655000.0,5992052000.0,0.064,9.215,122128000.0,255672000.0,255672000.0,176204000.0,-374947000.0,1.216,1.866,3155238000.0,37750000.0,3117488000.0,3155238000.0,228232000.0,264384000.0,0.0,0.0,0.0,-118562000.0,145822000.0,0.341,145822000.0,-118562000.0,-370306000.0,-1.82,-1.82,-1.82,1996177000.0,2102803000.0,1996177000.0,4783543405.0,-40.0,32.804,163967000.0,0.757,1.0,250942000.0,0.587,1142357000.0,251744000.0,7827170000.0,8018857000.0,25310000.0,0.0,0.0,0.0,3725677000.0,360746000.0,3364931000.0,2056407405.0,-151846000.0,-19564000.0,-325830000.0,-148642000.0,0.0,-481913000.0,320868000.0,218304000.0,41839000.0,-5715000.0,-374947000.0,-393790000.0,-393790000.0,-16216000.0,0.0,-0.922,396586000.0,-145644000.0,47168000.0,0.0,1.03,-5.222,-5.17,4708688000.0,18843000.0,9.41,4.814,4.772,89121000.0,-1441673000.0,427146000.0,427146000.0,0.0,-0.059,-0.187,-0.015,-0.278,0.0,97092000.0,1.0,218534262.0,216621000.0,216621000.0,1.972,5288350000.0,0.0,4641000.0,0.0,24.413,77909000.0
72,CCI,MRT,2003-06-30,2003-06-30,2003-06-30,2021-08-07,111535000.0,6754321000.0,6862610250.0,706747000.0,6047574000.0,0.075,9.647,108473000.0,459702000.0,459702000.0,239845000.0,-321594000.0,1.846,1.794,3186838000.0,28375000.0,3158463000.0,3186838000.0,252882000.0,271388000.0,0.0,0.0,0.0,-113935000.0,157453000.0,0.306,157453000.0,-113935000.0,-317437000.0,-1.39,-1.39,-1.39,2083524000.0,2144962000.0,2083524000.0,4429175159.0,-39.0,28.13,163695000.0,0.758,1.0,275544000.0,0.535,1137564000.0,203502000.0,7961046000.0,8076924000.0,36629000.0,63456000.0,63456000.0,0.0,3738745000.0,382847000.0,3355898000.0,1693848159.0,-85379000.0,-13557000.0,-140604000.0,-207325000.0,0.0,-347929000.0,237820000.0,142904000.0,55222000.0,-3642000.0,-321594000.0,-301009000.0,-301009000.0,-11140000.0,0.0,-0.584,409914000.0,-134370000.0,41537000.0,0.0,0.813,-5.627,-5.59,4770377000.0,-20585000.0,7.77,3.287,3.256,82862000.0,-1332499000.0,515389000.0,515389000.0,0.0,-0.044,-0.14,-0.014,-0.221,0.0,93298000.0,1.0,217998476.0,215969000.0,215969000.0,2.386,5616757000.0,0.0,4157000.0,0.0,26.007,323900000.0
73,CCI,MRT,2003-03-31,2003-03-31,2003-03-31,2021-08-07,28794000.0,6759054000.0,6999038750.0,787009000.0,5972045000.0,0.086,9.785,-56061000.0,476950000.0,476950000.0,294749000.0,-295543000.0,2.372,1.747,3212277000.0,19000000.0,3193277000.0,3212277000.0,218168000.0,296355000.0,0.0,0.0,0.0,-90485000.0,205870000.0,0.341,205870000.0,-90485000.0,-291329000.0,-1.26,-1.26,-1.26,2123013000.0,2177087500.0,2123013000.0,3940876057.0,-44.0,19.143,27407000.0,0.126,1.0,308266000.0,0.511,1050975000.0,200844000.0,8111633000.0,8159335250.0,41216000.0,78264000.0,78264000.0,0.0,3709711000.0,331773000.0,3377938000.0,1230088057.0,-181491000.0,-12887000.0,-106479000.0,-215715000.0,0.0,-322194000.0,82701000.0,151649000.0,83468000.0,2404000.0,-295543000.0,-274373000.0,-274373000.0,-9041000.0,0.0,-0.455,415942000.0,-107676000.0,50744000.0,0.0,0.579,-4.483,-4.365,4796141000.0,-21170000.0,5.5,2.04,1.979,123610000.0,-1231587000.0,603015000.0,603015000.0,0.0,-0.039,-0.126,-0.011,-0.15,0.0,96117000.0,1.0,223652374.0,216958000.0,216958000.0,2.779,5708079000.0,0.0,4214000.0,0.0,26.31,455236000.0
74,CCI,MRT,2002-12-31,2002-12-31,2002-12-31,2021-08-07,39323000.0,6892601000.0,7129894750.0,867081000.0,6025520000.0,0.085,10.129,-83665000.0,516172000.0,516172000.0,298188000.0,-319921000.0,2.403,1.701,3226960000.0,14250000.0,3212710000.0,3226960000.0,208195000.0,278609000.0,0.0,0.0,0.0,-106541000.0,172068000.0,0.284,172068000.0,-106541000.0,-315514000.0,-1.39,-1.39,-1.39,2208498000.0,2209761000.0,2208498000.0,3564866272.0,-33.0,20.718,9912000.0,0.045,1.0,307165000.0,0.507,1067041000.0,208973000.0,8175579000.0,8178038250.0,45616000.0,115697000.0,115697000.0,0.0,3756706000.0,360769000.0,3395937000.0,802676272.0,-168803000.0,-15583000.0,-93438000.0,-192820000.0,0.0,-286258000.0,50518000.0,149766000.0,93577000.0,1230000.0,-319921000.0,-303898000.0,-303898000.0,-9041000.0,0.0,-0.502,435087000.0,-127922000.0,63852000.0,0.0,0.363,-2.641,-2.698,4828033000.0,-16023000.0,3.75,1.326,1.351,125950000.0,-1148200000.0,605353000.0,605353000.0,0.0,-0.043,-0.138,-0.013,-0.176,0.0,95215000.0,1.0,214047006.0,218028000.0,218028000.0,2.776,5825560000.0,0.0,4407000.0,0.0,26.719,506312000.0
75,CCI,MRT,2002-09-30,2002-09-30,2002-09-30,2021-08-07,-2650000.0,7044465000.0,7250609000.0,991300000.0,6053165000.0,0.126,9.992,-336793000.0,605319000.0,605319000.0,457398000.0,-340668000.0,1.401,1.789,3367509000.0,369091000.0,2998418000.0,3367509000.0,218506000.0,326286000.0,0.0,0.0,0.0,-41879000.0,284407000.0,0.312,284407000.0,-41879000.0,-330533000.0,-1.7,-1.7,-1.7,2164813000.0,2248798500.0,2164813000.0,3229781103.0,-77.0,11.356,-201198000.0,-0.929,1.0,454360000.0,0.498,1039657000.0,288654000.0,8059438000.0,8270540000.0,77556000.0,108304000.0,78804000.0,29500000.0,3872926000.0,707560000.0,3165366000.0,462189103.0,68624000.0,366668000.0,-39061000.0,-95545000.0,0.0,-134709000.0,59071000.0,29196000.0,135595000.0,8667000.0,-340668000.0,-371960000.0,-371960000.0,0.0,0.0,-0.408,499777000.0,-45417000.0,75684000.0,0.0,0.214,-1.243,-1.276,4856346000.0,31292000.0,2.17,0.507,0.516,163289000.0,-1143970000.0,911758000.0,911758000.0,0.0,-0.051,-0.165,-0.005,-0.046,0.0,110560000.0,1.0,212990370.0,216656000.0,216656000.0,4.208,6004808000.0,0.0,10135000.0,0.0,27.716,283740000.0
76,CCI,MRT,2002-06-30,2002-06-30,2002-06-30,2021-08-07,-2842000.0,7300035000.0,7370290000.0,1124720000.0,6175315000.0,0.122,10.014,-473684000.0,701375000.0,701375000.0,448516000.0,-385370000.0,1.527,1.817,3468967000.0,351710000.0,3117257000.0,3468967000.0,246318000.0,327531000.0,0.0,0.0,0.0,-51950000.0,275581000.0,0.305,275581000.0,-51950000.0,-363609000.0,-2.14,-2.14,-2.14,2212026000.0,2325671500.0,2212026000.0,3524038115.0,-68.0,12.788,-324641000.0,-1.47,1.0,454214000.0,0.503,1040283000.0,311659000.0,8290691000.0,8459561000.0,102695000.0,143960000.0,87460000.0,56500000.0,4018868000.0,736653000.0,3282215000.0,866127115.0,42341000.0,359685000.0,2783000.0,-245000.0,0.0,2168000.0,-120459000.0,-6460000.0,149043000.0,11589000.0,-385370000.0,-465594000.0,-465594000.0,0.0,0.0,-0.516,510029000.0,-55815000.0,77072000.0,0.0,0.392,-1.86,-1.836,4926574000.0,80224000.0,3.93,0.959,0.962,170752000.0,-1108274000.0,902730000.0,902730000.0,0.0,-0.063,-0.2,-0.006,-0.058,0.0,111774000.0,1.0,220388579.0,220897000.0,220897000.0,4.087,6259752000.0,0.0,21761000.0,0.0,28.338,388067000.0
77,CCI,MRT,2002-03-31,2002-03-31,2002-03-31,2021-08-07,-42493000.0,7282478000.0,7413237750.0,1202590000.0,6079888000.0,0.122,10.271,-504223000.0,780018000.0,780018000.0,459829000.0,-401505000.0,1.674,1.763,3437929000.0,342737000.0,3095192000.0,3437929000.0,229629000.0,326115000.0,0.0,0.0,0.0,-72686000.0,253429000.0,0.28,253429000.0,-72686000.0,-380428000.0,-2.22,-2.22,-2.22,2253707000.0,2412245750.0,2253707000.0,4279297286.0,-59.0,16.886,-401141000.0,-1.828,1.0,446786000.0,0.493,1035498000.0,307742000.0,8186445000.0,8556705250.0,105387000.0,163963000.0,72463000.0,91500000.0,3973349000.0,718446000.0,3254903000.0,1426598286.0,63077000.0,-177949000.0,7915000.0,651281000.0,0.0,666141000.0,-708635000.0,-26463000.0,103082000.0,2489000.0,-401505000.0,-460868000.0,-460868000.0,0.0,0.0,-0.508,523832000.0,-77046000.0,93485000.0,0.0,0.633,-3.095,-2.977,4811688000.0,164361000.0,6.61,1.574,1.6,186311000.0,-1018815000.0,906615000.0,906615000.0,0.0,-0.062,-0.191,-0.008,-0.08,0.0,115586000.0,1.0,215824249.0,219420000.0,219420000.0,4.132,6246980000.0,0.0,21077000.0,0.0,28.47,484144000.0
78,CCI,MRT,2001-12-31,2001-12-31,2001-12-31,2021-08-07,-43246000.0,7375458000.0,7309754750.0,1216061000.0,6159397000.0,0.123,11.037,-683102000.0,804602000.0,804602000.0,467233000.0,-366167000.0,2.956,1.676,3423097000.0,29086000.0,3394011000.0,3423097000.0,204584000.0,328491000.0,0.0,0.0,0.0,-60793000.0,267698000.0,0.298,267698000.0,-60793000.0,-349689000.0,-2.08,-2.08,-2.08,2364648000.0,2515508250.0,2364648000.0,5157701979.0,-85.0,19.267,-551172000.0,-2.573,1.0,431718000.0,0.48,1036914000.0,288896000.0,8545586000.0,8349901000.0,102771000.0,201463000.0,72963000.0,128500000.0,3963013000.0,411453000.0,3551560000.0,2305002979.0,350769000.0,-185571000.0,358207000.0,746829000.0,0.0,1109309000.0,-895136000.0,-26463000.0,131930000.0,4666000.0,-366167000.0,-445195000.0,-445195000.0,0.0,0.0,-0.495,493817000.0,-62099000.0,104149000.0,0.0,0.975,-5.178,-5.135,4844912000.0,79028000.0,10.68,2.564,2.545,188496000.0,-895317000.0,898951000.0,898951000.0,0.0,-0.061,-0.177,-0.007,-0.068,0.0,120988000.0,1.0,215824249.0,214246000.0,214246000.0,4.196,6338544000.0,0.0,16478000.0,0.0,29.585,804608000.0
79,CCI,MRT,2001-09-30,2001-09-30,2001-09-30,2021-08-07,-41695000.0,7523189000.0,7066361500.0,1057248000.0,6465941000.0,0.122,11.5,-760613000.0,536695000.0,536695000.0,449864000.0,-322154000.0,2.146,1.623,3389394000.0,14691000.0,3374703000.0,3389394000.0,321968000.0,298803000.0,0.0,0.0,0.0,-39910000.0,258893000.0,0.3,258893000.0,-39910000.0,-310284000.0,-1.9,-1.9,-1.9,2472305000.0,2529561750.0,2472305000.0,4626587668.0,-116.0,17.871,-634000000.0,-2.949,1.0,412874000.0,0.479,1067603000.0,270374000.0,8815522000.0,8001240250.0,195407000.0,137500000.0,73500000.0,64000000.0,4013612000.0,492763000.0,3520849000.0,1930777668.0,-280243000.0,-620152000.0,354411000.0,746829000.0,0.0,1105581000.0,-1518265000.0,-137500000.0,126613000.0,5828000.0,-322154000.0,-400623000.0,-400623000.0,0.0,0.0,-0.464,456479000.0,-43605000.0,101051000.0,0.0,0.781,-4.819,-4.737,4808305000.0,85706000.0,9.0,2.238,2.243,204927000.0,-772010000.0,862738000.0,862738000.0,0.0,-0.057,-0.158,-0.005,-0.046,0.0,122414000.0,1.0,214530852.0,214986000.0,214986000.0,4.013,6455586000.0,0.0,11870000.0,0.0,30.028,564485000.0
80,CCI,MRT,2001-06-30,2001-06-30,2001-06-30,2021-08-07,-73271000.0,7471826000.0,6762352750.0,1087241000.0,6384585000.0,0.121,11.951,-786595000.0,659034000.0,659034000.0,426143000.0,-264789000.0,2.661,1.518,3354844000.0,0.0,3354844000.0,3354844000.0,267607000.0,285874000.0,0.0,0.0,0.0,-19417000.0,266457000.0,0.325,266457000.0,-19417000.0,-264519000.0,-1.66,-1.66,-1.66,2558323000.0,2525511750.0,2558323000.0,5490676229.0,-283.0,20.606,-647668000.0,-3.026,1.0,392788000.0,0.48,1079778000.0,245102000.0,8679268000.0,7477396750.0,160149000.0,137500000.0,37500000.0,100000000.0,3884003000.0,408590000.0,3475413000.0,3506442229.0,326985000.0,-855859000.0,1086574000.0,885849000.0,0.0,1973726000.0,-1779954000.0,-137500000.0,138927000.0,-5714000.0,-264789000.0,-324258000.0,-324258000.0,0.0,0.0,-0.396,415700000.0,-22912000.0,93928000.0,0.0,1.371,-10.814,-9.88,4694745000.0,136024000.0,16.4,4.282,4.287,198746000.0,-642680000.0,818931000.0,818931000.0,0.0,-0.048,-0.128,-0.003,-0.024,0.0,117554000.0,1.0,213807453.0,214059000.0,214059000.0,3.826,6392048000.0,0.0,270000.0,0.0,29.861,678651000.0
81,CCI,MRT,2001-03-31,2001-03-31,2001-03-31,2021-08-07,-56078000.0,6868546000.0,6112311250.0,1091250000.0,5777296000.0,0.121,12.627,-777939000.0,716941000.0,716941000.0,371607000.0,-239286000.0,2.742,1.199,2701175000.0,0.0,2701175000.0,2701175000.0,289654000.0,267765000.0,0.0,0.0,0.0,-2457000.0,265308000.0,0.36,265308000.0,-2457000.0,-238991000.0,-1.6,-1.6,-1.6,2666757000.0,2294928500.0,2666757000.0,5308762222.0,-2161.0,20.01,-604489000.0,-2.862,1.0,366267000.0,0.496,1095530000.0,236534000.0,7359228000.0,6850412750.0,112806000.0,137500000.0,37500000.0,100000000.0,3198654000.0,398022000.0,2800632000.0,3159908222.0,207436000.0,-867888000.0,1087275000.0,769568000.0,0.0,1825882000.0,-1783327000.0,-137500000.0,173450000.0,-8569000.0,-239286000.0,-298755000.0,-298755000.0,0.0,0.0,-0.405,371683000.0,-5416000.0,83191000.0,0.0,1.185,-10.577,-9.256,4450622000.0,101981000.0,14.81,4.282,4.239,197116000.0,-537682000.0,737874000.0,737874000.0,0.0,-0.049,-0.13,0.0,-0.003,0.0,103918000.0,1.0,213363148.0,211195000.0,211195000.0,3.494,5773016000.0,0.0,295000.0,0.0,27.335,693228000.0
82,CCI,MRT,2000-12-31,2000-12-31,2000-12-31,2021-08-07,-25100000.0,6401885000.0,5448302750.0,734178000.0,5667707000.0,0.119,13.556,-636506000.0,453833000.0,453833000.0,314600000.0,-204786000.0,2.559,1.232,2602687000.0,0.0,2602687000.0,2602687000.0,126649000.0,238796000.0,0.0,0.0,0.0,4488000.0,243284000.0,0.375,243284000.0,4488000.0,-204540000.0,-1.48,-1.48,-1.48,2420862000.0,2027342250.0,2420862000.0,7112467754.0,1585.0,29.235,-471011000.0,-2.637,1.0,334565000.0,0.515,1112876000.0,209028000.0,7150943000.0,6224841500.0,40684000.0,175000000.0,38000000.0,137000000.0,2982961000.0,286920000.0,2696041000.0,5364509754.0,-95495000.0,-1146181000.0,743290000.0,1011020000.0,0.0,1707091000.0,-1957687000.0,-175000000.0,165495000.0,-10394000.0,-204786000.0,-264255000.0,-264255000.0,0.0,0.0,-0.407,329356000.0,5209000.0,100766000.0,0.0,2.216,-20.301,-18.284,4303037000.0,59469000.0,27.06,8.264,7.444,168184000.0,-450122000.0,649165000.0,649165000.0,0.0,-0.049,-0.13,0.001,0.007,0.0,90560000.0,1.0,198245002.0,178588000.0,178588000.0,3.635,5289009000.0,0.0,246000.0,0.0,29.616,447258000.0
83,CCI,MRT,2000-09-30,2000-09-30,2000-09-30,2021-08-07,-30044000.0,6307154000.0,4806994000.0,1025173000.0,5281981000.0,0.117,12.808,-517179000.0,816938000.0,816938000.0,261995000.0,-178707000.0,4.212,1.177,2564896000.0,0.0,2564896000.0,2564896000.0,117995000.0,208102000.0,0.0,0.0,0.0,6495000.0,214597000.0,0.382,214597000.0,6495000.0,-178537000.0,-1.35,-1.35,-1.35,2456105000.0,1826563500.0,2456105000.0,8172501856.0,1258.0,38.083,-382688000.0,-1.996,1.0,299393000.0,0.533,1091587000.0,185032000.0,6720148000.0,5462665000.0,53960000.0,0.0,0.0,0.0,2891243000.0,243377000.0,2647866000.0,6090388856.0,324779000.0,-1206232000.0,930077000.0,1048262000.0,0.0,1923870000.0,-1723411000.0,0.0,134491000.0,-10171000.0,-178707000.0,-178707000.0,-178707000.0,0.0,0.0,-0.318,288028000.0,11365000.0,82120000.0,0.0,2.48,-34.08,-23.007,4081113000.0,227313000.0,31.06,10.849,10.61,132805000.0,-371188000.0,561388000.0,561388000.0,0.0,-0.037,-0.098,0.001,0.012,-1672000.0,77767000.0,1.0,196084638.0,191763000.0,191763000.0,2.928,5215567000.0,0.0,170000.0,0.0,27.198,781796000.0
84,CCI,MRT,2000-06-30,2000-06-30,2000-06-30,2021-08-07,-16143000.0,4871660000.0,4125613750.0,473747000.0,4397913000.0,0.118,9.878,-424842000.0,332049000.0,332049000.0,221265000.0,-152809000.0,2.552,1.636,2414162000.0,0.0,2414162000.0,2414162000.0,90940000.0,182356000.0,0.0,0.0,0.0,3639000.0,185995000.0,0.383,185995000.0,3639000.0,-152695000.0,-1.22,-1.22,-1.22,1635990000.0,1626957000.0,1635990000.0,7015995916.0,1928.0,37.721,-287908000.0,-1.738,1.0,264461000.0,0.544,596813000.0,156334000.0,6171332000.0,4746391000.0,32562000.0,0.0,0.0,0.0,2677003000.0,185628000.0,2491375000.0,5632934916.0,-373875000.0,-1527745000.0,337687000.0,1164946000.0,0.0,1444847000.0,-1952587000.0,0.0,136934000.0,-3069000.0,-152809000.0,-152809000.0,-152809000.0,0.0,0.0,-0.315,255285000.0,9176000.0,76730000.0,0.0,3.443,-36.863,-29.918,3698226000.0,191886000.0,36.5,11.597,12.446,92473000.0,-301870000.0,485726000.0,485726000.0,0.0,-0.037,-0.094,0.001,0.007,-1171000.0,70269000.0,1.0,154326984.0,165625000.0,165625000.0,2.933,4274847000.0,0.0,114000.0,0.0,25.81,288119000.0
85,CCI,MRT,2000-03-31,2000-03-31,2000-03-31,2021-08-07,-5393000.0,4212512000.0,3664972250.0,635391000.0,3577121000.0,0.113,10.068,-327865000.0,509505000.0,509505000.0,187427000.0,-114429000.0,4.429,1.323,1892566000.0,0.0,1892566000.0,1892566000.0,85633000.0,155572000.0,0.0,0.0,0.0,4018000.0,159590000.0,0.385,159590000.0,4018000.0,-114270000.0,-1.01,-1.01,-1.01,1596412000.0,1577059000.0,1596412000.0,7049408874.0,1754.0,44.172,-218810000.0,-1.38,1.0,227467000.0,0.548,595166000.0,118288000.0,4856943000.0,3909361000.0,24948000.0,0.0,0.0,0.0,2111280000.0,143464000.0,1967816000.0,6056393874.0,407658000.0,-1299361000.0,810781000.0,1166520000.0,0.0,1928920000.0,-1627226000.0,0.0,109055000.0,-3091000.0,-114429000.0,-114429000.0,-114429000.0,0.0,0.0,-0.276,218342000.0,9125000.0,43640000.0,0.0,3.794,-52.927,-37.505,2851855000.0,148395000.0,37.88,14.597,14.477,87991000.0,-230915000.0,414894000.0,414894000.0,0.0,-0.031,-0.073,0.001,0.01,-667000.0,59606000.0,1.0,159883682.0,158566000.0,158566000.0,2.617,3617346000.0,0.0,159000.0,0.0,22.813,491927000.0
86,CCI,MRT,1999-12-31,1999-12-31,1999-12-31,2021-08-07,-3013000.0,3836650000.0,2992651750.0,662045000.0,3174605000.0,0.116,12.305,-293801000.0,549328000.0,549328000.0,156748000.0,-96761000.0,5.043,1.076,1542343000.0,0.0,1542343000.0,1542343000.0,60366000.0,130106000.0,0.0,0.0,0.0,-3309000.0,126797000.0,0.367,126797000.0,-3309000.0,-96486000.0,-0.96,-0.96,-0.96,1617747000.0,1362346500.0,1617747000.0,5642736460.0,-1705.0,44.502,-201193000.0,-1.53,1.0,189011000.0,0.547,596147000.0,93177000.0,4102237000.0,2943591000.0,19178000.0,0.0,0.0,0.0,1740688000.0,131281000.0,1609407000.0,4656128460.0,252878000.0,-1215345000.0,805771000.0,894199000.0,0.0,1670402000.0,-1509146000.0,0.0,92608000.0,-986000.0,-96761000.0,-96761000.0,-96761000.0,0.0,0.0,-0.28,187150000.0,1861000.0,45998000.0,0.0,2.878,-48.12,-33.469,2468101000.0,125642000.0,32.13,13.466,12.217,74290000.0,-185867000.0,345759000.0,345759000.0,0.0,-0.032,-0.071,-0.001,-0.01,0.0,51399000.0,1.0,144915296.0,131466000.0,131466000.0,2.63,3240503000.0,0.0,275000.0,0.0,24.649,530764000.0
87,CCI,MRT,1999-09-30,1999-09-30,1999-09-30,2021-08-07,117000.0,3581633000.0,2414296750.0,574803000.0,3006830000.0,0.121,11.079,-274658000.0,492159000.0,492159000.0,130073000.0,-71103000.0,5.467,0.995,1478767000.0,0.0,1478767000.0,1478767000.0,53309000.0,109503000.0,0.0,0.0,0.0,-1552000.0,107951000.0,0.369,107951000.0,-1552000.0,-70679000.0,-0.33,-0.33,-0.33,1657679000.0,1142300250.0,1657679000.0,3109429629.0,-2003.0,28.804,-157327000.0,-1.052,1.0,162307000.0,0.555,608055000.0,69127000.0,3855052000.0,2166497500.0,15316000.0,0.0,0.0,0.0,1648572000.0,105134000.0,1543438000.0,2620672629.0,290810000.0,-1114004000.0,808130000.0,778457000.0,0.0,1562993000.0,-1388662000.0,0.0,117331000.0,-852000.0,-71103000.0,-71103000.0,-71103000.0,0.0,0.0,-0.243,158932000.0,3375000.0,31771000.0,0.0,1.581,-36.857,-56.727,2347017000.0,92012000.0,18.72,8.963,9.58,39027000.0,-143875000.0,292380000.0,292380000.0,0.0,-0.029,-0.062,-0.001,-0.005,-9689000.0,57304000.0,1.0,139993196.0,149621000.0,149621000.0,1.954,2973578000.0,0.0,424000.0,0.0,19.874,469669000.0
88,CCI,MRT,1999-06-30,1999-06-30,1999-06-30,2021-08-07,-6630000.0,3029094000.0,1861373250.0,767475000.0,2261619000.0,0.119,11.505,-213571000.0,705924000.0,705924000.0,98486000.0,-61480000.0,8.941,0.923,1194681000.0,0.0,1194681000.0,1194681000.0,52626000.0,79063000.0,0.0,0.0,0.0,-11943000.0,67120000.0,0.302,67120000.0,-11943000.0,-61118000.0,-0.43,-0.43,-0.43,1436398000.0,916659750.0,1436398000.0,2196958254.0,-184.0,32.732,-131504000.0,-1.053,1.0,123861000.0,0.557,608800000.0,49175000.0,2823212000.0,1458199250.0,12591000.0,0.0,0.0,0.0,1326511000.0,85839000.0,1240672000.0,2063698254.0,654666000.0,-554789000.0,816141000.0,542915000.0,0.0,1342031000.0,-768360000.0,0.0,82067000.0,-1072000.0,-61480000.0,-61480000.0,-61480000.0,0.0,0.0,-0.277,132694000.0,-8833000.0,22690000.0,0.0,1.437,-33.567,-48.395,1615646000.0,75781000.0,20.81,9.281,11.685,28655000.0,-109984000.0,222347000.0,222347000.0,0.0,-0.033,-0.067,-0.008,-0.054,1171000.0,50646000.0,1.0,99168585.0,124849000.0,124849000.0,1.781,2420294000.0,0.0,362000.0,0.0,19.386,681636000.0
89,CCI,MRT,1999-03-31,1999-03-31,1999-03-31,2021-08-07,1690000.0,1523230000.0,1208807250.0,342116000.0,1181114000.0,0.129,7.786,-190583000.0,296450000.0,296450000.0,67734000.0,-47056000.0,3.683,0.739,429710000.0,0.0,429710000.0,429710000.0,26002000.0,53291000.0,0.0,0.0,0.0,-14753000.0,38538000.0,0.246,38538000.0,-14753000.0,-46568000.0,-0.99,-0.99,-0.99,737562000.0,564240500.0,737562000.0,1841566236.0,-125.0,47.786,-122169000.0,-1.29,1.0,88616000.0,0.567,569740000.0,31815000.0,993863000.0,859038250.0,6599000.0,0.0,0.0,0.0,545420000.0,92887000.0,452533000.0,1708306236.0,48452000.0,-215334000.0,340881000.0,46841000.0,0.0,385838000.0,-405917000.0,0.0,68414000.0,117000.0,-47056000.0,-47056000.0,-47056000.0,0.0,0.0,-0.301,100770000.0,-12154000.0,46020000.0,0.0,2.316,-36.304,-18.182,592594000.0,56820000.0,18.0,10.926,10.906,32130000.0,-60225000.0,156350000.0,156350000.0,0.0,-0.039,-0.083,-0.017,-0.094,667000.0,44998000.0,1.0,94905902.0,94732000.0,94732000.0,1.65,953490000.0,0.0,488000.0,0.0,10.065,249229000.0
90,CCI,MRT,1998-12-31,1998-12-31,1998-12-31,2021-08-07,1690000.0,1523230000.0,926171750.0,342116000.0,1181114000.0,0.122,17.347,-138759000.0,296450000.0,296450000.0,47818000.0,-37775000.0,3.683,0.739,429710000.0,0.0,429710000.0,429710000.0,26002000.0,37239000.0,0.0,0.0,0.0,-12532000.0,24707000.0,0.218,24707000.0,-12532000.0,-37401000.0,-1.02,-1.02,-1.02,737562000.0,388328000.0,737562000.0,2241294740.0,-179.0,90.715,-93783000.0,-2.206,1.0,65260000.0,0.577,569740000.0,24869000.0,993863000.0,702587000.0,6599000.0,0.0,0.0,0.0,545420000.0,92887000.0,452533000.0,1948319740.0,241372000.0,-10489000.0,339046000.0,9212000.0,0.0,345248000.0,-149248000.0,0.0,44976000.0,396000.0,-37775000.0,-37775000.0,-37775000.0,0.0,0.0,-0.334,78193000.0,-12933000.0,46020000.0,0.0,2.642,-51.577,-23.039,592594000.0,43186000.0,23.5,17.23,8.836,32130000.0,-60225000.0,113078000.0,113078000.0,0.0,-0.041,-0.097,-0.018,-0.111,0.0,40954000.0,1.0,82907223.0,42518000.0,42518000.0,2.66,953490000.0,0.0,374000.0,0.0,22.426,249229000.0
91,CCI,MRT,1998-09-30,1998-09-30,1998-09-30,2021-08-07,5069000.0,1369939000.0,638212000.0,243940000.0,1125999000.0,0.103,14.015,-90468000.0,201349000.0,201349000.0,29373000.0,-36268000.0,3.154,0.763,494324000.0,0.0,494324000.0,494324000.0,34958000.0,20762000.0,0.0,0.0,0.0,-16218000.0,4544000.0,0.069,4544000.0,-16218000.0,-36047000.0,-2.75,-2.75,-2.75,755117000.0,214385500.0,755117000.0,358869259.0,-22.0,78.977,-85679000.0,-1.59,1.0,36047000.0,0.551,563706000.0,19829000.0,1021859000.0,531150000.0,5209000.0,2221000.0,0.0,2221000.0,576293000.0,77349000.0,498944000.0,193258259.0,188254000.0,-505000.0,184844000.0,97935000.0,0.0,274014000.0,-90973000.0,0.0,4789000.0,424000.0,-36268000.0,-35807000.0,-35807000.0,0.0,0.0,-0.547,54043000.0,-17996000.0,30271000.0,0.0,0.256,-5.397,-3.502,544486000.0,48504000.0,9.63,2.954,7.931,33834000.0,-51863000.0,65420000.0,65420000.0,0.0,-0.056,-0.167,-0.031,-0.248,11361000.0,21920000.0,1.0,20068355.0,53879000.0,53879000.0,1.214,806233000.0,0.0,221000.0,0.0,14.964,166591000.0
92,CCI,MRT,1998-06-30,1998-06-30,1998-06-30,2021-08-07,2319000.0,418830000.0,,65381000.0,353449000.0,,2.439,-69869000.0,51258000.0,51258000.0,22147000.0,-22825000.0,6.856,8.504,216869000.0,0.0,216869000.0,216869000.0,0.0,13717000.0,0.0,,0.0,-6321000.0,7396000.0,0.154,7396000.0,-6321000.0,-22593000.0,-3.04,-3.04,-3.04,26721000.0,,26721000.0,,,,-72861000.0,-6.652,1.0,25860000.0,0.539,148336000.0,16272000.0,426568000.0,,1233000.0,61432000.0,0.0,61432000.0,227228000.0,9537000.0,217691000.0,,39036000.0,-27873000.0,65684000.0,82977000.0,0.0,139770000.0,-97742000.0,0.0,-2992000.0,0.0,-22825000.0,-22825000.0,-22825000.0,0.0,0.0,-0.475,31789000.0,-5929000.0,6311000.0,0.0,,,,131492000.0,31305000.0,,,,10150000.0,-34203000.0,48007000.0,48007000.0,0.0,,,,-0.132,0.0,18072000.0,1.0,2081746.0,10954000.0,10954000.0,4.383,270494000.0,0.0,232000.0,0.0,24.694,55844000.0
93,CCI,MRT,1998-03-31,1998-03-31,1998-03-31,2021-08-07,1233000.0,392688000.0,,66580000.0,326108000.0,,3.096,-42342000.0,53395000.0,53395000.0,20680000.0,-18105000.0,8.254,5.779,187299000.0,0.0,187299000.0,187299000.0,0.0,10148000.0,0.0,,0.0,-5880000.0,4268000.0,0.103,4268000.0,-5880000.0,-18065000.0,-2.77,-2.77,-2.77,33912000.0,,33912000.0,,,,-45292000.0,-4.135,1.0,20568000.0,0.499,150468000.0,12185000.0,368058000.0,,1220000.0,59688000.0,0.0,59688000.0,195972000.0,8066000.0,187906000.0,,36626000.0,-35907000.0,70220000.0,56097000.0,0.0,117825000.0,-78249000.0,0.0,-2950000.0,0.0,-18105000.0,-18105000.0,-18105000.0,0.0,0.0,-0.439,25221000.0,-4653000.0,4964000.0,0.0,,,,105034000.0,22802000.0,,,,9908000.0,-25700000.0,41248000.0,41248000.0,0.0,,,,-0.143,0.0,15073000.0,1.0,2081746.0,10954000.0,10954000.0,3.766,242220000.0,0.0,40000.0,0.0,22.112,58514000.0
94,CCI,MRT,1997-12-31,1997-12-31,1997-12-31,2021-08-07,562000.0,371391000.0,,67156000.0,304235000.0,,6.7,-18035000.0,55078000.0,55078000.0,15350000.0,-11942000.0,5.62,4.04,156293000.0,0.0,156293000.0,156293000.0,2398000.0,6952000.0,0.0,,0.0,-4590000.0,2362000.0,0.075,2362000.0,-4590000.0,-11893000.0,-2.27,-2.27,-2.27,41792000.0,,41792000.0,,,,-18659000.0,-2.991,1.0,16055000.0,0.511,152541000.0,7303000.0,308115000.0,,1322000.0,59082000.0,0.0,59082000.0,168850000.0,11950000.0,156900000.0,,47735000.0,-93449000.0,137735000.0,29906000.0,0.0,159843000.0,-111484000.0,0.0,-624000.0,0.0,-11942000.0,-11942000.0,-11942000.0,0.0,0.0,-0.38,19507000.0,-3452000.0,7760000.0,0.0,,,,81968000.0,14141000.0,,,,9264000.0,-17039000.0,31405000.0,31405000.0,0.0,,,,-0.146,0.0,12555000.0,1.0,,6238000.0,6238000.0,5.034,218850000.0,0.0,49000.0,0.0,35.083,55206000.0
95,CCI,MRT,1997-09-30,1997-09-30,1997-09-30,2021-08-07,,,,,,,,,,,,,,,,,,,,,,,0.0,,,,,,,,,,,,,,,,,,1.0,,,,,,,,,,,,,,,,,,,,,,,,,,,,,,,,,,,,,,,,,,,,,,,,,,,,,,1.0,,7254000.0,,,,,,,,
96,CCI,MRT,1997-06-30,1997-06-30,1997-06-30,2021-08-07,,,,,,,,,,,,,,,,,,,,,,,0.0,,,,,,,,,,,,,,,,,,1.0,,,,,,,,,,,,,,,,,,,,,,,,,,,,,,,,,,,,,,,,,,,,,,,,,,,,,,1.0,,3362000.0,,,,,,,,
97,CCI,MRT,1997-03-31,1997-03-31,1997-03-31,2021-08-07,,,,,,,,,,,,,,,,,,,,,,,0.0,,,,,,,,,,,,,,,,,,1.0,,,,,,,,,,,,,,,,,,,,,,,,,,,,,,,,,,,,,,,,,,,,,,,,,,,,,,1.0,,,,,,,,,,
98,CCI,MRT,1996-12-31,1996-12-31,1996-12-31,2021-08-07,,,,,,,,-890000.0,,,1300000.0,-957000.0,,,,,,,,1242000.0,,,0.0,663000.0,1905000.0,0.307,1905000.0,663000.0,-947000.0,-0.27,-0.27,-0.27,,,,,,,-1420000.0,-0.405,1.0,4907000.0,0.791,,1610000.0,,,,,,,,,,,6747000.0,-13026000.0,10503000.0,10870000.0,0.0,21193000.0,-13916000.0,0.0,-530000.0,0.0,-957000.0,-957000.0,-957000.0,0.0,0.0,-0.154,4244000.0,663000.0,,0.0,,,,,957000.0,,,,,,6207000.0,6207000.0,0.0,,,,0.107,0.0,3002000.0,1.0,,3503000.0,3503000.0,1.772,,,10000.0,,,
