None,ticker,dimension,calendardate,datekey,reportperiod,lastupdated,accoci,assets,assetsavg,assetsc,assetsnc,assetturnover,bvps,capex,cashneq,cashnequsd,cor,consolinc,currentratio,de,debt,debtc,debtnc,debtusd,deferredrev,depamor,deposits,divyield,dps,ebit,ebitda,ebitdamargin,ebitdausd,ebitusd,ebt,eps,epsdil,epsusd,equity,equityavg,equityusd,ev,evebit,evebitda,fcf,fcfps,fxusd,gp,grossmargin,intangibles,intexp,invcap,invcapavg,inventory,investments,investmentsc,investmentsnc,liabilities,liabilitiesc,liabilitiesnc,marketcap,ncf,ncfbus,ncfcommon,ncfdebt,ncfdiv,ncff,ncfi,ncfinv,ncfo,ncfx,netinc,netinccmn,netinccmnusd,netincdis,netincnci,netmargin,opex,opinc,payables,payoutratio,pb,pe,pe1,ppnenet,prefdivis,price,ps,ps1,receivables,retearn,revenue,revenueusd,rnd,roa,roe,roic,ros,sbcomp,sgna,sharefactor,sharesbas,shareswa,shareswadil,sps,tangibles,taxassets,taxexp,taxliabilities,tbvps,workingcapital
0,SIG,MRY,2020-12-31,2021-01-30,2021-01-30,2021-09-02,-290500000.0,6178900000.0,6541800000.0,3582000000.0,2596900000.0,0.799,22.89,-83000000.0,1172500000.0,1172500000.0,3494400000.0,-15200000.0,1.792,3.651,1671300000.0,377300000.0,1294000000.0,1671300000.0,1072000000.0,176000000.0,0.0,0.0,0.0,-57700000.0,118300000.0,0.023,118300000.0,-57700000.0,-89700000.0,-0.94,-0.94,-0.94,1190300000.0,1001600000.0,1190300000.0,3402502503.0,-59.0,28.762,1289300000.0,24.794,1.0,1732500000.0,0.331,417000000.0,32000000.0,4262000000.0,5794100000.0,2032500000.0,0.0,0.0,0.0,4346300000.0,1998700000.0,2347600000.0,2126002503.0,795900000.0,0.0,0.0,-457400000.0,-19400000.0,-498600000.0,-77800000.0,5200000.0,1372300000.0,2100000.0,-15200000.0,-48700000.0,-48700000.0,0.0,0.0,-0.009,1790200000.0,-57700000.0,812600000.0,0.0,1.786,-43.655,-43.213,1967700000.0,33500000.0,40.62,0.407,0.404,88700000.0,2189200000.0,5226900000.0,5226900000.0,0.0,-0.007,-0.049,-0.01,-0.011,14500000.0,1587400000.0,1.0,52338811.0,52000000.0,52000000.0,100.517,5761900000.0,68100000.0,-74500000.0,185200000.0,110.806,1583300000.0
1,SIG,MRY,2019-12-31,2020-02-01,2020-02-01,2021-09-02,-293800000.0,6299100000.0,6139900000.0,3154800000.0,3144300000.0,1.0,23.648,-135800000.0,374500000.0,374500000.0,3913400000.0,105500000.0,1.909,3.648,2387400000.0,433800000.0,1953600000.0,2387400000.0,997700000.0,178000000.0,0.0,0.061,1.48,165300000.0,343300000.0,0.056,343300000.0,165300000.0,129700000.0,1.4,1.4,1.4,1222600000.0,1130725000.0,1222600000.0,3651546600.0,22.0,10.637,419900000.0,8.122,1.0,2223700000.0,0.362,512600000.0,35600000.0,6146800000.0,6453350000.0,2331700000.0,0.0,0.0,0.0,4459500000.0,1652600000.0,2806900000.0,1272546600.0,177900000.0,0.0,0.0,-128200000.0,-77400000.0,-237000000.0,-140800000.0,-5000000.0,555700000.0,1200000.0,105500000.0,72600000.0,72600000.0,0.0,0.0,0.012,2065400000.0,158300000.0,227900000.0,1.057,1.041,17.528,17.364,2425200000.0,32900000.0,24.31,0.207,0.205,38800000.0,2242900000.0,6137100000.0,6137100000.0,0.0,0.012,0.064,0.026,0.027,16900000.0,1918200000.0,1.0,52346631.0,51700000.0,51800000.0,118.706,5786500000.0,11000000.0,24200000.0,32900000.0,111.925,1502200000.0
2,SIG,MRY,2018-12-31,2019-02-02,2019-02-02,2021-09-02,-302800000.0,4420100000.0,4835325000.0,2855800000.0,1564300000.0,1.292,21.967,-128000000.0,195400000.0,195400000.0,4086300000.0,-657400000.0,2.765,2.166,728400000.0,78800000.0,649600000.0,728400000.0,966500000.0,183600000.0,0.0,0.062,1.48,-762900000.0,-579300000.0,-0.093,-579300000.0,-762900000.0,-802600000.0,-12.62,-12.62,-12.62,1201600000.0,1460825000.0,1201600000.0,2096636848.0,-3.0,-3.619,569700000.0,10.415,1.0,2160800000.0,0.346,561600000.0,39700000.0,3358500000.0,3571950000.0,2386900000.0,0.0,0.0,0.0,2603200000.0,1033000000.0,1570200000.0,1244336848.0,-24000000.0,0.0,-485000000.0,-5400000.0,-79000000.0,-602700000.0,-119000000.0,9000000.0,697700000.0,-5700000.0,-657400000.0,-690300000.0,-690300000.0,0.0,0.0,-0.11,2925400000.0,-764600000.0,153700000.0,-0.117,1.036,-1.803,-1.899,800500000.0,32900000.0,23.97,0.199,0.21,23700000.0,2282200000.0,6247100000.0,6247100000.0,0.0,-0.143,-0.473,-0.214,-0.122,16500000.0,1985100000.0,1.0,51912259.0,54700000.0,54700000.0,114.207,3858500000.0,26800000.0,-145200000.0,27700000.0,70.539,1822800000.0
3,SIG,MRY,2017-12-31,2018-02-03,2018-02-03,2021-09-02,-260600000.0,5839600000.0,6104825000.0,3446100000.0,2393500000.0,1.024,39.679,-237400000.0,225100000.0,225100000.0,4063000000.0,519300000.0,3.323,1.091,732200000.0,44000000.0,688200000.0,732200000.0,957500000.0,203400000.0,0.0,0.024,1.24,579900000.0,783300000.0,0.125,783300000.0,579900000.0,527200000.0,7.72,7.44,7.72,2499800000.0,2339700000.0,2499800000.0,3983910310.0,7.0,5.086,1703100000.0,27.033,1.0,2190000000.0,0.35,1303200000.0,52700000.0,4006300000.0,4761875000.0,2280500000.0,0.0,0.0,0.0,2726200000.0,1037200000.0,1689000000.0,3108710310.0,117500000.0,-331800000.0,-460000000.0,-678400000.0,-76500000.0,-1253600000.0,-569400000.0,-200000.0,1940500000.0,8900000.0,519300000.0,486400000.0,486400000.0,0.0,0.0,0.078,1610100000.0,579900000.0,237000000.0,0.161,1.244,6.391,6.654,877900000.0,32900000.0,51.37,0.497,0.518,779700000.0,4396200000.0,6253000000.0,6253000000.0,0.0,0.08,0.208,0.122,0.093,16100000.0,1872200000.0,1.0,60516066.0,63000000.0,69800000.0,99.254,4536400000.0,4000000.0,7900000.0,111900000.0,72.006,2408900000.0
4,SIG,MRY,2016-12-31,2017-01-28,2017-01-28,2021-09-02,-307700000.0,6597800000.0,6452750000.0,4642600000.0,1955200000.0,0.993,33.426,-278000000.0,98700000.0,98700000.0,4047600000.0,543200000.0,3.857,1.404,1409000000.0,91100000.0,1317900000.0,1409000000.0,935900000.0,188800000.0,0.0,0.013,1.04,763200000.0,952000000.0,0.149,952000000.0,763200000.0,713800000.0,7.13,7.08,7.13,2490200000.0,2674875000.0,2490200000.0,7096061073.0,9.0,7.454,400300000.0,5.373,1.0,2360800000.0,0.368,934600000.0,49400000.0,5769800000.0,5726925000.0,2449300000.0,0.0,0.0,0.0,3495700000.0,1203700000.0,2292000000.0,5565761073.0,-38300000.0,0.0,-1000000000.0,29400000.0,-75600000.0,-438200000.0,-278400000.0,-400000.0,678300000.0,-700000.0,543200000.0,531300000.0,531300000.0,0.0,0.0,0.083,1597600000.0,763200000.0,255700000.0,0.146,2.235,10.476,11.219,822900000.0,11900000.0,79.99,0.869,0.93,1953900000.0,3995900000.0,6408400000.0,6408400000.0,0.0,0.082,0.199,0.133,0.119,5600000.0,1880200000.0,1.0,69580711.0,74500000.0,76700000.0,86.019,5663200000.0,5100000.0,170600000.0,203200000.0,76.016,3438900000.0
5,SIG,MRY,2015-12-31,2016-01-30,2016-01-30,2021-09-02,-274100000.0,6464900000.0,6243125000.0,4588100000.0,1876800000.0,1.049,38.499,-226500000.0,137700000.0,137700000.0,4109800000.0,467900000.0,3.986,1.112,1378700000.0,57700000.0,1321000000.0,1378700000.0,889400000.0,175300000.0,0.0,0.009,1.1,703700000.0,879000000.0,0.134,879000000.0,703700000.0,657800000.0,5.89,5.87,5.89,3060700000.0,2917450000.0,3060700000.0,10737008288.0,15.0,12.215,216800000.0,2.727,1.0,2440400000.0,0.373,943300000.0,45900000.0,5611500000.0,5512400000.0,2453900000.0,0.0,0.0,0.0,3404200000.0,1151100000.0,2253100000.0,9225708288.0,-52000000.0,0.0,-133300000.0,-73100000.0,-67100000.0,-266600000.0,-228700000.0,-2200000.0,443300000.0,-3900000.0,467900000.0,467900000.0,467900000.0,0.0,0.0,0.071,1736700000.0,703700000.0,269100000.0,0.187,3.014,19.717,19.694,727600000.0,0.0,116.0,1.408,1.408,1840400000.0,3534600000.0,6550200000.0,6550200000.0,0.0,0.075,0.16,0.128,0.107,9500000.0,1987600000.0,1.0,79531968.0,79500000.0,79700000.0,82.392,5521600000.0,3500000.0,189900000.0,138200000.0,69.454,3437000000.0
6,SIG,MRY,2014-12-31,2015-01-31,2015-01-31,2021-09-02,-236600000.0,6214300000.0,5602275000.0,4402800000.0,1811500000.0,1.024,35.174,-220200000.0,193600000.0,193600000.0,3662100000.0,381300000.0,3.692,1.211,1461300000.0,97500000.0,1363800000.0,1461300000.0,811900000.0,149700000.0,0.0,0.007,0.9,576600000.0,726300000.0,0.127,726300000.0,576600000.0,540600000.0,4.77,4.75,4.77,2810400000.0,2695100000.0,2810400000.0,11215911716.0,19.0,15.443,62800000.0,0.786,1.0,2074200000.0,0.362,966300000.0,36000000.0,5323200000.0,4639900000.0,2439000000.0,0.0,0.0,0.0,3403900000.0,1192500000.0,2211400000.0,9710411716.0,-48700000.0,-1429200000.0,-42100000.0,1406500000.0,-55300000.0,1320900000.0,-1652600000.0,-3200000.0,283000000.0,-5300000.0,381300000.0,381300000.0,381300000.0,0.0,0.0,0.066,1497600000.0,576600000.0,277700000.0,0.189,3.455,25.467,25.39,665900000.0,0.0,121.11,1.693,1.687,1631200000.0,3135700000.0,5736300000.0,5736300000.0,0.0,0.068,0.141,0.124,0.101,300000.0,1712900000.0,1.0,80178447.0,79900000.0,80200000.0,71.793,5248000000.0,4100000.0,159300000.0,140400000.0,65.682,3210300000.0
7,SIG,MRY,2013-12-31,2014-02-01,2014-02-01,2021-09-02,-178500000.0,4029200000.0,3782300000.0,3257600000.0,771600000.0,1.113,31.959,-152700000.0,247600000.0,247600000.0,2628700000.0,368000000.0,3.617,0.572,19300000.0,19300000.0,0.0,19300000.0,616700000.0,110200000.0,0.0,0.008,0.6,570500000.0,680700000.0,0.162,680700000.0,570500000.0,566500000.0,4.59,4.56,4.59,2563100000.0,2416600000.0,2563100000.0,6339338888.0,11.0,9.313,82800000.0,1.032,1.0,1580500000.0,0.375,26800000.0,4000000.0,2873400000.0,2754925000.0,1488000000.0,0.0,0.0,0.0,1466100000.0,900700000.0,565400000.0,6381138888.0,-49700000.0,-7700000.0,-104600000.0,19300000.0,-46000000.0,-124800000.0,-160400000.0,0.0,235500000.0,-3700000.0,368000000.0,368000000.0,368000000.0,0.0,0.0,0.087,1010000000.0,570500000.0,162900000.0,0.131,2.49,17.34,17.331,487600000.0,0.0,79.55,1.516,1.516,1425500000.0,2812900000.0,4209200000.0,4209200000.0,0.0,0.097,0.152,0.207,0.136,7900000.0,1196700000.0,1.0,80215448.0,80200000.0,80700000.0,52.484,4002400000.0,123200000.0,198500000.0,217000000.0,49.905,2356900000.0
8,SIG,MRY,2012-12-31,2013-02-02,2013-02-02,2021-09-02,-175700000.0,3719000000.0,3490075000.0,3036100000.0,682900000.0,1.141,28.31,-134200000.0,301000000.0,301000000.0,2446000000.0,359900000.0,3.482,0.596,0.0,0.0,0.0,0.0,565600000.0,99400000.0,0.0,0.008,0.48,560500000.0,659900000.0,0.166,659900000.0,560500000.0,556900000.0,4.37,4.35,4.37,2329900000.0,2212175000.0,2329900000.0,4971050382.0,9.0,7.533,178500000.0,2.169,1.0,1537400000.0,0.386,0.0,3600000.0,2546100000.0,2429350000.0,1397000000.0,0.0,0.0,0.0,1389100000.0,871900000.0,517200000.0,5137050382.0,-186300000.0,-56700000.0,-277100000.0,0.0,-38400000.0,-308100000.0,-190900000.0,0.0,312700000.0,500000.0,359900000.0,359900000.0,359900000.0,0.0,0.0,0.09,976900000.0,560500000.0,155900000.0,0.11,2.205,14.274,14.515,430400000.0,0.0,63.43,1.29,1.311,1247400000.0,2268400000.0,3983400000.0,3983400000.0,0.0,0.103,0.163,0.231,0.141,8300000.0,1138300000.0,1.0,80987709.0,82300000.0,82800000.0,48.401,3719000000.0,109200000.0,197000000.0,229900000.0,45.188,2164200000.0
9,SIG,MRY,2011-12-31,2012-01-28,2012-01-28,2021-09-02,-159200000.0,3611400000.0,3355650000.0,3016300000.0,595100000.0,1.117,26.44,-97800000.0,486800000.0,486800000.0,2311600000.0,324400000.0,3.516,0.585,0.0,0.0,0.0,0.0,528100000.0,92400000.0,0.0,0.004,0.2,507400000.0,599800000.0,0.16,599800000.0,507400000.0,502100000.0,3.76,3.73,3.76,2279100000.0,2147750000.0,2279100000.0,3721642585.0,7.0,6.205,227400000.0,2.638,1.0,1437600000.0,0.383,0.0,5300000.0,2266600000.0,2207775000.0,1304100000.0,0.0,0.0,0.0,1332300000.0,858000000.0,474300000.0,4037642585.0,187400000.0,0.0,-2100000.0,-31000000.0,-8700000.0,-40000000.0,-97800000.0,0.0,325200000.0,-2700000.0,324400000.0,324400000.0,324400000.0,0.0,0.0,0.087,930200000.0,507400000.0,182600000.0,0.053,1.772,12.446,12.356,383400000.0,0.0,46.46,1.077,1.068,1132500000.0,1969300000.0,3749200000.0,3749200000.0,0.0,0.097,0.151,0.23,0.135,13100000.0,1056700000.0,1.0,86905781.0,86200000.0,87000000.0,43.494,3611400000.0,109400000.0,177700000.0,212900000.0,41.896,2158300000.0
10,SIG,MRY,2010-12-31,2011-01-29,2011-01-29,2021-09-02,-170800000.0,3089800000.0,3083925000.0,2542300000.0,547500000.0,1.115,22.625,-55600000.0,302100000.0,302100000.0,2194500000.0,200400000.0,3.576,0.594,31000000.0,31000000.0,0.0,31000000.0,499200000.0,97800000.0,0.0,0.0,0.0,372500000.0,470300000.0,0.137,470300000.0,372500000.0,300400000.0,2.34,2.32,2.34,1939000000.0,1822325000.0,1939000000.0,3415723024.0,9.0,7.263,267500000.0,3.121,1.0,1242900000.0,0.362,0.0,72100000.0,2107700000.0,2145800000.0,1184200000.0,0.0,0.0,0.0,1150800000.0,711000000.0,439800000.0,3563923024.0,-14800000.0,0.0,11300000.0,-293100000.0,0.0,-282300000.0,-55600000.0,0.0,323100000.0,700000.0,200400000.0,200400000.0,200400000.0,0.0,0.0,0.058,870400000.0,372500000.0,125900000.0,0.0,1.838,17.784,17.761,379000000.0,0.0,41.56,1.037,1.036,974100000.0,1662300000.0,3437400000.0,3437400000.0,0.0,0.065,0.11,0.174,0.108,16400000.0,980400000.0,1.0,85753682.0,85700000.0,86400000.0,40.11,3089800000.0,88700000.0,100000000.0,115700000.0,36.054,1831300000.0
11,SIG,MRY,2009-12-31,2010-01-30,2010-01-30,2021-09-02,-178200000.0,3044900000.0,2867900000.0,2453200000.0,591700000.0,1.141,19.977,-43500000.0,316200000.0,316200000.0,2208000000.0,157100000.0,3.84,0.787,324100000.0,44100000.0,280000000.0,324100000.0,475700000.0,108900000.0,0.0,0.0,0.0,264500000.0,373400000.0,0.114,373400000.0,264500000.0,230500000.0,1.84,1.83,1.84,1703600000.0,1657525000.0,1703600000.0,2803885697.0,11.0,7.509,471800000.0,5.533,1.0,1065600000.0,0.326,24200000.0,34000000.0,2389700000.0,2400900000.0,1173100000.0,0.0,0.0,0.0,1341300000.0,638900000.0,702400000.0,2333185697.0,220200000.0,0.0,1000000.0,-243400000.0,0.0,-251600000.0,-43500000.0,0.0,515300000.0,-800000.0,157100000.0,157100000.0,157100000.0,0.0,0.0,0.048,801100000.0,264500000.0,66200000.0,0.0,1.37,14.852,14.87,396900000.0,0.0,27.36,0.713,0.713,885900000.0,1462400000.0,3273600000.0,3273600000.0,0.0,0.055,0.095,0.11,0.081,5500000.0,916500000.0,1.0,85277255.0,85277255.0,,38.388,3020700000.0,114500000.0,73400000.0,118800000.0,35.422,1814300000.0
12,SIG,MRY,2008-12-31,2009-01-31,2009-01-31,2021-09-02,-195500000.0,2953900000.0,3276650000.0,2413200000.0,540700000.0,1.016,18.876,-113300000.0,96800000.0,96800000.0,2262200000.0,-402600000.0,3.273,0.835,567500000.0,187500000.0,380000000.0,567500000.0,262600000.0,108100000.0,0.0,0.044,0.312,-308000000.0,-199900000.0,-0.06,-199900000.0,-308000000.0,-340800000.0,-4.72,-4.72,-4.72,1609700000.0,1965450000.0,1609700000.0,974939684.0,-3.0,-4.877,51100000.0,0.599,1.0,1065800000.0,0.32,23900000.0,32800000.0,2663400000.0,2706450000.0,1364400000.0,0.0,0.0,0.0,1344200000.0,737300000.0,606900000.0,600339684.0,88000000.0,0.0,100000.0,160600000.0,-123800000.0,36900000.0,-113300000.0,0.0,164400000.0,-32900000.0,-402600000.0,-402600000.0,-402600000.0,0.0,0.0,-0.121,1377400000.0,-311600000.0,42200000.0,-0.066,0.373,-1.491,-1.492,452100000.0,0.0,7.04,0.18,0.18,907000000.0,1400900000.0,3328000000.0,3328000000.0,0.0,-0.123,-0.205,-0.114,-0.093,700000.0,969200000.0,1.0,85275523.0,85275523.0,,39.026,2930000000.0,54800000.0,61800000.0,112700000.0,34.359,1675900000.0
13,SIG,MRY,2007-12-31,2008-02-02,2008-02-02,2021-09-02,500000.0,3599400000.0,3282200000.0,2422800000.0,1176600000.0,1.117,27.092,-139400000.0,41700000.0,41700000.0,2414600000.0,219800000.0,3.748,0.551,416300000.0,36300000.0,380000000.0,416300000.0,275000000.0,109200000.0,0.0,0.051,1.46,365000000.0,474200000.0,0.129,474200000.0,365000000.0,336200000.0,2.58,2.55,2.58,2321200000.0,2033600000.0,2321200000.0,2585917485.0,7.0,5.453,1400000.0,0.016,1.0,1250700000.0,0.341,578000000.0,28800000.0,2749500000.0,2639550000.0,1453600000.0,0.0,0.0,0.0,1278200000.0,646500000.0,631700000.0,2467517485.0,-114400000.0,0.0,-23000000.0,31100000.0,-123900000.0,-115800000.0,-139400000.0,0.0,140800000.0,3800000.0,219800000.0,219800000.0,219800000.0,0.0,0.0,0.06,892000000.0,358700000.0,89300000.0,0.566,1.063,11.226,11.163,489200000.0,0.0,28.8,0.673,0.673,888700000.0,1918400000.0,3665300000.0,3665300000.0,0.0,0.067,0.108,0.138,0.1,-3400000.0,1000800000.0,1.0,85677690.0,85677690.0,,42.78,3021400000.0,74600000.0,116400000.0,127400000.0,35.265,1776300000.0
14,SIG,MRY,2006-12-31,2007-02-03,2007-02-03,2021-09-02,0.0,2965000000.0,2218000000.0,2372000000.0,593000000.0,1.605,20.082,-123800000.0,152300000.0,152300000.0,2266300000.0,252700000.0,3.812,0.698,385500000.0,5500000.0,380000000.0,385500000.0,254700000.0,96000000.0,0.0,0.024,1.18,421500000.0,517500000.0,0.145,517500000.0,421500000.0,387300000.0,2.92,2.86,2.92,1746000000.0,1312450000.0,1746000000.0,4325728262.0,10.0,8.359,75500000.0,0.868,1.0,1292900000.0,0.363,46300000.0,34200000.0,2529600000.0,1803750000.0,1350600000.0,0.0,0.0,0.0,1219000000.0,622300000.0,596700000.0,4227128262.0,47100000.0,0.0,-55700000.0,136000000.0,-108700000.0,-28400000.0,-123800000.0,0.0,199300000.0,12300000.0,252700000.0,252700000.0,252700000.0,0.0,0.0,0.071,888100000.0,404800000.0,467100000.0,0.404,2.421,16.728,16.651,484800000.0,0.0,48.62,1.188,1.188,898300000.0,1362200000.0,3559200000.0,3559200000.0,0.0,0.114,0.193,0.234,0.118,17200000.0,979600000.0,1.0,86942169.0,86942169.0,,40.938,2918700000.0,29000000.0,134600000.0,101700000.0,33.571,1749700000.0
15,SIG,MRY,2005-12-31,2006-01-28,2006-01-28,2021-09-02,0.0,1471000000.0,1390650000.0,1162600000.0,308400000.0,2.268,10.128,-113200000.0,52500000.0,52500000.0,2729400000.0,235400000.0,2.48,0.674,151100000.0,151100000.0,0.0,151100000.0,128400000.0,81000000.0,0.0,0.03,1.12,381410000.0,462410000.0,0.147,462410000.0,381410000.0,360860000.0,273.8,271.8,273.8,878900000.0,825300000.0,878900000.0,3096338725.0,8.0,6.696,225400000.0,2.597,1.0,424720000.0,0.135,22900000.0,20550000.0,1077900000.0,1070300000.0,679700000.0,0.0,0.0,0.0,592100000.0,468800000.0,123300000.0,3198738725.0,-92600000.0,0.0,3400000.0,-83918000.0,-94900000.0,-175400000.0,-118800000.0,0.0,338600000.0,0.0,235400000.0,235400000.0,235400000.0,0.0,0.0,0.075,49960000.0,374760000.0,240700000.0,0.004,3.639,13.589,0.135,253800000.0,0.0,36.86,1.014,1.014,444700000.0,656300000.0,3154120000.0,3154120000.0,0.0,0.169,0.285,0.356,0.121,8100000.0,133300000.0,1.0,86780758.0,86780758.0,,36.346,1448100000.0,17400000.0,125460000.0,50200000.0,16.687,693800000.0
16,SIG,MRY,2004-12-31,2005-01-29,2005-01-29,2021-09-02,0.0,1310300000.0,,1039700000.0,270600000.0,,8.941,-70300000.0,102400000.0,102400000.0,1371800000.0,134800000.0,3.314,0.698,185900000.0,53100000.0,132800000.0,185900000.0,109700000.0,41500000.0,0.0,0.028,1.2,215710000.0,257210000.0,0.159,257210000.0,215710000.0,204060000.0,157.8,157.8,157.8,771700000.0,616011000.0,771700000.0,3514262689.0,16.0,13.663,102300000.0,1.185,1.0,243720000.0,0.151,17400000.0,11650000.0,1062700000.0,,577900000.0,0.0,0.0,0.0,538600000.0,313700000.0,224900000.0,3642262689.0,-24500000.0,0.0,-2200000.0,-32518000.0,-43800000.0,-60500000.0,-68500000.0,0.0,172600000.0,0.0,134800000.0,134800000.0,134800000.0,0.0,0.0,0.083,31160000.0,212560000.0,191500000.0,0.008,4.72,27.02,0.267,225700000.0,0.0,42.2,2.255,2.255,371000000.0,556400000.0,1615520000.0,1615520000.0,0.0,,0.219,,0.134,0.0,69800000.0,1.0,86309542.0,86309542.0,,18.718,1292900000.0,15900000.0,69260000.0,43800000.0,14.98,726000000.0
17,SIG,MRY,2003-12-31,2004-01-31,2004-01-31,2021-09-02,0.0,,,1034700000.0,,,5.372,-50700000.0,128014000.0,128014000.0,1330700000.0,129600000.0,,0.466,0.0,,,0.0,0.0,0.0,0.0,0.019,0.673,210200000.0,210200000.0,0.131,210200000.0,210200000.0,199800000.0,150.0,150.0,150.0,460322000.0,485721500.0,460322000.0,2901325851.0,14.0,13.803,153100000.0,1.787,1.0,274200000.0,0.171,16810000.0,10400000.0,,,,,0.0,0.0,214578000.0,,,2990525851.0,-11800000.0,0.0,6300000.0,-12100000.0,-36700000.0,-84900000.0,-50700000.0,0.0,203800000.0,0.0,129600000.0,129600000.0,129600000.0,0.0,0.0,0.081,64000000.0,210200000.0,0.0,0.004,6.497,23.075,0.233,,0.0,34.9,1.863,1.863,365213000.0,,1604900000.0,1604900000.0,0.0,,0.267,,0.131,0.0,64000000.0,1.0,85688420.0,85688420.0,,18.729,,-5400000.0,70200000.0,0.0,,
18,SIG,MRY,2002-12-31,2003-02-01,2003-02-01,2021-09-02,0.0,,,974600000.0,,,5.965,-48200000.0,89214000.0,89214000.0,1331200000.0,120200000.0,,0.327,0.0,,,0.0,0.0,0.0,0.0,0.018,0.433,200000000.0,200000000.0,0.126,200000000.0,200000000.0,185970000.0,141.8,141.8,141.8,511121000.0,546321000.0,511121000.0,,,,134025000.0,1.564,1.0,262420000.0,0.165,19810000.0,14030000.0,,,,,0.0,0.0,167279000.0,,,2110791408.0,-8300000.0,0.0,4300000.0,-12100000.0,-30800000.0,-68500000.0,-48200000.0,0.0,182225000.0,0.0,120200000.0,120200000.0,120200000.0,0.0,0.0,0.075,62500000.0,199920000.0,0.0,0.003,4.13,17.561,0.174,,0.0,24.633,1.325,1.325,345913000.0,,1593620000.0,1593620000.0,0.0,,0.22,,0.126,0.0,62500000.0,1.0,85688420.0,85688420.0,,18.598,,-18000000.0,65770000.0,0.0,,
19,SIG,MRY,2001-12-31,2002-02-02,2002-02-02,2021-09-02,0.0,,,1002700000.0,,,,-60700000.0,66514000.0,66514000.0,1318300000.0,120400000.0,,0.169,0.0,,,0.0,0.0,0.0,0.0,0.013,0.387,198900000.0,198900000.0,0.126,198900000.0,198900000.0,183870000.0,143.8,143.8,143.8,581521000.0,,581521000.0,,,,127325000.0,,1.0,259820000.0,0.165,24210000.0,15030000.0,,,,,0.0,0.0,98179000.0,,,,-11700000.0,0.0,8900000.0,-16500000.0,-27700000.0,-63200000.0,-60700000.0,0.0,188025000.0,0.0,120400000.0,120400000.0,120400000.0,0.0,0.0,0.076,61000000.0,198820000.0,0.0,0.003,,,0.2,,0.0,28.7,,,380713000.0,,1578120000.0,1578120000.0,0.0,,,,0.126,0.0,61000000.0,1.0,,,,,,-9218000.0,63470000.0,0.0,,
20,SIG,MRY,2000-12-31,2001-01-27,2001-01-27,2021-09-02,,,,,,,,-54000000.0,,,1158900000.0,110700000.0,,,,,,,,0.0,,0.025,0.467,178800000.0,178800000.0,0.129,178800000.0,178800000.0,162870000.0,133.8,131.8,133.8,,,,,,,78100000.0,,1.0,228420000.0,0.165,,15930000.0,,,,,,,,,,,-12000000.0,-107500000.0,2000000.0,50200000.0,-24800000.0,84400000.0,-161500000.0,0.0,132100000.0,0.0,110700000.0,110700000.0,110700000.0,0.0,0.0,0.08,49700000.0,178720000.0,,0.003,,,0.141,,0.0,18.833,,,,,1387320000.0,1387320000.0,0.0,,,,0.129,0.0,49700000.0,1.0,,,,,,,52170000.0,,,
0,SIG,MRQ,2021-06-30,2021-07-31,2021-07-31,2021-09-02,-282600000.0,6311900000.0,,3822300000.0,2489600000.0,,29.516,-20900000.0,1573800000.0,1573800000.0,1070500000.0,224600000.0,2.077,2.639,1521600000.0,322500000.0,1199100000.0,1521600000.0,1107300000.0,41600000.0,0.0,0.003,0.18,225500000.0,267100000.0,0.149,267100000.0,225500000.0,221100000.0,4.1,3.6,4.1,1555500000.0,,1555500000.0,3670000571.0,5.0,4.076,276500000.0,5.247,1.0,717600000.0,0.401,434800000.0,4400000.0,3984400000.0,,2004700000.0,0.0,0.0,0.0,4105100000.0,1840500000.0,2264600000.0,3388600571.0,275300000.0,0.0,0.0,-3200000.0,0.0,-2200000.0,-19900000.0,1000000.0,297400000.0,100000.0,224600000.0,216000000.0,216000000.0,0.0,0.0,0.121,492200000.0,225400000.0,730600000.0,0.044,2.178,5.72,5.674,1789400000.0,8600000.0,64.34,0.487,0.487,13900000.0,2509300000.0,1788100000.0,1788100000.0,0.0,,,,,17500000.0,502600000.0,1.0,52667090.0,52700000.0,62400000.0,33.93,5877100000.0,76200000.0,-3500000.0,158500000.0,111.52,1981800000.0
1,SIG,MRQ,2021-03-31,2021-05-01,2021-05-01,2021-09-02,-283600000.0,6180800000.0,,3641800000.0,2539000000.0,,25.347,-11300000.0,1298400000.0,1298400000.0,1010400000.0,138400000.0,1.919,3.187,1579800000.0,345700000.0,1234100000.0,1579800000.0,1107700000.0,42100000.0,0.0,0.0,0.0,168800000.0,210900000.0,0.125,210900000.0,168800000.0,164900000.0,2.49,2.23,2.49,1320600000.0,,1320600000.0,3626410225.0,9.0,6.132,149800000.0,2.875,1.0,678400000.0,0.402,435500000.0,3900000.0,4129200000.0,,2019000000.0,0.0,0.0,0.0,4209300000.0,1897500000.0,2311800000.0,3127610225.0,122600000.0,-14400000.0,0.0,0.0,0.0,-13700000.0,-24800000.0,900000.0,161100000.0,3300000.0,138400000.0,129800000.0,129800000.0,0.0,0.0,0.077,509700000.0,168700000.0,700100000.0,0.0,2.368,10.92,10.844,1845700000.0,8600000.0,59.75,0.516,0.513,78900000.0,2304200000.0,1688800000.0,1688800000.0,0.0,,,,,8000000.0,512000000.0,1.0,52344941.0,52100000.0,62000000.0,32.415,5745300000.0,75200000.0,26500000.0,195600000.0,110.274,1744300000.0
2,SIG,MRQ,2020-12-31,2021-01-30,2021-01-30,2021-09-02,-290500000.0,6178900000.0,,3582000000.0,2596900000.0,,22.759,-41900000.0,1172500000.0,1172500000.0,1317000000.0,254300000.0,1.792,3.651,1671300000.0,377300000.0,1294000000.0,1671300000.0,1072000000.0,45700000.0,0.0,0.0,0.0,291600000.0,337300000.0,0.154,337300000.0,291600000.0,285200000.0,4.73,4.73,4.73,1190300000.0,,1190300000.0,3402502503.0,-59.0,28.762,723700000.0,13.837,1.0,869500000.0,0.398,417000000.0,6400000.0,4262000000.0,,2032500000.0,0.0,0.0,0.0,4346300000.0,1998700000.0,2347600000.0,2126002503.0,-168200000.0,0.0,0.0,-893200000.0,-100000.0,-893700000.0,-40100000.0,1800000.0,765600000.0,8100000.0,254300000.0,245700000.0,245700000.0,0.0,0.0,0.112,577600000.0,291900000.0,812600000.0,0.0,1.786,-43.655,-43.213,1967700000.0,8600000.0,40.62,0.407,0.404,88700000.0,2189200000.0,2186500000.0,2186500000.0,0.0,,,,,4900000.0,573800000.0,1.0,52338811.0,52300000.0,52300000.0,41.807,5761900000.0,68100000.0,30900000.0,185200000.0,110.17,1583300000.0
3,SIG,MRQ,2020-09-30,2020-10-31,2020-10-31,2021-09-02,-314400000.0,6532500000.0,,3904600000.0,2627900000.0,,17.58,-17500000.0,1332600000.0,1332600000.0,865800000.0,9300000.0,2.255,5.44,2609100000.0,382600000.0,2226500000.0,2609100000.0,1022800000.0,45500000.0,0.0,0.017,0.0,39700000.0,85200000.0,0.066,85200000.0,39700000.0,30600000.0,0.02,0.02,0.02,915900000.0,,915900000.0,2957201973.0,-23.0,56.651,433100000.0,8.313,1.0,434500000.0,0.334,416800000.0,9100000.0,5660700000.0,,2174000000.0,0.0,0.0,0.0,4982700000.0,1731500000.0,3251200000.0,1166201973.0,132200000.0,0.0,0.0,-297400000.0,0.0,-301200000.0,-17200000.0,300000.0,450600000.0,-3600000.0,9300000.0,900000.0,900000.0,0.0,0.0,0.001,394800000.0,39700000.0,558400000.0,0.0,1.273,-10.088,-10.036,2008000000.0,8400000.0,22.28,0.225,0.223,58300000.0,1943600000.0,1300300000.0,1300300000.0,0.0,,,,,3300000.0,389300000.0,1.0,52342997.0,52100000.0,53400000.0,24.958,6115700000.0,124700000.0,21300000.0,195100000.0,117.384,2173100000.0
4,SIG,MRQ,2020-06-30,2020-08-01,2020-08-01,2021-09-02,-310000000.0,6578100000.0,,3862800000.0,2715300000.0,,17.623,-15900000.0,1204000000.0,1204000000.0,663700000.0,-81700000.0,2.576,5.496,2995000000.0,395600000.0,2599400000.0,2995000000.0,1030200000.0,47500000.0,0.0,0.069,0.0,-89500000.0,-42000000.0,-0.047,-42000000.0,-89500000.0,-98900000.0,-1.73,-1.73,-1.73,916400000.0,,916400000.0,2578647302.0,-13.0,-116.155,147800000.0,2.842,1.0,224300000.0,0.253,417000000.0,9400000.0,6452700000.0,,2193100000.0,0.0,0.0,0.0,5036100000.0,1499400000.0,3536700000.0,561947302.0,131900000.0,0.0,0.0,-12800000.0,0.0,-17700000.0,-14100000.0,1800000.0,163700000.0,5500000.0,-81700000.0,-90000000.0,-90000000.0,0.0,0.0,-0.101,314000000.0,-89700000.0,302200000.0,0.0,0.613,-3.508,-3.487,2105700000.0,8300000.0,10.74,0.111,0.11,31500000.0,1943700000.0,888000000.0,888000000.0,0.0,,,,,4900000.0,265900000.0,1.0,52322840.0,52000000.0,52000000.0,17.077,6161100000.0,264900000.0,-17200000.0,157800000.0,118.483,2363400000.0
5,SIG,MRQ,2020-03-31,2020-05-02,2020-05-02,2021-09-02,-327800000.0,6877700000.0,,4015500000.0,2862200000.0,,18.992,-7700000.0,1066600000.0,1066600000.0,647900000.0,-197100000.0,2.395,5.363,3083300000.0,412500000.0,2670800000.0,3083300000.0,991000000.0,37300000.0,0.0,0.122,0.0,-299500000.0,-262200000.0,-0.308,-262200000.0,-299500000.0,-306600000.0,-3.96,-3.96,-3.96,983800000.0,,983800000.0,2488203106.0,-19.0,58.684,-15300000.0,-0.295,1.0,204200000.0,0.24,416700000.0,7100000.0,6801000000.0,,2392200000.0,0.0,0.0,0.0,5276500000.0,1676700000.0,3599800000.0,475303106.0,700000000.0,0.0,0.0,746000000.0,-19300000.0,714000000.0,-6400000.0,1300000.0,-7600000.0,-7900000.0,-197100000.0,-205300000.0,-205300000.0,0.0,0.0,-0.241,503800000.0,-299600000.0,329100000.0,0.0,0.483,-4.151,-4.109,2228500000.0,8200000.0,9.08,0.086,0.085,29800000.0,2037400000.0,852100000.0,852100000.0,0.0,,,,,1400000.0,358400000.0,1.0,52346157.0,51800000.0,51800000.0,16.45,6461000000.0,211300000.0,-109500000.0,123700000.0,124.73,2338800000.0
6,SIG,MRQ,2019-12-31,2020-02-01,2020-02-01,2021-09-02,-293800000.0,6299100000.0,,3154800000.0,3144300000.0,,23.648,-40500000.0,374500000.0,374500000.0,1255400000.0,187100000.0,1.909,3.648,2387400000.0,433800000.0,1953600000.0,2387400000.0,997700000.0,48500000.0,0.0,0.061,0.37,222700000.0,271200000.0,0.126,271200000.0,222700000.0,215000000.0,3.45,3.45,3.45,1222600000.0,,1222600000.0,3651546600.0,22.0,10.637,401700000.0,7.77,1.0,897900000.0,0.417,512600000.0,7700000.0,6146800000.0,,2331700000.0,0.0,0.0,0.0,4459500000.0,1652600000.0,2806900000.0,1272546600.0,179800000.0,0.0,0.0,-193100000.0,-19400000.0,-221500000.0,-40900000.0,-400000.0,442200000.0,6100000.0,187100000.0,178800000.0,178800000.0,0.0,0.0,0.083,674700000.0,223200000.0,227900000.0,0.107,1.041,17.528,17.364,2425200000.0,8300000.0,24.31,0.207,0.205,38800000.0,2242900000.0,2153300000.0,2153300000.0,0.0,,,,,3900000.0,633200000.0,1.0,52346631.0,51700000.0,52100000.0,41.65,5786500000.0,11000000.0,27900000.0,32900000.0,111.925,1502200000.0
7,SIG,MRQ,2019-09-30,2019-11-02,2019-11-02,2021-09-02,-299500000.0,6101600000.0,,2938700000.0,3162900000.0,,20.284,-43100000.0,188600000.0,188600000.0,820000000.0,-35500000.0,2.125,4.22,2567600000.0,329900000.0,2237700000.0,2567600000.0,960500000.0,43700000.0,0.0,0.091,0.37,-32900000.0,10800000.0,0.009,10800000.0,-32900000.0,-41500000.0,-0.84,-0.84,-0.84,1050700000.0,,1050700000.0,3081364877.0,-22.0,90.363,-176200000.0,-3.402,1.0,367700000.0,0.31,513000000.0,8600000.0,6584500000.0,,2519400000.0,0.0,0.0,0.0,4434400000.0,1383100000.0,3051300000.0,846664877.0,-83400000.0,0.0,0.0,111900000.0,-19500000.0,86200000.0,-36500000.0,6600000.0,-133100000.0,500000.0,-35500000.0,-43700000.0,-43700000.0,0.0,0.0,-0.037,407600000.0,-39900000.0,333900000.0,-0.44,0.806,-3.807,-3.716,2435200000.0,8200000.0,16.2,0.138,0.137,20800000.0,2079700000.0,1187700000.0,1187700000.0,0.0,,,,,4700000.0,398400000.0,1.0,52263264.0,51800000.0,51800000.0,22.929,5588600000.0,21000000.0,-6000000.0,17400000.0,107.888,1555600000.0
8,SIG,MRQ,2019-06-30,2019-08-03,2019-08-03,2021-09-02,-322300000.0,5965600000.0,,2758600000.0,3207000000.0,,21.048,-27600000.0,271500000.0,271500000.0,905700000.0,-36100000.0,2.103,3.916,2506200000.0,379000000.0,2127200000.0,2506200000.0,965200000.0,44800000.0,0.0,0.086,0.37,-22200000.0,22600000.0,0.017,22600000.0,-22200000.0,-32300000.0,-0.86,-0.86,-0.86,1088200000.0,,1088200000.0,3337240591.0,-21.0,171.141,113600000.0,2.197,1.0,458700000.0,0.336,513100000.0,10100000.0,6375600000.0,,2272100000.0,0.0,0.0,0.0,4261300000.0,1311600000.0,2949700000.0,901340591.0,81200000.0,0.0,0.0,-800000.0,-19300000.0,-27000000.0,-33000000.0,-5400000.0,141200000.0,-4800000.0,-36100000.0,-44300000.0,-44300000.0,0.0,0.0,-0.032,481100000.0,-22400000.0,224100000.0,-0.43,0.828,-4.157,-4.054,2479500000.0,8200000.0,17.27,0.147,0.145,21800000.0,2154200000.0,1364400000.0,1364400000.0,0.0,,,,,4300000.0,411400000.0,1.0,52191117.0,51700000.0,51700000.0,26.391,5452500000.0,22300000.0,3800000.0,25100000.0,105.464,1447000000.0
9,SIG,MRQ,2019-03-31,2019-05-04,2019-05-04,2021-09-02,-307900000.0,6193300000.0,,2822700000.0,3370600000.0,,22.508,-24600000.0,195100000.0,195100000.0,932300000.0,-10000000.0,2.072,3.802,2631000000.0,402600000.0,2228400000.0,2631000000.0,976600000.0,41000000.0,0.0,0.064,0.37,-2300000.0,38700000.0,0.027,38700000.0,-2300000.0,-11500000.0,-0.35,-0.35,-0.35,1161400000.0,,1161400000.0,1734299453.0,-9.0,-103.232,80800000.0,1.566,1.0,499400000.0,0.349,560500000.0,9200000.0,6706500000.0,,2394200000.0,0.0,0.0,0.0,4416200000.0,1362200000.0,3054000000.0,1201299453.0,300000.0,0.0,0.0,-46200000.0,-19200000.0,-74700000.0,-30400000.0,-5800000.0,105400000.0,-600000.0,-10000000.0,-18200000.0,-18200000.0,0.0,0.0,-0.013,502000000.0,-2600000.0,238300000.0,-1.057,1.034,-5.897,-5.846,2598900000.0,8200000.0,23.15,0.194,0.193,23100000.0,2223400000.0,1431700000.0,1431700000.0,0.0,,,,,4000000.0,475200000.0,1.0,51891985.0,51600000.0,51600000.0,27.746,5632800000.0,26800000.0,-1500000.0,24100000.0,109.163,1460500000.0
10,SIG,MRQ,2018-12-31,2019-02-02,2019-02-02,2021-09-02,-302800000.0,4420100000.0,,2855800000.0,1564300000.0,,23.242,-40100000.0,195400000.0,195400000.0,1276900000.0,-107900000.0,2.765,2.166,728400000.0,78800000.0,649600000.0,728400000.0,966500000.0,45200000.0,0.0,0.062,0.37,-83200000.0,-38000000.0,-0.018,-38000000.0,-83200000.0,-94000000.0,-2.31,-2.31,-2.31,1201600000.0,,1201600000.0,2096636848.0,-3.0,-3.619,344100000.0,6.656,1.0,877800000.0,0.407,561600000.0,10800000.0,3358500000.0,,2386900000.0,0.0,0.0,0.0,2603200000.0,1033000000.0,1570200000.0,1244336848.0,62700000.0,0.0,0.0,-255000000.0,-19200000.0,-282000000.0,-39500000.0,600000.0,384200000.0,2000000.0,-107900000.0,-116200000.0,-116200000.0,0.0,0.0,-0.054,961300000.0,-83500000.0,153700000.0,-0.16,1.036,-1.803,-1.899,800500000.0,8300000.0,23.97,0.199,0.21,23700000.0,2282200000.0,2154700000.0,2154700000.0,0.0,,,,,1000000.0,647200000.0,1.0,51912259.0,51700000.0,51700000.0,41.677,3858500000.0,26800000.0,13900000.0,27700000.0,74.632,1822800000.0
11,SIG,MRQ,2018-09-30,2018-11-03,2018-11-03,2021-09-02,-306800000.0,4907500000.0,,3010100000.0,1897400000.0,,26.194,-37300000.0,130700000.0,130700000.0,820500000.0,-29900000.0,2.204,2.182,983000000.0,322600000.0,660400000.0,983000000.0,924800000.0,44700000.0,0.0,0.024,0.37,-48500000.0,-3800000.0,-0.003,-3800000.0,-48500000.0,-59100000.0,-0.74,-0.74,-0.74,1349000000.0,,1349000000.0,3671694077.0,-10.0,-22.735,-176400000.0,-3.425,1.0,371200000.0,0.311,849200000.0,10600000.0,3544900000.0,,2647100000.0,0.0,0.0,0.0,2943700000.0,1365700000.0,1578000000.0,3023294077.0,-2800000.0,0.0,0.0,200100000.0,-19200000.0,173100000.0,-36800000.0,500000.0,-139100000.0,-600000.0,-29900000.0,-38100000.0,-38100000.0,0.0,0.0,-0.032,420000000.0,-48800000.0,339600000.0,-0.5,2.241,-13.082,-13.544,810400000.0,8200000.0,58.24,0.473,0.47,14100000.0,3763500000.0,1191700000.0,1191700000.0,0.0,,,,,7300000.0,410300000.0,1.0,51910956.0,51500000.0,51500000.0,23.14,4058300000.0,36200000.0,-29200000.0,31800000.0,78.802,1644400000.0
12,SIG,MRQ,2018-06-30,2018-08-04,2018-08-04,2021-09-02,-306300000.0,4740800000.0,,2867500000.0,1873300000.0,,24.957,-24500000.0,134100000.0,134100000.0,993100000.0,-23000000.0,2.693,1.947,782500000.0,111400000.0,671100000.0,782500000.0,939600000.0,43900000.0,0.0,0.023,0.37,-57600000.0,-13700000.0,-0.01,-13700000.0,-57600000.0,-67000000.0,-0.56,-0.56,-0.56,1400100000.0,,1400100000.0,4085758215.0,-14.0,-39.476,400200000.0,7.134,1.0,427000000.0,0.301,850300000.0,9400000.0,3474100000.0,,2363800000.0,0.0,0.0,0.0,2726300000.0,1064800000.0,1661500000.0,3487658215.0,-17100000.0,0.0,-425000000.0,30100000.0,-21800000.0,-424500000.0,-17300000.0,7200000.0,424700000.0,-2700000.0,-23000000.0,-31200000.0,-31200000.0,0.0,0.0,-0.022,485100000.0,-58100000.0,236700000.0,-0.661,2.491,-17.005,-15.668,820100000.0,8200000.0,58.91,0.549,0.52,11100000.0,3820700000.0,1420100000.0,1420100000.0,0.0,,,,,6400000.0,444800000.0,1.0,59203161.0,56100000.0,56100000.0,25.314,3890500000.0,121400000.0,-44000000.0,91000000.0,69.349,1802700000.0
13,SIG,MRQ,2018-03-31,2018-05-05,2018-05-05,2021-09-02,-281900000.0,5272900000.0,,3366300000.0,1906600000.0,,31.808,-26100000.0,153900000.0,153900000.0,995800000.0,-496600000.0,3.037,1.462,752000000.0,72300000.0,679700000.0,752000000.0,952400000.0,49800000.0,0.0,0.034,0.37,-573600000.0,-523800000.0,-0.354,-523800000.0,-573600000.0,-582500000.0,-8.48,-8.48,-8.48,1892600000.0,,1892600000.0,2742218946.0,-25.0,29.111,1800000.0,0.03,1.0,484800000.0,0.327,852300000.0,8900000.0,3910300000.0,,2429000000.0,0.0,0.0,0.0,2766300000.0,1108400000.0,1657900000.0,2235118946.0,-66800000.0,0.0,-60000000.0,19400000.0,-18800000.0,-69300000.0,-25400000.0,700000.0,27900000.0,-4400000.0,-496600000.0,-504800000.0,-504800000.0,0.0,0.0,-0.341,1059000000.0,-574200000.0,287500000.0,-0.044,1.181,-25.199,-20.366,847200000.0,8200000.0,37.88,0.353,0.356,491400000.0,3869200000.0,1480600000.0,1480600000.0,0.0,,,,,1800000.0,482800000.0,1.0,59005252.0,59500000.0,59500000.0,24.884,4420600000.0,56000000.0,-85900000.0,74200000.0,74.296,2257900000.0
14,SIG,MRQ,2017-12-31,2018-02-03,2018-02-03,2021-09-02,-260600000.0,5839600000.0,,3446100000.0,2393500000.0,,41.663,-71300000.0,225100000.0,225100000.0,1373300000.0,351300000.0,3.323,1.091,732200000.0,44000000.0,688200000.0,732200000.0,957500000.0,56300000.0,0.0,0.024,0.31,323500000.0,379800000.0,0.166,379800000.0,323500000.0,313500000.0,5.48,5.2,5.48,2499800000.0,,2499800000.0,3983910310.0,7.0,5.086,386900000.0,6.448,1.0,919800000.0,0.401,1303200000.0,10000000.0,4006300000.0,,2280500000.0,0.0,0.0,0.0,2726200000.0,1037200000.0,1689000000.0,3108710310.0,105200000.0,600000.0,0.0,-256800000.0,-18800000.0,-282900000.0,-70100000.0,600000.0,458200000.0,6500000.0,351300000.0,343000000.0,343000000.0,0.0,0.0,0.15,596300000.0,323500000.0,237000000.0,0.057,1.244,6.391,6.654,877900000.0,8300000.0,51.37,0.497,0.518,779700000.0,4396200000.0,2293100000.0,2293100000.0,0.0,,,,,5100000.0,634500000.0,1.0,60516066.0,60000000.0,69800000.0,38.218,4536400000.0,4000000.0,-37800000.0,111900000.0,75.607,2408900000.0
15,SIG,MRQ,2017-09-30,2017-10-28,2017-10-28,2021-09-02,-292400000.0,5800700000.0,,3462200000.0,2338500000.0,,35.591,-60400000.0,113400000.0,113400000.0,835800000.0,-3900000.0,2.628,1.425,988600000.0,291800000.0,696800000.0,988600000.0,916400000.0,48700000.0,0.0,0.018,0.31,5500000.0,54200000.0,0.047,54200000.0,5500000.0,-11100000.0,-0.2,-0.2,-0.2,2139000000.0,,2139000000.0,5561957734.0,8.0,6.523,1012100000.0,16.84,1.0,321100000.0,0.278,1277500000.0,16600000.0,4080900000.0,,2466100000.0,0.0,0.0,0.0,3048600000.0,1317500000.0,1731100000.0,4036357734.0,-4900000.0,-332400000.0,0.0,-656500000.0,-18700000.0,-684500000.0,-392900000.0,-100000.0,1072500000.0,-800000.0,-3900000.0,-12100000.0,-12100000.0,0.0,0.0,-0.01,315600000.0,5500000.0,324900000.0,-1.55,1.887,9.361,10.926,855100000.0,8200000.0,66.76,0.648,0.644,720400000.0,4074900000.0,1156900000.0,1156900000.0,0.0,,,,,4300000.0,375900000.0,1.0,60460721.0,60100000.0,60100000.0,19.25,4523200000.0,18600000.0,-7200000.0,143800000.0,75.261,2144700000.0
16,SIG,MRQ,2017-06-30,2017-07-29,2017-07-29,2021-09-02,-282300000.0,6313800000.0,,4342800000.0,1971000000.0,,34.116,-49500000.0,119100000.0,119100000.0,941700000.0,93400000.0,2.399,1.619,1644700000.0,939400000.0,705300000.0,1644700000.0,921100000.0,48400000.0,0.0,0.019,0.31,135600000.0,184000000.0,0.131,184000000.0,135600000.0,122100000.0,1.34,1.33,1.34,2176600000.0,,2176600000.0,5551531731.0,8.0,6.326,303500000.0,4.757,1.0,457900000.0,0.327,933800000.0,13500000.0,5095600000.0,,2282100000.0,0.0,0.0,0.0,3524500000.0,1810000000.0,1714500000.0,4208131731.0,13400000.0,0.0,-460000000.0,201200000.0,-21200000.0,-289800000.0,-49800000.0,-300000.0,353000000.0,6000000.0,93400000.0,85200000.0,85200000.0,0.0,0.0,0.061,322300000.0,135600000.0,148200000.0,0.231,1.933,9.186,9.449,836600000.0,8200000.0,61.51,0.672,0.627,1811300000.0,4110300000.0,1399600000.0,1399600000.0,0.0,,,,,4000000.0,409000000.0,1.0,68413782.0,63800000.0,70500000.0,21.937,5380000000.0,1800000.0,28700000.0,136800000.0,84.326,2532800000.0
17,SIG,MRQ,2017-03-31,2017-04-29,2017-04-29,2021-09-02,-305400000.0,6465200000.0,,4507800000.0,1957400000.0,,37.348,-56200000.0,99700000.0,99700000.0,912200000.0,78500000.0,4.437,1.301,1443100000.0,131500000.0,1311600000.0,1443100000.0,930700000.0,50000000.0,0.0,0.017,0.31,115300000.0,165300000.0,0.118,165300000.0,115300000.0,102700000.0,1.03,1.03,1.03,2543400000.0,,2543400000.0,5807196690.0,9.0,6.755,600000.0,0.009,1.0,491200000.0,0.35,928000000.0,12600000.0,5864700000.0,,2432400000.0,0.0,0.0,0.0,3309500000.0,1015900000.0,2293600000.0,4496896690.0,3800000.0,0.0,0.0,33700000.0,-17800000.0,3600000.0,-56600000.0,-400000.0,56800000.0,-2800000.0,78500000.0,70300000.0,70300000.0,0.0,0.0,0.05,375900000.0,115300000.0,177800000.0,0.301,1.768,9.888,10.568,829800000.0,8200000.0,65.84,0.721,0.719,1814900000.0,4042900000.0,1403400000.0,1403400000.0,0.0,,,,,2700000.0,452800000.0,1.0,68300375.0,68100000.0,68200000.0,20.608,5537200000.0,2400000.0,24200000.0,151400000.0,81.31,3491900000.0
18,SIG,MRQ,2016-12-31,2017-01-28,2017-01-28,2021-09-02,-307700000.0,6597800000.0,,4642600000.0,1955200000.0,,36.195,-82400000.0,98700000.0,98700000.0,1324400000.0,297500000.0,3.857,1.404,1409000000.0,91100000.0,1317900000.0,1409000000.0,935900000.0,50000000.0,0.0,0.013,0.26,399200000.0,449200000.0,0.198,449200000.0,399200000.0,386200000.0,3.94,3.9,3.94,2490200000.0,,2490200000.0,7096061073.0,9.0,7.454,235000000.0,3.416,1.0,945500000.0,0.417,934600000.0,13000000.0,5769800000.0,,2449300000.0,0.0,0.0,0.0,3495700000.0,1203700000.0,2292000000.0,5565761073.0,15000000.0,0.0,0.0,-204300000.0,-18100000.0,-220000000.0,-82400000.0,0.0,317400000.0,1000000.0,297500000.0,287800000.0,287800000.0,0.0,0.0,0.127,546300000.0,399200000.0,255700000.0,0.066,2.235,10.476,11.219,822900000.0,9700000.0,79.99,0.869,0.93,1953900000.0,3995900000.0,2269900000.0,2269900000.0,0.0,,,,,-7100000.0,615300000.0,1.0,69580711.0,68800000.0,77300000.0,32.993,5663200000.0,5100000.0,88700000.0,203200000.0,82.314,3438900000.0
19,SIG,MRQ,2016-09-30,2016-10-29,2016-10-29,2021-09-02,-302300000.0,6487500000.0,,4555000000.0,1932500000.0,,30.356,-94600000.0,82700000.0,82700000.0,836200000.0,17000000.0,3.412,1.633,1613000000.0,288800000.0,1324200000.0,1613000000.0,888800000.0,47000000.0,0.0,0.012,0.26,32100000.0,79100000.0,0.067,79100000.0,32100000.0,19400000.0,0.2,0.2,0.2,2231200000.0,,2231200000.0,7529027240.0,10.0,7.995,-42900000.0,-0.584,1.0,350000000.0,0.295,936800000.0,12700000.0,5746000000.0,,2649400000.0,0.0,0.0,0.0,3644600000.0,1335000000.0,2309600000.0,6078627240.0,-33400000.0,0.0,-620600000.0,46300000.0,-19600000.0,10400000.0,-95500000.0,-900000.0,51700000.0,-2600000.0,17000000.0,14800000.0,14800000.0,0.0,0.0,0.012,317900000.0,32100000.0,382200000.0,1.3,2.724,11.794,12.258,791100000.0,2200000.0,80.41,0.931,0.905,1655300000.0,3727800000.0,1186200000.0,1186200000.0,0.0,,,,,5200000.0,386500000.0,1.0,75595414.0,73500000.0,73600000.0,16.139,5550700000.0,20800000.0,2400000.0,137800000.0,75.52,3220000000.0
20,SIG,MRQ,2016-06-30,2016-07-30,2016-07-30,2021-09-02,-275000000.0,6298000000.0,,4407900000.0,1890100000.0,,37.353,-61700000.0,118700000.0,118700000.0,908500000.0,81900000.0,3.853,1.187,1569100000.0,238600000.0,1330500000.0,1569100000.0,894400000.0,46200000.0,0.0,0.011,0.26,119900000.0,166100000.0,0.121,166100000.0,119900000.0,108000000.0,1.06,1.06,1.06,2879900000.0,,2879900000.0,8166092339.0,11.0,8.676,133100000.0,1.726,1.0,464900000.0,0.339,942800000.0,11900000.0,5661500000.0,,2418300000.0,0.0,0.0,0.0,3418100000.0,1144100000.0,2274000000.0,6857492339.0,7700000.0,0.0,-250100000.0,145000000.0,-20400000.0,-125500000.0,-61600000.0,100000.0,194800000.0,-2000000.0,81900000.0,81900000.0,81900000.0,0.0,0.0,0.06,345000000.0,119900000.0,195100000.0,0.245,2.381,13.3,13.421,739500000.0,0.0,87.91,1.045,1.033,1717500000.0,3727300000.0,1373400000.0,1373400000.0,0.0,,,,,5000000.0,415700000.0,1.0,78005828.0,77100000.0,77200000.0,17.813,5355200000.0,1400000.0,26100000.0,118100000.0,69.458,3263800000.0
21,SIG,MRQ,2016-03-31,2016-04-30,2016-04-30,2021-09-02,-238500000.0,6427700000.0,,4541200000.0,1886500000.0,,39.417,-39300000.0,113000000.0,113000000.0,978500000.0,146800000.0,4.301,1.075,1421600000.0,110100000.0,1311500000.0,1421600000.0,905800000.0,45600000.0,0.0,0.008,0.26,212000000.0,257600000.0,0.163,257600000.0,212000000.0,200200000.0,1.87,1.87,1.87,3098200000.0,,3098200000.0,9759919257.0,13.0,10.625,75100000.0,0.955,1.0,600400000.0,0.38,950100000.0,11800000.0,5730400000.0,,2512600000.0,0.0,0.0,0.0,3329500000.0,1055800000.0,2273700000.0,8509419257.0,-27600000.0,0.0,-129300000.0,42400000.0,-17500000.0,-103100000.0,-38900000.0,400000.0,114400000.0,2900000.0,146800000.0,146800000.0,146800000.0,0.0,0.0,0.093,388400000.0,212000000.0,255700000.0,0.139,2.747,17.16,17.314,725700000.0,0.0,108.56,1.29,1.293,1753000000.0,3665100000.0,1578900000.0,1578900000.0,0.0,,,,,2500000.0,462700000.0,1.0,78384481.0,78600000.0,78700000.0,20.088,5477600000.0,1400000.0,53400000.0,107200000.0,69.69,3485400000.0
22,SIG,MRQ,2015-12-31,2016-01-30,2016-01-30,2021-09-02,-274100000.0,6464900000.0,,4588100000.0,1876800000.0,,38.792,-55700000.0,137700000.0,137700000.0,1376600000.0,271900000.0,3.986,1.112,1378700000.0,57700000.0,1321000000.0,1378700000.0,889400000.0,45800000.0,0.0,0.009,0.22,393100000.0,438900000.0,0.183,438900000.0,393100000.0,381000000.0,3.43,3.42,3.43,3060700000.0,,3060700000.0,10737008288.0,15.0,12.215,298900000.0,3.788,1.0,1016000000.0,0.425,943300000.0,12100000.0,5611500000.0,,2453900000.0,0.0,0.0,0.0,3404200000.0,1151100000.0,2253100000.0,9225708288.0,64500000.0,0.0,-16400000.0,-200300000.0,-17500000.0,-232400000.0,-57700000.0,-2000000.0,354600000.0,-4000000.0,271900000.0,271900000.0,271900000.0,0.0,0.0,0.114,622900000.0,393100000.0,269100000.0,0.064,3.014,19.717,19.694,727600000.0,0.0,116.0,1.408,1.408,1840400000.0,3534600000.0,2392600000.0,2392600000.0,0.0,,,,,2800000.0,686600000.0,1.0,79531968.0,78900000.0,79100000.0,30.324,5521600000.0,3500000.0,109100000.0,138200000.0,69.982,3437000000.0
23,SIG,MRQ,2015-09-30,2015-10-31,2015-10-31,2021-09-02,-245800000.0,6325900000.0,,4477100000.0,1848800000.0,,35.876,-71900000.0,77200000.0,77200000.0,848700000.0,15000000.0,3.527,1.224,1578600000.0,248000000.0,1330600000.0,1578600000.0,838900000.0,45000000.0,0.0,0.008,0.22,33600000.0,78600000.0,0.065,78600000.0,33600000.0,21900000.0,0.19,0.19,0.19,2845000000.0,,2845000000.0,13284517537.0,21.0,16.266,-193800000.0,-2.444,1.0,367700000.0,0.302,951900000.0,11700000.0,5605900000.0,,2727000000.0,0.0,0.0,0.0,3480900000.0,1269500000.0,2211400000.0,12013617537.0,-82300000.0,0.0,-26900000.0,157800000.0,-17500000.0,113400000.0,-73800000.0,-1900000.0,-121900000.0,-300000.0,15000000.0,15000000.0,15000000.0,0.0,0.0,0.012,334100000.0,33600000.0,371400000.0,1.158,4.223,28.334,28.426,718000000.0,0.0,150.94,1.867,1.86,1506900000.0,3280300000.0,1216400000.0,1216400000.0,0.0,,,,,4700000.0,395000000.0,1.0,79592007.0,79300000.0,79500000.0,15.339,5374000000.0,26400000.0,6900000.0,57400000.0,67.768,3207600000.0
24,SIG,MRQ,2015-06-30,2015-08-01,2015-08-01,2021-09-02,-243700000.0,6071300000.0,,4250400000.0,1820900000.0,,36.038,-56000000.0,159800000.0,159800000.0,919800000.0,62200000.0,4.412,1.114,1420300000.0,80200000.0,1340100000.0,1420300000.0,837200000.0,42700000.0,0.0,0.01,0.22,100800000.0,143500000.0,0.102,143500000.0,100800000.0,89700000.0,0.78,0.78,0.78,2872200000.0,,2872200000.0,10991444034.0,18.0,13.929,87600000.0,1.099,1.0,490800000.0,0.348,955400000.0,11100000.0,5413100000.0,,2414200000.0,0.0,0.0,0.0,3199100000.0,963300000.0,2235800000.0,9713044034.0,36900000.0,0.0,-62300000.0,29700000.0,-17700000.0,-50300000.0,-56400000.0,-400000.0,143600000.0,300000.0,62200000.0,62200000.0,62200000.0,0.0,0.0,0.044,390000000.0,100800000.0,194000000.0,0.282,3.382,23.824,23.769,685100000.0,0.0,121.22,1.519,1.511,1548400000.0,3282800000.0,1410600000.0,1410600000.0,0.0,,,,,3800000.0,452800000.0,1.0,80127405.0,79700000.0,79900000.0,17.699,5115900000.0,6200000.0,27500000.0,68300000.0,64.189,3287100000.0
25,SIG,MRQ,2015-03-31,2015-05-02,2015-05-02,2021-09-02,-234300000.0,6110400000.0,,4302700000.0,1807700000.0,,36.149,-42900000.0,122600000.0,122600000.0,964700000.0,118800000.0,4.336,1.113,1390200000.0,43000000.0,1347200000.0,1390200000.0,841300000.0,41800000.0,0.0,0.008,0.44,176200000.0,218000000.0,0.142,218000000.0,176200000.0,165200000.0,1.49,1.48,1.49,2891900000.0,,2891900000.0,12245242361.0,20.0,15.994,24100000.0,0.301,1.0,565900000.0,0.37,966600000.0,11000000.0,5419100000.0,,2487800000.0,0.0,0.0,0.0,3218500000.0,992300000.0,2226200000.0,10977542361.0,-71100000.0,0.0,-27700000.0,-60300000.0,-14400000.0,-97300000.0,-40800000.0,2100000.0,67000000.0,100000.0,118800000.0,118800000.0,118800000.0,0.0,0.0,0.078,389700000.0,176200000.0,256500000.0,0.295,3.796,27.206,27.087,668700000.0,0.0,136.79,1.767,1.762,1556400000.0,3238100000.0,1530600000.0,1530600000.0,0.0,,,,,-1800000.0,453200000.0,1.0,80251059.0,80000000.0,80200000.0,19.133,5143800000.0,7500000.0,46400000.0,85600000.0,64.297,3310400000.0
26,SIG,MRQ,2014-12-31,2015-01-31,2015-01-31,2021-09-02,-236600000.0,6214300000.0,,4402800000.0,1811500000.0,,35.174,-55100000.0,193600000.0,193600000.0,1364300000.0,228000000.0,3.692,1.211,1461300000.0,97500000.0,1363800000.0,1461300000.0,811900000.0,44900000.0,0.0,0.007,0.36,331700000.0,376600000.0,0.165,376600000.0,331700000.0,323800000.0,2.85,2.84,2.85,2810400000.0,,2810400000.0,11215911716.0,19.0,15.443,252100000.0,3.155,1.0,912100000.0,0.401,966300000.0,7900000.0,5323200000.0,,2439000000.0,0.0,0.0,0.0,3403900000.0,1192500000.0,2211400000.0,9710411716.0,110100000.0,0.0,1600000.0,-131700000.0,-14500000.0,-140500000.0,-56600000.0,-1500000.0,307200000.0,-4100000.0,228000000.0,228000000.0,228000000.0,0.0,0.0,0.1,580400000.0,331700000.0,277700000.0,0.126,3.455,25.467,25.39,665900000.0,0.0,121.11,1.693,1.687,1631200000.0,3135700000.0,2276400000.0,2276400000.0,0.0,,,,,-2700000.0,634500000.0,1.0,80178447.0,79900000.0,80200000.0,28.491,5248000000.0,4100000.0,95800000.0,140400000.0,65.682,3210300000.0
27,SIG,MRQ,2014-09-30,2014-11-01,2014-11-01,2021-09-02,-183900000.0,6178500000.0,,4267900000.0,1910600000.0,,33.07,-75100000.0,87600000.0,87600000.0,832000000.0,-1300000.0,3.012,1.338,1593100000.0,221800000.0,1371300000.0,1593100000.0,740400000.0,40300000.0,0.0,0.006,0.18,10700000.0,51000000.0,0.043,51000000.0,10700000.0,-1900000.0,-0.02,-0.02,-0.02,2642300000.0,,2642300000.0,10821902510.0,21.0,16.621,-283200000.0,-3.544,1.0,345900000.0,0.294,985600000.0,12600000.0,5281300000.0,,2674600000.0,0.0,0.0,0.0,3536200000.0,1417100000.0,2119100000.0,9626602510.0,-126700000.0,0.0,-8200000.0,180600000.0,-14400000.0,158000000.0,-76600000.0,-1500000.0,-208100000.0,-700000.0,-1300000.0,-1300000.0,-1300000.0,0.0,0.0,-0.001,335200000.0,10700000.0,396200000.0,-9.0,3.643,29.305,29.2,658800000.0,0.0,120.01,1.916,1.909,1348800000.0,2922100000.0,1177900000.0,1177900000.0,0.0,,,,,3500000.0,388700000.0,1.0,80215003.0,79900000.0,79900000.0,14.742,5192900000.0,96000000.0,-600000.0,156600000.0,64.992,2850800000.0
28,SIG,MRQ,2014-06-30,2014-08-02,2014-08-02,2021-09-02,-163000000.0,5994700000.0,,4068700000.0,1926000000.0,,33.591,-61900000.0,215000000.0,215000000.0,816900000.0,58000000.0,3.467,1.234,1410300000.0,31200000.0,1379100000.0,1410300000.0,731500000.0,36500000.0,0.0,0.006,0.18,83500000.0,120000000.0,0.098,120000000.0,83500000.0,69800000.0,0.73,0.72,0.73,2683900000.0,,2683900000.0,7973290664.0,14.0,11.725,48500000.0,0.607,1.0,409000000.0,0.334,1019500000.0,13700000.0,4996800000.0,,2345300000.0,0.0,0.0,0.0,3310800000.0,1173700000.0,2137100000.0,8213590664.0,-34000000.0,-1429200000.0,-9800000.0,1371100000.0,-14400000.0,1346900000.0,-1491300000.0,-200000.0,110400000.0,-100000.0,58000000.0,58000000.0,58000000.0,0.0,0.0,0.047,325500000.0,83500000.0,235000000.0,0.247,3.06,22.602,22.508,627800000.0,0.0,102.41,1.779,1.772,1370100000.0,2935300000.0,1225900000.0,1225900000.0,0.0,,,,,4000000.0,379200000.0,1.0,80203014.0,79900000.0,80200000.0,15.343,4975200000.0,102200000.0,11800000.0,276500000.0,62.268,2895000000.0
29,SIG,MRQ,2014-03-31,2014-05-03,2014-05-03,2021-09-02,-163800000.0,4021600000.0,,3232700000.0,788900000.0,,33.089,-28100000.0,249100000.0,249100000.0,648900000.0,96600000.0,4.06,0.521,8800000.0,8800000.0,0.0,8800000.0,631700000.0,28000000.0,0.0,0.006,0.18,150700000.0,178700000.0,0.169,178700000.0,150700000.0,148900000.0,1.21,1.2,1.21,2643800000.0,,2643800000.0,8091715587.0,14.0,11.71,45400000.0,0.568,1.0,407200000.0,0.386,26800000.0,1800000.0,2958300000.0,,1523900000.0,0.0,0.0,0.0,1377800000.0,796200000.0,581600000.0,8320015587.0,1900000.0,0.0,-25700000.0,-13500000.0,-12000000.0,-43500000.0,-28100000.0,0.0,73500000.0,-400000.0,96600000.0,96600000.0,96600000.0,0.0,0.0,0.091,256500000.0,150700000.0,163100000.0,0.149,3.147,22.318,22.255,494000000.0,0.0,103.71,1.948,1.94,1355300000.0,2895000000.0,1056100000.0,1056100000.0,0.0,,,,,-4500000.0,310500000.0,1.0,80223851.0,79900000.0,80300000.0,13.218,3994800000.0,128200000.0,52300000.0,158800000.0,49.997,2436500000.0
30,SIG,MRQ,2013-12-31,2014-02-01,2014-02-01,2021-09-02,-178500000.0,4029200000.0,,3257600000.0,771600000.0,,32.2,-45800000.0,247600000.0,247600000.0,915200000.0,175200000.0,3.617,0.572,19300000.0,19300000.0,0.0,19300000.0,616700000.0,30800000.0,0.0,0.008,0.15,270600000.0,301400000.0,0.193,301400000.0,270600000.0,269400000.0,2.19,2.17,2.19,2563100000.0,,2563100000.0,6339338888.0,11.0,9.313,211600000.0,2.658,1.0,648800000.0,0.415,26800000.0,1200000.0,2873400000.0,,1488000000.0,0.0,0.0,0.0,1466100000.0,900700000.0,565400000.0,6381138888.0,162400000.0,-9100000.0,-3400000.0,-26700000.0,-12000000.0,-40100000.0,-54900000.0,0.0,257400000.0,-2600000.0,175200000.0,175200000.0,175200000.0,0.0,0.0,0.112,378200000.0,270600000.0,162900000.0,0.068,2.49,17.34,17.331,487600000.0,0.0,79.55,1.516,1.516,1425500000.0,2812900000.0,1564000000.0,1564000000.0,0.0,,,,,2100000.0,425800000.0,1.0,80215448.0,79600000.0,80400000.0,19.648,4002400000.0,123200000.0,94200000.0,217000000.0,50.281,2356900000.0
31,SIG,MRQ,2013-09-30,2013-11-02,2013-11-02,2021-09-02,-189400000.0,3765400000.0,,3013700000.0,751700000.0,,29.865,-53300000.0,87800000.0,87800000.0,532200000.0,33600000.0,3.576,0.578,46000000.0,46000000.0,0.0,46000000.0,572500000.0,28300000.0,0.0,0.008,0.15,51600000.0,79900000.0,0.104,79900000.0,51600000.0,50700000.0,0.42,0.42,0.42,2386200000.0,,2386200000.0,5846206800.0,10.0,8.648,-133700000.0,-1.673,1.0,239200000.0,0.31,23200000.0,900000.0,2857700000.0,,1644900000.0,0.0,0.0,0.0,1379200000.0,842700000.0,536500000.0,6057406800.0,-123800000.0,0.0,-22300000.0,44300000.0,-12100000.0,9900000.0,-53300000.0,0.0,-80400000.0,-1300000.0,33600000.0,33600000.0,33600000.0,0.0,0.0,0.044,187600000.0,51600000.0,244900000.0,0.357,2.539,16.614,16.716,471100000.0,0.0,75.22,1.457,1.445,1174700000.0,2649800000.0,771400000.0,771400000.0,0.0,,,,,3800000.0,233400000.0,1.0,80529205.0,79900000.0,80300000.0,9.655,3742200000.0,139300000.0,17100000.0,144000000.0,46.836,2171000000.0
32,SIG,MRQ,2013-06-30,2013-08-03,2013-08-03,2021-09-02,-199900000.0,3640300000.0,,2920000000.0,720300000.0,,29.547,-30400000.0,212900000.0,212900000.0,570500000.0,67400000.0,3.978,0.534,1700000.0,1700000.0,0.0,1700000.0,573000000.0,25500000.0,0.0,0.007,0.15,105500000.0,131000000.0,0.149,131000000.0,105500000.0,104500000.0,0.84,0.84,0.84,2372600000.0,,2372600000.0,5758534059.0,10.0,8.565,-17000000.0,-0.212,1.0,309700000.0,0.352,23200000.0,1000000.0,2671900000.0,,1417700000.0,0.0,0.0,0.0,1267700000.0,734000000.0,533700000.0,6016534059.0,-51900000.0,1400000.0,-24700000.0,-4000000.0,-12100000.0,-36300000.0,-29000000.0,0.0,13400000.0,1100000.0,67400000.0,67400000.0,67400000.0,0.0,0.0,0.077,204200000.0,105500000.0,130300000.0,0.179,2.536,16.443,16.494,434900000.0,0.0,74.39,1.466,1.456,1195100000.0,2628900000.0,880200000.0,880200000.0,0.0,,,,,-1000000.0,250500000.0,1.0,80878264.0,80300000.0,80700000.0,10.961,3617100000.0,142400000.0,37100000.0,188400000.0,45.045,2186000000.0
33,SIG,MRQ,2013-03-31,2013-05-04,2013-05-04,2021-09-02,-189400000.0,3694300000.0,,2982000000.0,712300000.0,,29.016,-23200000.0,263700000.0,263700000.0,610800000.0,91800000.0,3.638,0.576,5700000.0,5700000.0,0.0,5700000.0,573500000.0,25600000.0,0.0,0.007,0.15,142800000.0,168400000.0,0.169,168400000.0,142800000.0,141900000.0,1.14,1.13,1.14,2344500000.0,,2344500000.0,5391408553.0,9.0,7.978,21900000.0,0.271,1.0,382800000.0,0.385,0.0,900000.0,2616700000.0,,1426400000.0,0.0,0.0,0.0,1349800000.0,819600000.0,530200000.0,5692408553.0,-36400000.0,0.0,-54200000.0,5700000.0,-9800000.0,-58300000.0,-23200000.0,0.0,45100000.0,-900000.0,91800000.0,91800000.0,91800000.0,0.0,0.0,0.092,240000000.0,142800000.0,176800000.0,0.132,2.428,15.418,15.45,429900000.0,0.0,69.99,1.396,1.387,1197700000.0,2338700000.0,993600000.0,993600000.0,0.0,,,,,3000000.0,287000000.0,1.0,81331741.0,80800000.0,81300000.0,12.297,3694300000.0,137300000.0,50100000.0,211100000.0,45.722,2162400000.0
34,SIG,MRQ,2012-12-31,2013-02-02,2013-02-02,2021-09-02,-175700000.0,3719000000.0,,3036100000.0,682900000.0,,28.943,-33300000.0,301000000.0,301000000.0,876200000.0,171800000.0,3.482,0.596,0.0,0.0,0.0,0.0,565600000.0,29000000.0,0.0,0.008,0.12,267700000.0,296700000.0,0.196,296700000.0,267700000.0,266600000.0,2.1,2.09,2.1,2329900000.0,,2329900000.0,4971050382.0,9.0,7.533,179200000.0,2.226,1.0,637100000.0,0.421,0.0,1100000.0,2546100000.0,,1397000000.0,0.0,0.0,0.0,1389100000.0,871900000.0,517200000.0,5137050382.0,133300000.0,-56700000.0,13200000.0,0.0,-9800000.0,10800000.0,-90000000.0,0.0,212500000.0,1700000.0,171800000.0,171800000.0,171800000.0,0.0,0.0,0.114,369400000.0,267700000.0,155900000.0,0.057,2.205,14.274,14.515,430400000.0,0.0,63.43,1.29,1.311,1247400000.0,2268400000.0,1513300000.0,1513300000.0,0.0,,,,,-3100000.0,410900000.0,1.0,80987709.0,80500000.0,81000000.0,18.799,3719000000.0,109200000.0,94800000.0,229900000.0,46.199,2164200000.0
35,SIG,MRQ,2012-09-30,2012-10-27,2012-10-27,2021-09-02,-167700000.0,3437100000.0,,2794600000.0,642500000.0,,26.709,-46100000.0,166000000.0,166000000.0,480800000.0,34900000.0,3.482,0.599,0.0,0.0,0.0,0.0,526000000.0,23700000.0,0.0,0.009,0.12,52500000.0,76200000.0,0.106,76200000.0,52500000.0,51600000.0,0.43,0.43,0.43,2150100000.0,,2150100000.0,3925289339.0,7.0,6.209,-62700000.0,-0.779,1.0,235400000.0,0.329,0.0,900000.0,2468500000.0,,1508500000.0,0.0,0.0,0.0,1287000000.0,802600000.0,484400000.0,4162789339.0,-70000000.0,0.0,2300000.0,0.0,-9600000.0,-7300000.0,-46100000.0,0.0,-16600000.0,-1500000.0,34900000.0,34900000.0,34900000.0,0.0,0.0,0.049,182900000.0,52500000.0,216200000.0,0.279,1.936,12.077,12.644,416000000.0,0.0,51.46,1.089,1.083,1042800000.0,2108600000.0,716200000.0,716200000.0,0.0,,,,,4300000.0,222600000.0,1.0,80893691.0,80500000.0,80900000.0,8.897,3437100000.0,131200000.0,16700000.0,170800000.0,42.697,1992000000.0
36,SIG,MRQ,2012-06-30,2012-07-28,2012-07-28,2021-09-02,-175000000.0,3319000000.0,,2696300000.0,622700000.0,,25.557,-36200000.0,237500000.0,237500000.0,542700000.0,70700000.0,3.74,0.572,0.0,0.0,0.0,0.0,527200000.0,23600000.0,0.0,0.01,0.12,110900000.0,134500000.0,0.158,134500000.0,110900000.0,110200000.0,0.86,0.85,0.86,2111000000.0,,2111000000.0,3422158061.0,6.0,5.512,46600000.0,0.564,1.0,311200000.0,0.364,0.0,700000.0,2360600000.0,,1312800000.0,0.0,0.0,0.0,1208000000.0,720900000.0,487100000.0,3821158061.0,-162400000.0,0.0,-198700000.0,0.0,-10300000.0,-209000000.0,-36200000.0,0.0,82800000.0,900000.0,70700000.0,70700000.0,70700000.0,0.0,0.0,0.083,200300000.0,110900000.0,136400000.0,0.14,1.81,11.376,11.396,392000000.0,0.0,44.9,1.001,0.971,1072600000.0,2085000000.0,853900000.0,853900000.0,0.0,,,,,3000000.0,240300000.0,1.0,85103743.0,82600000.0,83000000.0,10.338,3319000000.0,122100000.0,39500000.0,181700000.0,40.182,1975400000.0
37,SIG,MRQ,2012-03-31,2012-04-28,2012-04-28,2021-09-02,-163100000.0,3485200000.0,,2879000000.0,606200000.0,,26.406,-18600000.0,399000000.0,399000000.0,546300000.0,82500000.0,3.87,0.544,0.0,0.0,0.0,0.0,530900000.0,23100000.0,0.0,0.007,0.12,129400000.0,152500000.0,0.169,152500000.0,129400000.0,128500000.0,0.96,0.96,0.96,2257700000.0,,2257700000.0,3685733152.0,7.0,6.031,15400000.0,0.18,1.0,353700000.0,0.393,0.0,900000.0,2342200000.0,,1335000000.0,0.0,0.0,0.0,1227500000.0,744000000.0,483500000.0,4172533152.0,-87200000.0,0.0,-93900000.0,0.0,-8700000.0,-102600000.0,-18600000.0,0.0,34000000.0,-600000.0,82500000.0,82500000.0,82500000.0,0.0,0.0,0.092,224300000.0,129400000.0,156000000.0,0.125,1.848,12.587,12.431,381700000.0,0.0,47.86,1.109,1.088,1069000000.0,2030200000.0,900000000.0,900000000.0,0.0,,,,,4100000.0,264500000.0,1.0,87182055.0,85500000.0,86300000.0,10.526,3485200000.0,118500000.0,46000000.0,185200000.0,40.763,2135000000.0
38,SIG,MRQ,2011-12-31,2012-01-28,2012-01-28,2021-09-02,-159200000.0,3611400000.0,,3016300000.0,595100000.0,,26.44,-24800000.0,486800000.0,486800000.0,790600000.0,156600000.0,3.516,0.585,0.0,0.0,0.0,0.0,528100000.0,25100000.0,0.0,0.004,0.1,243900000.0,269000000.0,0.199,269000000.0,243900000.0,242400000.0,1.82,1.8,1.82,2279100000.0,,2279100000.0,3721642585.0,7.0,6.205,186800000.0,2.167,1.0,563200000.0,0.416,0.0,1500000.0,2266600000.0,,1304100000.0,0.0,0.0,0.0,1332300000.0,858000000.0,474300000.0,4037642585.0,140500000.0,0.0,-7700000.0,-33400000.0,-8700000.0,-46300000.0,-24800000.0,0.0,211600000.0,-3300000.0,156600000.0,156600000.0,156600000.0,0.0,0.0,0.116,319300000.0,243900000.0,182600000.0,0.055,1.772,12.446,12.356,383400000.0,0.0,46.46,1.077,1.068,1132500000.0,1969300000.0,1353800000.0,1353800000.0,0.0,,,,,800000.0,348800000.0,1.0,86905781.0,86200000.0,87000000.0,15.705,3611400000.0,109400000.0,85800000.0,212900000.0,41.896,2158300000.0
39,SIG,MRQ,2011-09-30,2011-10-29,2011-10-29,2021-09-02,-141200000.0,3364100000.0,,2780400000.0,583700000.0,,24.892,-34700000.0,349600000.0,349600000.0,480600000.0,26100000.0,3.638,0.566,33600000.0,33600000.0,0.0,33600000.0,489800000.0,22300000.0,0.0,0.002,0.1,42500000.0,64800000.0,0.091,64800000.0,42500000.0,42100000.0,0.3,0.3,0.3,2148200000.0,,2148200000.0,3424717857.0,7.0,6.032,-113200000.0,-1.312,1.0,229900000.0,0.324,0.0,400000.0,2283900000.0,,1414000000.0,0.0,0.0,0.0,1215900000.0,764200000.0,451700000.0,3851817857.0,-91400000.0,0.0,1200000.0,20700000.0,0.0,21800000.0,-34700000.0,0.0,-78500000.0,800000.0,26100000.0,26100000.0,26100000.0,0.0,0.0,0.037,187400000.0,42500000.0,195100000.0,0.333,1.793,14.099,13.991,385800000.0,0.0,44.35,1.051,1.044,918700000.0,1821400000.0,710500000.0,710500000.0,0.0,,,,,5300000.0,219600000.0,1.0,86850459.0,86300000.0,87100000.0,8.233,3364100000.0,102600000.0,16000000.0,138300000.0,38.981,2016200000.0
40,SIG,MRQ,2011-06-30,2011-07-30,2011-07-30,2021-09-02,-146300000.0,3247500000.0,,2672300000.0,575200000.0,,24.556,-25400000.0,440200000.0,440200000.0,502800000.0,66300000.0,3.971,0.532,13100000.0,13100000.0,0.0,13100000.0,495400000.0,22500000.0,0.0,0.0,0.0,102300000.0,124800000.0,0.156,124800000.0,102300000.0,99800000.0,0.77,0.76,0.77,2119200000.0,,2119200000.0,3354161072.0,7.0,6.151,61400000.0,0.711,1.0,294800000.0,0.37,0.0,2500000.0,2147400000.0,,1202800000.0,0.0,0.0,0.0,1128300000.0,673000000.0,455300000.0,3720261072.0,46100000.0,0.0,400000.0,-14300000.0,0.0,-15300000.0,-25400000.0,0.0,86800000.0,0.0,66300000.0,66300000.0,66300000.0,0.0,0.0,0.083,192500000.0,102300000.0,137500000.0,0.0,1.756,14.699,14.571,374800000.0,0.0,42.84,1.034,1.028,936200000.0,1804000000.0,797600000.0,797600000.0,0.0,,,,,4300000.0,224500000.0,1.0,86840828.0,86300000.0,87100000.0,9.242,3247500000.0,109500000.0,33500000.0,150000000.0,37.63,1999300000.0
41,SIG,MRQ,2011-03-31,2011-04-30,2011-04-30,2021-09-02,-150100000.0,3199600000.0,,2632100000.0,567500000.0,,23.746,-12900000.0,394100000.0,394100000.0,537600000.0,75400000.0,3.759,0.565,28000000.0,28000000.0,0.0,28000000.0,503000000.0,22500000.0,0.0,0.0,0.0,118700000.0,141200000.0,0.159,141200000.0,118700000.0,117800000.0,0.87,0.87,0.87,2044500000.0,,2044500000.0,3509457725.0,9.0,6.987,92400000.0,1.073,1.0,349700000.0,0.394,0.0,900000.0,2133200000.0,,1221200000.0,0.0,0.0,0.0,1155100000.0,700300000.0,454800000.0,3780557725.0,92200000.0,0.0,4000000.0,-4000000.0,0.0,-200000.0,-12900000.0,0.0,105300000.0,-200000.0,75400000.0,75400000.0,75400000.0,0.0,0.0,0.085,231000000.0,118700000.0,144900000.0,0.0,1.849,16.765,16.698,373300000.0,0.0,43.75,1.074,1.07,929500000.0,1737700000.0,887300000.0,887300000.0,0.0,,,,,2700000.0,263800000.0,1.0,86412748.0,86100000.0,86900000.0,10.305,3199600000.0,108900000.0,42400000.0,145600000.0,37.161,1931800000.0
42,SIG,MRQ,2010-12-31,2011-01-29,2011-01-29,2021-09-02,-170800000.0,3089800000.0,,2542300000.0,547500000.0,,22.625,-16100000.0,302100000.0,302100000.0,752000000.0,105400000.0,3.576,0.594,31000000.0,31000000.0,0.0,31000000.0,499200000.0,26500000.0,0.0,0.0,0.0,210500000.0,237000000.0,0.187,237000000.0,210500000.0,159600000.0,1.23,1.22,1.23,1939000000.0,,1939000000.0,3415723024.0,9.0,7.263,110100000.0,1.285,1.0,518500000.0,0.408,0.0,50900000.0,2107700000.0,,1184200000.0,0.0,0.0,0.0,1150800000.0,711000000.0,439800000.0,3563923024.0,-115500000.0,0.0,9300000.0,-235700000.0,0.0,-225600000.0,-16100000.0,0.0,126200000.0,2700000.0,105400000.0,105400000.0,105400000.0,0.0,0.0,0.083,308000000.0,210500000.0,125900000.0,0.0,1.838,17.784,17.761,379000000.0,0.0,41.56,1.037,1.036,974100000.0,1662300000.0,1270500000.0,1270500000.0,0.0,,,,,8700000.0,336700000.0,1.0,85753682.0,85700000.0,,14.825,3089800000.0,88700000.0,54200000.0,115700000.0,36.054,1831300000.0
43,SIG,MRQ,2010-09-30,2010-10-30,2010-10-30,2021-09-02,-177000000.0,3147600000.0,,2584300000.0,563300000.0,,21.113,-25100000.0,414900000.0,414900000.0,448200000.0,6000000.0,2.819,0.74,266700000.0,266700000.0,0.0,266700000.0,464800000.0,23800000.0,0.0,0.0,0.0,18500000.0,42300000.0,0.066,42300000.0,18500000.0,12000000.0,0.07,0.07,0.07,1809000000.0,,1809000000.0,2782889629.0,8.0,6.325,-82800000.0,-0.966,1.0,193600000.0,0.302,0.0,6500000.0,2082500000.0,,1297400000.0,0.0,0.0,0.0,1338600000.0,916900000.0,421700000.0,3014289629.0,-69300000.0,0.0,1000000.0,12800000.0,0.0,13500000.0,-25100000.0,0.0,-57700000.0,-1200000.0,6000000.0,6000000.0,6000000.0,0.0,0.0,0.009,175100000.0,18500000.0,179300000.0,0.0,1.666,14.32,14.301,389600000.0,0.0,35.18,0.896,0.896,791700000.0,1556900000.0,641800000.0,641800000.0,0.0,,,,,3200000.0,201500000.0,1.0,85681911.0,85681911.0,,7.49,3147600000.0,116500000.0,6000000.0,97700000.0,36.736,1667400000.0
44,SIG,MRQ,2010-06-30,2010-07-31,2010-07-31,2021-09-02,-184900000.0,3063300000.0,,2503400000.0,559900000.0,,20.946,-8100000.0,485400000.0,485400000.0,482500000.0,38700000.0,4.017,0.71,254000000.0,24900000.0,229100000.0,254000000.0,471700000.0,21100000.0,0.0,0.0,0.0,60700000.0,81800000.0,0.114,81800000.0,60700000.0,54700000.0,0.45,0.45,0.45,1791400000.0,,1791400000.0,2375300625.0,8.0,5.695,62300000.0,0.728,1.0,237200000.0,0.33,24600000.0,6000000.0,2184100000.0,,1126200000.0,0.0,0.0,0.0,1271900000.0,623200000.0,648700000.0,2546100625.0,40100000.0,0.0,200000.0,-22400000.0,0.0,-22200000.0,-8100000.0,0.0,70400000.0,-1800000.0,38700000.0,38700000.0,38700000.0,0.0,0.0,0.054,176500000.0,60700000.0,114700000.0,0.0,1.421,13.004,13.0,362100000.0,0.0,29.77,0.764,0.764,822500000.0,1550900000.0,719700000.0,719700000.0,0.0,,,,,2200000.0,203700000.0,1.0,85525718.0,85525718.0,,8.415,3038700000.0,116700000.0,16000000.0,112700000.0,35.53,1880200000.0
45,SIG,MRQ,2010-03-31,2010-05-01,2010-05-01,2021-09-02,-185300000.0,3035000000.0,,2465700000.0,569300000.0,,20.464,-6300000.0,447100000.0,447100000.0,511800000.0,50300000.0,3.903,0.734,276300000.0,47200000.0,229100000.0,276300000.0,478300000.0,22400000.0,0.0,0.0,0.0,82800000.0,105200000.0,0.131,105200000.0,82800000.0,74100000.0,0.59,0.58,0.59,1749900000.0,,1749900000.0,2745980599.0,9.0,6.744,177900000.0,2.08,1.0,293600000.0,0.365,23600000.0,8700000.0,2208900000.0,,1122000000.0,0.0,0.0,0.0,1285100000.0,631700000.0,653400000.0,2738080599.0,129900000.0,0.0,800000.0,-47800000.0,0.0,-48000000.0,-6300000.0,0.0,184200000.0,1000000.0,50300000.0,50300000.0,50300000.0,0.0,0.0,0.062,210800000.0,82800000.0,104200000.0,0.0,1.565,14.824,14.824,375200000.0,0.0,32.02,0.824,0.824,826900000.0,1512200000.0,805400000.0,805400000.0,0.0,,,,,2300000.0,238500000.0,1.0,85511574.0,85511574.0,,9.419,3011400000.0,112100000.0,23800000.0,111700000.0,35.216,1834000000.0
46,SIG,MRQ,2009-12-31,2010-01-30,2010-01-30,2021-09-02,-178200000.0,3044900000.0,,2453200000.0,591700000.0,,19.977,-13200000.0,316200000.0,316200000.0,765400000.0,115500000.0,3.84,0.787,324100000.0,44100000.0,280000000.0,324100000.0,475700000.0,34200000.0,0.0,0.0,0.0,176500000.0,210700000.0,0.176,210700000.0,176500000.0,169700000.0,1.35,1.34,1.35,1703600000.0,,1703600000.0,2803885697.0,11.0,7.509,153000000.0,1.794,1.0,431400000.0,0.36,24200000.0,6800000.0,2389700000.0,,1173100000.0,0.0,0.0,0.0,1341300000.0,638900000.0,702400000.0,2333185697.0,181000000.0,0.0,100000.0,27800000.0,0.0,28000000.0,-13200000.0,0.0,166200000.0,-4400000.0,115500000.0,115500000.0,115500000.0,0.0,0.0,0.097,254200000.0,177200000.0,66200000.0,0.0,1.37,14.852,14.87,396900000.0,0.0,27.36,0.713,0.713,885900000.0,1462400000.0,1196800000.0,1196800000.0,0.0,,,,,1200000.0,282600000.0,1.0,85277255.0,85277255.0,,14.034,3020700000.0,114500000.0,54200000.0,118800000.0,35.422,1814300000.0
47,SIG,MRQ,2009-09-30,2009-10-31,2009-10-31,2021-09-02,-170800000.0,2872300000.0,,2268200000.0,604100000.0,,18.695,-12800000.0,139600000.0,139600000.0,448400000.0,-8700000.0,3.85,0.802,300300000.0,20300000.0,280000000.0,300300000.0,443200000.0,25300000.0,0.0,0.0,0.0,-5900000.0,19400000.0,0.032,19400000.0,-5900000.0,-13300000.0,-0.1,-0.1,-0.1,1594300000.0,,1594300000.0,2620539599.0,,,41300000.0,0.484,1.0,163000000.0,0.267,24900000.0,7400000.0,2419000000.0,,1306000000.0,0.0,0.0,0.0,1278000000.0,589100000.0,688900000.0,2149839599.0,45800000.0,0.0,900000.0,3600000.0,0.0,4500000.0,-12800000.0,0.0,54100000.0,1000000.0,-8700000.0,-8700000.0,-8700000.0,0.0,0.0,-0.014,168900000.0,-5900000.0,140900000.0,0.0,1.348,,,413600000.0,0.0,25.21,,,754200000.0,1346900000.0,611400000.0,611400000.0,0.0,,,,,1200000.0,197300000.0,1.0,85277255.0,85277255.0,,7.17,2847400000.0,110500000.0,-4600000.0,76000000.0,33.39,1679100000.0
48,SIG,MRQ,2009-06-30,2009-08-01,2009-08-01,2021-09-02,-169600000.0,2734900000.0,,2214400000.0,520500000.0,,19.849,-9100000.0,92800000.0,92800000.0,489300000.0,27600000.0,4.171,0.616,293300000.0,13300000.0,280000000.0,293300000.0,246400000.0,25200000.0,0.0,0.009,0.0,46700000.0,71900000.0,0.101,71900000.0,46700000.0,38500000.0,0.32,0.32,0.32,1692700000.0,,1692700000.0,2353621790.0,,,87900000.0,1.031,1.0,221500000.0,0.312,23600000.0,8200000.0,2380900000.0,,1279200000.0,0.0,0.0,0.0,1042200000.0,530900000.0,511300000.0,1882921790.0,21400000.0,0.0,0.0,-65600000.0,0.0,-66500000.0,-9100000.0,0.0,97000000.0,2200000.0,27600000.0,27600000.0,27600000.0,0.0,0.0,0.039,174900000.0,46600000.0,93900000.0,0.0,1.112,,,431200000.0,0.0,22.08,,,790600000.0,1447100000.0,710800000.0,710800000.0,0.0,,,,,2400000.0,203800000.0,1.0,85277255.0,85277255.0,,8.335,2711300000.0,54100000.0,10900000.0,99400000.0,31.794,1683500000.0
49,SIG,MRQ,2009-03-31,2009-05-02,2009-05-02,2021-09-02,-192600000.0,2819500000.0,,2289400000.0,530100000.0,,19.226,-8400000.0,69200000.0,69200000.0,507100000.0,26300000.0,3.405,0.72,359400000.0,79400000.0,280000000.0,359400000.0,255900000.0,24200000.0,0.0,0.019,0.0,53000000.0,77200000.0,0.101,77200000.0,53000000.0,41400000.0,0.31,0.31,0.31,1639500000.0,,1639500000.0,1835988853.0,,,189600000.0,2.223,1.0,255500000.0,0.335,23400000.0,11600000.0,2414000000.0,,1327100000.0,0.0,0.0,0.0,1180000000.0,672300000.0,507700000.0,1365288853.0,-28000000.0,0.0,0.0,-209200000.0,0.0,-217600000.0,-8400000.0,0.0,198000000.0,400000.0,26300000.0,26300000.0,26300000.0,0.0,0.0,0.034,203100000.0,52400000.0,108800000.0,0.0,0.833,,,437700000.0,0.0,16.01,,,835100000.0,1427200000.0,762600000.0,762600000.0,0.0,,,,,700000.0,232800000.0,1.0,85277255.0,85277255.0,,8.943,2796100000.0,59300000.0,15100000.0,113700000.0,32.788,1617100000.0
50,SIG,MRQ,2008-12-31,2009-01-31,2009-01-31,2021-09-02,-195500000.0,2953900000.0,,2413200000.0,540700000.0,,18.876,,96800000.0,96800000.0,,,3.273,0.835,567500000.0,187500000.0,380000000.0,567500000.0,262600000.0,,0.0,0.044,0.0,,,,,,,,,,1609700000.0,,1609700000.0,974939684.0,-3.0,-4.877,,,1.0,,,23900000.0,,2663400000.0,,1364400000.0,0.0,0.0,0.0,1344200000.0,737300000.0,606900000.0,600339684.0,,,,,,,,,,,,,,,,,,,42200000.0,,0.373,-1.491,-1.492,452100000.0,,7.04,0.18,0.18,907000000.0,1400900000.0,,,,,,,,,,1.0,85275523.0,85275523.0,,,2930000000.0,54800000.0,,112700000.0,34.359,1675900000.0
51,SIG,MRQ,2007-12-31,2008-02-02,2008-02-02,2021-09-02,500000.0,3599400000.0,,2422800000.0,1176600000.0,,27.092,,41700000.0,41700000.0,,,3.748,0.551,416300000.0,36300000.0,380000000.0,416300000.0,275000000.0,,0.0,0.051,0.0,,,,,,,,,,2321200000.0,,2321200000.0,2585917485.0,7.0,5.453,,,1.0,,,578000000.0,,2749500000.0,,1453600000.0,0.0,0.0,0.0,1278200000.0,646500000.0,631700000.0,2467517485.0,,,,,,,,,,,,,,,,,,,89300000.0,,1.063,11.226,11.163,489200000.0,,28.8,0.673,0.673,888700000.0,1918400000.0,,,,,,,,,,1.0,85677690.0,85677690.0,,,3021400000.0,74600000.0,,127400000.0,35.265,1776300000.0
52,SIG,MRQ,2006-12-31,2007-02-03,2007-02-03,2021-09-02,0.0,2965000000.0,,2372000000.0,593000000.0,,20.082,,152300000.0,152300000.0,,,3.812,0.698,385500000.0,5500000.0,380000000.0,385500000.0,254700000.0,,0.0,0.024,0.0,,,,,,,,,,1746000000.0,,1746000000.0,4325728262.0,10.0,8.359,,,1.0,,,46300000.0,,2529600000.0,,1350600000.0,0.0,0.0,0.0,1219000000.0,622300000.0,596700000.0,4227128262.0,,,,,,,,,,,,,,,,,,,467100000.0,,2.421,16.728,16.651,484800000.0,,48.62,1.188,1.188,898300000.0,1362200000.0,,,,,,,,,,1.0,86942169.0,86942169.0,,,2918700000.0,29000000.0,,101700000.0,33.571,1749700000.0
53,SIG,MRQ,2005-12-31,2006-01-28,2006-01-28,2021-09-02,0.0,1471000000.0,,1162600000.0,308400000.0,,10.128,,52500000.0,52500000.0,,,2.48,0.674,151100000.0,151100000.0,0.0,151100000.0,128400000.0,,0.0,0.03,0.0,,,,,,,,,,878900000.0,,878900000.0,3096338725.0,8.0,6.696,,,1.0,,,22900000.0,,1077900000.0,,679700000.0,0.0,0.0,0.0,592100000.0,468800000.0,123300000.0,3198738725.0,,,,,,,,,,,,,,,,,,,240700000.0,,3.639,13.589,0.135,253800000.0,,36.86,1.014,1.014,444700000.0,656300000.0,,,,,,,,,,1.0,86780758.0,86780758.0,,,1448100000.0,17400000.0,,50200000.0,16.687,693800000.0
54,SIG,MRQ,2004-12-31,2005-01-29,2005-01-29,2021-09-02,0.0,1310300000.0,,1039700000.0,270600000.0,,8.941,,102400000.0,102400000.0,,,3.314,0.698,185900000.0,53100000.0,132800000.0,185900000.0,109700000.0,,0.0,0.028,0.0,,,,,,,,,,771700000.0,,771700000.0,3514262689.0,16.0,13.663,,,1.0,,,17400000.0,,1062700000.0,,577900000.0,0.0,0.0,0.0,538600000.0,313700000.0,224900000.0,3642262689.0,,,,,,,,,,,,,,,,,,,191500000.0,,4.72,27.02,0.267,225700000.0,,42.2,2.255,2.255,371000000.0,556400000.0,,,,,,,,,,1.0,86309542.0,86309542.0,,,1292900000.0,15900000.0,,43800000.0,14.98,726000000.0
55,SIG,MRQ,2003-12-31,2004-01-31,2004-01-31,2021-09-02,0.0,,,1034700000.0,,,5.372,,128014000.0,128014000.0,,,,0.466,0.0,,,0.0,0.0,,0.0,0.019,0.0,,,,,,,,,,460322000.0,,460322000.0,2901325851.0,14.0,13.803,,,1.0,,,16810000.0,,,,,,0.0,0.0,214578000.0,,,2990525851.0,,,,,,,,,,,,,,,,,,,0.0,,6.497,23.075,0.233,,,34.9,1.863,1.863,365213000.0,,,,,,,,,,,1.0,85688420.0,85688420.0,,,,-5400000.0,,0.0,,
56,SIG,MRQ,2002-12-31,2003-02-01,2003-02-01,2021-09-02,0.0,,,974600000.0,,,5.965,,89214000.0,89214000.0,,,,0.327,0.0,,,0.0,0.0,,0.0,0.018,0.0,,,,,,,,,,511121000.0,,511121000.0,,,,,,1.0,,,19810000.0,,,,,,0.0,0.0,167279000.0,,,2110791408.0,,,,,,,,,,,,,,,,,,,0.0,,4.13,17.561,0.174,,,24.633,1.325,1.325,345913000.0,,,,,,,,,,,1.0,85688420.0,85688420.0,,,,-18000000.0,,0.0,,
57,SIG,MRQ,2001-12-31,2002-02-02,2002-02-02,2021-09-02,0.0,,,1002700000.0,,,,,66514000.0,66514000.0,,,,0.169,0.0,,,0.0,0.0,,0.0,0.013,0.0,,,,,,,,,,581521000.0,,581521000.0,,,,,,1.0,,,24210000.0,,,,,,0.0,0.0,98179000.0,,,,,,,,,,,,,,,,,,,,,,0.0,,,,0.2,,,28.7,,,380713000.0,,,,,,,,,,,1.0,,,,,,-9218000.0,,0.0,,
0,SIG,MRT,2021-06-30,2021-07-31,2021-07-31,2021-09-02,-282600000.0,6311900000.0,6301025000.0,3822300000.0,2489600000.0,1.105,29.516,-91600000.0,1573800000.0,1573800000.0,4263700000.0,626600000.0,2.077,2.639,1521600000.0,322500000.0,1199100000.0,1521600000.0,1107300000.0,174900000.0,0.0,0.003,0.18,725600000.0,900500000.0,0.129,900500000.0,725600000.0,701800000.0,11.34,10.58,11.34,1555500000.0,1245575000.0,1555500000.0,3670000571.0,5.0,4.076,1583100000.0,30.04,1.0,2700000000.0,0.388,434800000.0,23800000.0,3984400000.0,4509075000.0,2004700000.0,0.0,0.0,0.0,4105100000.0,1840500000.0,2264600000.0,3388600571.0,361900000.0,-14400000.0,0.0,-1193800000.0,-100000.0,-1210800000.0,-102000000.0,4000000.0,1674700000.0,7900000.0,626600000.0,592400000.0,592400000.0,0.0,0.0,0.085,1974300000.0,725700000.0,730600000.0,0.016,2.178,5.72,5.674,1789400000.0,34200000.0,64.34,0.487,0.487,13900000.0,2509300000.0,6963700000.0,6963700000.0,0.0,0.094,0.476,0.161,0.104,33700000.0,1977700000.0,1.0,52667090.0,52700000.0,62400000.0,132.139,5877100000.0,76200000.0,75200000.0,158500000.0,111.52,1981800000.0
1,SIG,MRT,2021-03-31,2021-05-01,2021-05-01,2021-09-02,-283600000.0,6180800000.0,6367575000.0,3641800000.0,2539000000.0,0.952,25.347,-86600000.0,1298400000.0,1298400000.0,3856900000.0,320300000.0,1.919,3.187,1579800000.0,345700000.0,1234100000.0,1579800000.0,1107700000.0,180800000.0,0.0,0.0,0.0,410600000.0,591400000.0,0.098,591400000.0,410600000.0,381800000.0,5.51,5.25,5.51,1320600000.0,1085800000.0,1320600000.0,3626410225.0,9.0,6.132,1454400000.0,27.916,1.0,2206700000.0,0.364,435500000.0,28800000.0,4129200000.0,5126150000.0,2019000000.0,0.0,0.0,0.0,4209300000.0,1897500000.0,2311800000.0,3127610225.0,218500000.0,-14400000.0,0.0,-1203400000.0,-100000.0,-1226300000.0,-96200000.0,4800000.0,1541000000.0,13300000.0,320300000.0,286400000.0,286400000.0,0.0,0.0,0.047,1796100000.0,410600000.0,700100000.0,0.0,2.368,10.92,10.844,1845700000.0,33900000.0,59.75,0.516,0.513,78900000.0,2304200000.0,6063600000.0,6063600000.0,0.0,0.045,0.264,0.08,0.068,21100000.0,1741000000.0,1.0,52344941.0,52100000.0,62000000.0,116.384,5745300000.0,75200000.0,61500000.0,195600000.0,110.274,1744300000.0
2,SIG,MRT,2020-12-31,2021-01-30,2021-01-30,2021-09-02,-290500000.0,6178900000.0,6541800000.0,3582000000.0,2596900000.0,0.799,22.89,-83000000.0,1172500000.0,1172500000.0,3494400000.0,-15200000.0,1.792,3.651,1671300000.0,377300000.0,1294000000.0,1671300000.0,1072000000.0,176000000.0,0.0,0.0,0.0,-57700000.0,118300000.0,0.023,118300000.0,-57700000.0,-89700000.0,-0.94,-0.94,-0.94,1190300000.0,1001600000.0,1190300000.0,3402502503.0,-59.0,28.762,1289300000.0,24.794,1.0,1732500000.0,0.331,417000000.0,32000000.0,4262000000.0,5794100000.0,2032500000.0,0.0,0.0,0.0,4346300000.0,1998700000.0,2347600000.0,2126002503.0,795900000.0,0.0,0.0,-457400000.0,-19400000.0,-498600000.0,-77800000.0,5200000.0,1372300000.0,2100000.0,-15200000.0,-48700000.0,-48700000.0,0.0,0.0,-0.009,1790200000.0,-57700000.0,812600000.0,0.0,1.786,-43.655,-43.213,1967700000.0,33500000.0,40.62,0.407,0.404,88700000.0,2189200000.0,5226900000.0,5226900000.0,0.0,-0.007,-0.049,-0.01,-0.011,14500000.0,1587400000.0,1.0,52338811.0,52000000.0,52000000.0,100.517,5761900000.0,68100000.0,-74500000.0,185200000.0,110.806,1583300000.0
3,SIG,MRT,2020-09-30,2020-10-31,2020-10-31,2021-09-02,-314400000.0,6532500000.0,6571850000.0,3904600000.0,2627900000.0,0.79,17.58,-81600000.0,1332600000.0,1332600000.0,3432800000.0,-82400000.0,2.255,5.44,2609100000.0,382600000.0,2226500000.0,2609100000.0,1022800000.0,178800000.0,0.0,0.017,0.37,-126600000.0,52200000.0,0.01,52200000.0,-126600000.0,-159900000.0,-2.22,-2.22,-2.22,915900000.0,1009675000.0,915900000.0,2957201973.0,-23.0,56.651,967300000.0,18.566,1.0,1760900000.0,0.339,416800000.0,33300000.0,5660700000.0,6265300000.0,2174000000.0,0.0,0.0,0.0,4982700000.0,1731500000.0,3251200000.0,1166201973.0,1143900000.0,0.0,0.0,242700000.0,-38700000.0,173600000.0,-78600000.0,3000000.0,1048900000.0,100000.0,-82400000.0,-115600000.0,-115600000.0,0.0,0.0,-0.022,1887300000.0,-126400000.0,558400000.0,-0.167,1.273,-10.088,-10.036,2008000000.0,33200000.0,22.28,0.225,0.223,58300000.0,1943600000.0,5193700000.0,5193700000.0,0.0,-0.018,-0.114,-0.02,-0.024,13500000.0,1646800000.0,1.0,52342997.0,52100000.0,53400000.0,99.687,6115700000.0,124700000.0,-77500000.0,195100000.0,117.384,2173100000.0
4,SIG,MRT,2020-06-30,2020-08-01,2020-08-01,2021-09-02,-310000000.0,6578100000.0,6464125000.0,3862800000.0,2715300000.0,0.786,17.623,-107200000.0,1204000000.0,1204000000.0,3387000000.0,-127200000.0,2.576,5.496,2995000000.0,395600000.0,2599400000.0,2995000000.0,1030200000.0,177000000.0,0.0,0.069,0.74,-199200000.0,-22200000.0,-0.004,-22200000.0,-199200000.0,-232000000.0,-3.08,-3.08,-3.08,916400000.0,1043375000.0,916400000.0,2578647302.0,-13.0,-116.155,358000000.0,6.885,1.0,1694100000.0,0.333,417000000.0,32800000.0,6452700000.0,6496250000.0,2193100000.0,0.0,0.0,0.0,5036100000.0,1499400000.0,3536700000.0,561947302.0,928300000.0,0.0,0.0,652000000.0,-58200000.0,561000000.0,-97900000.0,9300000.0,465200000.0,4200000.0,-127200000.0,-160200000.0,-160200000.0,0.0,0.0,-0.032,1900100000.0,-206000000.0,302200000.0,-0.24,0.613,-3.508,-3.487,2105700000.0,33000000.0,10.74,0.111,0.11,31500000.0,1943700000.0,5081100000.0,5081100000.0,0.0,-0.025,-0.154,-0.031,-0.039,14900000.0,1655900000.0,1.0,52322840.0,52000000.0,52000000.0,97.713,6161100000.0,264900000.0,-104800000.0,157800000.0,118.483,2363400000.0
5,SIG,MRT,2020-03-31,2020-05-02,2020-05-02,2021-09-02,-327800000.0,6877700000.0,6311000000.0,4015500000.0,2862200000.0,0.881,18.992,-118900000.0,1066600000.0,1066600000.0,3629000000.0,-81600000.0,2.395,5.363,3083300000.0,412500000.0,2670800000.0,3083300000.0,991000000.0,174300000.0,0.0,0.122,1.11,-131900000.0,42400000.0,0.008,42400000.0,-131900000.0,-165400000.0,-2.21,-2.21,-2.21,983800000.0,1086325000.0,983800000.0,2488203106.0,-19.0,58.684,323800000.0,6.251,1.0,1928500000.0,0.347,416700000.0,33500000.0,6801000000.0,6476975000.0,2392200000.0,0.0,0.0,0.0,5276500000.0,1676700000.0,3599800000.0,475303106.0,877600000.0,0.0,0.0,664000000.0,-77500000.0,551700000.0,-116800000.0,2100000.0,442700000.0,-6100000.0,-81600000.0,-114500000.0,-114500000.0,0.0,0.0,-0.021,2067200000.0,-138700000.0,329100000.0,-0.502,0.483,-4.151,-4.109,2228500000.0,32900000.0,9.08,0.086,0.085,29800000.0,2037400000.0,5557500000.0,5557500000.0,0.0,-0.018,-0.105,-0.02,-0.024,14300000.0,1801400000.0,1.0,52346157.0,51800000.0,51800000.0,107.288,6461000000.0,211300000.0,-83800000.0,123700000.0,124.73,2338800000.0
6,SIG,MRT,2019-12-31,2020-02-01,2020-02-01,2021-09-02,-293800000.0,6299100000.0,6139900000.0,3154800000.0,3144300000.0,1.0,23.648,-135800000.0,374500000.0,374500000.0,3913400000.0,105500000.0,1.909,3.648,2387400000.0,433800000.0,1953600000.0,2387400000.0,997700000.0,178000000.0,0.0,0.061,1.48,165300000.0,343300000.0,0.056,343300000.0,165300000.0,129700000.0,1.4,1.4,1.4,1222600000.0,1130725000.0,1222600000.0,3651546600.0,22.0,10.637,419900000.0,8.122,1.0,2223700000.0,0.362,512600000.0,35600000.0,6146800000.0,6453350000.0,2331700000.0,0.0,0.0,0.0,4459500000.0,1652600000.0,2806900000.0,1272546600.0,177900000.0,0.0,0.0,-128200000.0,-77400000.0,-237000000.0,-140800000.0,-5000000.0,555700000.0,1200000.0,105500000.0,72600000.0,72600000.0,0.0,0.0,0.012,2065400000.0,158300000.0,227900000.0,1.057,1.041,17.528,17.364,2425200000.0,32900000.0,24.31,0.207,0.205,38800000.0,2242900000.0,6137100000.0,6137100000.0,0.0,0.012,0.064,0.026,0.027,16900000.0,1918200000.0,1.0,52346631.0,51700000.0,51800000.0,118.706,5786500000.0,11000000.0,24200000.0,32900000.0,111.925,1502200000.0
7,SIG,MRT,2019-09-30,2019-11-02,2019-11-02,2021-09-02,-299500000.0,6101600000.0,5670150000.0,2938700000.0,3162900000.0,1.083,20.284,-135400000.0,188600000.0,188600000.0,3934900000.0,-189500000.0,2.125,4.22,2567600000.0,329900000.0,2237700000.0,2567600000.0,960500000.0,174700000.0,0.0,0.091,1.48,-140600000.0,34100000.0,0.006,34100000.0,-140600000.0,-179300000.0,-4.36,-4.36,-4.36,1050700000.0,1125475000.0,1050700000.0,3081364877.0,-22.0,90.363,362300000.0,6.994,1.0,2203600000.0,0.359,513000000.0,38700000.0,6584500000.0,5756275000.0,2519400000.0,0.0,0.0,0.0,4434400000.0,1383100000.0,3051300000.0,846664877.0,60800000.0,0.0,0.0,-190100000.0,-77200000.0,-297500000.0,-139400000.0,-4000000.0,497700000.0,-2900000.0,-189500000.0,-222400000.0,-222400000.0,0.0,0.0,-0.036,2352000000.0,-148400000.0,333900000.0,-0.339,0.806,-3.807,-3.716,2435200000.0,32900000.0,16.2,0.138,0.137,20800000.0,2079700000.0,6138500000.0,6138500000.0,0.0,-0.039,-0.198,-0.024,-0.023,14000000.0,1932200000.0,1.0,52263264.0,51800000.0,51800000.0,118.504,5588600000.0,21000000.0,10200000.0,17400000.0,107.888,1555600000.0
8,SIG,MRT,2019-06-30,2019-08-03,2019-08-03,2021-09-02,-322300000.0,5965600000.0,5371625000.0,2758600000.0,3207000000.0,1.144,21.048,-129600000.0,271500000.0,271500000.0,3935400000.0,-183900000.0,2.103,3.916,2506200000.0,379000000.0,2127200000.0,2506200000.0,965200000.0,175700000.0,0.0,0.086,1.48,-156200000.0,19500000.0,0.003,19500000.0,-156200000.0,-196900000.0,-4.26,-4.26,-4.26,1088200000.0,1200050000.0,1088200000.0,3337240591.0,-21.0,171.141,362100000.0,7.004,1.0,2207100000.0,0.359,513100000.0,40700000.0,6375600000.0,4996375000.0,2272100000.0,0.0,0.0,0.0,4261300000.0,1311600000.0,2949700000.0,901340591.0,141400000.0,0.0,0.0,-101900000.0,-76900000.0,-210600000.0,-139700000.0,-10100000.0,491700000.0,-4000000.0,-183900000.0,-216800000.0,-216800000.0,0.0,0.0,-0.035,2364400000.0,-157300000.0,224100000.0,-0.347,0.828,-4.157,-4.054,2479500000.0,32900000.0,17.27,0.147,0.145,21800000.0,2154200000.0,6142500000.0,6142500000.0,0.0,-0.04,-0.181,-0.031,-0.025,16600000.0,1944100000.0,1.0,52191117.0,51700000.0,51700000.0,118.81,5452500000.0,22300000.0,-13000000.0,25100000.0,105.464,1447000000.0
9,SIG,MRT,2019-03-31,2019-05-04,2019-05-04,2021-09-02,-307900000.0,6193300000.0,5065425000.0,2822700000.0,3370600000.0,1.224,22.508,-126500000.0,195100000.0,195100000.0,4022800000.0,-170800000.0,2.072,3.802,2631000000.0,402600000.0,2228400000.0,2631000000.0,976600000.0,174800000.0,0.0,0.064,1.48,-191600000.0,-16800000.0,-0.003,-16800000.0,-191600000.0,-231600000.0,-3.96,-3.96,-3.96,1161400000.0,1278025000.0,1161400000.0,1734299453.0,-9.0,-103.232,648700000.0,12.572,1.0,2175400000.0,0.351,560500000.0,40000000.0,6706500000.0,4271000000.0,2394200000.0,0.0,0.0,0.0,4416200000.0,1362200000.0,3054000000.0,1201299453.0,43100000.0,0.0,-425000000.0,-71000000.0,-79400000.0,-608100000.0,-124000000.0,2500000.0,775200000.0,-1900000.0,-170800000.0,-203700000.0,-203700000.0,0.0,0.0,-0.033,2368400000.0,-193000000.0,238300000.0,-0.374,1.034,-5.897,-5.846,2598900000.0,32900000.0,23.15,0.194,0.193,23100000.0,2223400000.0,6198200000.0,6198200000.0,0.0,-0.04,-0.159,-0.045,-0.031,18700000.0,1977500000.0,1.0,51891985.0,51600000.0,51600000.0,120.12,5632800000.0,26800000.0,-60800000.0,24100000.0,109.163,1460500000.0
10,SIG,MRT,2018-12-31,2019-02-02,2019-02-02,2021-09-02,-302800000.0,4420100000.0,4835325000.0,2855800000.0,1564300000.0,1.292,21.967,-128000000.0,195400000.0,195400000.0,4086300000.0,-657400000.0,2.765,2.166,728400000.0,78800000.0,649600000.0,728400000.0,966500000.0,183600000.0,0.0,0.062,1.48,-762900000.0,-579300000.0,-0.093,-579300000.0,-762900000.0,-802600000.0,-12.62,-12.62,-12.62,1201600000.0,1460825000.0,1201600000.0,2096636848.0,-3.0,-3.619,569700000.0,10.415,1.0,2160800000.0,0.346,561600000.0,39700000.0,3358500000.0,3571950000.0,2386900000.0,0.0,0.0,0.0,2603200000.0,1033000000.0,1570200000.0,1244336848.0,-24000000.0,0.0,-485000000.0,-5400000.0,-79000000.0,-602700000.0,-119000000.0,9000000.0,697700000.0,-5700000.0,-657400000.0,-690300000.0,-690300000.0,0.0,0.0,-0.11,2925400000.0,-764600000.0,153700000.0,-0.117,1.036,-1.803,-1.899,800500000.0,32900000.0,23.97,0.199,0.21,23700000.0,2282200000.0,6247100000.0,6247100000.0,0.0,-0.143,-0.473,-0.214,-0.122,16500000.0,1985100000.0,1.0,51912259.0,54700000.0,54700000.0,114.207,3858500000.0,26800000.0,-145200000.0,27700000.0,70.539,1822800000.0
11,SIG,MRT,2018-09-30,2018-11-03,2018-11-03,2021-09-02,-306800000.0,4907500000.0,5190200000.0,3010100000.0,1897400000.0,1.23,26.194,-159200000.0,130700000.0,130700000.0,4182700000.0,-198200000.0,2.204,2.182,983000000.0,322600000.0,660400000.0,983000000.0,924800000.0,194700000.0,0.0,0.024,1.42,-356200000.0,-161500000.0,-0.025,-161500000.0,-356200000.0,-395100000.0,-4.3,-4.58,-4.3,1349000000.0,1785375000.0,1349000000.0,3671694077.0,-10.0,-22.735,612500000.0,11.893,1.0,2202800000.0,0.345,849200000.0,38900000.0,3544900000.0,3733900000.0,2647100000.0,0.0,0.0,0.0,2943700000.0,1365700000.0,1578000000.0,3023294077.0,18500000.0,600000.0,-485000000.0,-7200000.0,-78600000.0,-603600000.0,-149600000.0,9000000.0,771700000.0,-1200000.0,-198200000.0,-231100000.0,-231100000.0,0.0,0.0,-0.036,2560400000.0,-357600000.0,339600000.0,-0.33,2.241,-13.082,-13.544,810400000.0,32900000.0,58.24,0.473,0.47,14100000.0,3763500000.0,6385500000.0,6385500000.0,0.0,-0.045,-0.129,-0.095,-0.056,20600000.0,1972400000.0,1.0,51910956.0,51500000.0,51500000.0,123.99,4058300000.0,36200000.0,-196900000.0,31800000.0,78.802,1644400000.0
12,SIG,MRT,2018-06-30,2018-08-04,2018-08-04,2021-09-02,-306300000.0,4740800000.0,5413500000.0,2867500000.0,1873300000.0,1.173,24.957,-182300000.0,134100000.0,134100000.0,4198000000.0,-172200000.0,2.693,1.947,782500000.0,111400000.0,671100000.0,782500000.0,939600000.0,198700000.0,0.0,0.023,1.36,-302200000.0,-103500000.0,-0.016,-103500000.0,-302200000.0,-347100000.0,-3.76,-4.04,-3.76,1400100000.0,1982875000.0,1400100000.0,4085758215.0,-14.0,-39.476,1801000000.0,32.103,1.0,2152700000.0,0.339,850300000.0,44900000.0,3474100000.0,3867900000.0,2363800000.0,0.0,0.0,0.0,2726300000.0,1064800000.0,1661500000.0,3487658215.0,16400000.0,-331800000.0,-485000000.0,-863800000.0,-78100000.0,-1461200000.0,-505700000.0,8400000.0,1983300000.0,-1400000.0,-172200000.0,-205100000.0,-205100000.0,0.0,0.0,-0.032,2456000000.0,-303300000.0,236700000.0,-0.362,2.491,-17.005,-15.668,820100000.0,32900000.0,58.91,0.549,0.52,11100000.0,3820700000.0,6350700000.0,6350700000.0,0.0,-0.038,-0.103,-0.078,-0.048,17600000.0,1938000000.0,1.0,59203161.0,56100000.0,56100000.0,113.203,3890500000.0,121400000.0,-174900000.0,91000000.0,69.349,1802700000.0
13,SIG,MRT,2018-03-31,2018-05-05,2018-05-05,2021-09-02,-281900000.0,5272900000.0,5806750000.0,3366300000.0,1906600000.0,1.09,31.808,-207300000.0,153900000.0,153900000.0,4146600000.0,-55800000.0,3.037,1.462,752000000.0,72300000.0,679700000.0,752000000.0,952400000.0,203200000.0,0.0,0.034,1.3,-109000000.0,94200000.0,0.015,94200000.0,-109000000.0,-158000000.0,-1.86,-2.15,-1.86,1892600000.0,2177000000.0,1892600000.0,2742218946.0,-25.0,29.111,1704300000.0,28.644,1.0,2183600000.0,0.345,852300000.0,49000000.0,3910300000.0,4273275000.0,2429000000.0,0.0,0.0,0.0,2766300000.0,1108400000.0,1657900000.0,2235118946.0,46900000.0,-331800000.0,-520000000.0,-692700000.0,-77500000.0,-1326500000.0,-538200000.0,900000.0,1911600000.0,7300000.0,-55800000.0,-88700000.0,-88700000.0,0.0,0.0,-0.014,2293200000.0,-109600000.0,287500000.0,-0.699,1.181,-25.199,-20.366,847200000.0,32900000.0,37.88,0.353,0.356,491400000.0,3869200000.0,6330200000.0,6330200000.0,0.0,-0.015,-0.041,-0.026,-0.017,15200000.0,1902200000.0,1.0,59005252.0,59500000.0,59500000.0,106.39,4420600000.0,56000000.0,-102200000.0,74200000.0,74.296,2257900000.0
14,SIG,MRT,2017-12-31,2018-02-03,2018-02-03,2021-09-02,-260600000.0,5839600000.0,6104825000.0,3446100000.0,2393500000.0,1.024,39.679,-237400000.0,225100000.0,225100000.0,4063000000.0,519300000.0,3.323,1.091,732200000.0,44000000.0,688200000.0,732200000.0,957500000.0,203400000.0,0.0,0.024,1.24,579900000.0,783300000.0,0.125,783300000.0,579900000.0,527200000.0,7.72,7.44,7.72,2499800000.0,2339700000.0,2499800000.0,3983910310.0,7.0,5.086,1703100000.0,27.033,1.0,2190000000.0,0.35,1303200000.0,52700000.0,4006300000.0,4761875000.0,2280500000.0,0.0,0.0,0.0,2726200000.0,1037200000.0,1689000000.0,3108710310.0,117500000.0,-331800000.0,-460000000.0,-678400000.0,-76500000.0,-1253600000.0,-569400000.0,-200000.0,1940500000.0,8900000.0,519300000.0,486400000.0,486400000.0,0.0,0.0,0.078,1610100000.0,579900000.0,237000000.0,0.161,1.244,6.391,6.654,877900000.0,32900000.0,51.37,0.497,0.518,779700000.0,4396200000.0,6253000000.0,6253000000.0,0.0,0.08,0.208,0.122,0.093,16100000.0,1872200000.0,1.0,60516066.0,63000000.0,69800000.0,99.254,4536400000.0,4000000.0,7900000.0,111900000.0,72.006,2408900000.0
15,SIG,MRT,2017-09-30,2017-10-28,2017-10-28,2021-09-02,-292400000.0,5800700000.0,6294375000.0,3462200000.0,2338500000.0,0.99,35.591,-248500000.0,113400000.0,113400000.0,4014100000.0,465500000.0,2.628,1.425,988600000.0,291800000.0,696800000.0,988600000.0,916400000.0,197100000.0,0.0,0.018,1.19,655600000.0,852700000.0,0.137,852700000.0,655600000.0,599900000.0,6.11,6.06,6.11,2139000000.0,2337300000.0,2139000000.0,5561957734.0,8.0,6.523,1551200000.0,25.81,1.0,2215700000.0,0.356,1277500000.0,55700000.0,4080900000.0,5202750000.0,2466100000.0,0.0,0.0,0.0,3048600000.0,1317500000.0,1731100000.0,4036357734.0,27300000.0,-332400000.0,-460000000.0,-625900000.0,-75800000.0,-1190700000.0,-581700000.0,-800000.0,1799700000.0,3400000.0,465500000.0,431200000.0,431200000.0,0.0,0.0,0.069,1560100000.0,655600000.0,324900000.0,0.195,1.887,9.361,10.926,855100000.0,34300000.0,66.76,0.648,0.644,720400000.0,4074900000.0,6229800000.0,6229800000.0,0.0,0.069,0.184,0.126,0.105,3900000.0,1853000000.0,1.0,60460721.0,60100000.0,60100000.0,103.657,4523200000.0,18600000.0,134400000.0,143800000.0,75.261,2144700000.0
16,SIG,MRT,2017-06-30,2017-07-29,2017-07-29,2021-09-02,-282300000.0,6313800000.0,6466075000.0,4342800000.0,1971000000.0,0.968,34.116,-282700000.0,119100000.0,119100000.0,4014500000.0,486400000.0,2.399,1.619,1644700000.0,939400000.0,705300000.0,1644700000.0,921100000.0,195400000.0,0.0,0.019,1.14,682200000.0,877600000.0,0.14,877600000.0,682200000.0,630400000.0,6.51,6.46,6.51,2176600000.0,2360350000.0,2176600000.0,5551531731.0,8.0,6.326,496200000.0,7.777,1.0,2244600000.0,0.359,933800000.0,51800000.0,5095600000.0,5619025000.0,2282100000.0,0.0,0.0,0.0,3524500000.0,1810000000.0,1714500000.0,4208131731.0,-1200000.0,0.0,-1080600000.0,76900000.0,-76700000.0,-495800000.0,-284300000.0,-1600000.0,778900000.0,1600000.0,486400000.0,458100000.0,458100000.0,0.0,0.0,0.073,1562400000.0,682200000.0,148200000.0,0.175,1.933,9.186,9.449,836600000.0,28300000.0,61.51,0.672,0.627,1811300000.0,4110300000.0,6259100000.0,6259100000.0,0.0,0.071,0.194,0.121,0.109,4800000.0,1863600000.0,1.0,68413782.0,63800000.0,70500000.0,98.105,5380000000.0,1800000.0,144000000.0,136800000.0,84.326,2532800000.0
17,SIG,MRT,2017-03-31,2017-04-29,2017-04-29,2021-09-02,-305400000.0,6465200000.0,6462125000.0,4507800000.0,1957400000.0,0.965,37.348,-294900000.0,99700000.0,99700000.0,3981300000.0,474900000.0,4.437,1.301,1443100000.0,131500000.0,1311600000.0,1443100000.0,930700000.0,193200000.0,0.0,0.017,1.09,666500000.0,859700000.0,0.138,859700000.0,666500000.0,616300000.0,6.23,6.19,6.23,2543400000.0,2536175000.0,2543400000.0,5807196690.0,9.0,6.755,325800000.0,4.784,1.0,2251600000.0,0.361,928000000.0,50200000.0,5864700000.0,5760500000.0,2432400000.0,0.0,0.0,0.0,3309500000.0,1015900000.0,2293600000.0,4496896690.0,-6900000.0,0.0,-870700000.0,20700000.0,-75900000.0,-331500000.0,-296100000.0,-1200000.0,620700000.0,-6400000.0,474900000.0,454800000.0,454800000.0,0.0,0.0,0.073,1585100000.0,666500000.0,177800000.0,0.175,1.768,9.888,10.568,829800000.0,20100000.0,65.84,0.721,0.719,1814900000.0,4042900000.0,6232900000.0,6232900000.0,0.0,0.07,0.179,0.116,0.107,5800000.0,1870300000.0,1.0,68300375.0,68100000.0,68200000.0,91.526,5537200000.0,2400000.0,141400000.0,151400000.0,81.31,3491900000.0
18,SIG,MRT,2016-12-31,2017-01-28,2017-01-28,2021-09-02,-307700000.0,6597800000.0,6452750000.0,4642600000.0,1955200000.0,0.993,33.426,-278000000.0,98700000.0,98700000.0,4047600000.0,543200000.0,3.857,1.404,1409000000.0,91100000.0,1317900000.0,1409000000.0,935900000.0,188800000.0,0.0,0.013,1.04,763200000.0,952000000.0,0.149,952000000.0,763200000.0,713800000.0,7.13,7.08,7.13,2490200000.0,2674875000.0,2490200000.0,7096061073.0,9.0,7.454,400300000.0,5.373,1.0,2360800000.0,0.368,934600000.0,49400000.0,5769800000.0,5726925000.0,2449300000.0,0.0,0.0,0.0,3495700000.0,1203700000.0,2292000000.0,5565761073.0,-38300000.0,0.0,-1000000000.0,29400000.0,-75600000.0,-438200000.0,-278400000.0,-400000.0,678300000.0,-700000.0,543200000.0,531300000.0,531300000.0,0.0,0.0,0.083,1597600000.0,763200000.0,255700000.0,0.146,2.235,10.476,11.219,822900000.0,11900000.0,79.99,0.869,0.93,1953900000.0,3995900000.0,6408400000.0,6408400000.0,0.0,0.082,0.199,0.133,0.119,5600000.0,1880200000.0,1.0,69580711.0,74500000.0,76700000.0,86.019,5663200000.0,5100000.0,170600000.0,203200000.0,76.016,3438900000.0
19,SIG,MRT,2016-09-30,2016-10-29,2016-10-29,2021-09-02,-302300000.0,6487500000.0,6419525000.0,4555000000.0,1932500000.0,1.017,30.356,-251300000.0,82700000.0,82700000.0,4099800000.0,517600000.0,3.412,1.633,1613000000.0,288800000.0,1324200000.0,1613000000.0,888800000.0,184600000.0,0.0,0.012,1.0,757100000.0,941700000.0,0.144,941700000.0,757100000.0,708600000.0,6.56,6.55,6.56,2231200000.0,2817500000.0,2231200000.0,7529027240.0,10.0,7.995,464200000.0,6.316,1.0,2431300000.0,0.372,936800000.0,48500000.0,5746000000.0,5687350000.0,2649400000.0,0.0,0.0,0.0,3644600000.0,1335000000.0,2309600000.0,6078627240.0,11200000.0,0.0,-1016400000.0,33400000.0,-75000000.0,-450600000.0,-253700000.0,-2400000.0,715500000.0,-5700000.0,517600000.0,515400000.0,515400000.0,0.0,0.0,0.079,1674200000.0,757100000.0,382200000.0,0.152,2.724,11.794,12.258,791100000.0,2200000.0,80.41,0.931,0.905,1655300000.0,3727800000.0,6531100000.0,6531100000.0,0.0,0.08,0.183,0.133,0.116,15500000.0,1951500000.0,1.0,75595414.0,73500000.0,73600000.0,88.859,5550700000.0,20800000.0,191000000.0,137800000.0,75.52,3220000000.0
20,SIG,MRT,2016-06-30,2016-07-30,2016-07-30,2021-09-02,-275000000.0,6298000000.0,6379125000.0,4407900000.0,1890100000.0,1.029,37.353,-228600000.0,118700000.0,118700000.0,4112300000.0,515600000.0,3.853,1.187,1569100000.0,238600000.0,1330500000.0,1569100000.0,894400000.0,182600000.0,0.0,0.011,0.96,758600000.0,941200000.0,0.143,941200000.0,758600000.0,711100000.0,6.55,6.54,6.55,2879900000.0,2970950000.0,2879900000.0,8166092339.0,11.0,8.676,313300000.0,4.064,1.0,2449000000.0,0.373,942800000.0,47500000.0,5661500000.0,5652325000.0,2418300000.0,0.0,0.0,0.0,3418100000.0,1144100000.0,2274000000.0,6857492339.0,-37700000.0,0.0,-422700000.0,144900000.0,-72900000.0,-347600000.0,-232000000.0,-3400000.0,541900000.0,-3400000.0,515600000.0,515600000.0,515600000.0,0.0,0.0,0.079,1690400000.0,758600000.0,195100000.0,0.147,2.381,13.3,13.421,739500000.0,0.0,87.91,1.045,1.033,1717500000.0,3727300000.0,6561300000.0,6561300000.0,0.0,0.081,0.174,0.134,0.116,15000000.0,1960000000.0,1.0,78005828.0,77100000.0,77200000.0,85.101,5355200000.0,1400000.0,195500000.0,118100000.0,69.458,3263800000.0
21,SIG,MRT,2016-03-31,2016-04-30,2016-04-30,2021-09-02,-238500000.0,6427700000.0,6322450000.0,4541200000.0,1886500000.0,1.044,39.417,-222900000.0,113000000.0,113000000.0,4123600000.0,495900000.0,4.301,1.075,1421600000.0,110100000.0,1311500000.0,1421600000.0,905800000.0,179100000.0,0.0,0.008,0.92,739500000.0,918600000.0,0.139,918600000.0,739500000.0,692800000.0,6.27,6.26,6.27,3098200000.0,2969025000.0,3098200000.0,9759919257.0,13.0,10.625,267800000.0,3.407,1.0,2474900000.0,0.375,950100000.0,46700000.0,5730400000.0,5590225000.0,2512600000.0,0.0,0.0,0.0,3329500000.0,1055800000.0,2273700000.0,8509419257.0,-8500000.0,0.0,-234900000.0,29600000.0,-70200000.0,-272400000.0,-226800000.0,-3900000.0,490700000.0,-1100000.0,495900000.0,495900000.0,495900000.0,0.0,0.0,0.075,1735400000.0,739500000.0,255700000.0,0.147,2.747,17.16,17.314,725700000.0,0.0,108.56,1.29,1.293,1753000000.0,3665100000.0,6598500000.0,6598500000.0,0.0,0.078,0.167,0.132,0.112,13800000.0,1997100000.0,1.0,78384481.0,78600000.0,78700000.0,83.95,5477600000.0,1400000.0,196900000.0,107200000.0,69.69,3485400000.0
22,SIG,MRT,2015-12-31,2016-01-30,2016-01-30,2021-09-02,-274100000.0,6464900000.0,6243125000.0,4588100000.0,1876800000.0,1.049,38.499,-226500000.0,137700000.0,137700000.0,4109800000.0,467900000.0,3.986,1.112,1378700000.0,57700000.0,1321000000.0,1378700000.0,889400000.0,175300000.0,0.0,0.009,1.1,703700000.0,879000000.0,0.134,879000000.0,703700000.0,657800000.0,5.89,5.87,5.89,3060700000.0,2917450000.0,3060700000.0,10737008288.0,15.0,12.215,216800000.0,2.727,1.0,2440400000.0,0.373,943300000.0,45900000.0,5611500000.0,5512400000.0,2453900000.0,0.0,0.0,0.0,3404200000.0,1151100000.0,2253100000.0,9225708288.0,-52000000.0,0.0,-133300000.0,-73100000.0,-67100000.0,-266600000.0,-228700000.0,-2200000.0,443300000.0,-3900000.0,467900000.0,467900000.0,467900000.0,0.0,0.0,0.071,1736700000.0,703700000.0,269100000.0,0.187,3.014,19.717,19.694,727600000.0,0.0,116.0,1.408,1.408,1840400000.0,3534600000.0,6550200000.0,6550200000.0,0.0,0.075,0.16,0.128,0.107,9500000.0,1987600000.0,1.0,79531968.0,79500000.0,79700000.0,82.392,5521600000.0,3500000.0,189900000.0,138200000.0,69.454,3437000000.0
23,SIG,MRT,2015-09-30,2015-10-31,2015-10-31,2021-09-02,-245800000.0,6325900000.0,6180475000.0,4477100000.0,1848800000.0,1.041,35.876,-225900000.0,77200000.0,77200000.0,4097500000.0,424000000.0,3.527,1.224,1578600000.0,248000000.0,1330600000.0,1578600000.0,838900000.0,174400000.0,0.0,0.008,1.24,642300000.0,816700000.0,0.127,816700000.0,642300000.0,600600000.0,5.31,5.29,5.31,2845000000.0,2854875000.0,2845000000.0,13284517537.0,21.0,16.266,170000000.0,2.144,1.0,2336500000.0,0.363,951900000.0,41700000.0,5605900000.0,5440325000.0,2727000000.0,0.0,0.0,0.0,3480900000.0,1269500000.0,2211400000.0,12013617537.0,-6400000.0,0.0,-115300000.0,-4500000.0,-64100000.0,-174700000.0,-227600000.0,-1700000.0,395900000.0,-4000000.0,424000000.0,424000000.0,424000000.0,0.0,0.0,0.066,1694200000.0,642300000.0,371400000.0,0.234,4.223,28.334,28.426,718000000.0,0.0,150.94,1.867,1.86,1506900000.0,3280300000.0,6434000000.0,6434000000.0,0.0,0.069,0.149,0.118,0.1,4000000.0,1935500000.0,1.0,79592007.0,79300000.0,79500000.0,81.135,5374000000.0,26400000.0,176600000.0,57400000.0,67.768,3207600000.0
24,SIG,MRT,2015-06-30,2015-08-01,2015-08-01,2021-09-02,-243700000.0,6071300000.0,6143625000.0,4250400000.0,1820900000.0,1.041,36.038,-229100000.0,159800000.0,159800000.0,4080800000.0,407700000.0,4.412,1.114,1420300000.0,80200000.0,1340100000.0,1420300000.0,837200000.0,169700000.0,0.0,0.01,1.2,619400000.0,789100000.0,0.123,789100000.0,619400000.0,576800000.0,5.1,5.08,5.1,2872200000.0,2804200000.0,2872200000.0,10991444034.0,18.0,13.929,80600000.0,1.011,1.0,2314700000.0,0.362,955400000.0,42600000.0,5413100000.0,5359175000.0,2414200000.0,0.0,0.0,0.0,3199100000.0,963300000.0,2235800000.0,9713044034.0,-50800000.0,0.0,-96600000.0,18300000.0,-61000000.0,-130100000.0,-230400000.0,-1300000.0,309700000.0,-4400000.0,407700000.0,407700000.0,407700000.0,0.0,0.0,0.064,1695300000.0,619400000.0,194000000.0,0.235,3.382,23.824,23.769,685100000.0,0.0,121.22,1.519,1.511,1548400000.0,3282800000.0,6395500000.0,6395500000.0,0.0,0.066,0.145,0.116,0.097,2800000.0,1929200000.0,1.0,80127405.0,79700000.0,79900000.0,80.245,5115900000.0,6200000.0,169100000.0,68300000.0,64.189,3287100000.0
25,SIG,MRT,2015-03-31,2015-05-02,2015-05-02,2021-09-02,-234300000.0,6110400000.0,6124475000.0,4302700000.0,1807700000.0,1.014,36.149,-235000000.0,122600000.0,122600000.0,3977900000.0,403500000.0,4.336,1.113,1390200000.0,43000000.0,1347200000.0,1390200000.0,841300000.0,163500000.0,0.0,0.008,1.16,602100000.0,765600000.0,0.123,765600000.0,602100000.0,556900000.0,5.05,5.02,5.05,2891900000.0,2757125000.0,2891900000.0,12245242361.0,20.0,15.994,41500000.0,0.519,1.0,2232900000.0,0.36,966600000.0,45200000.0,5419100000.0,5255100000.0,2487800000.0,0.0,0.0,0.0,3218500000.0,992300000.0,2226200000.0,10977542361.0,-121700000.0,-1429200000.0,-44100000.0,1359700000.0,-57700000.0,1267100000.0,-1665300000.0,-1100000.0,276500000.0,-4800000.0,403500000.0,403500000.0,403500000.0,0.0,0.0,0.065,1630800000.0,602100000.0,256500000.0,0.23,3.796,27.206,27.087,668700000.0,0.0,136.79,1.767,1.762,1556400000.0,3238100000.0,6210800000.0,6210800000.0,0.0,0.066,0.146,0.115,0.097,3000000.0,1855600000.0,1.0,80251059.0,80000000.0,80200000.0,77.635,5143800000.0,7500000.0,153400000.0,85600000.0,64.297,3310400000.0
26,SIG,MRT,2014-12-31,2015-01-31,2015-01-31,2021-09-02,-236600000.0,6214300000.0,5602275000.0,4402800000.0,1811500000.0,1.024,35.174,-220200000.0,193600000.0,193600000.0,3662100000.0,381300000.0,3.692,1.211,1461300000.0,97500000.0,1363800000.0,1461300000.0,811900000.0,149700000.0,0.0,0.007,0.9,576600000.0,726300000.0,0.127,726300000.0,576600000.0,540600000.0,4.77,4.75,4.77,2810400000.0,2695100000.0,2810400000.0,11215911716.0,19.0,15.443,62800000.0,0.786,1.0,2074200000.0,0.362,966300000.0,36000000.0,5323200000.0,4639900000.0,2439000000.0,0.0,0.0,0.0,3403900000.0,1192500000.0,2211400000.0,9710411716.0,-48700000.0,-1429200000.0,-42100000.0,1406500000.0,-55300000.0,1320900000.0,-1652600000.0,-3200000.0,283000000.0,-5300000.0,381300000.0,381300000.0,381300000.0,0.0,0.0,0.066,1497600000.0,576600000.0,277700000.0,0.189,3.455,25.467,25.39,665900000.0,0.0,121.11,1.693,1.687,1631200000.0,3135700000.0,5736300000.0,5736300000.0,0.0,0.068,0.141,0.124,0.101,300000.0,1712900000.0,1.0,80178447.0,79900000.0,80200000.0,71.793,5248000000.0,4100000.0,159300000.0,140400000.0,65.682,3210300000.0
27,SIG,MRT,2014-09-30,2014-11-01,2014-11-01,2021-09-02,-183900000.0,6178500000.0,5056000000.0,4267900000.0,1910600000.0,0.994,33.07,-210900000.0,87600000.0,87600000.0,3213000000.0,328500000.0,3.012,1.338,1593100000.0,221800000.0,1371300000.0,1593100000.0,740400000.0,135600000.0,0.0,0.006,0.69,515500000.0,651100000.0,0.13,651100000.0,515500000.0,486200000.0,4.11,4.07,4.11,2642300000.0,2633275000.0,2642300000.0,10821902510.0,21.0,16.621,22300000.0,0.279,1.0,1810900000.0,0.36,985600000.0,29300000.0,5281300000.0,4027450000.0,2674600000.0,0.0,0.0,0.0,3536200000.0,1417100000.0,2119100000.0,9626602510.0,3600000.0,-1438300000.0,-47100000.0,1511500000.0,-52800000.0,1421300000.0,-1650900000.0,-1700000.0,233200000.0,-3800000.0,328500000.0,328500000.0,328500000.0,0.0,0.0,0.065,1295400000.0,515500000.0,396200000.0,0.168,3.643,29.305,29.2,658800000.0,0.0,120.01,1.916,1.909,1348800000.0,2922100000.0,5023900000.0,5023900000.0,0.0,0.065,0.125,0.128,0.103,5100000.0,1504200000.0,1.0,80215003.0,79900000.0,79900000.0,62.877,5192900000.0,96000000.0,157700000.0,156600000.0,64.992,2850800000.0
28,SIG,MRT,2014-06-30,2014-08-02,2014-08-02,2021-09-02,-163000000.0,5994700000.0,4452725000.0,4068700000.0,1926000000.0,1.037,33.591,-189100000.0,215000000.0,215000000.0,2913200000.0,363400000.0,3.467,1.234,1410300000.0,31200000.0,1379100000.0,1410300000.0,731500000.0,123600000.0,0.0,0.006,0.66,556400000.0,680000000.0,0.147,680000000.0,556400000.0,538800000.0,4.55,4.51,4.55,2683900000.0,2569250000.0,2683900000.0,7973290664.0,14.0,11.725,171800000.0,2.15,1.0,1704200000.0,0.369,1019500000.0,17600000.0,4996800000.0,3421550000.0,2345300000.0,0.0,0.0,0.0,3310800000.0,1173700000.0,2137100000.0,8213590664.0,6500000.0,-1438300000.0,-61200000.0,1375200000.0,-50500000.0,1273200000.0,-1627600000.0,-200000.0,360900000.0,-4400000.0,363400000.0,363400000.0,363400000.0,0.0,0.0,0.079,1147800000.0,556400000.0,235000000.0,0.145,3.06,22.602,22.508,627800000.0,0.0,102.41,1.779,1.772,1370100000.0,2935300000.0,4617400000.0,4617400000.0,0.0,0.082,0.141,0.163,0.121,5400000.0,1348900000.0,1.0,80203014.0,79900000.0,80200000.0,57.79,4975200000.0,102200000.0,175400000.0,276500000.0,62.268,2895000000.0
29,SIG,MRT,2014-03-31,2014-05-03,2014-05-03,2021-09-02,-163800000.0,4021600000.0,3864125000.0,3232700000.0,788900000.0,1.105,33.089,-157600000.0,249100000.0,249100000.0,2666800000.0,372800000.0,4.06,0.521,8800000.0,8800000.0,0.0,8800000.0,631700000.0,112600000.0,0.0,0.006,0.63,578400000.0,691000000.0,0.162,691000000.0,578400000.0,573500000.0,4.66,4.63,4.66,2643800000.0,2491425000.0,2643800000.0,8091715587.0,14.0,11.71,106300000.0,1.33,1.0,1604900000.0,0.376,26800000.0,4900000.0,2958300000.0,2840325000.0,1523900000.0,0.0,0.0,0.0,1377800000.0,796200000.0,581600000.0,8320015587.0,-11400000.0,-7700000.0,-76100000.0,100000.0,-48200000.0,-110000000.0,-165300000.0,0.0,263900000.0,-3200000.0,372800000.0,372800000.0,372800000.0,0.0,0.0,0.087,1026500000.0,578400000.0,163100000.0,0.135,3.147,22.318,22.255,494000000.0,0.0,103.71,1.948,1.94,1355300000.0,2895000000.0,4271700000.0,4271700000.0,0.0,0.096,0.15,0.204,0.135,400000.0,1220200000.0,1.0,80223851.0,79900000.0,80300000.0,53.463,3994800000.0,128200000.0,200700000.0,158800000.0,49.997,2436500000.0
30,SIG,MRT,2013-12-31,2014-02-01,2014-02-01,2021-09-02,-178500000.0,4029200000.0,3782300000.0,3257600000.0,771600000.0,1.113,31.959,-152700000.0,247600000.0,247600000.0,2628700000.0,368000000.0,3.617,0.572,19300000.0,19300000.0,0.0,19300000.0,616700000.0,110200000.0,0.0,0.008,0.6,570500000.0,680700000.0,0.162,680700000.0,570500000.0,566500000.0,4.59,4.56,4.59,2563100000.0,2416600000.0,2563100000.0,6339338888.0,11.0,9.313,82800000.0,1.032,1.0,1580500000.0,0.375,26800000.0,4000000.0,2873400000.0,2754925000.0,1488000000.0,0.0,0.0,0.0,1466100000.0,900700000.0,565400000.0,6381138888.0,-49700000.0,-7700000.0,-104600000.0,19300000.0,-46000000.0,-124800000.0,-160400000.0,0.0,235500000.0,-3700000.0,368000000.0,368000000.0,368000000.0,0.0,0.0,0.087,1010000000.0,570500000.0,162900000.0,0.131,2.49,17.34,17.331,487600000.0,0.0,79.55,1.516,1.516,1425500000.0,2812900000.0,4209200000.0,4209200000.0,0.0,0.097,0.152,0.207,0.136,7900000.0,1196700000.0,1.0,80215448.0,80200000.0,80700000.0,52.484,4002400000.0,123200000.0,198500000.0,217000000.0,49.905,2356900000.0
31,SIG,MRT,2013-09-30,2013-11-02,2013-11-02,2021-09-02,-189400000.0,3765400000.0,3704750000.0,3013700000.0,751700000.0,1.122,29.865,-140200000.0,87800000.0,87800000.0,2589700000.0,364600000.0,3.576,0.578,46000000.0,46000000.0,0.0,46000000.0,572500000.0,108400000.0,0.0,0.008,0.57,567600000.0,676000000.0,0.163,676000000.0,567600000.0,563700000.0,4.5,4.48,4.5,2386200000.0,2358300000.0,2386200000.0,5846206800.0,10.0,8.648,50400000.0,0.631,1.0,1568800000.0,0.377,23200000.0,3900000.0,2857700000.0,2673100000.0,1644900000.0,0.0,0.0,0.0,1379200000.0,842700000.0,536500000.0,6057406800.0,-78800000.0,-55300000.0,-88000000.0,46000000.0,-43800000.0,-73900000.0,-195500000.0,0.0,190600000.0,600000.0,364600000.0,364600000.0,364600000.0,0.0,0.0,0.088,1001200000.0,567600000.0,244900000.0,0.127,2.539,16.614,16.716,471100000.0,0.0,75.22,1.457,1.445,1174700000.0,2649800000.0,4158500000.0,4158500000.0,0.0,0.098,0.155,0.212,0.136,2700000.0,1181800000.0,1.0,80529205.0,79900000.0,80300000.0,52.046,3742200000.0,139300000.0,199100000.0,144000000.0,46.836,2171000000.0
32,SIG,MRT,2013-06-30,2013-08-03,2013-08-03,2021-09-02,-199900000.0,3640300000.0,3622675000.0,2920000000.0,720300000.0,1.133,29.547,-133000000.0,212900000.0,212900000.0,2538300000.0,365900000.0,3.978,0.534,1700000.0,1700000.0,0.0,1700000.0,573000000.0,103800000.0,0.0,0.007,0.54,568500000.0,672300000.0,0.164,672300000.0,568500000.0,564600000.0,4.51,4.49,4.51,2372600000.0,2299275000.0,2372600000.0,5758534059.0,10.0,8.565,121400000.0,1.512,1.0,1565000000.0,0.381,23200000.0,3900000.0,2671900000.0,2575800000.0,1417700000.0,0.0,0.0,0.0,1267700000.0,734000000.0,533700000.0,6016534059.0,-25000000.0,-55300000.0,-63400000.0,1700000.0,-41300000.0,-91100000.0,-188300000.0,0.0,254400000.0,400000.0,365900000.0,365900000.0,365900000.0,0.0,0.0,0.089,996500000.0,568500000.0,130300000.0,0.12,2.536,16.443,16.494,434900000.0,0.0,74.39,1.466,1.456,1195100000.0,2628900000.0,4103300000.0,4103300000.0,0.0,0.101,0.159,0.221,0.139,3200000.0,1171000000.0,1.0,80878264.0,80300000.0,80700000.0,51.1,3617100000.0,142400000.0,198700000.0,188400000.0,45.045,2186000000.0
33,SIG,MRT,2013-03-31,2013-05-04,2013-05-04,2021-09-02,-189400000.0,3694300000.0,3542350000.0,2982000000.0,712300000.0,1.151,29.016,-138800000.0,263700000.0,263700000.0,2510500000.0,369200000.0,3.638,0.576,5700000.0,5700000.0,0.0,5700000.0,573500000.0,101900000.0,0.0,0.007,0.51,573900000.0,675800000.0,0.166,675800000.0,573900000.0,570300000.0,4.53,4.5,4.53,2344500000.0,2233875000.0,2344500000.0,5391408553.0,9.0,7.978,185000000.0,2.29,1.0,1566500000.0,0.384,0.0,3600000.0,2616700000.0,2497975000.0,1426400000.0,0.0,0.0,0.0,1349800000.0,819600000.0,530200000.0,5692408553.0,-135500000.0,-56700000.0,-237400000.0,5700000.0,-39500000.0,-263800000.0,-195500000.0,0.0,323800000.0,200000.0,369200000.0,369200000.0,369200000.0,0.0,0.0,0.091,992600000.0,573900000.0,176800000.0,0.113,2.428,15.418,15.45,429900000.0,0.0,69.99,1.396,1.387,1197700000.0,2338700000.0,4077000000.0,4077000000.0,0.0,0.104,0.165,0.23,0.141,7200000.0,1160800000.0,1.0,81331741.0,80800000.0,81300000.0,50.458,3694300000.0,137300000.0,201100000.0,211100000.0,45.722,2162400000.0
34,SIG,MRT,2012-12-31,2013-02-02,2013-02-02,2021-09-02,-175700000.0,3719000000.0,3490075000.0,3036100000.0,682900000.0,1.141,28.31,-134200000.0,301000000.0,301000000.0,2446000000.0,359900000.0,3.482,0.596,0.0,0.0,0.0,0.0,565600000.0,99400000.0,0.0,0.008,0.48,560500000.0,659900000.0,0.166,659900000.0,560500000.0,556900000.0,4.37,4.35,4.37,2329900000.0,2212175000.0,2329900000.0,4971050382.0,9.0,7.533,178500000.0,2.169,1.0,1537400000.0,0.386,0.0,3600000.0,2546100000.0,2429350000.0,1397000000.0,0.0,0.0,0.0,1389100000.0,871900000.0,517200000.0,5137050382.0,-186300000.0,-56700000.0,-277100000.0,0.0,-38400000.0,-308100000.0,-190900000.0,0.0,312700000.0,500000.0,359900000.0,359900000.0,359900000.0,0.0,0.0,0.09,976900000.0,560500000.0,155900000.0,0.11,2.205,14.274,14.515,430400000.0,0.0,63.43,1.29,1.311,1247400000.0,2268400000.0,3983400000.0,3983400000.0,0.0,0.103,0.163,0.231,0.141,8300000.0,1138300000.0,1.0,80987709.0,82300000.0,82800000.0,48.401,3719000000.0,109200000.0,197000000.0,229900000.0,45.188,2164200000.0
35,SIG,MRT,2012-09-30,2012-10-27,2012-10-27,2021-09-02,-167700000.0,3437100000.0,3463175000.0,2794600000.0,642500000.0,1.104,26.709,-125700000.0,166000000.0,166000000.0,2360400000.0,344700000.0,3.482,0.599,0.0,0.0,0.0,0.0,526000000.0,95500000.0,0.0,0.009,0.46,536700000.0,632200000.0,0.165,632200000.0,536700000.0,532700000.0,4.07,4.04,4.07,2150100000.0,2199475000.0,2150100000.0,3925289339.0,7.0,6.209,186100000.0,2.312,1.0,1463500000.0,0.383,0.0,4000000.0,2468500000.0,2359475000.0,1508500000.0,0.0,0.0,0.0,1287000000.0,802600000.0,484400000.0,4162789339.0,-179100000.0,0.0,-298000000.0,-33400000.0,-37300000.0,-365200000.0,-125700000.0,0.0,311800000.0,-4500000.0,344700000.0,344700000.0,344700000.0,0.0,0.0,0.09,926800000.0,536700000.0,216200000.0,0.113,1.936,12.077,12.644,416000000.0,0.0,51.46,1.089,1.083,1042800000.0,2108600000.0,3823900000.0,3823900000.0,0.0,0.1,0.157,0.227,0.14,12200000.0,1076200000.0,1.0,80893691.0,80500000.0,80900000.0,47.502,3437100000.0,131200000.0,188000000.0,170800000.0,42.697,1992000000.0
36,SIG,MRT,2012-06-30,2012-07-28,2012-07-28,2021-09-02,-175000000.0,3319000000.0,3444925000.0,2696300000.0,622700000.0,1.108,25.557,-114300000.0,237500000.0,237500000.0,2360200000.0,335900000.0,3.74,0.572,0.0,0.0,0.0,0.0,527200000.0,94100000.0,0.0,0.01,0.44,526700000.0,620800000.0,0.163,620800000.0,526700000.0,523200000.0,3.94,3.91,3.94,2111000000.0,2199000000.0,2111000000.0,3422158061.0,6.0,5.512,135600000.0,1.642,1.0,1458000000.0,0.382,0.0,3500000.0,2360600000.0,2313325000.0,1312800000.0,0.0,0.0,0.0,1208000000.0,720900000.0,487100000.0,3821158061.0,-200500000.0,0.0,-299100000.0,-12700000.0,-27700000.0,-336100000.0,-114300000.0,0.0,249900000.0,-2200000.0,335900000.0,335900000.0,335900000.0,0.0,0.0,0.088,931300000.0,526700000.0,136400000.0,0.112,1.81,11.376,11.396,392000000.0,0.0,44.9,1.001,0.971,1072600000.0,2085000000.0,3818200000.0,3818200000.0,0.0,0.098,0.153,0.228,0.138,13200000.0,1073200000.0,1.0,85103743.0,82600000.0,83000000.0,46.225,3319000000.0,122100000.0,187300000.0,181700000.0,40.182,1975400000.0
37,SIG,MRT,2012-03-31,2012-04-28,2012-04-28,2021-09-02,-163100000.0,3485200000.0,3427050000.0,2879000000.0,606200000.0,1.098,26.406,-103500000.0,399000000.0,399000000.0,2320300000.0,331500000.0,3.87,0.544,0.0,0.0,0.0,0.0,530900000.0,93000000.0,0.0,0.007,0.32,518100000.0,611100000.0,0.162,611100000.0,518100000.0,512800000.0,3.85,3.82,3.85,2257700000.0,2201050000.0,2257700000.0,3685733152.0,7.0,6.031,150400000.0,1.759,1.0,1441600000.0,0.383,0.0,5300000.0,2342200000.0,2260025000.0,1335000000.0,0.0,0.0,0.0,1227500000.0,744000000.0,483500000.0,4172533152.0,8000000.0,0.0,-100000000.0,-27000000.0,-17400000.0,-142400000.0,-103500000.0,0.0,253900000.0,-3100000.0,331500000.0,331500000.0,331500000.0,0.0,0.0,0.088,923500000.0,518100000.0,156000000.0,0.083,1.848,12.587,12.431,381700000.0,0.0,47.86,1.109,1.088,1069000000.0,2030200000.0,3761900000.0,3761900000.0,0.0,0.097,0.151,0.229,0.138,14500000.0,1057400000.0,1.0,87182055.0,85500000.0,86300000.0,43.999,3485200000.0,118500000.0,181300000.0,185200000.0,40.763,2135000000.0
38,SIG,MRT,2011-12-31,2012-01-28,2012-01-28,2021-09-02,-159200000.0,3611400000.0,3355650000.0,3016300000.0,595100000.0,1.117,26.44,-97800000.0,486800000.0,486800000.0,2311600000.0,324400000.0,3.516,0.585,0.0,0.0,0.0,0.0,528100000.0,92400000.0,0.0,0.004,0.2,507400000.0,599800000.0,0.16,599800000.0,507400000.0,502100000.0,3.76,3.73,3.76,2279100000.0,2147750000.0,2279100000.0,3721642585.0,7.0,6.205,227400000.0,2.638,1.0,1437600000.0,0.383,0.0,5300000.0,2266600000.0,2207775000.0,1304100000.0,0.0,0.0,0.0,1332300000.0,858000000.0,474300000.0,4037642585.0,187400000.0,0.0,-2100000.0,-31000000.0,-8700000.0,-40000000.0,-97800000.0,0.0,325200000.0,-2700000.0,324400000.0,324400000.0,324400000.0,0.0,0.0,0.087,930200000.0,507400000.0,182600000.0,0.053,1.772,12.446,12.356,383400000.0,0.0,46.46,1.077,1.068,1132500000.0,1969300000.0,3749200000.0,3749200000.0,0.0,0.097,0.151,0.23,0.135,13100000.0,1056700000.0,1.0,86905781.0,86200000.0,87000000.0,43.494,3611400000.0,109400000.0,177700000.0,212900000.0,41.896,2158300000.0
39,SIG,MRT,2011-09-30,2011-10-29,2011-10-29,2021-09-02,-141200000.0,3364100000.0,3225250000.0,2780400000.0,583700000.0,1.137,24.892,-89100000.0,349600000.0,349600000.0,2273000000.0,273200000.0,3.638,0.566,33600000.0,33600000.0,0.0,33600000.0,489800000.0,93800000.0,0.0,0.002,0.1,474000000.0,567800000.0,0.155,567800000.0,474000000.0,419300000.0,3.17,3.15,3.17,2148200000.0,2062725000.0,2148200000.0,3424717857.0,7.0,6.032,150700000.0,1.746,1.0,1392900000.0,0.38,0.0,54700000.0,2283900000.0,2168050000.0,1414000000.0,0.0,0.0,0.0,1215900000.0,764200000.0,451700000.0,3851817857.0,-68600000.0,0.0,14900000.0,-233300000.0,0.0,-219300000.0,-89100000.0,0.0,239800000.0,3300000.0,273200000.0,273200000.0,273200000.0,0.0,0.0,0.075,918900000.0,474000000.0,195100000.0,0.032,1.793,14.099,13.991,385800000.0,0.0,44.35,1.051,1.044,918700000.0,1821400000.0,3665900000.0,3665900000.0,0.0,0.085,0.132,0.219,0.129,21000000.0,1044600000.0,1.0,86850459.0,86300000.0,,42.479,3364100000.0,102600000.0,146100000.0,138300000.0,38.981,2016200000.0
40,SIG,MRT,2011-06-30,2011-07-30,2011-07-30,2021-09-02,-146300000.0,3247500000.0,3171125000.0,2672300000.0,575200000.0,1.134,24.556,-79500000.0,440200000.0,440200000.0,2240600000.0,253100000.0,3.971,0.532,13100000.0,13100000.0,0.0,13100000.0,495400000.0,95300000.0,0.0,0.0,0.0,450000000.0,545300000.0,0.152,545300000.0,450000000.0,389200000.0,2.94,2.92,2.94,2119200000.0,1977925000.0,2119200000.0,3354161072.0,7.0,6.151,181100000.0,2.098,1.0,1356600000.0,0.377,0.0,60800000.0,2147400000.0,2117700000.0,1202800000.0,0.0,0.0,0.0,1128300000.0,673000000.0,455300000.0,3720261072.0,-46500000.0,0.0,14700000.0,-241200000.0,0.0,-227600000.0,-79500000.0,0.0,260600000.0,1300000.0,253100000.0,253100000.0,253100000.0,0.0,0.0,0.07,906600000.0,450000000.0,137500000.0,0.0,1.756,14.699,14.571,374800000.0,0.0,42.84,1.034,1.028,936200000.0,1804000000.0,3597200000.0,3597200000.0,0.0,0.08,0.128,0.212,0.125,18900000.0,1026500000.0,1.0,86840828.0,86300000.0,,41.683,3247500000.0,109500000.0,136100000.0,150000000.0,37.63,1999300000.0
41,SIG,MRT,2011-03-31,2011-04-30,2011-04-30,2021-09-02,-150100000.0,3199600000.0,3125075000.0,2632100000.0,567500000.0,1.126,23.746,-62200000.0,394100000.0,394100000.0,2220300000.0,225500000.0,3.759,0.565,28000000.0,28000000.0,0.0,28000000.0,503000000.0,93900000.0,0.0,0.0,0.0,408400000.0,502300000.0,0.143,502300000.0,408400000.0,344100000.0,2.62,2.61,2.62,2044500000.0,1895975000.0,2044500000.0,3509457725.0,9.0,6.987,182000000.0,2.114,1.0,1299000000.0,0.369,0.0,64300000.0,2133200000.0,2126875000.0,1221200000.0,0.0,0.0,0.0,1155100000.0,700300000.0,454800000.0,3780557725.0,-52500000.0,0.0,14500000.0,-249300000.0,0.0,-234500000.0,-62200000.0,0.0,244200000.0,-500000.0,225500000.0,225500000.0,225500000.0,0.0,0.0,0.064,890600000.0,408400000.0,144900000.0,0.0,1.849,16.765,16.698,373300000.0,0.0,43.75,1.074,1.07,929500000.0,1737700000.0,3519300000.0,3519300000.0,0.0,0.072,0.119,0.192,0.116,16800000.0,1005700000.0,1.0,86412748.0,86100000.0,,40.875,3199600000.0,108900000.0,118600000.0,145600000.0,37.161,1931800000.0
42,SIG,MRT,2010-12-31,2011-01-29,2011-01-29,2021-09-02,-170800000.0,3089800000.0,3083925000.0,2542300000.0,547500000.0,1.115,22.625,-55600000.0,302100000.0,302100000.0,2194500000.0,200400000.0,3.576,0.594,31000000.0,31000000.0,0.0,31000000.0,499200000.0,97800000.0,0.0,0.0,0.0,372500000.0,470300000.0,0.137,470300000.0,372500000.0,300400000.0,2.34,2.32,2.34,1939000000.0,1822325000.0,1939000000.0,3415723024.0,9.0,7.263,267500000.0,3.121,1.0,1242900000.0,0.362,0.0,72100000.0,2107700000.0,2145800000.0,1184200000.0,0.0,0.0,0.0,1150800000.0,711000000.0,439800000.0,3563923024.0,-14800000.0,0.0,11300000.0,-293100000.0,0.0,-282300000.0,-55600000.0,0.0,323100000.0,700000.0,200400000.0,200400000.0,200400000.0,0.0,0.0,0.058,870400000.0,372500000.0,125900000.0,0.0,1.838,17.784,17.761,379000000.0,0.0,41.56,1.037,1.036,974100000.0,1662300000.0,3437400000.0,3437400000.0,0.0,0.065,0.11,0.174,0.108,16400000.0,980400000.0,1.0,85753682.0,85700000.0,86400000.0,40.11,3089800000.0,88700000.0,100000000.0,115700000.0,36.054,1831300000.0
43,SIG,MRT,2010-09-30,2010-10-30,2010-10-30,2021-09-02,-177000000.0,3147600000.0,3072700000.0,2584300000.0,563300000.0,1.095,21.113,-52700000.0,414900000.0,414900000.0,2207900000.0,210500000.0,2.819,0.74,266700000.0,266700000.0,0.0,266700000.0,464800000.0,101500000.0,0.0,0.0,0.0,338500000.0,440000000.0,0.131,440000000.0,338500000.0,310500000.0,2.46,2.44,2.46,1809000000.0,1763475000.0,1809000000.0,2782889629.0,8.0,6.325,310400000.0,3.623,1.0,1155800000.0,0.344,0.0,28000000.0,2082500000.0,2216300000.0,1297400000.0,0.0,0.0,0.0,1338600000.0,916900000.0,421700000.0,3014289629.0,281700000.0,0.0,2100000.0,-29600000.0,0.0,-28700000.0,-52700000.0,0.0,363100000.0,-6400000.0,210500000.0,210500000.0,210500000.0,0.0,0.0,0.063,816600000.0,339200000.0,179300000.0,0.0,1.666,14.32,14.301,389600000.0,0.0,35.18,0.896,0.896,791700000.0,1556900000.0,3363700000.0,3363700000.0,0.0,0.069,0.119,0.153,0.101,8900000.0,926300000.0,1.0,85681911.0,85681911.0,,39.258,3147600000.0,116500000.0,100000000.0,97700000.0,36.736,1667400000.0
44,SIG,MRT,2010-06-30,2010-07-31,2010-07-31,2021-09-02,-184900000.0,3063300000.0,3003875000.0,2503400000.0,559900000.0,1.11,20.946,-40400000.0,485400000.0,485400000.0,2208100000.0,195800000.0,4.017,0.71,254000000.0,24900000.0,229100000.0,254000000.0,471700000.0,103000000.0,0.0,0.0,0.0,314100000.0,417100000.0,0.125,417100000.0,314100000.0,285200000.0,2.29,2.27,2.29,1791400000.0,1709800000.0,1791400000.0,2375300625.0,8.0,5.695,434500000.0,5.08,1.0,1125200000.0,0.338,24600000.0,28900000.0,2184100000.0,2300425000.0,1126200000.0,0.0,0.0,0.0,1271900000.0,623200000.0,648700000.0,2546100625.0,396800000.0,0.0,2000000.0,-38800000.0,0.0,-37700000.0,-40400000.0,0.0,474900000.0,-4200000.0,195800000.0,195800000.0,195800000.0,0.0,0.0,0.059,810400000.0,314800000.0,114700000.0,0.0,1.421,13.004,13.0,362100000.0,0.0,29.77,0.764,0.764,822500000.0,1550900000.0,3333300000.0,3333300000.0,0.0,0.065,0.115,0.137,0.094,6900000.0,922100000.0,1.0,85525718.0,85525718.0,,38.974,3038700000.0,116700000.0,89400000.0,112700000.0,35.53,1880200000.0
45,SIG,MRT,2010-03-31,2010-05-01,2010-05-01,2021-09-02,-185300000.0,3035000000.0,2921775000.0,2465700000.0,569300000.0,1.138,20.464,-41400000.0,447100000.0,447100000.0,2214900000.0,184700000.0,3.903,0.734,276300000.0,47200000.0,229100000.0,276300000.0,478300000.0,107100000.0,0.0,0.0,0.0,300100000.0,407200000.0,0.122,407200000.0,300100000.0,269000000.0,2.16,2.14,2.16,1749900000.0,1685125000.0,1749900000.0,2745980599.0,9.0,6.744,460100000.0,5.381,1.0,1109500000.0,0.334,23600000.0,31100000.0,2208900000.0,2349625000.0,1122000000.0,0.0,0.0,0.0,1285100000.0,631700000.0,653400000.0,2738080599.0,378100000.0,0.0,1800000.0,-82000000.0,0.0,-82000000.0,-41400000.0,0.0,501500000.0,-200000.0,184700000.0,184700000.0,184700000.0,0.0,0.0,0.056,808800000.0,300700000.0,104200000.0,0.0,1.565,14.824,14.824,375200000.0,0.0,32.02,0.824,0.824,826900000.0,1512200000.0,3324400000.0,3324400000.0,0.0,0.063,0.11,0.128,0.09,7100000.0,922200000.0,1.0,85511574.0,85511574.0,,38.877,3011400000.0,112100000.0,84300000.0,111700000.0,35.216,1834000000.0
46,SIG,MRT,2009-12-31,2010-01-30,2010-01-30,2021-09-02,-178200000.0,3044900000.0,2867900000.0,2453200000.0,591700000.0,1.141,19.977,-43500000.0,316200000.0,316200000.0,2208000000.0,157100000.0,3.84,0.787,324100000.0,44100000.0,280000000.0,324100000.0,475700000.0,108900000.0,0.0,0.0,0.0,264500000.0,373400000.0,0.114,373400000.0,264500000.0,230500000.0,1.84,1.83,1.84,1703600000.0,1657525000.0,1703600000.0,2803885697.0,11.0,7.509,471800000.0,5.533,1.0,1065600000.0,0.326,24200000.0,34000000.0,2389700000.0,2400900000.0,1173100000.0,0.0,0.0,0.0,1341300000.0,638900000.0,702400000.0,2333185697.0,220200000.0,0.0,1000000.0,-243400000.0,0.0,-251600000.0,-43500000.0,0.0,515300000.0,-800000.0,157100000.0,157100000.0,157100000.0,0.0,0.0,0.048,801100000.0,264500000.0,66200000.0,0.0,1.37,14.852,14.87,396900000.0,0.0,27.36,0.713,0.713,885900000.0,1462400000.0,3273600000.0,3273600000.0,0.0,0.055,0.095,0.11,0.081,5500000.0,916500000.0,1.0,85277255.0,85277255.0,,38.388,3020700000.0,114500000.0,73400000.0,118800000.0,35.422,1814300000.0
47,SIG,MRT,2009-09-30,2009-10-31,2009-10-31,2021-09-02,-170800000.0,2872300000.0,2845150000.0,2268200000.0,604100000.0,,18.695,,139600000.0,139600000.0,,,3.85,0.802,300300000.0,20300000.0,280000000.0,300300000.0,443200000.0,,0.0,0.0,0.0,,,,,,,,,,1594300000.0,1634050000.0,1594300000.0,2620539599.0,,,,,1.0,,,24900000.0,,2419000000.0,2469325000.0,1306000000.0,0.0,0.0,0.0,1278000000.0,589100000.0,688900000.0,2149839599.0,,,,,,,,,,,,,,,,,,,140900000.0,,1.348,,,413600000.0,,25.21,,,754200000.0,1346900000.0,,,,,,,,,,1.0,85277255.0,85277255.0,,,2847400000.0,110500000.0,,76000000.0,33.39,1679100000.0
48,SIG,MRT,2009-06-30,2009-08-01,2009-08-01,2021-09-02,-169600000.0,2734900000.0,,2214400000.0,520500000.0,,19.849,,92800000.0,92800000.0,,,4.171,0.616,293300000.0,13300000.0,280000000.0,293300000.0,246400000.0,,0.0,0.009,0.192,,,,,,,,,,1692700000.0,,1692700000.0,2353621790.0,,,,,1.0,,,23600000.0,,2380900000.0,,1279200000.0,0.0,0.0,0.0,1042200000.0,530900000.0,511300000.0,1882921790.0,,,,,,,,,,,,,,,,,,,93900000.0,,1.112,,,431200000.0,,22.08,,,790600000.0,1447100000.0,,,,,,,,,,1.0,85277255.0,85277255.0,,,2711300000.0,54100000.0,,99400000.0,31.794,1683500000.0
49,SIG,MRT,2009-03-31,2009-05-02,2009-05-02,2021-09-02,-192600000.0,2819500000.0,,2289400000.0,530100000.0,,19.226,,69200000.0,69200000.0,,,3.405,0.72,359400000.0,79400000.0,280000000.0,359400000.0,255900000.0,,0.0,0.019,0.312,,,,,,,,,,1639500000.0,,1639500000.0,1835988853.0,,,,,1.0,,,23400000.0,,2414000000.0,,1327100000.0,0.0,0.0,0.0,1180000000.0,672300000.0,507700000.0,1365288853.0,,,,,,,,,,,,,,,,,,,108800000.0,,0.833,,,437700000.0,,16.01,,,835100000.0,1427200000.0,,,,,,,,,,1.0,85277255.0,85277255.0,,,2796100000.0,59300000.0,,113700000.0,32.788,1617100000.0
50,SIG,MRT,2008-12-31,2009-01-31,2009-01-31,2021-09-02,-195500000.0,2953900000.0,3276650000.0,2413200000.0,540700000.0,1.016,18.876,-113300000.0,96800000.0,96800000.0,2262200000.0,-402600000.0,3.273,0.835,567500000.0,187500000.0,380000000.0,567500000.0,262600000.0,108100000.0,0.0,0.044,0.312,-308000000.0,-199900000.0,-0.06,-199900000.0,-308000000.0,-340800000.0,-4.72,-4.72,-4.72,1609700000.0,1965450000.0,1609700000.0,974939684.0,-3.0,-4.877,51100000.0,0.599,1.0,1065800000.0,0.32,23900000.0,32800000.0,2663400000.0,2706450000.0,1364400000.0,0.0,0.0,0.0,1344200000.0,737300000.0,606900000.0,600339684.0,88000000.0,0.0,100000.0,160600000.0,-123800000.0,36900000.0,-113300000.0,0.0,164400000.0,-32900000.0,-402600000.0,-402600000.0,-402600000.0,0.0,0.0,-0.121,1377400000.0,-311600000.0,42200000.0,-0.066,0.373,-1.491,-1.492,452100000.0,0.0,7.04,0.18,0.18,907000000.0,1400900000.0,3328000000.0,3328000000.0,0.0,-0.123,-0.205,-0.114,-0.093,700000.0,969200000.0,1.0,85275523.0,85275523.0,,39.026,2930000000.0,54800000.0,61800000.0,112700000.0,34.359,1675900000.0
51,SIG,MRT,2007-12-31,2008-02-02,2008-02-02,2021-09-02,500000.0,3599400000.0,3282200000.0,2422800000.0,1176600000.0,1.117,27.092,-139400000.0,41700000.0,41700000.0,2414600000.0,219800000.0,3.748,0.551,416300000.0,36300000.0,380000000.0,416300000.0,275000000.0,109200000.0,0.0,0.051,1.46,365000000.0,474200000.0,0.129,474200000.0,365000000.0,336200000.0,2.58,2.55,2.58,2321200000.0,2033600000.0,2321200000.0,2585917485.0,7.0,5.453,1400000.0,0.016,1.0,1250700000.0,0.341,578000000.0,28800000.0,2749500000.0,2639550000.0,1453600000.0,0.0,0.0,0.0,1278200000.0,646500000.0,631700000.0,2467517485.0,-114400000.0,0.0,-23000000.0,31100000.0,-123900000.0,-115800000.0,-139400000.0,0.0,140800000.0,3800000.0,219800000.0,219800000.0,219800000.0,0.0,0.0,0.06,892000000.0,358700000.0,89300000.0,0.566,1.063,11.226,11.163,489200000.0,0.0,28.8,0.673,0.673,888700000.0,1918400000.0,3665300000.0,3665300000.0,0.0,0.067,0.108,0.138,0.1,-3400000.0,1000800000.0,1.0,85677690.0,85677690.0,,42.78,3021400000.0,74600000.0,116400000.0,127400000.0,35.265,1776300000.0
52,SIG,MRT,2006-12-31,2007-02-03,2007-02-03,2021-09-02,0.0,2965000000.0,2218000000.0,2372000000.0,593000000.0,1.605,20.082,-123800000.0,152300000.0,152300000.0,2266300000.0,252700000.0,3.812,0.698,385500000.0,5500000.0,380000000.0,385500000.0,254700000.0,96000000.0,0.0,0.024,1.18,421500000.0,517500000.0,0.145,517500000.0,421500000.0,387300000.0,2.92,2.86,2.92,1746000000.0,1312450000.0,1746000000.0,4325728262.0,10.0,8.359,75500000.0,0.868,1.0,1292900000.0,0.363,46300000.0,34200000.0,2529600000.0,1803750000.0,1350600000.0,0.0,0.0,0.0,1219000000.0,622300000.0,596700000.0,4227128262.0,47100000.0,0.0,-55700000.0,136000000.0,-108700000.0,-28400000.0,-123800000.0,0.0,199300000.0,12300000.0,252700000.0,252700000.0,252700000.0,0.0,0.0,0.071,888100000.0,404800000.0,467100000.0,0.404,2.421,16.728,16.651,484800000.0,0.0,48.62,1.188,1.188,898300000.0,1362200000.0,3559200000.0,3559200000.0,0.0,0.114,0.193,0.234,0.118,17200000.0,979600000.0,1.0,86942169.0,86942169.0,,40.938,2918700000.0,29000000.0,134600000.0,101700000.0,33.571,1749700000.0
53,SIG,MRT,2005-12-31,2006-01-28,2006-01-28,2021-09-02,0.0,1471000000.0,1390650000.0,1162600000.0,308400000.0,2.268,10.128,-113200000.0,52500000.0,52500000.0,2729400000.0,235400000.0,2.48,0.674,151100000.0,151100000.0,0.0,151100000.0,128400000.0,81000000.0,0.0,0.03,1.12,381410000.0,462410000.0,0.147,462410000.0,381410000.0,360860000.0,273.8,271.8,273.8,878900000.0,825300000.0,878900000.0,3096338725.0,8.0,6.696,225400000.0,2.597,1.0,424720000.0,0.135,22900000.0,20550000.0,1077900000.0,1070300000.0,679700000.0,0.0,0.0,0.0,592100000.0,468800000.0,123300000.0,3198738725.0,-92600000.0,0.0,3400000.0,-83918000.0,-94900000.0,-175400000.0,-118800000.0,0.0,338600000.0,0.0,235400000.0,235400000.0,235400000.0,0.0,0.0,0.075,49960000.0,374760000.0,240700000.0,0.004,3.639,13.589,0.135,253800000.0,0.0,36.86,1.014,1.014,444700000.0,656300000.0,3154120000.0,3154120000.0,0.0,0.169,0.285,0.356,0.121,8100000.0,133300000.0,1.0,86780758.0,86780758.0,,36.346,1448100000.0,17400000.0,125460000.0,50200000.0,16.687,693800000.0
54,SIG,MRT,2004-12-31,2005-01-29,2005-01-29,2021-09-02,0.0,1310300000.0,,1039700000.0,270600000.0,,8.941,-70300000.0,102400000.0,102400000.0,1371800000.0,134800000.0,3.314,0.698,185900000.0,53100000.0,132800000.0,185900000.0,109700000.0,41500000.0,0.0,0.028,1.2,215710000.0,257210000.0,0.159,257210000.0,215710000.0,204060000.0,157.8,157.8,157.8,771700000.0,616011000.0,771700000.0,3514262689.0,16.0,13.663,102300000.0,1.185,1.0,243720000.0,0.151,17400000.0,11650000.0,1062700000.0,,577900000.0,0.0,0.0,0.0,538600000.0,313700000.0,224900000.0,3642262689.0,-24500000.0,0.0,-2200000.0,-32518000.0,-43800000.0,-60500000.0,-68500000.0,0.0,172600000.0,0.0,134800000.0,134800000.0,134800000.0,0.0,0.0,0.083,31160000.0,212560000.0,191500000.0,0.008,4.72,27.02,0.267,225700000.0,0.0,42.2,2.255,2.255,371000000.0,556400000.0,1615520000.0,1615520000.0,0.0,,0.219,,0.134,0.0,69800000.0,1.0,86309542.0,86309542.0,,18.718,1292900000.0,15900000.0,69260000.0,43800000.0,14.98,726000000.0
55,SIG,MRT,2003-12-31,2004-01-31,2004-01-31,2021-09-02,0.0,,,1034700000.0,,,5.372,-50700000.0,128014000.0,128014000.0,1330700000.0,129600000.0,,0.466,0.0,,,0.0,0.0,0.0,0.0,0.019,0.673,210200000.0,210200000.0,0.131,210200000.0,210200000.0,199800000.0,150.0,150.0,150.0,460322000.0,485721500.0,460322000.0,2901325851.0,14.0,13.803,153100000.0,1.787,1.0,274200000.0,0.171,16810000.0,10400000.0,,,,,0.0,0.0,214578000.0,,,2990525851.0,-11800000.0,0.0,6300000.0,-12100000.0,-36700000.0,-84900000.0,-50700000.0,0.0,203800000.0,0.0,129600000.0,129600000.0,129600000.0,0.0,0.0,0.081,64000000.0,210200000.0,0.0,0.004,6.497,23.075,0.233,,0.0,34.9,1.863,1.863,365213000.0,,1604900000.0,1604900000.0,0.0,,0.267,,0.131,0.0,64000000.0,1.0,85688420.0,85688420.0,,18.729,,-5400000.0,70200000.0,0.0,,
56,SIG,MRT,2002-12-31,2003-02-01,2003-02-01,2021-09-02,0.0,,,974600000.0,,,5.965,-48200000.0,89214000.0,89214000.0,1331200000.0,120200000.0,,0.327,0.0,,,0.0,0.0,0.0,0.0,0.018,0.433,200000000.0,200000000.0,0.126,200000000.0,200000000.0,185970000.0,141.8,141.8,141.8,511121000.0,546321000.0,511121000.0,,,,134025000.0,1.564,1.0,262420000.0,0.165,19810000.0,14030000.0,,,,,0.0,0.0,167279000.0,,,2110791408.0,-8300000.0,0.0,4300000.0,-12100000.0,-30800000.0,-68500000.0,-48200000.0,0.0,182225000.0,0.0,120200000.0,120200000.0,120200000.0,0.0,0.0,0.075,62500000.0,199920000.0,0.0,0.003,4.13,17.561,0.174,,0.0,24.633,1.325,1.325,345913000.0,,1593620000.0,1593620000.0,0.0,,0.22,,0.126,0.0,62500000.0,1.0,85688420.0,85688420.0,,18.598,,-18000000.0,65770000.0,0.0,,
57,SIG,MRT,2001-12-31,2002-02-02,2002-02-02,2021-09-02,0.0,,,1002700000.0,,,,-60700000.0,66514000.0,66514000.0,1318300000.0,120400000.0,,0.169,0.0,,,0.0,0.0,0.0,0.0,0.013,0.387,198900000.0,198900000.0,0.126,198900000.0,198900000.0,183870000.0,143.8,143.8,143.8,581521000.0,,581521000.0,,,,127325000.0,,1.0,259820000.0,0.165,24210000.0,15030000.0,,,,,0.0,0.0,98179000.0,,,,-11700000.0,0.0,8900000.0,-16500000.0,-27700000.0,-63200000.0,-60700000.0,0.0,188025000.0,0.0,120400000.0,120400000.0,120400000.0,0.0,0.0,0.076,61000000.0,198820000.0,0.0,0.003,,,0.2,,0.0,28.7,,,380713000.0,,1578120000.0,1578120000.0,0.0,,,,0.126,0.0,61000000.0,1.0,,,,,,-9218000.0,63470000.0,0.0,,
58,SIG,MRT,2000-12-31,2001-01-27,2001-01-27,2021-09-02,,,,,,,,-54000000.0,,,1158900000.0,110700000.0,,,,,,,,0.0,,0.025,0.467,178800000.0,178800000.0,0.129,178800000.0,178800000.0,162870000.0,133.8,131.8,133.8,,,,,,,78100000.0,,1.0,228420000.0,0.165,,15930000.0,,,,,,,,,,,-12000000.0,-107500000.0,2000000.0,50200000.0,-24800000.0,84400000.0,-161500000.0,0.0,132100000.0,0.0,110700000.0,110700000.0,110700000.0,0.0,0.0,0.08,49700000.0,178720000.0,,0.003,,,0.141,,0.0,18.833,,,,,1387320000.0,1387320000.0,0.0,,,,0.129,0.0,49700000.0,1.0,,,,,,,52170000.0,,,
