None,ticker,dimension,calendardate,datekey,reportperiod,lastupdated,accoci,assets,assetsavg,assetsc,assetsnc,assetturnover,bvps,capex,cashneq,cashnequsd,cor,consolinc,currentratio,de,debt,debtc,debtnc,debtusd,deferredrev,depamor,deposits,divyield,dps,ebit,ebitda,ebitdamargin,ebitdausd,ebitusd,ebt,eps,epsdil,epsusd,equity,equityavg,equityusd,ev,evebit,evebitda,fcf,fcfps,fxusd,gp,grossmargin,intangibles,intexp,invcap,invcapavg,inventory,investments,investmentsc,investmentsnc,liabilities,liabilitiesc,liabilitiesnc,marketcap,ncf,ncfbus,ncfcommon,ncfdebt,ncfdiv,ncff,ncfi,ncfinv,ncfo,ncfx,netinc,netinccmn,netinccmnusd,netincdis,netincnci,netmargin,opex,opinc,payables,payoutratio,pb,pe,pe1,ppnenet,prefdivis,price,ps,ps1,receivables,retearn,revenue,revenueusd,rnd,roa,roe,roic,ros,sbcomp,sgna,sharefactor,sharesbas,shareswa,shareswadil,sps,tangibles,taxassets,taxexp,taxliabilities,tbvps,workingcapital
0,SIG,ARY,2020-12-31,2021-03-19,2021-01-30,2021-09-02,-290500000,6178900000.0,6541800000.0,3582000000,2596900000.0,0.799,22.89,-83000000.0,1172500000,1172500000,3494400000.0,-15200000.0,1.792,3.651,1671300000,377300000.0,1294000000.0,1671300000,1072000000,176000000.0,0,0.0,0.0,-57700000.0,118300000.0,0.023,118300000.0,-57700000.0,-89700000.0,-0.94,-0.94,-0.94,1190300000,1001600000.0,1190300000,3689747603,-64.0,31.19,1289300000.0,24.794,1.0,1732500000.0,0.331,417000000,32000000.0,4262000000.0,5794100000.0,2032500000.0,0.0,0,0,4346300000,1998700000.0,2347600000.0,3190947603,795900000.0,0.0,0.0,-457400000.0,-19400000.0,-498600000.0,-77800000.0,5200000.0,1372300000.0,2100000.0,-15200000.0,-48700000.0,-48700000.0,0.0,0.0,-0.009,1790200000.0,-57700000.0,812600000,0.0,2.681,-65.523,-64.851,1967700000.0,33500000.0,60.96,0.61,0.606,88700000,2189200000.0,5226900000.0,5226900000.0,0.0,-0.007,-0.049,-0.01,-0.011,14500000.0,1587400000.0,1.0,52344941,52000000,52000000.0,100.517,5761900000.0,68100000.0,-74500000.0,185200000,110.806,1583300000.0
1,SIG,ARY,2019-12-31,2020-03-26,2020-02-01,2021-09-02,-293800000,6299100000.0,6139900000.0,3154800000,3144300000.0,1.0,23.648,-135800000.0,374500000,374500000,3913400000.0,105500000.0,1.909,3.648,2387400000,433800000.0,1953600000.0,2387400000,997700000,178000000.0,0,0.155,1.48,165300000.0,343300000.0,0.056,343300000.0,165300000.0,129700000.0,1.4,1.4,1.4,1222600000,1130725000.0,1222600000,2511235415,15.0,7.315,419900000.0,8.122,1.0,2223700000.0,0.362,512600000,35600000.0,6146800000.0,6453350000.0,2331700000.0,0.0,0,0,4459500000,1652600000.0,2806900000.0,498335415,177900000.0,0.0,0.0,-128200000.0,-77400000.0,-237000000.0,-140800000.0,-5000000.0,555700000.0,1200000.0,105500000.0,72600000.0,72600000.0,0.0,0.0,0.012,2065400000.0,158300000.0,227900000,1.057,0.408,6.864,6.8,2425200000.0,32900000.0,9.52,0.081,0.08,38800000,2242900000.0,6137100000.0,6137100000.0,0.0,0.012,0.064,0.026,0.027,16900000.0,1918200000.0,1.0,52346157,51700000,51800000.0,118.706,5786500000.0,11000000.0,24200000.0,32900000,111.925,1502200000.0
2,SIG,ARY,2018-12-31,2019-04-03,2019-02-02,2021-09-02,-302800000,4420100000.0,4835325000.0,2855800000,1564300000.0,1.292,21.967,-128000000.0,195400000,195400000,4086300000.0,-657400000.0,2.765,2.166,728400000,78800000.0,649600000.0,728400000,966500000,183600000.0,0,0.053,1.48,-762900000.0,-579300000.0,-0.093,-579300000.0,-762900000.0,-802600000.0,-12.62,-12.62,-12.62,1201600000,1460825000.0,1201600000,1975597183,-3.0,-3.41,569700000.0,10.415,1.0,2160800000.0,0.346,561600000,39700000.0,3358500000.0,3571950000.0,2386900000.0,0.0,0,0,2603200000,1033000000.0,1570200000.0,1442597183,-24000000.0,0.0,-485000000.0,-5400000.0,-79000000.0,-602700000.0,-119000000.0,9000000.0,697700000.0,-5700000.0,-657400000.0,-690300000.0,-690300000.0,0.0,0.0,-0.11,2925400000.0,-764600000.0,153700000,-0.117,1.201,-2.09,-2.203,800500000.0,32900000.0,27.8,0.231,0.243,96200000,2282200000.0,6247100000.0,6247100000.0,0.0,-0.143,-0.473,-0.214,-0.122,16500000.0,1985100000.0,1.0,51891985,54700000,54700000.0,114.207,3858500000.0,26800000.0,-145200000.0,27700000,70.539,1822800000.0
3,SIG,ARY,2017-12-31,2018-04-02,2018-02-03,2021-09-02,-260600000,5839600000.0,6104825000.0,3446100000,2393500000.0,1.024,39.679,-237400000.0,225100000,225100000,4063000000.0,519300000.0,3.323,1.091,732200000,44000000.0,688200000.0,732200000,957500000,203400000.0,0,0.034,1.24,579900000.0,783300000.0,0.125,783300000.0,579900000.0,527200000.0,7.72,7.44,7.72,2499800000,2339700000.0,2499800000,2636009492,5.0,3.365,1703100000.0,27.033,1.0,2190000000.0,0.35,1303200000,52700000.0,4006300000.0,4761875000.0,2280500000.0,0.0,0,0,2726200000,1037200000.0,1689000000.0,2128909492,117500000.0,-331800000.0,-462600000.0,-679800000.0,-76500000.0,-1253600000.0,-569400000.0,-200000.0,1940500000.0,8900000.0,519300000.0,486400000.0,486400000.0,0.0,0.0,0.078,1610100000.0,579900000.0,237000000,0.161,0.852,4.377,4.674,877900000.0,32900000.0,36.08,0.34,0.364,779700000,4396200000.0,6253000000.0,6253000000.0,0.0,0.08,0.208,0.122,0.093,16100000.0,1872200000.0,1.0,59005252,63000000,69800000.0,99.254,4536400000.0,4000000.0,7900000.0,111900000,72.006,2408900000.0
4,SIG,ARY,2016-12-31,2017-03-16,2017-01-28,2021-09-02,-307700000,6597800000.0,6452750000.0,4642600000,1955200000.0,0.993,33.426,-278000000.0,98700000,98700000,4047600000.0,543200000.0,3.857,1.404,1409000000,91100000.0,1317900000.0,1409000000,935900000,188800000.0,0,0.015,1.04,763200000.0,952000000.0,0.149,952000000.0,763200000.0,713800000.0,7.13,7.08,7.13,2490200000,2674875000.0,2490200000,6013463822,8.0,6.317,400300000.0,5.373,1.0,2360800000.0,0.368,934600000,49400000.0,5769800000.0,5726925000.0,2449300000.0,0.0,0,0,3495700000,1203700000.0,2292000000.0,4703163822,-38300000.0,0.0,-1002800000.0,26500000.0,-75600000.0,-438200000.0,-278400000.0,-400000.0,678300000.0,-700000.0,543200000.0,531300000.0,531300000.0,0.0,0.0,0.083,1597600000.0,763200000.0,255700000,0.146,1.889,8.852,9.658,822900000.0,11900000.0,68.86,0.734,0.801,1953900000,3995900000.0,6408400000.0,6408400000.0,0.0,0.082,0.199,0.133,0.119,5600000.0,1880200000.0,1.0,68300375,74500000,76700000.0,86.019,5663200000.0,5100000.0,170600000.0,203200000,76.016,3438900000.0
5,SIG,ARY,2015-12-31,2016-03-24,2016-01-30,2021-09-02,-274100000,6474400000.0,6350125000.0,4589900000,1884500000.0,1.032,38.499,-226500000.0,137700000,137700000,4109800000.0,467900000.0,3.981,1.115,1388200000,59500000.0,1328700000.0,1388200000,889400000,175300000.0,0,0.009,1.1,703700000.0,879000000.0,0.134,879000000.0,703700000.0,657800000.0,5.89,5.87,5.89,3060700000,2917450000.0,3060700000,10767943683,15.0,12.25,216800000.0,2.727,1.0,2440400000.0,0.373,943300000,45900000.0,5628700000.0,5502300000.0,2453900000.0,0.0,0,0,3413700000,1152900000.0,2260800000.0,9517443683,-52000000.0,0.0,-133300000.0,-73100000.0,-67100000.0,-266600000.0,-228700000.0,-2200000.0,443300000.0,-3900000.0,467900000.0,467900000.0,467900000.0,0.0,0.0,0.071,1736700000.0,703700000.0,269100000,0.187,3.11,20.341,20.615,727600000.0,0.0,121.42,1.453,1.474,1840400000,3534600000.0,6550200000.0,6550200000.0,0.0,0.074,0.16,0.128,0.107,9500000.0,1987600000.0,1.0,78384481,79500000,79700000.0,82.392,5531100000.0,3500000.0,189900000.0,138200000,69.574,3437000000.0
6,SIG,ARY,2014-12-31,2015-03-26,2015-01-31,2021-09-02,-236600000,6327600000.0,5630600000.0,4407300000,1920300000.0,1.019,35.174,-220200000.0,193600000,193600000,3662100000.0,381300000.0,3.293,1.251,1461300000,97500000.0,1363800000.0,1461300000,811900000,149700000.0,0,0.007,0.9,576600000.0,726300000.0,0.127,726300000.0,576600000.0,540600000.0,4.77,4.75,4.77,2810400000,2695100000.0,2810400000,12101592965,21.0,16.662,62800000.0,0.786,1.0,2074200000.0,0.362,966300000,36000000.0,5290700000.0,4638475000.0,2439000000.0,0.0,0,0,3517200000,1338300000.0,2178900000.0,10833892965,-48700000.0,-1429200000.0,-42100000.0,1406500000.0,-55300000.0,1320900000.0,-1652600000.0,-3200000.0,283000000.0,-5300000.0,381300000.0,381300000.0,381300000.0,0.0,0.0,0.066,1497600000.0,576600000.0,277700000,0.189,3.855,28.413,28.302,665900000.0,0.0,135.0,1.889,1.88,1631200000,3135700000.0,5736300000.0,5736300000.0,0.0,0.068,0.141,0.124,0.101,300000.0,1712900000.0,1.0,80251059,79900000,80200000.0,71.793,5361300000.0,117400000.0,159300000.0,253700000,67.1,3069000000.0
7,SIG,ARY,2013-12-31,2014-03-27,2014-02-01,2021-09-02,-178500000,4029200000.0,3776725000.0,3257600000,771600000.0,1.115,31.959,-152700000.0,247600000,247600000,2628700000.0,368000000.0,3.617,0.572,19300000,19300000.0,0.0,19300000,616700000,110200000.0,0,0.006,0.6,570500000.0,680700000.0,0.162,680700000.0,570500000.0,566500000.0,4.59,4.56,4.59,2563100000,2416600000.0,2563100000,8197611071,14.0,12.043,82800000.0,1.032,1.0,1580500000.0,0.375,0,4000000.0,2900200000.0,2773225000.0,1488000000.0,0.0,0,0,1466100000,900700000.0,565400000.0,8425911071,-49700000.0,-7700000.0,-104600000.0,19300000.0,-46000000.0,-124800000.0,-160400000.0,0.0,235500000.0,-3700000.0,368000000.0,368000000.0,368000000.0,0.0,0.0,0.087,1010000000.0,570500000.0,162900000,0.131,3.287,22.896,22.882,487600000.0,0.0,105.03,2.002,2.001,1425500000,2578100000.0,4209200000.0,4209200000.0,0.0,0.097,0.152,0.206,0.136,7900000.0,1196700000.0,1.0,80223851,80200000,80700000.0,52.484,4029200000.0,123200000.0,198500000.0,217000000,50.239,2356900000.0
8,SIG,ARY,2012-12-31,2013-03-28,2013-02-02,2021-09-02,-175700000,3715800000.0,3485275000.0,3032900000,682900000.0,1.143,28.31,-134200000.0,301000000,301000000,2446000000.0,359900000.0,3.491,0.595,0,0.0,0.0,0,568600000,99400000.0,0,0.007,0.48,560500000.0,659900000.0,0.166,659900000.0,560500000.0,556900000.0,4.37,4.35,4.37,2329900000,2212175000.0,2329900000,5148226647,9.0,7.802,178500000.0,2.169,1.0,1537400000.0,0.386,0,3600000.0,2546100000.0,2429350000.0,1397000000.0,0.0,0,0,1385900000,868700000.0,517200000.0,5449226647,-186300000.0,-56700000.0,-277100000.0,0.0,-38400000.0,-308100000.0,-190900000.0,0.0,312700000.0,500000.0,359900000.0,359900000.0,359900000.0,0.0,0.0,0.09,976900000.0,560500000.0,155900000,0.11,2.339,15.141,15.332,430400000.0,0.0,67.0,1.368,1.384,1247400000,2268400000.0,3983400000.0,3983400000.0,0.0,0.103,0.163,0.231,0.141,8300000.0,1138300000.0,1.0,81331741,82300000,82800000.0,48.401,3715800000.0,105700000.0,197000000.0,226700000,45.149,2164200000.0
9,SIG,ARY,2011-12-31,2012-03-22,2012-01-28,2021-09-02,-159200000,3611400000.0,3355650000.0,3016300000,595100000.0,1.117,26.142,-97800000.0,486800000,486800000,2311600000.0,324400000.0,3.478,0.585,0,0.0,0.0,0,528100000,92400000.0,0,0.004,0.2,507400000.0,599800000.0,0.16,599800000.0,507400000.0,502100000.0,3.76,3.73,3.76,2279100000,2147750000.0,2279100000,3803428927,7.0,6.341,227400000.0,2.608,1.0,1437600000.0,0.383,0,5300000.0,2257400000.0,2184175000.0,1304100000.0,0.0,0,0,1332300000,867200000.0,465100000.0,4290228927,187400000.0,0.0,-2100000.0,-31000000.0,-8700000.0,-40000000.0,-97800000.0,0.0,325200000.0,-2700000.0,324400000.0,324400000.0,324400000.0,0.0,0.0,0.087,930200000.0,507400000.0,182600000,0.053,1.882,13.225,13.088,383400000.0,0.0,49.21,1.144,1.144,1132500000,1969300000.0,3749200000.0,3749200000.0,0.0,0.097,0.151,0.232,0.135,13100000.0,1056700000.0,1.0,87182055,87182055,,43.004,3611400000.0,109400000.0,177700000.0,212900000,41.424,2149100000.0
10,SIG,ARY,2010-12-31,2011-03-30,2011-01-29,2021-09-02,-170800000,3089800000.0,3021850000.0,2542300000,547500000.0,1.138,22.439,-55600000.0,302100000,302100000,2194500000.0,200400000.0,3.576,0.594,31000000,31000000.0,0.0,31000000,499200000,89700000.0,0,0.0,0.0,373200000.0,462900000.0,0.135,462900000.0,373200000.0,300400000.0,2.34,2.32,2.34,1939000000,1870675000.0,1939000000,3626114935,10.0,7.833,268300000.0,3.105,1.0,1242900000.0,0.362,27500000,72800000.0,2080200000.0,2079975000.0,1184200000.0,0.0,0,0,1150800000,711000000.0,439800000.0,3897214935,-14800000.0,0.0,11300000.0,-293100000.0,0.0,-283100000.0,-55600000.0,0.0,323900000.0,700000.0,200400000.0,200400000.0,200400000.0,0.0,0.0,0.058,870400000.0,372500000.0,125900000,0.0,2.01,19.447,19.274,351500000.0,0.0,45.1,1.134,1.134,974100000,1662300000.0,3437400000.0,3437400000.0,0.0,0.066,0.107,0.179,0.109,17200000.0,980400000.0,1.0,86412748,86412748,,39.779,3062300000.0,88700000.0,100000000.0,115700000,35.438,1831300000.0
11,SIG,ARY,2009-12-31,2010-03-30,2010-01-30,2021-09-02,-178200000,2924200000.0,2939050000.0,2435800000,488400000.0,1.12,21.022,-43500000.0,316200000,316200000,2213800000.0,164100000.0,3.92,0.627,324100000,44100000.0,280000000.0,324100000,261000000,101000000.0,0,0.0,0.0,276600000.0,377600000.0,0.115,377600000.0,276600000.0,241800000.0,1.92,1.91,1.92,1797600000,1703650000.0,1797600000,2745125484,10.0,7.27,471900000.0,5.519,1.0,1076900000.0,0.327,24200000,34800000.0,2286600000.0,2475000000.0,1173100000.0,0.0,0,0,1126600000,621300000.0,505300000.0,2737225484,220200000.0,0.0,1000000.0,-243400000.0,0.0,-251700000.0,-43500000.0,0.0,515400000.0,-800000.0,164100000.0,164100000.0,164100000.0,0.0,0.0,0.05,801100000.0,275800000.0,66200000,0.0,1.523,16.68,16.672,396900000.0,0.0,32.01,0.832,0.832,885900000,1556400000.0,3290700000.0,3290700000.0,0.0,0.056,0.096,0.112,0.084,5600000.0,916500000.0,1.0,85511574,85511574,,38.483,2900000000.0,56900000.0,77700000.0,118800000,33.914,1814500000.0
12,SIG,ARY,2008-12-31,2009-04-01,2009-01-31,2021-09-02,-195500000,2953900000.0,2989050000.0,2413200000,540700000.0,1.119,18.876,-113300000.0,96800000,96800000,2264200000.0,-393700000.0,3.273,0.835,567500000,187500000.0,380000000.0,567500000,262600000,108100000.0,0,0.025,0.312,-293700000.0,-185600000.0,-0.055,-185600000.0,-293700000.0,-326500000.0,-4.62,-4.62,-4.62,1609700000,1707900000.0,1609700000,1550310048,-5.0,-8.353,51100000.0,0.599,1.0,1080100000.0,0.323,23900000,32800000.0,2663400000.0,2705500000.0,1364400000.0,0.0,0,0,1344200000,737300000.0,606900000.0,1079610048,88000000.0,0.0,100000.0,160600000.0,-123800000.0,36900000.0,-113300000.0,0.0,164400000.0,-32900000.0,-393700000.0,-393700000.0,-393700000.0,0.0,0.0,-0.118,1377400000.0,-297300000.0,42200000,-0.068,0.671,-2.742,-2.74,452100000.0,0.0,12.66,0.323,0.323,907000000,1400900000.0,3344300000.0,3344300000.0,0.0,-0.132,-0.231,-0.109,-0.088,700000.0,969200000.0,1.0,85277255,85277255,,39.217,2930000000.0,54800000.0,67200000.0,112700000,34.359,1675900000.0
13,SIG,ARY,2007-12-31,2008-05-09,2008-02-02,2021-09-02,0,3024200000.0,2264650000.0,2414700000,609500000.0,1.618,21.18,-128100000.0,41700000,41700000,3264800000.0,215200000.0,4.034,0.674,416300000,36300000.0,380000000.0,416300000,264300000,109400000.0,0,0.05,1.46,362300000.0,471700000.0,0.129,471700000.0,362300000.0,333500000.0,252.0,252.0,252.0,1806100000,1346200000.0,1806100000,2856117728,8.0,6.055,166600000.0,1.954,1.0,400500000.0,0.109,52600000,28800000.0,2747600000.0,2015850000.0,1445500000.0,0.0,0,0,1218100000,598600000.0,619500000.0,2481517728,-112500000.0,0.0,-23000000.0,31100000.0,-123900000.0,-115800000.0,-133100000.0,0.0,294700000.0,0.0,215200000.0,215200000.0,215200000.0,0.0,0.0,0.059,49200000.0,351300000.0,442800000,0.006,1.374,11.531,0.115,502400000.0,0.0,29.1,0.677,0.677,962300000,1415300000.0,3665300000.0,3665300000.0,0.0,0.095,0.16,0.18,0.099,400000.0,158000000.0,1.0,85275523,85275523,,42.982,2971600000.0,19700000.0,118300000.0,79500000,34.847,1816100000.0
14,SIG,ARY,2006-12-31,2007-05-04,2007-02-03,2021-09-02,0,1505100000.0,1488050000.0,1204100000,301000000.0,1.272,10.345,-59800000.0,77300000,77300000,1644900000.0,141500000.0,3.812,0.698,195700000,2800000.0,192900000.0,195700000,129300000,49000000.0,0,0.023,1.18,231400000.0,280400000.0,0.148,280400000.0,231400000.0,213200000.0,164.0,164.0,164.0,886300000,882600000.0,886300000,4505097751,19.0,16.067,122400000.0,1.429,1.0,248300000.0,0.131,23500000,18200000.0,1284100000.0,1181000000.0,685600000.0,0.0,0,0,618800000,315900000.0,302900000.0,4386697751,26400000.0,0.0,-29600000.0,72300000.0,-57800000.0,-15100000.0,-54800000.0,0.0,182200000.0,0.0,141500000.0,141500000.0,141500000.0,0.0,0.0,0.075,26900000.0,221400000.0,237100000,0.007,4.949,31.001,0.312,246100000.0,0.0,51.2,2.317,2.317,456000000,658400000.0,1893200000.0,1893200000.0,0.0,0.095,0.16,0.196,0.122,0.0,75600000.0,1.0,85677690,85677690,,22.097,1481600000.0,14700000.0,71700000.0,51600000,17.293,888200000.0
15,SIG,ARY,2005-12-31,2006-05-04,2006-01-28,2021-09-02,0,1471000000.0,,1162600000,308400000.0,,10.109,-62900000.0,52500000,52500000,1516300000.0,130800000.0,2.48,0.674,151100000,151100000.0,0.0,151100000,116000000,46200000.0,0,0.028,1.12,217500000.0,263700000.0,0.15,263700000.0,217500000.0,200400000.0,150.0,150.0,150.0,878900000,690550000.0,878900000,3524121463,16.0,13.364,125200000.0,1.44,1.0,236000000.0,0.135,22900000,17100000.0,1077900000.0,,679700000.0,0.0,0,0,592100000,468800000.0,123300000.0,3425521463,-51400000.0,0.0,1900000.0,-46600000.0,-52700000.0,-97400000.0,-66000000.0,0.0,188100000.0,0.0,130800000.0,130800000.0,130800000.0,0.0,0.0,0.075,27800000.0,208200000.0,253100000,0.007,3.898,26.189,0.263,253800000.0,0.0,39.4,1.955,1.955,444700000,660300000.0,1752300000.0,1752300000.0,0.0,,0.189,,0.124,0.0,74100000.0,1.0,86942169,86942169,,20.155,1448100000.0,17400000.0,69600000.0,50200000,16.656,693800000.0
16,SIG,ARY,2004-12-31,2005-05-03,2005-01-29,2021-09-02,0,,,1056000000,,,5.787,-70300000.0,102400000,102400000,1329600000.0,141200000.0,,0.472,0,,,0,0,0.0,0,0.031,1.2,218900000.0,218900000.0,0.136,218900000.0,218900000.0,210300000.0,164.0,162.0,164.0,502200000,507600000.0,502200000,3295934468,15.0,15.057,102300000.0,1.179,1.0,284800000.0,0.176,15200000,8600000.0,,,,,0,0,236900000,,,3398334468,6400000.0,0.0,-2200000.0,-8100000.0,-43800000.0,-29600000.0,-70300000.0,0.0,172600000.0,0.0,141200000.0,141200000.0,141200000.0,0.0,0.0,0.087,65900000.0,218900000.0,0,0.007,6.767,24.068,0.239,,0.0,39.16,2.105,2.105,375300000,,1614400000.0,1614400000.0,0.0,,0.278,,0.136,0.0,65900000.0,1.0,86780758,86780758,,18.603,,,69100000.0,0,,
17,SIG,ARY,2003-12-31,2004-04-22,2004-01-31,2021-09-02,0,,,1009000000,,,5.944,-50700000.0,128000000,128000000,1330900000.0,137200000.0,,0.418,0,,,0,0,0.0,0,0.016,0.673,222300000.0,222300000.0,0.137,222300000.0,222300000.0,211900000.0,160.0,158.0,160.0,513000000,521100000.0,513000000,3480889666,16.0,15.659,153100000.0,1.774,1.0,286300000.0,0.177,16800000,10400000.0,,,,,0,0,214600000,,,3608889666,-11800000.0,0.0,6300000.0,-12100000.0,-36700000.0,-84900000.0,-50700000.0,0.0,203800000.0,0.0,137200000.0,137200000.0,137200000.0,0.0,0.0,0.085,64000000.0,222300000.0,0,0.004,7.035,26.304,0.261,,0.0,41.813,2.232,2.232,339500000,,1617200000.0,1617200000.0,0.0,,0.263,,0.137,0.0,64000000.0,1.0,86309542,86309542,,18.737,,-5400000.0,74700000.0,0,,
18,SIG,ARY,2002-12-31,2003-04-24,2003-02-01,2021-09-02,0,,,988500000,,,6.176,-48200000.0,89200000,89200000,1331600000.0,128900000.0,,0.316,0,,,0,0,0.0,0,0.016,0.433,216200000.0,216200000.0,0.134,216200000.0,216200000.0,199700000.0,150.0,150.0,150.0,529200000,,529200000,2168975490,10.0,10.032,134000000.0,1.564,1.0,276400000.0,0.172,19800000,16500000.0,,,,,0,0,167300000,,,2258175490,-8300000.0,0.0,4300000.0,-12100000.0,-30800000.0,-68500000.0,-48200000.0,0.0,182200000.0,0.0,128900000.0,128900000.0,128900000.0,0.0,0.0,0.08,60200000.0,216200000.0,0,0.003,4.267,17.519,0.176,,0.0,26.353,1.404,1.404,359800000,,1608000000.0,1608000000.0,0.0,,,,0.134,0.0,60200000.0,1.0,85688420,85688420,,18.766,,-500000.0,70800000.0,0,,
0,SIG,ARQ,2021-06-30,2021-09-02,2021-07-31,2021-09-02,-282600000,6311900000.0,,3822300000,2489600000.0,,29.516,-20900000.0,1573800000,1573800000,1070500000.0,224600000.0,2.077,2.639,1521600000,322500000.0,1199100000.0,1521600000,1107300000,41600000.0,0,0.002,0.18,225500000.0,267100000.0,0.149,267100000.0,225500000.0,221100000.0,4.1,3.6,4.1,1555500000,,1555500000,4227340920,6.0,4.694,276500000.0,5.247,1.0,717600000.0,0.401,434800000,4400000.0,3984400000.0,,2004700000.0,0.0,0,0,4105100000,1840500000.0,2264600000.0,4279540920,275300000.0,0.0,0.0,-3200000.0,0.0,-2200000.0,-19900000.0,1000000.0,297400000.0,100000.0,224600000.0,216000000.0,216000000.0,0.0,0.0,0.121,492200000.0,225400000.0,730600000,0.044,2.751,7.224,7.113,1789400000.0,8600000.0,80.66,0.615,0.61,13900000,2509300000.0,1788100000.0,1788100000.0,0.0,,,,,17500000.0,502600000.0,1.0,53056545,52700000,62400000.0,33.93,5877100000.0,76200000.0,-3500000.0,158500000,111.52,1981800000.0
1,SIG,ARQ,2021-03-31,2021-06-10,2021-05-01,2021-09-02,-283600000,6180800000.0,,3641800000,2539000000.0,,25.347,-11300000.0,1298400000,1298400000,1010400000.0,138400000.0,1.919,3.187,1579800000,345700000.0,1234100000.0,1579800000,1107700000,42100000.0,0,0.0,0.0,168800000.0,210900000.0,0.125,210900000.0,168800000.0,164900000.0,2.49,2.23,2.49,1320600000,,1320600000,3945976122,10.0,6.672,149800000.0,2.875,1.0,678400000.0,0.402,435500000,3900000.0,4129200000.0,,2019000000.0,0.0,0,0,4209300000,1897500000.0,2311800000.0,3664576122,122600000.0,-14400000.0,0.0,0.0,0.0,-13700000.0,-24800000.0,900000.0,161100000.0,3300000.0,138400000.0,129800000.0,129800000.0,0.0,0.0,0.077,509700000.0,168700000.0,700100000,0.0,2.775,12.795,12.628,1845700000.0,8600000.0,69.58,0.604,0.598,78900000,2304200000.0,1688800000.0,1688800000.0,0.0,,,,,8000000.0,512000000.0,1.0,52667090,52100000,62000000.0,32.415,5745300000.0,75200000.0,26500000.0,195600000,110.274,1744300000.0
2,SIG,ARQ,2020-12-31,2021-03-19,2021-01-30,2021-09-02,-290500000,6178900000.0,,3582000000,2596900000.0,,22.759,-41900000.0,1172500000,1172500000,1317000000.0,254300000.0,1.792,3.651,1671300000,377300000.0,1294000000.0,1671300000,1072000000,45700000.0,0,0.0,0.0,291600000.0,337300000.0,0.154,337300000.0,291600000.0,285200000.0,4.73,4.73,4.73,1190300000,,1190300000,3689747603,-64.0,31.19,723700000.0,13.837,1.0,869500000.0,0.398,417000000,6400000.0,4262000000.0,,2032500000.0,0.0,0,0,4346300000,1998700000.0,2347600000.0,3190947603,-168200000.0,0.0,0.0,-893200000.0,-100000.0,-893700000.0,-40100000.0,1800000.0,765600000.0,8100000.0,254300000.0,245700000.0,245700000.0,0.0,0.0,0.112,577600000.0,291900000.0,812600000,0.0,2.681,-65.523,-64.851,1967700000.0,8600000.0,60.96,0.61,0.606,88700000,2189200000.0,2186500000.0,2186500000.0,0.0,,,,,4900000.0,573800000.0,1.0,52344941,52300000,52300000.0,41.807,5761900000.0,68100000.0,30900000.0,185200000,110.17,1583300000.0
3,SIG,ARQ,2020-09-30,2020-12-03,2020-10-31,2021-09-02,-314400000,6532500000.0,,3904600000,2627900000.0,,17.58,-17500000.0,1332600000,1332600000,865800000.0,9300000.0,2.255,5.44,2609100000,382600000.0,2226500000.0,2609100000,1022800000,45500000.0,0,0.013,0.0,39700000.0,85200000.0,0.066,85200000.0,39700000.0,30600000.0,0.02,0.02,0.02,915900000,,915900000,2818924760,-22.0,-13.379,433100000.0,8.313,1.0,434500000.0,0.334,416800000,9100000.0,5660700000.0,,2174000000.0,0.0,0,0,4982700000,1731500000.0,3251200000.0,1542424760,132200000.0,0.0,0.0,-297400000.0,0.0,-301200000.0,-17200000.0,300000.0,450600000.0,-3600000.0,9300000.0,900000.0,900000.0,0.0,0.0,0.001,394800000.0,39700000.0,558400000,0.0,1.684,-13.343,-13.275,2008000000.0,8400000.0,29.47,0.297,0.296,58300000,1943600000.0,1300300000.0,1300300000.0,0.0,,,,,3300000.0,389300000.0,1.0,52338811,52100000,53400000.0,24.958,6115700000.0,124700000.0,21300000.0,195100000,117.384,2173100000.0
4,SIG,ARQ,2020-06-30,2020-09-03,2020-08-01,2021-09-02,-310000000,6578100000.0,,3862800000,2715300000.0,,17.623,-15900000.0,1204000000,1204000000,663700000.0,-81700000.0,2.576,5.496,2995000000,395600000.0,2599400000.0,2995000000,1030200000,47500000.0,0,0.041,0.0,-89500000.0,-42000000.0,-0.047,-42000000.0,-89500000.0,-98900000.0,-1.73,-1.73,-1.73,916400000,,916400000,2726369356,-14.0,-13.811,147800000.0,2.842,1.0,224300000.0,0.253,417000000,9400000.0,6452700000.0,,2193100000.0,0.0,0,0,5036100000,1499400000.0,3536700000.0,935369356,131900000.0,0.0,0.0,-12800000.0,0.0,-17700000.0,-14100000.0,1800000.0,163700000.0,5500000.0,-81700000.0,-90000000.0,-90000000.0,0.0,0.0,-0.101,314000000.0,-89700000.0,302200000,0.0,1.021,-5.839,-5.802,2105700000.0,8300000.0,17.87,0.184,0.183,31500000,1943700000.0,888000000.0,888000000.0,0.0,,,,,4900000.0,265900000.0,1.0,52342997,52000000,52000000.0,17.077,6161100000.0,264900000.0,-17200000.0,157800000,118.483,2363400000.0
5,SIG,ARQ,2020-03-31,2020-07-01,2020-05-02,2021-09-02,-327800000,6877700000.0,,4015500000,2862200000.0,,18.992,-7700000.0,1066600000,1066600000,647900000.0,-197100000.0,2.395,5.363,3083300000,412500000.0,2670800000.0,3083300000,991000000,37300000.0,0,0.101,0.0,-299500000.0,-262200000.0,-0.308,-262200000.0,-299500000.0,-306600000.0,-3.96,-3.96,-3.96,983800000,,983800000,2590158326,-20.0,-57.687,-15300000.0,-0.295,1.0,204200000.0,0.24,416700000,7100000.0,6801000000.0,,2392200000.0,0.0,0,0,5276500000,1676700000.0,3599800000.0,573458326,700000000.0,0.0,0.0,746000000.0,-19300000.0,714000000.0,-6400000.0,1300000.0,-7600000.0,-7900000.0,-197100000.0,-205300000.0,-205300000.0,0.0,0.0,-0.241,503800000.0,-299600000.0,329100000,0.0,0.583,-5.008,-4.959,2228500000.0,8200000.0,10.96,0.103,0.102,29800000,2037400000.0,852100000.0,852100000.0,0.0,,,,,1400000.0,358400000.0,1.0,52322840,51800000,51800000.0,16.45,6461000000.0,211300000.0,-109500000.0,123700000,124.73,2338800000.0
6,SIG,ARQ,2019-12-31,2020-03-26,2020-02-01,2021-09-02,-293800000,6299100000.0,,3154800000,3144300000.0,,23.648,-40500000.0,374500000,374500000,1255400000.0,187100000.0,1.909,3.648,2387400000,433800000.0,1953600000.0,2387400000,997700000,-214400000.0,0,0.155,0.37,222700000.0,8300000.0,0.004,8300000.0,222700000.0,215000000.0,3.45,3.45,3.45,1222600000,,1222600000,2511235415,15.0,7.315,401700000.0,7.77,1.0,897900000.0,0.417,512600000,7700000.0,6146800000.0,,2331700000.0,0.0,0,0,4459500000,1652600000.0,2806900000.0,498335415,179800000.0,0.0,0.0,-193100000.0,-19400000.0,-221500000.0,-40900000.0,-400000.0,442200000.0,6100000.0,187100000.0,178800000.0,178800000.0,0.0,0.0,0.083,674700000.0,223200000.0,227900000,0.107,0.408,6.864,6.8,2425200000.0,8300000.0,9.52,0.081,0.08,38800000,2242900000.0,2153300000.0,2153300000.0,0.0,,,,,3900000.0,633200000.0,1.0,52346157,51700000,52100000.0,41.65,5786500000.0,11000000.0,27900000.0,32900000,111.925,1502200000.0
7,SIG,ARQ,2019-09-30,2019-12-05,2019-11-02,2021-09-02,-299500000,6101600000.0,,2938700000,3162900000.0,,20.284,-43100000.0,188600000,188600000,820000000.0,-35500000.0,2.125,4.22,2567600000,329900000.0,2237700000.0,2567600000,960500000,131400000.0,0,0.083,0.37,-32900000.0,98500000.0,0.083,98500000.0,-32900000.0,-41500000.0,-0.84,-0.84,-0.84,1050700000,,1050700000,3315481229,-24.0,11.163,-176200000.0,-3.402,1.0,367700000.0,0.31,513000000,8600000.0,6584500000.0,,2519400000.0,0.0,0,0,4434400000,1383100000.0,3051300000.0,936481229,-83400000.0,0.0,0.0,111900000.0,-19500000.0,86200000.0,-36500000.0,6600000.0,-133100000.0,500000.0,-35500000.0,-43700000.0,-43700000.0,0.0,0.0,-0.037,407600000.0,-39900000.0,333900000,-0.44,0.891,-4.211,-4.103,2435200000.0,8200000.0,17.89,0.153,0.151,20800000,2079700000.0,1187700000.0,1187700000.0,0.0,,,,,4700000.0,398400000.0,1.0,52346631,51800000,51800000.0,22.929,5588600000.0,21000000.0,-6000000.0,17400000,107.888,1555600000.0
8,SIG,ARQ,2019-06-30,2019-09-05,2019-08-03,2021-09-02,-322300000,5965600000.0,,2758600000,3207000000.0,,21.048,-27600000.0,271500000,271500000,905700000.0,-36100000.0,2.103,3.916,2506200000,379000000.0,2127200000.0,2506200000,965200000,132700000.0,0,0.106,0.37,-22200000.0,110500000.0,0.081,110500000.0,-22200000.0,-32300000.0,-0.86,-0.86,-0.86,1088200000,,1088200000,2964817798,-19.0,15.228,113600000.0,2.197,1.0,458700000.0,0.336,513100000,10100000.0,6375600000.0,,2272100000.0,0.0,0,0,4261300000,1311600000.0,2949700000.0,730117798,81200000.0,0.0,0.0,-800000.0,-19300000.0,-27000000.0,-33000000.0,-5400000.0,141200000.0,-4800000.0,-36100000.0,-44300000.0,-44300000.0,0.0,0.0,-0.032,481100000.0,-22400000.0,224100000,-0.43,0.671,-3.368,-3.279,2479500000.0,8200000.0,13.97,0.119,0.118,21800000,2154200000.0,1364400000.0,1364400000.0,0.0,,,,,4300000.0,411400000.0,1.0,52263264,51700000,51700000.0,26.391,5452500000.0,22300000.0,3800000.0,25100000,105.464,1447000000.0
9,SIG,ARQ,2019-03-31,2019-06-06,2019-05-04,2021-09-02,-307900000,6193300000.0,,2822700000,3370600000.0,,22.508,-24600000.0,195100000,195100000,932300000.0,-10000000.0,2.072,3.802,2631000000,402600000.0,2228400000.0,2631000000,976600000,128300000.0,0,0.077,0.37,-2300000.0,126000000.0,0.088,126000000.0,-2300000.0,-11500000.0,-0.35,-0.35,-0.35,1161400000,,1161400000,3436925624,-18.0,48.751,80800000.0,1.566,1.0,499400000.0,0.349,560500000,9200000.0,6706500000.0,,2394200000.0,0.0,0,0,4416200000,1362200000.0,3054000000.0,1001025624,300000.0,0.0,0.0,-46200000.0,-19200000.0,-74700000.0,-30400000.0,-5800000.0,105400000.0,-600000.0,-10000000.0,-18200000.0,-18200000.0,0.0,0.0,-0.013,502000000.0,-2600000.0,238300000,-1.057,0.862,-4.914,-4.843,2598900000.0,8200000.0,19.18,0.162,0.16,23100000,2223400000.0,1431700000.0,1431700000.0,0.0,,,,,4000000.0,475200000.0,1.0,52191117,51600000,51600000.0,27.746,5632800000.0,26800000.0,-1500000.0,24100000,109.163,1460500000.0
10,SIG,ARQ,2018-12-31,2019-04-03,2019-02-02,2021-09-02,-302800000,4420100000.0,,2855800000,1564300000.0,,23.242,-40100000.0,195400000,195400000,1276900000.0,-107900000.0,2.765,2.166,728400000,78800000.0,649600000.0,728400000,966500000,45200000.0,0,0.053,0.37,-83200000.0,-38000000.0,-0.018,-38000000.0,-83200000.0,-94000000.0,-2.31,-2.31,-2.31,1201600000,,1201600000,1975597183,-3.0,-3.41,344100000.0,6.656,1.0,877800000.0,0.407,561600000,10800000.0,3358500000.0,,2386900000.0,0.0,0,0,2603200000,1033000000.0,1570200000.0,1442597183,62700000.0,0.0,0.0,-255000000.0,-19200000.0,-282000000.0,-39500000.0,600000.0,384200000.0,2000000.0,-107900000.0,-116200000.0,-116200000.0,0.0,0.0,-0.054,961300000.0,-83500000.0,153700000,-0.16,1.201,-2.09,-2.203,800500000.0,8300000.0,27.8,0.231,0.243,96200000,2282200000.0,2154700000.0,2154700000.0,0.0,,,,,1000000.0,647200000.0,1.0,51891985,51700000,51700000.0,41.677,3858500000.0,26800000.0,13900000.0,27700000,74.632,1822800000.0
11,SIG,ARQ,2018-09-30,2018-12-07,2018-11-03,2021-09-02,-306800000,4907500000.0,,3010100000,1897400000.0,,26.194,-37300000.0,130700000,130700000,820500000.0,-29900000.0,2.204,2.182,983000000,322600000.0,660400000.0,983000000,924800000,44700000.0,0,0.037,0.37,-48500000.0,-3800000.0,-0.003,-3800000.0,-48500000.0,-59100000.0,-0.74,-0.74,-0.74,1349000000,,1349000000,2853517584,-8.0,-17.669,-176400000.0,-3.425,1.0,371200000.0,0.311,849200000,10600000.0,3544900000.0,,2647100000.0,0.0,0,0,2943700000,1365700000.0,1578000000.0,2001217584,-2800000.0,0.0,0.0,200100000.0,-19200000.0,173100000.0,-36800000.0,500000.0,-139100000.0,-600000.0,-29900000.0,-38100000.0,-38100000.0,0.0,0.0,-0.032,420000000.0,-48800000.0,339600000,-0.5,1.483,-8.66,-8.965,810400000.0,8200000.0,38.55,0.313,0.311,72400000,3763500000.0,1191700000.0,1191700000.0,0.0,,,,,7300000.0,410300000.0,1.0,51912259,51500000,51500000.0,23.14,4058300000.0,36200000.0,-29200000.0,31800000,78.802,1644400000.0
12,SIG,ARQ,2018-06-30,2018-09-06,2018-08-04,2021-09-02,-306300000,4740800000.0,,2867500000,1873300000.0,,24.957,-24500000.0,134100000,134100000,993100000.0,-23000000.0,2.693,1.947,782500000,111400000.0,671100000.0,782500000,939600000,43900000.0,0,0.021,0.37,-57600000.0,-13700000.0,-0.01,-13700000.0,-57600000.0,-67000000.0,-0.56,-0.56,-0.56,1400100000,,1400100000,3971739403,-13.0,-38.374,400200000.0,7.134,1.0,427000000.0,0.301,850300000,9400000.0,3474100000.0,,2363800000.0,0.0,0,0,2726300000,1064800000.0,1661500000.0,3323339403,-17100000.0,0.0,-425000000.0,30100000.0,-21800000.0,-424500000.0,-17300000.0,7200000.0,424700000.0,-2700000.0,-23000000.0,-31200000.0,-31200000.0,0.0,0.0,-0.022,485100000.0,-58100000.0,236700000,-0.661,2.374,-16.204,-17.027,820100000.0,8200000.0,64.02,0.523,0.566,94500000,3820700000.0,1420100000.0,1420100000.0,0.0,,,,,6400000.0,444800000.0,1.0,51910956,56100000,56100000.0,25.314,3890500000.0,121400000.0,-44000000.0,91000000,69.349,1802700000.0
13,SIG,ARQ,2018-03-31,2018-06-12,2018-05-05,2021-09-02,-281900000,5272900000.0,,3366300000,1906600000.0,,31.808,-26100000.0,153900000,153900000,995800000.0,-496600000.0,3.037,1.462,752000000,72300000.0,679700000.0,752000000,952400000,49800000.0,0,0.022,0.37,-573600000.0,-523800000.0,-0.354,-523800000.0,-573600000.0,-582500000.0,-8.48,-8.48,-8.48,1892600000,,1892600000,4027147085,-37.0,42.751,1800000.0,0.03,1.0,484800000.0,0.327,852300000,8900000.0,3910300000.0,,2429000000.0,0.0,0,0,2766300000,1108400000.0,1657900000.0,3429047085,-66800000.0,0.0,-60000000.0,19400000.0,-18800000.0,-69300000.0,-25400000.0,700000.0,27900000.0,-4400000.0,-496600000.0,-504800000.0,-504800000.0,0.0,0.0,-0.341,1059000000.0,-574200000.0,287500000,-0.044,1.812,-38.659,-31.14,847200000.0,8200000.0,57.92,0.542,0.544,575000000,3869200000.0,1480600000.0,1480600000.0,0.0,,,,,1800000.0,482800000.0,1.0,59203161,59500000,59500000.0,24.884,4420600000.0,56000000.0,-85900000.0,74200000,74.296,2257900000.0
14,SIG,ARQ,2017-12-31,2018-04-02,2018-02-03,2021-09-02,-260600000,5839600000.0,,3446100000,2393500000.0,,41.663,-71300000.0,225100000,225100000,1373300000.0,351300000.0,3.323,1.091,732200000,44000000.0,688200000.0,732200000,957500000,56300000.0,0,0.034,0.31,323500000.0,379800000.0,0.166,379800000.0,323500000.0,313500000.0,5.48,5.2,5.48,2499800000,,2499800000,2636009492,5.0,3.365,386900000.0,6.448,1.0,919800000.0,0.401,1303200000,10000000.0,4006300000.0,,2280500000.0,0.0,0,0,2726200000,1037200000.0,1689000000.0,2128909492,105200000.0,600000.0,-2600000.0,-258200000.0,-18800000.0,-282900000.0,-70100000.0,600000.0,458200000.0,6500000.0,351300000.0,343000000.0,343000000.0,0.0,0.0,0.15,596300000.0,323500000.0,237000000,0.057,0.852,4.377,4.674,877900000.0,8300000.0,36.08,0.34,0.364,779700000,4396200000.0,2293100000.0,2293100000.0,0.0,,,,,5100000.0,634500000.0,1.0,59005252,60000000,69800000.0,38.218,4536400000.0,4000000.0,-37800000.0,111900000,75.607,2408900000.0
15,SIG,ARQ,2017-09-30,2017-12-01,2017-10-28,2021-09-02,-292400000,5800700000.0,,3462200000,2338500000.0,,35.591,-60400000.0,113400000,113400000,835800000.0,-3900000.0,2.628,1.425,988600000,291800000.0,696800000.0,988600000,916400000,48700000.0,0,0.023,0.31,5500000.0,54200000.0,0.047,54200000.0,5500000.0,-11100000.0,-0.2,-0.2,-0.2,2139000000,,2139000000,4021430271,6.0,4.716,1012100000.0,16.84,1.0,321100000.0,0.278,1277500000,16600000.0,4080900000.0,,2466100000.0,0.0,0,0,3048600000,1317500000.0,1731100000.0,3146230271,-4900000.0,-332400000.0,3000000.0,-656500000.0,-18700000.0,-684500000.0,-392900000.0,-100000.0,1072500000.0,-800000.0,-3900000.0,-12100000.0,-12100000.0,0.0,0.0,-0.01,315600000.0,5500000.0,324900000,-1.55,1.471,7.296,8.509,855100000.0,8200000.0,51.99,0.505,0.502,720400000,4074900000.0,1156900000.0,1156900000.0,0.0,,,,,4300000.0,375900000.0,1.0,60516066,60100000,60100000.0,19.25,4523200000.0,18600000.0,-7200000.0,143800000,75.261,2144700000.0
16,SIG,ARQ,2017-06-30,2017-08-29,2017-07-29,2021-09-02,-282300000,6313800000.0,,4342800000,1971000000.0,,34.116,-49500000.0,119100000,119100000,941700000.0,93400000.0,2.399,1.619,1644700000,939400000.0,705300000.0,1644700000,921100000,48400000.0,0,0.018,0.31,135600000.0,184000000.0,0.131,184000000.0,135600000.0,122100000.0,1.34,1.33,1.34,2176600000,,2176600000,5320719457,8.0,6.063,303500000.0,4.757,1.0,457900000.0,0.327,933800000,13500000.0,5095600000.0,,2282100000.0,0.0,0,0,3524500000,1810000000.0,1714500000.0,3795119457,13400000.0,0.0,-462000000.0,201200000.0,-21200000.0,-289800000.0,-49800000.0,-300000.0,353000000.0,6000000.0,93400000.0,85200000.0,85200000.0,0.0,0.0,0.061,322300000.0,135600000.0,148200000,0.231,1.744,8.284,9.642,836600000.0,8200000.0,62.77,0.606,0.64,1811300000,4110300000.0,1399600000.0,1399600000.0,0.0,,,,,4000000.0,409000000.0,1.0,60460721,63800000,70500000.0,21.937,5380000000.0,1800000.0,28700000.0,136800000,84.326,2532800000.0
17,SIG,ARQ,2017-03-31,2017-06-01,2017-04-29,2021-09-02,-305400000,6465200000.0,,4507800000,1957400000.0,,37.348,-56200000.0,99700000,99700000,912200000.0,78500000.0,4.437,1.301,1443100000,131500000.0,1311600000.0,1443100000,930700000,50000000.0,0,0.021,0.31,115300000.0,165300000.0,0.118,165300000.0,115300000.0,102700000.0,1.03,1.03,1.03,2543400000,,2543400000,4928966315,7.0,5.733,600000.0,0.009,1.0,491200000.0,0.35,928000000,12600000.0,5864700000.0,,2432400000.0,0.0,0,0,3309500000,1015900000.0,2293600000.0,3585566315,3800000.0,0.0,-1000000.0,33700000.0,-17800000.0,3600000.0,-56600000.0,-400000.0,56800000.0,-2800000.0,78500000.0,70300000.0,70300000.0,0.0,0.0,0.05,375900000.0,115300000.0,177800000,0.301,1.41,7.884,8.413,829800000.0,8200000.0,52.41,0.575,0.573,1814900000,4042900000.0,1403400000.0,1403400000.0,0.0,,,,,2700000.0,452800000.0,1.0,68413782,68100000,68200000.0,20.608,5537200000.0,2400000.0,24200000.0,151400000,81.31,3491900000.0
18,SIG,ARQ,2016-12-31,2017-03-16,2017-01-28,2021-09-02,-307700000,6597800000.0,,4642600000,1955200000.0,,36.195,-82400000.0,98700000,98700000,1324400000.0,297500000.0,3.857,1.404,1409000000,91100000.0,1317900000.0,1409000000,935900000,50000000.0,0,0.015,0.26,399200000.0,449200000.0,0.198,449200000.0,399200000.0,386200000.0,3.94,3.9,3.94,2490200000,,2490200000,6013463822,8.0,6.317,235000000.0,3.416,1.0,945500000.0,0.417,934600000,13000000.0,5769800000.0,,2449300000.0,0.0,0,0,3495700000,1203700000.0,2292000000.0,4703163822,15000000.0,0.0,1600000.0,-204300000.0,-18100000.0,-220000000.0,-82400000.0,0.0,317400000.0,1000000.0,297500000.0,287800000.0,287800000.0,0.0,0.0,0.127,546300000.0,399200000.0,255700000,0.066,1.889,8.852,9.658,822900000.0,9700000.0,68.86,0.734,0.801,1953900000,3995900000.0,2269900000.0,2269900000.0,0.0,,,,,-7100000.0,615300000.0,1.0,68300375,68800000,77300000.0,32.993,5663200000.0,5100000.0,88700000.0,203200000,82.314,3438900000.0
19,SIG,ARQ,2016-09-30,2016-11-29,2016-10-29,2021-09-02,-302300000,6487500000.0,,4555000000,1932500000.0,,30.356,-94600000.0,82700000,82700000,836200000.0,17000000.0,3.412,1.633,1613000000,288800000.0,1324200000.0,1613000000,888800000,47000000.0,0,0.011,0.26,32100000.0,79100000.0,0.067,79100000.0,32100000.0,19400000.0,0.2,0.2,0.2,2231200000,,2231200000,7919200884,10.0,8.409,-42900000.0,-0.584,1.0,350000000.0,0.295,936800000,12700000.0,5746000000.0,,2649400000.0,0.0,0,0,3644600000,1335000000.0,2309600000.0,6388900884,-33400000.0,0.0,-625000000.0,43400000.0,-19600000.0,10400000.0,-95500000.0,-900000.0,51700000.0,-2600000.0,17000000.0,14800000.0,14800000.0,0.0,0.0,0.012,317900000.0,32100000.0,382200000,1.3,2.863,12.396,13.997,791100000.0,2200000.0,91.82,0.978,1.033,1655300000,3727800000.0,1186200000.0,1186200000.0,0.0,,,,,5200000.0,386500000.0,1.0,69580711,73500000,73600000.0,16.139,5550700000.0,20800000.0,2400000.0,137800000,75.52,3220000000.0
20,SIG,ARQ,2016-06-30,2016-08-31,2016-07-30,2021-09-02,-275000000,6298000000.0,,4407900000,1890100000.0,,37.353,-61700000.0,118700000,118700000,908500000.0,81900000.0,3.853,1.187,1569100000,238600000.0,1330500000.0,1569100000,894400000,46200000.0,0,0.012,0.26,119900000.0,166100000.0,0.121,166100000.0,119900000.0,108000000.0,1.06,1.06,1.06,2879900000,,2879900000,7647712040,10.0,8.125,133100000.0,1.726,1.0,464900000.0,0.339,942800000,11900000.0,5661500000.0,,2418300000.0,0.0,0,0,3418100000,1144100000.0,2274000000.0,6197312040,7700000.0,0.0,-250100000.0,145000000.0,-20400000.0,-125500000.0,-61600000.0,100000.0,194800000.0,-2000000.0,81900000.0,81900000.0,81900000.0,0.0,0.0,0.06,345000000.0,119900000.0,195100000,0.245,2.152,12.02,12.516,739500000.0,0.0,81.98,0.945,0.963,1717500000,3727300000.0,1373400000.0,1373400000.0,0.0,,,,,5000000.0,415700000.0,1.0,75595414,77100000,77200000.0,17.813,5355200000.0,1400000.0,26100000.0,118100000,69.458,3263800000.0
21,SIG,ARQ,2016-03-31,2016-06-03,2016-04-30,2021-09-02,-238500000,6427700000.0,,4541200000,1886500000.0,,39.417,-39300000.0,113000000,113000000,978500000.0,146800000.0,4.301,1.075,1421600000,110100000.0,1311500000.0,1421600000,905800000,45600000.0,0,0.01,0.26,212000000.0,257600000.0,0.163,257600000.0,212000000.0,200200000.0,1.87,1.87,1.87,3098200000,,3098200000,8187933971,11.0,8.913,75100000.0,0.955,1.0,600400000.0,0.38,950100000,11800000.0,5730400000.0,,2512600000.0,0.0,0,0,3329500000,1055800000.0,2273700000.0,6879333971,-27600000.0,0.0,-129300000.0,42400000.0,-17500000.0,-103100000.0,-38900000.0,400000.0,114400000.0,2900000.0,146800000.0,146800000.0,146800000.0,0.0,0.0,0.093,388400000.0,212000000.0,255700000,0.139,2.22,13.872,14.065,725700000.0,0.0,88.19,1.043,1.051,1753000000,3665100000.0,1578900000.0,1578900000.0,0.0,,,,,2500000.0,462700000.0,1.0,78005828,78600000,78700000.0,20.088,5477600000.0,1400000.0,53400000.0,107200000,69.69,3485400000.0
22,SIG,ARQ,2015-12-31,2016-03-24,2016-01-30,2021-09-02,-274100000,6474400000.0,,4589900000,1884500000.0,,38.792,-55700000.0,137700000,137700000,1376600000.0,271900000.0,3.981,1.115,1388200000,59500000.0,1328700000.0,1388200000,889400000,45800000.0,0,0.009,0.22,393100000.0,438900000.0,0.183,438900000.0,393100000.0,381000000.0,3.43,3.42,3.43,3060700000,,3060700000,10767943683,15.0,12.25,298900000.0,3.788,1.0,1016000000.0,0.425,943300000,12100000.0,5628700000.0,,2453900000.0,0.0,0,0,3413700000,1152900000.0,2260800000.0,9517443683,64500000.0,0.0,-16400000.0,-200300000.0,-17500000.0,-232400000.0,-57700000.0,-2000000.0,354600000.0,-4000000.0,271900000.0,271900000.0,271900000.0,0.0,0.0,0.114,622900000.0,393100000.0,269100000,0.064,3.11,20.341,20.615,727600000.0,0.0,121.42,1.453,1.474,1840400000,3534600000.0,2392600000.0,2392600000.0,0.0,,,,,2800000.0,686600000.0,1.0,78384481,78900000,79100000.0,30.324,5531100000.0,3500000.0,109100000.0,138200000,70.103,3437000000.0
23,SIG,ARQ,2015-09-30,2015-12-04,2015-10-31,2021-09-02,-245800000,6469700000.0,,4482500000,1987200000.0,,35.876,-71900000.0,77200000,77200000,848700000.0,15000000.0,3.109,1.274,1588500000,249800000.0,1338700000.0,1588500000,838900000,45000000.0,0,0.01,0.22,33600000.0,78600000.0,0.065,78600000.0,33600000.0,21900000.0,0.19,0.19,0.19,2845000000,,2845000000,11852841799,18.0,14.513,-193800000.0,-2.444,1.0,367700000.0,0.302,951900000,11700000.0,5587300000.0,,2727000000.0,0.0,0,0,3624700000,1441800000.0,2182900000.0,10341541799,-82300000.0,0.0,-26900000.0,157800000.0,-17500000.0,113400000.0,-73800000.0,-1900000.0,-121900000.0,-300000.0,15000000.0,15000000.0,15000000.0,0.0,0.0,0.012,334100000.0,33600000.0,371400000,1.158,3.635,24.39,24.488,718000000.0,0.0,130.03,1.607,1.603,1506900000,3280300000.0,1216400000.0,1216400000.0,0.0,,,,,4700000.0,395000000.0,1.0,79531968,79300000,79500000.0,15.339,5517800000.0,160300000.0,6900000.0,191300000,69.581,3040700000.0
24,SIG,ARQ,2015-06-30,2015-09-03,2015-08-01,2021-09-02,-243700000,6211800000.0,,4256500000,1955300000.0,,36.038,-56000000.0,159800000,159800000,919800000.0,62200000.0,3.742,1.163,1430700000,82000000.0,1348700000.0,1430700000,837200000,42700000.0,0,0.009,0.22,100800000.0,143500000.0,0.102,143500000.0,100800000.0,89700000.0,0.78,0.78,0.78,2872200000,,2872200000,12187739680,20.0,15.445,87600000.0,1.099,1.0,490800000.0,0.348,955400000,11100000.0,5389800000.0,,2414200000.0,0.0,0,0,3339600000,1137500000.0,2202100000.0,10916839680,36900000.0,0.0,-62300000.0,29700000.0,-17700000.0,-50300000.0,-56400000.0,-400000.0,143600000.0,300000.0,62200000.0,62200000.0,62200000.0,0.0,0.0,0.044,390000000.0,100800000.0,194000000,0.282,3.801,26.777,26.894,685100000.0,0.0,137.16,1.707,1.709,1548400000,3282800000.0,1410600000.0,1410600000.0,0.0,,,,,3800000.0,452800000.0,1.0,79592007,79700000,79900000.0,17.699,5256400000.0,136300000.0,27500000.0,198400000,65.952,3119000000.0
25,SIG,ARQ,2015-03-31,2015-06-03,2015-05-02,2021-09-02,-234300000,6244600000.0,,4310200000,1934400000.0,,36.149,-42900000.0,122600000,122600000,964700000.0,118800000.0,3.738,1.159,1401000000,44800000.0,1356200000.0,1401000000,841300000,41800000.0,0,0.009,0.44,176200000.0,218000000.0,0.142,218000000.0,176200000.0,165200000.0,1.49,1.48,1.49,2891900000,,2891900000,11852012364,20.0,15.481,24100000.0,0.301,1.0,565900000.0,0.37,966600000,11000000.0,5403400000.0,,2487800000.0,0.0,0,0,3352700000,1153000000.0,2199700000.0,10573612364,-71100000.0,0.0,-27700000.0,-60300000.0,-14400000.0,-97300000.0,-40800000.0,2100000.0,67000000.0,100000.0,118800000.0,118800000.0,118800000.0,0.0,0.0,0.078,389700000.0,176200000.0,256500000,0.295,3.656,26.205,26.131,668700000.0,0.0,131.96,1.702,1.7,1556400000,3238100000.0,1530600000.0,1530600000.0,0.0,,,,,-1800000.0,453200000.0,1.0,80127405,80000000,80200000.0,19.133,5278000000.0,130900000.0,46400000.0,209000000,65.975,3157200000.0
26,SIG,ARQ,2014-12-31,2015-03-26,2015-01-31,2021-09-02,-236600000,6327600000.0,,4407300000,1920300000.0,,35.174,-55100000.0,193600000,193600000,1364300000.0,228000000.0,3.293,1.251,1461300000,97500000.0,1363800000.0,1461300000,811900000,44900000.0,0,0.007,0.36,331700000.0,376600000.0,0.165,376600000.0,331700000.0,323800000.0,2.85,2.84,2.85,2810400000,,2810400000,12101592965,21.0,16.662,252100000.0,3.155,1.0,912100000.0,0.401,966300000,7900000.0,5290700000.0,,2439000000.0,0.0,0,0,3517200000,1338300000.0,2178900000.0,10833892965,110100000.0,0.0,1600000.0,-131700000.0,-14500000.0,-140500000.0,-56600000.0,-1500000.0,307200000.0,-4100000.0,228000000.0,228000000.0,228000000.0,0.0,0.0,0.1,580400000.0,331700000.0,277700000,0.126,3.855,28.413,28.302,665900000.0,0.0,135.0,1.889,1.88,1631200000,3135700000.0,2276400000.0,2276400000.0,0.0,,,,,-2700000.0,634500000.0,1.0,80251059,79900000,80200000.0,28.491,5361300000.0,117400000.0,95800000.0,253700000,67.1,3069000000.0
27,SIG,ARQ,2014-09-30,2014-12-08,2014-11-01,2021-09-02,-183900000,6178500000.0,,4267900000,1910600000.0,,33.07,-75100000.0,87600000,87600000,832000000.0,-1300000.0,3.012,1.338,1593100000,221800000.0,1371300000.0,1593100000,740400000,40300000.0,0,0.005,0.18,10700000.0,51000000.0,0.043,51000000.0,10700000.0,-1900000.0,-0.02,-0.02,-0.02,2642300000,,2642300000,11763530509,23.0,18.067,-283200000.0,-3.544,1.0,345900000.0,0.294,985600000,12600000.0,5281300000.0,,2674600000.0,0.0,0,0,3536200000,1417100000.0,2119100000.0,10258030509,-126700000.0,0.0,-8200000.0,180600000.0,-14400000.0,158000000.0,-76600000.0,-1500000.0,-208100000.0,-700000.0,-1300000.0,-1300000.0,-1300000.0,0.0,0.0,-0.001,335200000.0,10700000.0,396200000,-9.0,3.882,31.227,31.129,658800000.0,0.0,127.94,2.042,2.035,1348800000,2922100000.0,1177900000.0,1177900000.0,0.0,,,,,3500000.0,388700000.0,1.0,80178447,79900000,79900000.0,14.742,5192900000.0,96000000.0,-600000.0,156600000,64.992,2850800000.0
28,SIG,ARQ,2014-06-30,2014-09-10,2014-08-02,2021-09-02,-163000000,5994700000.0,,4068700000,1926000000.0,,33.591,-61900000.0,215000000,215000000,816900000.0,58000000.0,3.467,1.234,1410300000,31200000.0,1379100000.0,1410300000,731500000,36500000.0,0,0.006,0.18,83500000.0,120000000.0,0.098,120000000.0,83500000.0,69800000.0,0.73,0.72,0.73,2683900000,,2683900000,10620562852,19.0,15.618,48500000.0,0.607,1.0,409000000.0,0.334,1019500000,13700000.0,4996800000.0,,2345300000.0,0.0,0,0,3310800000,1173700000.0,2137100000.0,9425262852,-34000000.0,-1429200000.0,-9800000.0,1371100000.0,-14400000.0,1346900000.0,-1491300000.0,-200000.0,110400000.0,-100000.0,58000000.0,58000000.0,58000000.0,0.0,0.0,0.047,325500000.0,83500000.0,235000000,0.247,3.512,25.936,25.824,627800000.0,0.0,117.5,2.041,2.033,1370100000,2935300000.0,1225900000.0,1225900000.0,0.0,,,,,4000000.0,379200000.0,1.0,80215003,79900000,80200000.0,15.343,4975200000.0,102200000.0,11800000.0,276500000,62.268,2895000000.0
29,SIG,ARQ,2014-03-31,2014-06-03,2014-05-03,2021-09-02,-163800000,4021600000.0,,3232700000,788900000.0,,33.089,-28100000.0,249100000,249100000,648900000.0,96600000.0,4.06,0.521,8800000,8800000.0,0.0,8800000,631700000,28000000.0,0,0.006,0.18,150700000.0,178700000.0,0.169,178700000.0,150700000.0,148900000.0,1.21,1.2,1.21,2643800000,,2643800000,8100011426,14.0,11.722,45400000.0,0.568,1.0,407200000.0,0.386,0,1800000.0,2985100000.0,,1523900000.0,0.0,0,0,1377800000,796200000.0,581600000.0,8340311426,1900000.0,0.0,-25700000.0,-13500000.0,-12000000.0,-43500000.0,-28100000.0,0.0,73500000.0,-400000.0,96600000.0,96600000.0,96600000.0,0.0,0.0,0.091,256500000.0,150700000.0,163100000,0.149,3.155,22.372,22.315,494000000.0,0.0,103.99,1.952,1.945,1355300000,2660200000.0,1056100000.0,1056100000.0,0.0,,,,,-4500000.0,310500000.0,1.0,80203014,79900000,80300000.0,13.218,4021600000.0,128200000.0,52300000.0,158800000,50.333,2436500000.0
30,SIG,ARQ,2013-12-31,2014-03-27,2014-02-01,2021-09-02,-178500000,4029200000.0,,3257600000,771600000.0,,32.2,-45800000.0,247600000,247600000,915200000.0,175200000.0,3.617,0.572,19300000,19300000.0,0.0,19300000,616700000,30800000.0,0,0.006,0.15,270600000.0,301400000.0,0.193,301400000.0,270600000.0,269400000.0,2.19,2.17,2.19,2563100000,,2563100000,8197611071,14.0,12.043,211600000.0,2.658,1.0,648800000.0,0.415,0,1200000.0,2900200000.0,,1488000000.0,0.0,0,0,1466100000,900700000.0,565400000.0,8425911071,162400000.0,-9100000.0,-3400000.0,-26700000.0,-12000000.0,-40100000.0,-54900000.0,0.0,257400000.0,-2600000.0,175200000.0,175200000.0,175200000.0,0.0,0.0,0.112,378200000.0,270600000.0,162900000,0.068,3.287,22.896,22.882,487600000.0,0.0,105.03,2.002,2.001,1425500000,2578100000.0,1564000000.0,1564000000.0,0.0,,,,,2100000.0,425800000.0,1.0,80223851,79600000,80400000.0,19.648,4029200000.0,123200000.0,94200000.0,217000000,50.618,2356900000.0
31,SIG,ARQ,2013-09-30,2013-11-26,2013-11-02,2021-09-02,-189400000,3765400000.0,,3013700000,751700000.0,,29.865,-53300000.0,87800000,87800000,532200000.0,33600000.0,3.576,0.578,46000000,46000000.0,0.0,46000000,572500000,28300000.0,0,0.007,0.15,51600000.0,79900000.0,0.104,79900000.0,51600000.0,50700000.0,0.42,0.42,0.42,2386200000,,2386200000,6199764009,11.0,9.171,-133700000.0,-1.673,1.0,239200000.0,0.31,0,900000.0,2880900000.0,,1644900000.0,0.0,0,0,1379200000,842700000.0,536500000.0,6241564009,-123800000.0,0.0,-22300000.0,44300000.0,-12100000.0,9900000.0,-53300000.0,0.0,-80400000.0,-1300000.0,33600000.0,33600000.0,33600000.0,0.0,0.0,0.044,187600000.0,51600000.0,244900000,0.357,2.616,17.119,17.291,471100000.0,0.0,77.81,1.501,1.495,1174700000,2415000000.0,771400000.0,771400000.0,0.0,,,,,3800000.0,233400000.0,1.0,80215448,79900000,80300000.0,9.655,3765400000.0,139300000.0,17100000.0,144000000,47.126,2171000000.0
32,SIG,ARQ,2013-06-30,2013-08-29,2013-08-03,2021-09-02,-199900000,3627800000.0,,2907500000,720300000.0,,29.547,-30400000.0,212900000,212900000,570500000.0,67400000.0,4.03,0.529,1700000,1700000.0,0.0,1700000,573000000,25500000.0,0,0.008,0.15,105500000.0,131000000.0,0.149,131000000.0,105500000.0,104500000.0,0.84,0.84,0.84,2372600000,,2372600000,5184256735,9.0,7.711,-17000000.0,-0.212,1.0,309700000.0,0.352,0,1000000.0,2695100000.0,,1417700000.0,0.0,0,0,1255200000,721500000.0,533700000.0,5395456735,-51900000.0,1400000.0,-24700000.0,-4000000.0,-12100000.0,-36300000.0,-29000000.0,0.0,13400000.0,1100000.0,67400000.0,67400000.0,67400000.0,0.0,0.0,0.077,204200000.0,105500000.0,130300000,0.179,2.274,14.746,14.856,434900000.0,0.0,67.0,1.315,1.311,1195100000,2394100000.0,880200000.0,880200000.0,0.0,,,,,-1000000.0,250500000.0,1.0,80529205,80300000,80700000.0,10.961,3627800000.0,129600000.0,37100000.0,175900000,45.178,2186000000.0
33,SIG,ARQ,2013-03-31,2013-05-23,2013-05-04,2021-09-02,-189400000,3684500000.0,,2972200000,712300000.0,,29.016,-23200000.0,263700000,263700000,610800000.0,91800000.0,3.67,0.572,5700000,5700000.0,0.0,5700000,573500000,25600000.0,0,0.007,0.15,142800000.0,168400000.0,0.169,168400000.0,142800000.0,141900000.0,1.14,1.13,1.14,2344500000,,2344500000,5458475700,10.0,8.077,21900000.0,0.271,1.0,382800000.0,0.385,0,900000.0,2616700000.0,,1426400000.0,0.0,0,0,1340000000,809800000.0,530200000.0,5716475700,-36400000.0,0.0,-54200000.0,5700000.0,-9800000.0,-58300000.0,-23200000.0,0.0,45100000.0,-900000.0,91800000.0,91800000.0,91800000.0,0.0,0.0,0.092,240000000.0,142800000.0,176800000,0.132,2.438,15.483,15.603,429900000.0,0.0,70.68,1.402,1.401,1197700000,2338700000.0,993600000.0,993600000.0,0.0,,,,,3000000.0,287000000.0,1.0,80878264,80800000,81300000.0,12.297,3684500000.0,127200000.0,50100000.0,201300000,45.6,2162400000.0
34,SIG,ARQ,2012-12-31,2013-03-28,2013-02-02,2021-09-02,-175700000,3715800000.0,,3032900000,682900000.0,,28.943,-33300000.0,301000000,301000000,876200000.0,171800000.0,3.491,0.595,0,0.0,0.0,0,568600000,29000000.0,0,0.007,0.12,267700000.0,296700000.0,0.196,296700000.0,267700000.0,266600000.0,2.1,2.09,2.1,2329900000,,2329900000,5148226647,9.0,7.802,179200000.0,2.226,1.0,637100000.0,0.421,0,1100000.0,2546100000.0,,1397000000.0,0.0,0,0,1385900000,868700000.0,517200000.0,5449226647,133300000.0,-56700000.0,13200000.0,0.0,-9800000.0,10800000.0,-90000000.0,0.0,212500000.0,1700000.0,171800000.0,171800000.0,171800000.0,0.0,0.0,0.114,369400000.0,267700000.0,155900000,0.057,2.339,15.141,15.332,430400000.0,0.0,67.0,1.368,1.384,1247400000,2268400000.0,1513300000.0,1513300000.0,0.0,,,,,-3100000.0,410900000.0,1.0,81331741,80500000,81000000.0,18.799,3715800000.0,105700000.0,94800000.0,226700000,46.159,2164200000.0
35,SIG,ARQ,2012-09-30,2012-11-20,2012-10-27,2021-09-02,-167700000,3421100000.0,,2778600000,642500000.0,,26.709,-46100000.0,166000000,166000000,480800000.0,34900000.0,3.532,0.591,0,0.0,0.0,0,526000000,23700000.0,0,0.009,0.12,52500000.0,76200000.0,0.106,76200000.0,52500000.0,51600000.0,0.43,0.43,0.43,2150100000,,2150100000,4006486768,7.0,6.337,-62700000.0,-0.779,1.0,235400000.0,0.329,0,900000.0,2468500000.0,,1508500000.0,0.0,0,0,1271000000,786600000.0,484400000.0,4172486768,-70000000.0,0.0,2300000.0,0.0,-9600000.0,-7300000.0,-46100000.0,0.0,-16600000.0,-1500000.0,34900000.0,34900000.0,34900000.0,0.0,0.0,0.049,182900000.0,52500000.0,216200000,0.279,1.941,12.105,12.658,416000000.0,0.0,51.52,1.091,1.085,1042800000,2108600000.0,716200000.0,716200000.0,0.0,,,,,4300000.0,222600000.0,1.0,80987709,80500000,80900000.0,8.897,3421100000.0,115100000.0,16700000.0,154800000,42.498,1992000000.0
36,SIG,ARQ,2012-06-30,2012-08-23,2012-07-28,2021-09-02,-175000000,3319000000.0,,2696300000,622700000.0,,25.557,-36200000.0,237500000,237500000,542700000.0,70700000.0,3.74,0.572,0,0.0,0.0,0,527200000,23600000.0,0,0.009,0.12,110900000.0,134500000.0,0.158,134500000.0,110900000.0,110200000.0,0.86,0.85,0.86,2111000000,,2111000000,3554796234,7.0,5.726,46600000.0,0.564,1.0,311200000.0,0.364,0,700000.0,2360600000.0,,1312800000.0,0.0,0,0,1208000000,720900000.0,487100000.0,3792296234,-162400000.0,0.0,-198700000.0,0.0,-10300000.0,-209000000.0,-36200000.0,0.0,82800000.0,900000.0,70700000.0,70700000.0,70700000.0,0.0,0.0,0.083,200300000.0,110900000.0,136400000,0.14,1.796,11.29,11.898,392000000.0,0.0,46.88,0.993,1.014,1072600000,2085000000.0,853900000.0,853900000.0,0.0,,,,,3000000.0,240300000.0,1.0,80893691,82600000,83000000.0,10.338,3319000000.0,122100000.0,39500000.0,181700000,40.182,1975400000.0
37,SIG,ARQ,2012-03-31,2012-05-24,2012-04-28,2021-09-02,-163100000,3485200000.0,,2879000000,606200000.0,,26.406,-18600000.0,399000000,399000000,546300000.0,82500000.0,3.87,0.544,0,0.0,0.0,0,530900000,23100000.0,0,0.007,0.12,129400000.0,152500000.0,0.169,152500000.0,129400000.0,128500000.0,0.96,0.96,0.96,2257700000,,2257700000,3346415729,6.0,5.497,15400000.0,0.18,1.0,353700000.0,0.393,0,900000.0,2342200000.0,,1335000000.0,0.0,0,0,1227500000,744000000.0,483500000.0,3745415729,-87200000.0,0.0,-93900000.0,0.0,-8700000.0,-102600000.0,-18600000.0,0.0,34000000.0,-600000.0,82500000.0,82500000.0,82500000.0,0.0,0.0,0.092,224300000.0,129400000.0,156000000,0.125,1.659,11.298,11.431,381700000.0,0.0,44.01,0.996,1.0,1069000000,2030200000.0,900000000.0,900000000.0,0.0,,,,,4100000.0,264500000.0,1.0,85103743,85500000,86300000.0,10.526,3485200000.0,118500000.0,46000000.0,185200000,40.763,2135000000.0
38,SIG,ARQ,2011-12-31,2012-03-22,2012-01-28,2021-09-02,-159200000,3611400000.0,,3016300000,595100000.0,,26.142,-24800000.0,486800000,486800000,790600000.0,156600000.0,3.478,0.585,0,0.0,0.0,0,528100000,25100000.0,0,0.004,0.1,243900000.0,269000000.0,0.199,269000000.0,243900000.0,242400000.0,1.82,1.8,1.82,2279100000,,2279100000,3803428927,7.0,6.341,186800000.0,2.143,1.0,563200000.0,0.416,0,1500000.0,2257400000.0,,1304100000.0,0.0,0,0,1332300000,867200000.0,465100000.0,4290228927,140500000.0,0.0,-7700000.0,-33400000.0,-8700000.0,-46300000.0,-24800000.0,0.0,211600000.0,-3300000.0,156600000.0,156600000.0,156600000.0,0.0,0.0,0.116,319300000.0,243900000.0,182600000,0.055,1.882,13.225,13.088,383400000.0,0.0,49.21,1.144,1.144,1132500000,1969300000.0,1353800000.0,1353800000.0,0.0,,,,,800000.0,348800000.0,1.0,87182055,87182055,,15.528,3611400000.0,109400000.0,85800000.0,212900000,41.424,2149100000.0
39,SIG,ARQ,2011-09-30,2011-11-22,2011-10-29,2021-09-02,-141200000,3364100000.0,,2780400000,583700000.0,,24.719,-34700000.0,349600000,349600000,480600000.0,26100000.0,3.599,0.566,33600000,33600000.0,0.0,33600000,489800000,22300000.0,0,0.002,0.1,42500000.0,64800000.0,0.091,64800000.0,42500000.0,42100000.0,0.3,0.3,0.3,2148200000,,2148200000,3457449011,7.0,6.161,-113200000.0,-1.303,1.0,229900000.0,0.324,0,400000.0,2275500000.0,,1414000000.0,0.0,0,0,1215900000,772600000.0,443300000.0,3773449011,-91400000.0,0.0,1200000.0,20700000.0,0.0,21800000.0,-34700000.0,0.0,-78500000.0,800000.0,26100000.0,26100000.0,26100000.0,0.0,0.0,0.037,187400000.0,42500000.0,195100000,0.333,1.757,13.812,13.697,385800000.0,0.0,43.42,1.029,1.029,918700000,1821400000.0,710500000.0,710500000.0,0.0,,,,,5300000.0,219600000.0,1.0,86905781,86905781,,8.176,3364100000.0,102600000.0,16000000.0,138300000,38.71,2007800000.0
40,SIG,ARQ,2011-06-30,2011-08-25,2011-07-30,2021-09-02,-146300000,3247500000.0,,2672300000,575200000.0,,24.401,-25400000.0,440200000,440200000,502800000.0,66300000.0,3.926,0.532,13100000,13100000.0,0.0,13100000,495400000,20200000.0,0,0.0,0.0,102300000.0,122500000.0,0.154,122500000.0,102300000.0,99800000.0,0.77,0.76,0.77,2119200000,,2119200000,2734256708,6.0,5.09,61400000.0,0.707,1.0,294800000.0,0.37,31500000,2500000.0,2108200000.0,,1202800000.0,0.0,0,0,1128300000,680700000.0,447600000.0,3161356708,46100000.0,0.0,400000.0,-14300000.0,0.0,-15300000.0,-25400000.0,0.0,86800000.0,0.0,66300000.0,66300000.0,66300000.0,0.0,0.0,0.083,192500000.0,102300000.0,137500000,0.0,1.492,12.491,12.381,343300000.0,0.0,36.4,0.879,0.879,936200000,1804000000.0,797600000.0,797600000.0,0.0,,,,,4300000.0,224500000.0,1.0,86850459,86850459,,9.184,3216000000.0,109500000.0,33500000.0,150000000,37.029,1991600000.0
41,SIG,ARQ,2011-03-31,2011-05-26,2011-04-30,2021-09-02,-150100000,3199600000.0,,2632100000,567500000.0,,23.543,-12900000.0,394100000,394100000,537600000.0,75400000.0,3.717,0.565,28000000,28000000.0,0.0,28000000,503000000,20400000.0,0,0.0,0.0,118700000.0,139100000.0,0.157,139100000.0,118700000.0,117800000.0,0.87,0.87,0.87,2044500000,,2044500000,3606867881,9.0,7.224,92400000.0,1.064,1.0,349700000.0,0.394,29700000,900000.0,2095600000.0,,1221200000.0,0.0,0,0,1155100000,708200000.0,446900000.0,3972967881,92200000.0,0.0,4000000.0,-4000000.0,0.0,-200000.0,-12900000.0,0.0,105300000.0,-200000.0,75400000.0,75400000.0,75400000.0,0.0,0.0,0.085,231000000.0,118700000.0,144900000,0.0,1.943,17.464,17.33,343600000.0,0.0,45.75,1.128,1.128,929500000,1737700000.0,887300000.0,887300000.0,0.0,,,,,2700000.0,263800000.0,1.0,86840828,86840828,,10.218,3169900000.0,108900000.0,42400000.0,145600000,36.502,1923900000.0
42,SIG,ARQ,2010-12-31,2011-03-30,2011-01-29,2021-09-02,-170800000,3089800000.0,,2542300000,547500000.0,,22.439,-16100000.0,302100000,302100000,752000000.0,105400000.0,3.576,0.594,31000000,31000000.0,0.0,31000000,499200000,24200000.0,0,0.0,0.0,210600000.0,234800000.0,0.185,234800000.0,210600000.0,159600000.0,1.23,1.22,1.23,1939000000,,1939000000,3626114935,10.0,7.833,110900000.0,1.283,1.0,518500000.0,0.408,27500000,51000000.0,2080200000.0,,1184200000.0,0.0,0,0,1150800000,711000000.0,439800000.0,3897214935,-115500000.0,0.0,9300000.0,-235700000.0,0.0,-226400000.0,-16100000.0,0.0,127000000.0,2700000.0,105400000.0,105400000.0,105400000.0,0.0,0.0,0.083,308000000.0,210500000.0,125900000,0.0,2.01,19.447,19.274,351500000.0,0.0,45.1,1.134,1.134,974100000,1662300000.0,1270500000.0,1270500000.0,0.0,,,,,9500000.0,336700000.0,1.0,86412748,86412748,,14.703,3062300000.0,88700000.0,54200000.0,115700000,35.438,1831300000.0
43,SIG,ARQ,2010-09-30,2010-11-30,2010-10-30,2021-09-02,-177000000,3147600000.0,,2584300000,563300000.0,,21.095,-25100000.0,414900000,414900000,448200000.0,6000000.0,2.818,0.74,266700000,266700000.0,0.0,266700000,464800000,22000000.0,0,0.0,0.0,18800000.0,40800000.0,0.064,40800000.0,18800000.0,12000000.0,0.07,0.07,0.07,1809000000,,1809000000,3267369154,,,-82800000.0,-0.966,1.0,193600000.0,0.302,26300000,6800000.0,2056000000.0,,1297400000.0,0.0,0,0,1338600000,917100000.0,421500000.0,3415569154,-69300000.0,0.0,1000000.0,12800000.0,0.0,13500000.0,-25100000.0,0.0,-57700000.0,-1200000.0,6000000.0,6000000.0,6000000.0,0.0,0.0,0.009,175100000.0,18500000.0,179300000,0.0,1.888,,,363300000.0,0.0,39.83,,,791700000,1556900000.0,641800000.0,641800000.0,0.0,,,,,3200000.0,201500000.0,1.0,85753682,85753682,,7.484,3121300000.0,116500000.0,6000000.0,97700000,36.398,1667200000.0
44,SIG,ARQ,2010-06-30,2010-08-27,2010-07-31,2021-09-02,-184900000,2938600000.0,,2485300000,453300000.0,,22.048,-8100000.0,485400000,485400000,483000000.0,40700000.0,4.122,0.556,254000000,24900000.0,229100000.0,254000000,249300000,21100000.0,0,0.0,0.0,63500000.0,84600000.0,0.117,84600000.0,63500000.0,57300000.0,0.47,0.47,0.47,1889100000,,1889100000,2220816293,,,62300000.0,0.727,1.0,239800000.0,0.332,24600000,6200000.0,2079600000.0,,1126200000.0,0.0,0,0,1049500000,603000000.0,446500000.0,2452216293,40100000.0,0.0,200000.0,-22400000.0,0.0,-22200000.0,-8100000.0,0.0,70400000.0,-1800000.0,40700000.0,40700000.0,40700000.0,0.0,0.0,0.056,176500000.0,63300000.0,114700000,0.0,1.298,,,362100000.0,0.0,28.62,,,822500000,1648600000.0,722800000.0,722800000.0,0.0,,,,,2200000.0,203700000.0,1.0,85681911,85681911,,8.436,2914000000.0,57500000.0,16600000.0,112700000,34.01,1882300000.0
45,SIG,ARQ,2010-03-31,2010-06-01,2010-05-01,2021-09-02,-185300000,2911400000.0,,2447800000,463600000.0,,21.579,-6300000.0,447100000,447100000,513700000.0,52000000.0,3.994,0.577,276300000,47200000.0,229100000.0,276300000,259000000,22400000.0,0,0.0,0.0,85600000.0,108000000.0,0.133,108000000.0,85600000.0,76800000.0,0.61,0.6,0.61,1845600000,,1845600000,2511286516,,,177900000.0,2.08,1.0,296300000.0,0.366,23600000,8800000.0,2104100000.0,,1122000000.0,0.0,0,0,1065800000,612900000.0,452900000.0,2682086516,129900000.0,0.0,800000.0,-47800000.0,0.0,-48000000.0,-6300000.0,0.0,184200000.0,1000000.0,52000000.0,52000000.0,52000000.0,0.0,0.0,0.064,210800000.0,85500000.0,104200000,0.0,1.453,,,375200000.0,0.0,31.36,,,826900000,1607900000.0,810000000.0,810000000.0,0.0,,,,,2300000.0,238500000.0,1.0,85525718,85525718,,9.471,2887800000.0,53500000.0,24800000.0,111700000,33.765,1834900000.0
46,SIG,ARQ,2009-12-31,2010-03-30,2010-01-30,2021-09-02,-178200000,2924200000.0,,2435800000,488400000.0,,21.022,,316200000,316200000,,,3.92,0.627,324100000,44100000.0,280000000.0,324100000,261000000,,0,0.0,0.0,,,,,,,,,,1797600000,,1797600000,2745125484,10.0,7.27,,,1.0,,,24200000,,2286600000.0,,1173100000.0,0.0,0,0,1126600000,621300000.0,505300000.0,2737225484,,,,,,,,,,,,,,,,,,,66200000,,1.523,16.68,16.672,396900000.0,,32.01,0.832,0.832,885900000,1556400000.0,,,,,,,,,,1.0,85511574,85511574,,,2900000000.0,56900000.0,,118800000,33.914,1814500000.0
47,SIG,ARQ,2008-12-31,2009-04-01,2009-01-31,2021-09-02,-195500000,2953900000.0,,2413200000,540700000.0,,18.876,,96800000,96800000,,,3.273,0.835,567500000,187500000.0,380000000.0,567500000,262600000,,0,0.025,0.0,,,,,,,,,,1609700000,,1609700000,1550310048,-5.0,-8.353,,,1.0,,,23900000,,2663400000.0,,1364400000.0,0.0,0,0,1344200000,737300000.0,606900000.0,1079610048,,,,,,,,,,,,,,,,,,,42200000,,0.671,-2.742,-2.74,452100000.0,,12.66,0.323,0.323,907000000,1400900000.0,,,,,,,,,,1.0,85277255,85277255,,,2930000000.0,54800000.0,,112700000,34.359,1675900000.0
48,SIG,ARQ,2007-12-31,2008-05-09,2008-02-02,2021-09-02,0,3024200000.0,,2414700000,609500000.0,,21.18,,41700000,41700000,,,4.034,0.674,416300000,36300000.0,380000000.0,416300000,264300000,,0,0.05,0.0,,,,,,,,,,1806100000,,1806100000,2856117728,8.0,6.055,,,1.0,,,52600000,,2747600000.0,,1445500000.0,0.0,0,0,1218100000,598600000.0,619500000.0,2481517728,,,,,,,,,,,,,,,,,,,442800000,,1.374,11.531,0.115,502400000.0,,29.1,0.677,0.677,962300000,1415300000.0,,,,,,,,,,1.0,85275523,85275523,,,2971600000.0,19700000.0,,79500000,34.847,1816100000.0
49,SIG,ARQ,2006-12-31,2007-05-04,2007-02-03,2021-09-02,0,1505100000.0,,1204100000,301000000.0,,10.345,,77300000,77300000,,,3.812,0.698,195700000,2800000.0,192900000.0,195700000,129300000,,0,0.023,0.0,,,,,,,,,,886300000,,886300000,4505097751,19.0,16.067,,,1.0,,,23500000,,1284100000.0,,685600000.0,0.0,0,0,618800000,315900000.0,302900000.0,4386697751,,,,,,,,,,,,,,,,,,,237100000,,4.949,31.001,0.312,246100000.0,,51.2,2.317,2.317,456000000,658400000.0,,,,,,,,,,1.0,85677690,85677690,,,1481600000.0,14700000.0,,51600000,17.293,888200000.0
50,SIG,ARQ,2005-12-31,2006-05-04,2006-01-28,2021-09-02,0,1471000000.0,,1162600000,308400000.0,,10.109,,52500000,52500000,,,2.48,0.674,151100000,151100000.0,0.0,151100000,116000000,,0,0.028,0.0,,,,,,,,,,878900000,,878900000,3524121463,16.0,13.364,,,1.0,,,22900000,,1077900000.0,,679700000.0,0.0,0,0,592100000,468800000.0,123300000.0,3425521463,,,,,,,,,,,,,,,,,,,253100000,,3.898,26.189,0.263,253800000.0,,39.4,1.955,1.955,444700000,660300000.0,,,,,,,,,,1.0,86942169,86942169,,,1448100000.0,17400000.0,,50200000,16.656,693800000.0
51,SIG,ARQ,2004-12-31,2005-05-03,2005-01-29,2021-09-02,0,,,1056000000,,,5.787,,102400000,102400000,,,,0.472,0,,,0,0,,0,0.031,0.0,,,,,,,,,,502200000,,502200000,3295934468,15.0,15.057,,,1.0,,,15200000,,,,,,0,0,236900000,,,3398334468,,,,,,,,,,,,,,,,,,,0,,6.767,24.068,0.239,,,39.16,2.105,2.105,375300000,,,,,,,,,,,1.0,86780758,86780758,,,,,,0,,
52,SIG,ARQ,2003-12-31,2004-04-22,2004-01-31,2021-09-02,0,,,1009000000,,,5.944,,128000000,128000000,,,,0.418,0,,,0,0,,0,0.016,0.0,,,,,,,,,,513000000,,513000000,3480889666,16.0,15.659,,,1.0,,,16800000,,,,,,0,0,214600000,,,3608889666,,,,,,,,,,,,,,,,,,,0,,7.035,26.304,0.261,,,41.813,2.232,2.232,339500000,,,,,,,,,,,1.0,86309542,86309542,,,,-5400000.0,,0,,
53,SIG,ARQ,2002-12-31,2003-04-24,2003-02-01,2021-09-02,0,,,988500000,,,6.176,,89200000,89200000,,,,0.316,0,,,0,0,,0,0.016,0.0,,,,,,,,,,529200000,,529200000,2168975490,10.0,10.032,,,1.0,,,19800000,,,,,,0,0,167300000,,,2258175490,,,,,,,,,,,,,,,,,,,0,,4.267,17.519,0.176,,,26.353,1.404,1.404,359800000,,,,,,,,,,,1.0,85688420,85688420,,,,-500000.0,,0,,
0,SIG,ART,2021-06-30,2021-09-02,2021-07-31,2021-09-02,-282600000,6311900000.0,6301025000.0,3822300000,2489600000.0,1.105,29.516,-91600000.0,1573800000,1573800000,4263700000.0,626600000.0,2.077,2.639,1521600000,322500000.0,1199100000.0,1521600000,1107300000,174900000.0,0,0.002,0.18,725600000.0,900500000.0,0.129,900500000.0,725600000.0,701800000.0,11.34,10.58,11.34,1555500000,1245575000.0,1555500000,4227340920,6.0,4.694,1583100000.0,30.04,1.0,2700000000.0,0.388,434800000,23800000.0,3984400000.0,4509075000.0,2004700000.0,0.0,0,0,4105100000,1840500000.0,2264600000.0,4279540920,361900000.0,-14400000.0,0.0,-1193800000.0,-100000.0,-1210800000.0,-102000000.0,4000000.0,1674700000.0,7900000.0,626600000.0,592400000.0,592400000.0,0.0,0.0,0.085,1974300000.0,725700000.0,730600000,0.016,2.751,7.224,7.113,1789400000.0,34200000.0,80.66,0.615,0.61,13900000,2509300000.0,6963700000.0,6963700000.0,0.0,0.094,0.476,0.161,0.104,33700000.0,1977700000.0,1.0,53056545,52700000,62400000.0,132.139,5877100000.0,76200000.0,75200000.0,158500000,111.52,1981800000.0
1,SIG,ART,2021-03-31,2021-06-10,2021-05-01,2021-09-02,-283600000,6180800000.0,6367575000.0,3641800000,2539000000.0,0.952,25.347,-86600000.0,1298400000,1298400000,3856900000.0,320300000.0,1.919,3.187,1579800000,345700000.0,1234100000.0,1579800000,1107700000,180800000.0,0,0.0,0.0,410600000.0,591400000.0,0.098,591400000.0,410600000.0,381800000.0,5.51,5.25,5.51,1320600000,1085800000.0,1320600000,3945976122,10.0,6.672,1454400000.0,27.916,1.0,2206700000.0,0.364,435500000,28800000.0,4129200000.0,5126150000.0,2019000000.0,0.0,0,0,4209300000,1897500000.0,2311800000.0,3664576122,218500000.0,-14400000.0,0.0,-1203400000.0,-100000.0,-1226300000.0,-96200000.0,4800000.0,1541000000.0,13300000.0,320300000.0,286400000.0,286400000.0,0.0,0.0,0.047,1796100000.0,410600000.0,700100000,0.0,2.775,12.795,12.628,1845700000.0,33900000.0,69.58,0.604,0.598,78900000,2304200000.0,6063600000.0,6063600000.0,0.0,0.045,0.264,0.08,0.068,21100000.0,1741000000.0,1.0,52667090,52100000,62000000.0,116.384,5745300000.0,75200000.0,61500000.0,195600000,110.274,1744300000.0
2,SIG,ART,2020-12-31,2021-03-19,2021-01-30,2021-09-02,-290500000,6178900000.0,6541800000.0,3582000000,2596900000.0,0.799,22.89,-83000000.0,1172500000,1172500000,3494400000.0,-15200000.0,1.792,3.651,1671300000,377300000.0,1294000000.0,1671300000,1072000000,176000000.0,0,0.0,0.0,-57700000.0,118300000.0,0.023,118300000.0,-57700000.0,-89700000.0,-0.94,-0.94,-0.94,1190300000,1001600000.0,1190300000,3689747603,-64.0,31.19,1289300000.0,24.794,1.0,1732500000.0,0.331,417000000,32000000.0,4262000000.0,5794100000.0,2032500000.0,0.0,0,0,4346300000,1998700000.0,2347600000.0,3190947603,795900000.0,0.0,0.0,-457400000.0,-19400000.0,-498600000.0,-77800000.0,5200000.0,1372300000.0,2100000.0,-15200000.0,-48700000.0,-48700000.0,0.0,0.0,-0.009,1790200000.0,-57700000.0,812600000,0.0,2.681,-65.523,-64.851,1967700000.0,33500000.0,60.96,0.61,0.606,88700000,2189200000.0,5226900000.0,5226900000.0,0.0,-0.007,-0.049,-0.01,-0.011,14500000.0,1587400000.0,1.0,52344941,52000000,52000000.0,100.517,5761900000.0,68100000.0,-74500000.0,185200000,110.806,1583300000.0
3,SIG,ART,2020-09-30,2020-12-03,2020-10-31,2021-09-02,-314400000,6532500000.0,6571850000.0,3904600000,2627900000.0,0.79,17.58,-81600000.0,1332600000,1332600000,3432800000.0,-82400000.0,2.255,5.44,2609100000,382600000.0,2226500000.0,2609100000,1022800000,-84100000.0,0,0.013,0.37,-126600000.0,-210700000.0,-0.041,-210700000.0,-126600000.0,-159900000.0,-2.22,-2.22,-2.22,915900000,1009675000.0,915900000,2818924760,-22.0,-13.379,967300000.0,18.566,1.0,1760900000.0,0.339,416800000,33300000.0,5660700000.0,6265300000.0,2174000000.0,0.0,0,0,4982700000,1731500000.0,3251200000.0,1542424760,1143900000.0,0.0,0.0,242700000.0,-38700000.0,173600000.0,-78600000.0,3000000.0,1048900000.0,100000.0,-82400000.0,-115600000.0,-115600000.0,0.0,0.0,-0.022,1887300000.0,-126400000.0,558400000,-0.167,1.684,-13.343,-13.275,2008000000.0,33200000.0,29.47,0.297,0.296,58300000,1943600000.0,5193700000.0,5193700000.0,0.0,-0.018,-0.114,-0.02,-0.024,13500000.0,1646800000.0,1.0,52338811,52100000,53400000.0,99.687,6115700000.0,124700000.0,-77500000.0,195100000,117.384,2173100000.0
4,SIG,ART,2020-06-30,2020-09-03,2020-08-01,2021-09-02,-310000000,6578100000.0,6464125000.0,3862800000,2715300000.0,0.786,17.623,-107200000.0,1204000000,1204000000,3387000000.0,-127200000.0,2.576,5.496,2995000000,395600000.0,2599400000.0,2995000000,1030200000,1800000.0,0,0.041,0.74,-199200000.0,-197400000.0,-0.039,-197400000.0,-199200000.0,-232000000.0,-3.08,-3.08,-3.08,916400000,1043375000.0,916400000,2726369356,-14.0,-13.811,358000000.0,6.885,1.0,1694100000.0,0.333,417000000,32800000.0,6452700000.0,6496250000.0,2193100000.0,0.0,0,0,5036100000,1499400000.0,3536700000.0,935369356,928300000.0,0.0,0.0,652000000.0,-58200000.0,561000000.0,-97900000.0,9300000.0,465200000.0,4200000.0,-127200000.0,-160200000.0,-160200000.0,0.0,0.0,-0.032,1900100000.0,-206000000.0,302200000,-0.24,1.021,-5.839,-5.802,2105700000.0,33000000.0,17.87,0.184,0.183,31500000,1943700000.0,5081100000.0,5081100000.0,0.0,-0.025,-0.154,-0.031,-0.039,14900000.0,1655900000.0,1.0,52342997,52000000,52000000.0,97.713,6161100000.0,264900000.0,-104800000.0,157800000,118.483,2363400000.0
5,SIG,ART,2020-03-31,2020-07-01,2020-05-02,2021-09-02,-327800000,6877700000.0,6311000000.0,4015500000,2862200000.0,0.881,18.992,-118900000.0,1066600000,1066600000,3629000000.0,-81600000.0,2.395,5.363,3083300000,412500000.0,2670800000.0,3083300000,991000000,87000000.0,0,0.101,1.11,-131900000.0,-44900000.0,-0.008,-44900000.0,-131900000.0,-165400000.0,-2.21,-2.21,-2.21,983800000,1086325000.0,983800000,2590158326,-20.0,-57.687,323800000.0,6.251,1.0,1928500000.0,0.347,416700000,33500000.0,6801000000.0,6476975000.0,2392200000.0,0.0,0,0,5276500000,1676700000.0,3599800000.0,573458326,877600000.0,0.0,0.0,664000000.0,-77500000.0,551700000.0,-116800000.0,2100000.0,442700000.0,-6100000.0,-81600000.0,-114500000.0,-114500000.0,0.0,0.0,-0.021,2067200000.0,-138700000.0,329100000,-0.502,0.583,-5.008,-4.959,2228500000.0,32900000.0,10.96,0.103,0.102,29800000,2037400000.0,5557500000.0,5557500000.0,0.0,-0.018,-0.105,-0.02,-0.024,14300000.0,1801400000.0,1.0,52322840,51800000,51800000.0,107.288,6461000000.0,211300000.0,-83800000.0,123700000,124.73,2338800000.0
6,SIG,ART,2019-12-31,2020-03-26,2020-02-01,2021-09-02,-293800000,6299100000.0,6139900000.0,3154800000,3144300000.0,1.0,23.648,-135800000.0,374500000,374500000,3913400000.0,105500000.0,1.909,3.648,2387400000,433800000.0,1953600000.0,2387400000,997700000,178000000.0,0,0.155,1.48,165300000.0,343300000.0,0.056,343300000.0,165300000.0,129700000.0,1.4,1.4,1.4,1222600000,1130725000.0,1222600000,2511235415,15.0,7.315,419900000.0,8.122,1.0,2223700000.0,0.362,512600000,35600000.0,6146800000.0,6453350000.0,2331700000.0,0.0,0,0,4459500000,1652600000.0,2806900000.0,498335415,177900000.0,0.0,0.0,-128200000.0,-77400000.0,-237000000.0,-140800000.0,-5000000.0,555700000.0,1200000.0,105500000.0,72600000.0,72600000.0,0.0,0.0,0.012,2065400000.0,158300000.0,227900000,1.057,0.408,6.864,6.8,2425200000.0,32900000.0,9.52,0.081,0.08,38800000,2242900000.0,6137100000.0,6137100000.0,0.0,0.012,0.064,0.026,0.027,16900000.0,1918200000.0,1.0,52346157,51700000,51800000.0,118.706,5786500000.0,11000000.0,24200000.0,32900000,111.925,1502200000.0
7,SIG,ART,2019-09-30,2019-12-05,2019-11-02,2021-09-02,-299500000,6101600000.0,5670150000.0,2938700000,3162900000.0,1.083,20.284,-135400000.0,188600000,188600000,3934900000.0,-189500000.0,2.125,4.22,2567600000,329900000.0,2237700000.0,2567600000,960500000,437600000.0,0,0.083,1.48,-140600000.0,297000000.0,0.048,297000000.0,-140600000.0,-179300000.0,-4.36,-4.36,-4.36,1050700000,1125475000.0,1050700000,3315481229,-24.0,11.163,362300000.0,6.994,1.0,2203600000.0,0.359,513000000,38700000.0,6584500000.0,5756275000.0,2519400000.0,0.0,0,0,4434400000,1383100000.0,3051300000.0,936481229,60800000.0,0.0,0.0,-190100000.0,-77200000.0,-297500000.0,-139400000.0,-4000000.0,497700000.0,-2900000.0,-189500000.0,-222400000.0,-222400000.0,0.0,0.0,-0.036,2352000000.0,-148400000.0,333900000,-0.339,0.891,-4.211,-4.103,2435200000.0,32900000.0,17.89,0.153,0.151,20800000,2079700000.0,6138500000.0,6138500000.0,0.0,-0.039,-0.198,-0.024,-0.023,14000000.0,1932200000.0,1.0,52346631,51800000,51800000.0,118.504,5588600000.0,21000000.0,10200000.0,17400000,107.888,1555600000.0
8,SIG,ART,2019-06-30,2019-09-05,2019-08-03,2021-09-02,-322300000,5965600000.0,5371625000.0,2758600000,3207000000.0,1.144,21.048,-129600000.0,271500000,271500000,3935400000.0,-183900000.0,2.103,3.916,2506200000,379000000.0,2127200000.0,2506200000,965200000,350900000.0,0,0.106,1.48,-156200000.0,194700000.0,0.032,194700000.0,-156200000.0,-196900000.0,-4.26,-4.26,-4.26,1088200000,1200050000.0,1088200000,2964817798,-19.0,15.228,362100000.0,7.004,1.0,2207100000.0,0.359,513100000,40700000.0,6375600000.0,4996375000.0,2272100000.0,0.0,0,0,4261300000,1311600000.0,2949700000.0,730117798,141400000.0,0.0,0.0,-101900000.0,-76900000.0,-210600000.0,-139700000.0,-10100000.0,491700000.0,-4000000.0,-183900000.0,-216800000.0,-216800000.0,0.0,0.0,-0.035,2364400000.0,-157300000.0,224100000,-0.347,0.671,-3.368,-3.279,2479500000.0,32900000.0,13.97,0.119,0.118,21800000,2154200000.0,6142500000.0,6142500000.0,0.0,-0.04,-0.181,-0.031,-0.025,16600000.0,1944100000.0,1.0,52263264,51700000,51700000.0,118.81,5452500000.0,22300000.0,-13000000.0,25100000,105.464,1447000000.0
9,SIG,ART,2019-03-31,2019-06-06,2019-05-04,2021-09-02,-307900000,6193300000.0,5065425000.0,2822700000,3370600000.0,1.224,22.508,-126500000.0,195100000,195100000,4022800000.0,-170800000.0,2.072,3.802,2631000000,402600000.0,2228400000.0,2631000000,976600000,262100000.0,0,0.077,1.48,-191600000.0,70500000.0,0.011,70500000.0,-191600000.0,-231600000.0,-3.96,-3.96,-3.96,1161400000,1278025000.0,1161400000,3436925624,-18.0,48.751,648700000.0,12.572,1.0,2175400000.0,0.351,560500000,40000000.0,6706500000.0,4271000000.0,2394200000.0,0.0,0,0,4416200000,1362200000.0,3054000000.0,1001025624,43100000.0,0.0,-425000000.0,-71000000.0,-79400000.0,-608100000.0,-124000000.0,2500000.0,775200000.0,-1900000.0,-170800000.0,-203700000.0,-203700000.0,0.0,0.0,-0.033,2368400000.0,-193000000.0,238300000,-0.374,0.862,-4.914,-4.843,2598900000.0,32900000.0,19.18,0.162,0.16,23100000,2223400000.0,6198200000.0,6198200000.0,0.0,-0.04,-0.159,-0.045,-0.031,18700000.0,1977500000.0,1.0,52191117,51600000,51600000.0,120.12,5632800000.0,26800000.0,-60800000.0,24100000,109.163,1460500000.0
10,SIG,ART,2018-12-31,2019-04-03,2019-02-02,2021-09-02,-302800000,4420100000.0,4835325000.0,2855800000,1564300000.0,1.292,21.967,-128000000.0,195400000,195400000,4086300000.0,-657400000.0,2.765,2.166,728400000,78800000.0,649600000.0,728400000,966500000,183600000.0,0,0.053,1.48,-762900000.0,-579300000.0,-0.093,-579300000.0,-762900000.0,-802600000.0,-12.62,-12.62,-12.62,1201600000,1460825000.0,1201600000,1975597183,-3.0,-3.41,569700000.0,10.415,1.0,2160800000.0,0.346,561600000,39700000.0,3358500000.0,3571950000.0,2386900000.0,0.0,0,0,2603200000,1033000000.0,1570200000.0,1442597183,-24000000.0,0.0,-485000000.0,-5400000.0,-79000000.0,-602700000.0,-119000000.0,9000000.0,697700000.0,-5700000.0,-657400000.0,-690300000.0,-690300000.0,0.0,0.0,-0.11,2925400000.0,-764600000.0,153700000,-0.117,1.201,-2.09,-2.203,800500000.0,32900000.0,27.8,0.231,0.243,96200000,2282200000.0,6247100000.0,6247100000.0,0.0,-0.143,-0.473,-0.214,-0.122,16500000.0,1985100000.0,1.0,51891985,54700000,54700000.0,114.207,3858500000.0,26800000.0,-145200000.0,27700000,70.539,1822800000.0
11,SIG,ART,2018-09-30,2018-12-07,2018-11-03,2021-09-02,-306800000,4907500000.0,5190200000.0,3010100000,1897400000.0,1.23,26.194,-159200000.0,130700000,130700000,4182700000.0,-198200000.0,2.204,2.182,983000000,322600000.0,660400000.0,983000000,924800000,194700000.0,0,0.037,1.42,-356200000.0,-161500000.0,-0.025,-161500000.0,-356200000.0,-395100000.0,-4.3,-4.58,-4.3,1349000000,1785375000.0,1349000000,2853517584,-8.0,-17.669,612500000.0,11.893,1.0,2202800000.0,0.345,849200000,38900000.0,3544900000.0,3733900000.0,2647100000.0,0.0,0,0,2943700000,1365700000.0,1578000000.0,2001217584,18500000.0,600000.0,-487600000.0,-8600000.0,-78600000.0,-603600000.0,-149600000.0,9000000.0,771700000.0,-1200000.0,-198200000.0,-231100000.0,-231100000.0,0.0,0.0,-0.036,2560400000.0,-357600000.0,339600000,-0.33,1.483,-8.66,-8.965,810400000.0,32900000.0,38.55,0.313,0.311,72400000,3763500000.0,6385500000.0,6385500000.0,0.0,-0.045,-0.129,-0.095,-0.056,20600000.0,1972400000.0,1.0,51912259,51500000,51500000.0,123.99,4058300000.0,36200000.0,-196900000.0,31800000,78.802,1644400000.0
12,SIG,ART,2018-06-30,2018-09-06,2018-08-04,2021-09-02,-306300000,4740800000.0,5413500000.0,2867500000,1873300000.0,1.173,24.957,-182300000.0,134100000,134100000,4198000000.0,-172200000.0,2.693,1.947,782500000,111400000.0,671100000.0,782500000,939600000,198700000.0,0,0.021,1.36,-302200000.0,-103500000.0,-0.016,-103500000.0,-302200000.0,-347100000.0,-3.76,-4.04,-3.76,1400100000,1982875000.0,1400100000,3971739403,-13.0,-38.374,1801000000.0,32.103,1.0,2152700000.0,0.339,850300000,44900000.0,3474100000.0,3867900000.0,2363800000.0,0.0,0,0,2726300000,1064800000.0,1661500000.0,3323339403,16400000.0,-331800000.0,-484600000.0,-865200000.0,-78100000.0,-1461200000.0,-505700000.0,8400000.0,1983300000.0,-1400000.0,-172200000.0,-205100000.0,-205100000.0,0.0,0.0,-0.032,2456000000.0,-303300000.0,236700000,-0.362,2.374,-16.204,-17.027,820100000.0,32900000.0,64.02,0.523,0.566,94500000,3820700000.0,6350700000.0,6350700000.0,0.0,-0.038,-0.103,-0.078,-0.048,17600000.0,1938000000.0,1.0,51910956,56100000,56100000.0,113.203,3890500000.0,121400000.0,-174900000.0,91000000,69.349,1802700000.0
13,SIG,ART,2018-03-31,2018-06-12,2018-05-05,2021-09-02,-281900000,5272900000.0,5806750000.0,3366300000,1906600000.0,1.09,31.808,-207300000.0,153900000,153900000,4146600000.0,-55800000.0,3.037,1.462,752000000,72300000.0,679700000.0,752000000,952400000,203200000.0,0,0.022,1.3,-109000000.0,94200000.0,0.015,94200000.0,-109000000.0,-158000000.0,-1.86,-2.15,-1.86,1892600000,2177000000.0,1892600000,4027147085,-37.0,42.751,1704300000.0,28.644,1.0,2183600000.0,0.345,852300000,49000000.0,3910300000.0,4273275000.0,2429000000.0,0.0,0,0,2766300000,1108400000.0,1657900000.0,3429047085,46900000.0,-331800000.0,-521600000.0,-694100000.0,-77500000.0,-1326500000.0,-538200000.0,900000.0,1911600000.0,7300000.0,-55800000.0,-88700000.0,-88700000.0,0.0,0.0,-0.014,2293200000.0,-109600000.0,287500000,-0.699,1.812,-38.659,-31.14,847200000.0,32900000.0,57.92,0.542,0.544,575000000,3869200000.0,6330200000.0,6330200000.0,0.0,-0.015,-0.041,-0.026,-0.017,15200000.0,1902200000.0,1.0,59203161,59500000,59500000.0,106.39,4420600000.0,56000000.0,-102200000.0,74200000,74.296,2257900000.0
14,SIG,ART,2017-12-31,2018-04-02,2018-02-03,2021-09-02,-260600000,5839600000.0,6104825000.0,3446100000,2393500000.0,1.024,39.679,-237400000.0,225100000,225100000,4063000000.0,519300000.0,3.323,1.091,732200000,44000000.0,688200000.0,732200000,957500000,203400000.0,0,0.034,1.24,579900000.0,783300000.0,0.125,783300000.0,579900000.0,527200000.0,7.72,7.44,7.72,2499800000,2339700000.0,2499800000,2636009492,5.0,3.365,1703100000.0,27.033,1.0,2190000000.0,0.35,1303200000,52700000.0,4006300000.0,4761875000.0,2280500000.0,0.0,0,0,2726200000,1037200000.0,1689000000.0,2128909492,117500000.0,-331800000.0,-462600000.0,-679800000.0,-76500000.0,-1253600000.0,-569400000.0,-200000.0,1940500000.0,8900000.0,519300000.0,486400000.0,486400000.0,0.0,0.0,0.078,1610100000.0,579900000.0,237000000,0.161,0.852,4.377,4.674,877900000.0,32900000.0,36.08,0.34,0.364,779700000,4396200000.0,6253000000.0,6253000000.0,0.0,0.08,0.208,0.122,0.093,16100000.0,1872200000.0,1.0,59005252,63000000,69800000.0,99.254,4536400000.0,4000000.0,7900000.0,111900000,72.006,2408900000.0
15,SIG,ART,2017-09-30,2017-12-01,2017-10-28,2021-09-02,-292400000,5800700000.0,6294375000.0,3462200000,2338500000.0,0.99,35.591,-248500000.0,113400000,113400000,4014100000.0,465500000.0,2.628,1.425,988600000,291800000.0,696800000.0,988600000,916400000,197100000.0,0,0.023,1.19,655600000.0,852700000.0,0.137,852700000.0,655600000.0,599900000.0,6.11,6.06,6.11,2139000000,2337300000.0,2139000000,4021430271,6.0,4.716,1551200000.0,25.81,1.0,2215700000.0,0.356,1277500000,55700000.0,4080900000.0,5202750000.0,2466100000.0,0.0,0,0,3048600000,1317500000.0,1731100000.0,3146230271,27300000.0,-332400000.0,-458400000.0,-625900000.0,-75800000.0,-1190700000.0,-581700000.0,-800000.0,1799700000.0,3400000.0,465500000.0,431200000.0,431200000.0,0.0,0.0,0.069,1560100000.0,655600000.0,324900000,0.195,1.471,7.296,8.509,855100000.0,34300000.0,51.99,0.505,0.502,720400000,4074900000.0,6229800000.0,6229800000.0,0.0,0.069,0.184,0.126,0.105,3900000.0,1853000000.0,1.0,60516066,60100000,60100000.0,103.657,4523200000.0,18600000.0,134400000.0,143800000,75.261,2144700000.0
16,SIG,ART,2017-06-30,2017-08-29,2017-07-29,2021-09-02,-282300000,6313800000.0,6466075000.0,4342800000,1971000000.0,0.968,34.116,-282700000.0,119100000,119100000,4014500000.0,486400000.0,2.399,1.619,1644700000,939400000.0,705300000.0,1644700000,921100000,195400000.0,0,0.018,1.14,682200000.0,877600000.0,0.14,877600000.0,682200000.0,630400000.0,6.51,6.46,6.51,2176600000,2360350000.0,2176600000,5320719457,8.0,6.063,496200000.0,7.777,1.0,2244600000.0,0.359,933800000,51800000.0,5095600000.0,5619025000.0,2282100000.0,0.0,0,0,3524500000,1810000000.0,1714500000.0,3795119457,-1200000.0,0.0,-1086400000.0,74000000.0,-76700000.0,-495800000.0,-284300000.0,-1600000.0,778900000.0,1600000.0,486400000.0,458100000.0,458100000.0,0.0,0.0,0.073,1562400000.0,682200000.0,148200000,0.175,1.744,8.284,9.642,836600000.0,28300000.0,62.77,0.606,0.64,1811300000,4110300000.0,6259100000.0,6259100000.0,0.0,0.071,0.194,0.121,0.109,4800000.0,1863600000.0,1.0,60460721,63800000,70500000.0,98.105,5380000000.0,1800000.0,144000000.0,136800000,84.326,2532800000.0
17,SIG,ART,2017-03-31,2017-06-01,2017-04-29,2021-09-02,-305400000,6465200000.0,6462125000.0,4507800000,1957400000.0,0.965,37.348,-294900000.0,99700000,99700000,3981300000.0,474900000.0,4.437,1.301,1443100000,131500000.0,1311600000.0,1443100000,930700000,193200000.0,0,0.021,1.09,666500000.0,859700000.0,0.138,859700000.0,666500000.0,616300000.0,6.23,6.19,6.23,2543400000,2536175000.0,2543400000,4928966315,7.0,5.733,325800000.0,4.784,1.0,2251600000.0,0.361,928000000,50200000.0,5864700000.0,5760500000.0,2432400000.0,0.0,0,0,3309500000,1015900000.0,2293600000.0,3585566315,-6900000.0,0.0,-874500000.0,17800000.0,-75900000.0,-331500000.0,-296100000.0,-1200000.0,620700000.0,-6400000.0,474900000.0,454800000.0,454800000.0,0.0,0.0,0.073,1585100000.0,666500000.0,177800000,0.175,1.41,7.884,8.413,829800000.0,20100000.0,52.41,0.575,0.573,1814900000,4042900000.0,6232900000.0,6232900000.0,0.0,0.07,0.179,0.116,0.107,5800000.0,1870300000.0,1.0,68413782,68100000,68200000.0,91.526,5537200000.0,2400000.0,141400000.0,151400000,81.31,3491900000.0
18,SIG,ART,2016-12-31,2017-03-16,2017-01-28,2021-09-02,-307700000,6597800000.0,6452750000.0,4642600000,1955200000.0,0.993,33.426,-278000000.0,98700000,98700000,4047600000.0,543200000.0,3.857,1.404,1409000000,91100000.0,1317900000.0,1409000000,935900000,188800000.0,0,0.015,1.04,763200000.0,952000000.0,0.149,952000000.0,763200000.0,713800000.0,7.13,7.08,7.13,2490200000,2674875000.0,2490200000,6013463822,8.0,6.317,400300000.0,5.373,1.0,2360800000.0,0.368,934600000,49400000.0,5769800000.0,5726925000.0,2449300000.0,0.0,0,0,3495700000,1203700000.0,2292000000.0,4703163822,-38300000.0,0.0,-1002800000.0,26500000.0,-75600000.0,-438200000.0,-278400000.0,-400000.0,678300000.0,-700000.0,543200000.0,531300000.0,531300000.0,0.0,0.0,0.083,1597600000.0,763200000.0,255700000,0.146,1.889,8.852,9.658,822900000.0,11900000.0,68.86,0.734,0.801,1953900000,3995900000.0,6408400000.0,6408400000.0,0.0,0.082,0.199,0.133,0.119,5600000.0,1880200000.0,1.0,68300375,74500000,76700000.0,86.019,5663200000.0,5100000.0,170600000.0,203200000,76.016,3438900000.0
19,SIG,ART,2016-09-30,2016-11-29,2016-10-29,2021-09-02,-302300000,6487500000.0,6421900000.0,4555000000,1932500000.0,1.017,30.356,-251300000.0,82700000,82700000,4099800000.0,517600000.0,3.412,1.633,1613000000,288800000.0,1324200000.0,1613000000,888800000,184600000.0,0,0.011,1.0,757100000.0,941700000.0,0.144,941700000.0,757100000.0,708600000.0,6.56,6.55,6.56,2231200000,2817500000.0,2231200000,7919200884,10.0,8.409,464200000.0,6.316,1.0,2431300000.0,0.372,936800000,48500000.0,5746000000.0,5691650000.0,2649400000.0,0.0,0,0,3644600000,1335000000.0,2309600000.0,6388900884,11200000.0,0.0,-1020800000.0,30500000.0,-75000000.0,-450600000.0,-253700000.0,-2400000.0,715500000.0,-5700000.0,517600000.0,515400000.0,515400000.0,0.0,0.0,0.079,1674200000.0,757100000.0,382200000,0.152,2.863,12.396,13.997,791100000.0,2200000.0,91.82,0.978,1.033,1655300000,3727800000.0,6531100000.0,6531100000.0,0.0,0.08,0.183,0.133,0.116,15500000.0,1951500000.0,1.0,69580711,73500000,73600000.0,88.859,5550700000.0,20800000.0,191000000.0,137800000,75.52,3220000000.0
20,SIG,ART,2016-06-30,2016-08-31,2016-07-30,2021-09-02,-275000000,6298000000.0,6417450000.0,4407900000,1890100000.0,1.022,37.353,-228600000.0,118700000,118700000,4112300000.0,515600000.0,3.853,1.187,1569100000,238600000.0,1330500000.0,1569100000,894400000,182600000.0,0,0.012,0.96,758600000.0,941200000.0,0.143,941200000.0,758600000.0,711100000.0,6.55,6.54,6.55,2879900000,2970950000.0,2879900000,7647712040,10.0,8.125,313300000.0,4.064,1.0,2449000000.0,0.373,942800000,47500000.0,5661500000.0,5651975000.0,2418300000.0,0.0,0,0,3418100000,1144100000.0,2274000000.0,6197312040,-37700000.0,0.0,-422700000.0,144900000.0,-72900000.0,-347600000.0,-232000000.0,-3400000.0,541900000.0,-3400000.0,515600000.0,515600000.0,515600000.0,0.0,0.0,0.079,1690400000.0,758600000.0,195100000,0.147,2.152,12.02,12.516,739500000.0,0.0,81.98,0.945,0.963,1717500000,3727300000.0,6561300000.0,6561300000.0,0.0,0.08,0.174,0.134,0.116,15000000.0,1960000000.0,1.0,75595414,77100000,77200000.0,85.101,5355200000.0,1400000.0,195500000.0,118100000,69.458,3263800000.0
21,SIG,ART,2016-03-31,2016-06-03,2016-04-30,2021-09-02,-238500000,6427700000.0,6395900000.0,4541200000,1886500000.0,1.032,39.417,-222900000.0,113000000,113000000,4123600000.0,495900000.0,4.301,1.075,1421600000,110100000.0,1311500000.0,1421600000,905800000,179100000.0,0,0.01,0.92,739500000.0,918600000.0,0.139,918600000.0,739500000.0,692800000.0,6.27,6.26,6.27,3098200000,2969025000.0,3098200000,8187933971,11.0,8.913,267800000.0,3.407,1.0,2474900000.0,0.375,950100000,46700000.0,5730400000.0,5584050000.0,2512600000.0,0.0,0,0,3329500000,1055800000.0,2273700000.0,6879333971,-8500000.0,0.0,-234900000.0,29600000.0,-70200000.0,-272400000.0,-226800000.0,-3900000.0,490700000.0,-1100000.0,495900000.0,495900000.0,495900000.0,0.0,0.0,0.075,1735400000.0,739500000.0,255700000,0.147,2.22,13.872,14.065,725700000.0,0.0,88.19,1.043,1.051,1753000000,3665100000.0,6598500000.0,6598500000.0,0.0,0.078,0.167,0.132,0.112,13800000.0,1997100000.0,1.0,78005828,78600000,78700000.0,83.95,5477600000.0,1400000.0,196900000.0,107200000,69.69,3485400000.0
22,SIG,ART,2015-12-31,2016-03-24,2016-01-30,2021-09-02,-274100000,6474400000.0,6350125000.0,4589900000,1884500000.0,1.032,38.499,-226500000.0,137700000,137700000,4109800000.0,467900000.0,3.981,1.115,1388200000,59500000.0,1328700000.0,1388200000,889400000,175300000.0,0,0.009,1.1,703700000.0,879000000.0,0.134,879000000.0,703700000.0,657800000.0,5.89,5.87,5.89,3060700000,2917450000.0,3060700000,10767943683,15.0,12.25,216800000.0,2.727,1.0,2440400000.0,0.373,943300000,45900000.0,5628700000.0,5502300000.0,2453900000.0,0.0,0,0,3413700000,1152900000.0,2260800000.0,9517443683,-52000000.0,0.0,-133300000.0,-73100000.0,-67100000.0,-266600000.0,-228700000.0,-2200000.0,443300000.0,-3900000.0,467900000.0,467900000.0,467900000.0,0.0,0.0,0.071,1736700000.0,703700000.0,269100000,0.187,3.11,20.341,20.615,727600000.0,0.0,121.42,1.453,1.474,1840400000,3534600000.0,6550200000.0,6550200000.0,0.0,0.074,0.16,0.128,0.107,9500000.0,1987600000.0,1.0,78384481,79500000,79700000.0,82.392,5531100000.0,3500000.0,189900000.0,138200000,69.574,3437000000.0
23,SIG,ART,2015-09-30,2015-12-04,2015-10-31,2021-09-02,-245800000,6469700000.0,6313425000.0,4482500000,1987200000.0,1.019,35.876,-225900000.0,77200000,77200000,4097500000.0,424000000.0,3.109,1.274,1588500000,249800000.0,1338700000.0,1588500000,838900000,174400000.0,0,0.01,1.24,642300000.0,816700000.0,0.127,816700000.0,642300000.0,600600000.0,5.31,5.29,5.31,2845000000,2854875000.0,2845000000,11852841799,18.0,14.513,170000000.0,2.144,1.0,2336500000.0,0.363,951900000,41700000.0,5587300000.0,5417800000.0,2727000000.0,0.0,0,0,3624700000,1441800000.0,2182900000.0,10341541799,-6400000.0,0.0,-115300000.0,-4500000.0,-64100000.0,-174700000.0,-227600000.0,-1700000.0,395900000.0,-4000000.0,424000000.0,424000000.0,424000000.0,0.0,0.0,0.066,1694200000.0,642300000.0,371400000,0.234,3.635,24.39,24.488,718000000.0,0.0,130.03,1.607,1.603,1506900000,3280300000.0,6434000000.0,6434000000.0,0.0,0.067,0.149,0.119,0.1,4000000.0,1935500000.0,1.0,79531968,79300000,79500000.0,81.135,5517800000.0,160300000.0,176600000.0,191300000,69.581,3040700000.0
24,SIG,ART,2015-06-30,2015-09-03,2015-08-01,2021-09-02,-243700000,6211800000.0,6240625000.0,4256500000,1955300000.0,1.025,36.038,-229100000.0,159800000,159800000,4080800000.0,407700000.0,3.742,1.163,1430700000,82000000.0,1348700000.0,1430700000,837200000,169700000.0,0,0.009,1.2,619400000.0,789100000.0,0.123,789100000.0,619400000.0,576800000.0,5.1,5.08,5.1,2872200000,2804200000.0,2872200000,12187739680,20.0,15.445,80600000.0,1.011,1.0,2314700000.0,0.362,955400000,42600000.0,5389800000.0,5341300000.0,2414200000.0,0.0,0,0,3339600000,1137500000.0,2202100000.0,10916839680,-50800000.0,0.0,-96600000.0,18300000.0,-61000000.0,-130100000.0,-230400000.0,-1300000.0,309700000.0,-4400000.0,407700000.0,407700000.0,407700000.0,0.0,0.0,0.064,1695300000.0,619400000.0,194000000,0.235,3.801,26.777,26.894,685100000.0,0.0,137.16,1.707,1.709,1548400000,3282800000.0,6395500000.0,6395500000.0,0.0,0.065,0.145,0.116,0.097,2800000.0,1929200000.0,1.0,79592007,79700000,79900000.0,80.245,5256400000.0,136300000.0,169100000.0,198400000,65.952,3119000000.0
25,SIG,ART,2015-03-31,2015-06-03,2015-05-02,2021-09-02,-234300000,6244600000.0,6186350000.0,4310200000,1934400000.0,1.004,36.149,-235000000.0,122600000,122600000,3977900000.0,403500000.0,3.738,1.159,1401000000,44800000.0,1356200000.0,1401000000,841300000,163500000.0,0,0.009,1.16,602100000.0,765600000.0,0.123,765600000.0,602100000.0,556900000.0,5.05,5.02,5.05,2891900000,2757125000.0,2891900000,11852012364,20.0,15.481,41500000.0,0.519,1.0,2232900000.0,0.36,966600000,45200000.0,5403400000.0,5243050000.0,2487800000.0,0.0,0,0,3352700000,1153000000.0,2199700000.0,10573612364,-121700000.0,-1429200000.0,-44100000.0,1359700000.0,-57700000.0,1267100000.0,-1665300000.0,-1100000.0,276500000.0,-4800000.0,403500000.0,403500000.0,403500000.0,0.0,0.0,0.065,1630800000.0,602100000.0,256500000,0.23,3.656,26.205,26.131,668700000.0,0.0,131.96,1.702,1.7,1556400000,3238100000.0,6210800000.0,6210800000.0,0.0,0.065,0.146,0.115,0.097,3000000.0,1855600000.0,1.0,80127405,80000000,80200000.0,77.635,5278000000.0,130900000.0,153400000.0,209000000,65.975,3157200000.0
26,SIG,ART,2014-12-31,2015-03-26,2015-01-31,2021-09-02,-236600000,6327600000.0,5630600000.0,4407300000,1920300000.0,1.019,35.174,-220200000.0,193600000,193600000,3662100000.0,381300000.0,3.293,1.251,1461300000,97500000.0,1363800000.0,1461300000,811900000,149700000.0,0,0.007,0.9,576600000.0,726300000.0,0.127,726300000.0,576600000.0,540600000.0,4.77,4.75,4.77,2810400000,2695100000.0,2810400000,12101592965,21.0,16.662,62800000.0,0.786,1.0,2074200000.0,0.362,966300000,36000000.0,5290700000.0,4638475000.0,2439000000.0,0.0,0,0,3517200000,1338300000.0,2178900000.0,10833892965,-48700000.0,-1429200000.0,-42100000.0,1406500000.0,-55300000.0,1320900000.0,-1652600000.0,-3200000.0,283000000.0,-5300000.0,381300000.0,381300000.0,381300000.0,0.0,0.0,0.066,1497600000.0,576600000.0,277700000,0.189,3.855,28.413,28.302,665900000.0,0.0,135.0,1.889,1.88,1631200000,3135700000.0,5736300000.0,5736300000.0,0.0,0.068,0.141,0.124,0.101,300000.0,1712900000.0,1.0,80251059,79900000,80200000.0,71.793,5361300000.0,117400000.0,159300000.0,253700000,67.1,3069000000.0
27,SIG,ART,2014-09-30,2014-12-08,2014-11-01,2021-09-02,-183900000,6178500000.0,5056000000.0,4267900000,1910600000.0,0.994,33.07,-210900000.0,87600000,87600000,3213000000.0,328500000.0,3.012,1.338,1593100000,221800000.0,1371300000.0,1593100000,740400000,135600000.0,0,0.005,0.69,515500000.0,651100000.0,0.13,651100000.0,515500000.0,486200000.0,4.11,4.07,4.11,2642300000,2633275000.0,2642300000,11763530509,23.0,18.067,22300000.0,0.279,1.0,1810900000.0,0.36,985600000,29300000.0,5281300000.0,4040850000.0,2674600000.0,0.0,0,0,3536200000,1417100000.0,2119100000.0,10258030509,3600000.0,-1438300000.0,-47100000.0,1511500000.0,-52800000.0,1421300000.0,-1650900000.0,-1700000.0,233200000.0,-3800000.0,328500000.0,328500000.0,328500000.0,0.0,0.0,0.065,1295400000.0,515500000.0,396200000,0.168,3.882,31.227,31.129,658800000.0,0.0,127.94,2.042,2.035,1348800000,2922100000.0,5023900000.0,5023900000.0,0.0,0.065,0.125,0.128,0.103,5100000.0,1504200000.0,1.0,80178447,79900000,79900000.0,62.877,5192900000.0,96000000.0,157700000.0,156600000,64.992,2850800000.0
28,SIG,ART,2014-06-30,2014-09-10,2014-08-02,2021-09-02,-163000000,5994700000.0,4452725000.0,4068700000,1926000000.0,1.037,33.591,-189100000.0,215000000,215000000,2913200000.0,363400000.0,3.467,1.234,1410300000,31200000.0,1379100000.0,1410300000,731500000,123600000.0,0,0.006,0.66,556400000.0,680000000.0,0.147,680000000.0,556400000.0,538800000.0,4.55,4.51,4.55,2683900000,2569250000.0,2683900000,10620562852,19.0,15.618,171800000.0,2.15,1.0,1704200000.0,0.369,1019500000,17600000.0,4996800000.0,3440750000.0,2345300000.0,0.0,0,0,3310800000,1173700000.0,2137100000.0,9425262852,6500000.0,-1438300000.0,-61200000.0,1375200000.0,-50500000.0,1273200000.0,-1627600000.0,-200000.0,360900000.0,-4400000.0,363400000.0,363400000.0,363400000.0,0.0,0.0,0.079,1147800000.0,556400000.0,235000000,0.145,3.512,25.936,25.824,627800000.0,0.0,117.5,2.041,2.033,1370100000,2935300000.0,4617400000.0,4617400000.0,0.0,0.082,0.141,0.162,0.121,5400000.0,1348900000.0,1.0,80215003,79900000,80200000.0,57.79,4975200000.0,102200000.0,175400000.0,276500000,62.268,2895000000.0
29,SIG,ART,2014-03-31,2014-06-03,2014-05-03,2021-09-02,-163800000,4021600000.0,3861000000.0,3232700000,788900000.0,1.106,33.089,-157600000.0,249100000,249100000,2666800000.0,372800000.0,4.06,0.521,8800000,8800000.0,0.0,8800000,631700000,112600000.0,0,0.006,0.63,578400000.0,691000000.0,0.162,691000000.0,578400000.0,573500000.0,4.66,4.63,4.66,2643800000,2491425000.0,2643800000,8100011426,14.0,11.722,106300000.0,1.33,1.0,1604900000.0,0.376,0,4900000.0,2985100000.0,2865325000.0,1523900000.0,0.0,0,0,1377800000,796200000.0,581600000.0,8340311426,-11400000.0,-7700000.0,-76100000.0,100000.0,-48200000.0,-110000000.0,-165300000.0,0.0,263900000.0,-3200000.0,372800000.0,372800000.0,372800000.0,0.0,0.0,0.087,1026500000.0,578400000.0,163100000,0.135,3.155,22.372,22.315,494000000.0,0.0,103.99,1.952,1.945,1355300000,2660200000.0,4271700000.0,4271700000.0,0.0,0.097,0.15,0.202,0.135,400000.0,1220200000.0,1.0,80203014,79900000,80300000.0,53.463,4021600000.0,128200000.0,200700000.0,158800000,50.333,2436500000.0
30,SIG,ART,2013-12-31,2014-03-27,2014-02-01,2021-09-02,-178500000,4029200000.0,3776725000.0,3257600000,771600000.0,1.115,31.959,-152700000.0,247600000,247600000,2628700000.0,368000000.0,3.617,0.572,19300000,19300000.0,0.0,19300000,616700000,110200000.0,0,0.006,0.6,570500000.0,680700000.0,0.162,680700000.0,570500000.0,566500000.0,4.59,4.56,4.59,2563100000,2416600000.0,2563100000,8197611071,14.0,12.043,82800000.0,1.032,1.0,1580500000.0,0.375,0,4000000.0,2900200000.0,2773225000.0,1488000000.0,0.0,0,0,1466100000,900700000.0,565400000.0,8425911071,-49700000.0,-7700000.0,-104600000.0,19300000.0,-46000000.0,-124800000.0,-160400000.0,0.0,235500000.0,-3700000.0,368000000.0,368000000.0,368000000.0,0.0,0.0,0.087,1010000000.0,570500000.0,162900000,0.131,3.287,22.896,22.882,487600000.0,0.0,105.03,2.002,2.001,1425500000,2578100000.0,4209200000.0,4209200000.0,0.0,0.097,0.152,0.206,0.136,7900000.0,1196700000.0,1.0,80223851,80200000,80700000.0,52.484,4029200000.0,123200000.0,198500000.0,217000000,50.239,2356900000.0
31,SIG,ART,2013-09-30,2013-11-26,2013-11-02,2021-09-02,-189400000,3765400000.0,3698375000.0,3013700000,751700000.0,1.124,29.865,-140200000.0,87800000,87800000,2589700000.0,364600000.0,3.576,0.578,46000000,46000000.0,0.0,46000000,572500000,108400000.0,0,0.007,0.57,567600000.0,676000000.0,0.163,676000000.0,567600000.0,563700000.0,4.5,4.48,4.5,2386200000,2358300000.0,2386200000,6199764009,11.0,9.171,50400000.0,0.631,1.0,1568800000.0,0.377,0,3900000.0,2880900000.0,2684700000.0,1644900000.0,0.0,0,0,1379200000,842700000.0,536500000.0,6241564009,-78800000.0,-55300000.0,-88000000.0,46000000.0,-43800000.0,-73900000.0,-195500000.0,0.0,190600000.0,600000.0,364600000.0,364600000.0,364600000.0,0.0,0.0,0.088,1001200000.0,567600000.0,244900000,0.127,2.616,17.119,17.291,471100000.0,0.0,77.81,1.501,1.495,1174700000,2415000000.0,4158500000.0,4158500000.0,0.0,0.099,0.155,0.211,0.136,2700000.0,1181800000.0,1.0,80215448,79900000,80300000.0,52.046,3765400000.0,139300000.0,199100000.0,144000000,47.126,2171000000.0
32,SIG,ART,2013-06-30,2013-08-29,2013-08-03,2021-09-02,-199900000,3627800000.0,3612300000.0,2907500000,720300000.0,1.136,29.547,-133000000.0,212900000,212900000,2538300000.0,365900000.0,4.03,0.529,1700000,1700000.0,0.0,1700000,573000000,103800000.0,0,0.008,0.54,568500000.0,672300000.0,0.164,672300000.0,568500000.0,564600000.0,4.51,4.49,4.51,2372600000,2299275000.0,2372600000,5184256735,9.0,7.711,121400000.0,1.512,1.0,1565000000.0,0.381,0,3900000.0,2695100000.0,2581600000.0,1417700000.0,0.0,0,0,1255200000,721500000.0,533700000.0,5395456735,-25000000.0,-55300000.0,-63400000.0,1700000.0,-41300000.0,-91100000.0,-188300000.0,0.0,254400000.0,400000.0,365900000.0,365900000.0,365900000.0,0.0,0.0,0.089,996500000.0,568500000.0,130300000,0.12,2.274,14.746,14.856,434900000.0,0.0,67.0,1.315,1.311,1195100000,2394100000.0,4103300000.0,4103300000.0,0.0,0.101,0.159,0.22,0.139,3200000.0,1171000000.0,1.0,80529205,80300000,80700000.0,51.1,3627800000.0,129600000.0,198700000.0,175900000,45.178,2186000000.0
33,SIG,ART,2013-03-31,2013-05-23,2013-05-04,2021-09-02,-189400000,3684500000.0,3535100000.0,2972200000,712300000.0,1.153,29.016,-138800000.0,263700000,263700000,2510500000.0,369200000.0,3.67,0.572,5700000,5700000.0,0.0,5700000,573500000,101900000.0,0,0.007,0.51,573900000.0,675800000.0,0.166,675800000.0,573900000.0,570300000.0,4.53,4.5,4.53,2344500000,2233875000.0,2344500000,5458475700,10.0,8.077,185000000.0,2.29,1.0,1566500000.0,0.384,0,3600000.0,2616700000.0,2497975000.0,1426400000.0,0.0,0,0,1340000000,809800000.0,530200000.0,5716475700,-135500000.0,-56700000.0,-237400000.0,5700000.0,-39500000.0,-263800000.0,-195500000.0,0.0,323800000.0,200000.0,369200000.0,369200000.0,369200000.0,0.0,0.0,0.091,992600000.0,573900000.0,176800000,0.113,2.438,15.483,15.603,429900000.0,0.0,70.68,1.402,1.401,1197700000,2338700000.0,4077000000.0,4077000000.0,0.0,0.104,0.165,0.23,0.141,7200000.0,1160800000.0,1.0,80878264,80800000,81300000.0,50.458,3684500000.0,127200000.0,201100000.0,201300000,45.6,2162400000.0
34,SIG,ART,2012-12-31,2013-03-28,2013-02-02,2021-09-02,-175700000,3715800000.0,3485275000.0,3032900000,682900000.0,1.143,28.31,-134200000.0,301000000,301000000,2446000000.0,359900000.0,3.491,0.595,0,0.0,0.0,0,568600000,99400000.0,0,0.007,0.48,560500000.0,659900000.0,0.166,659900000.0,560500000.0,556900000.0,4.37,4.35,4.37,2329900000,2212175000.0,2329900000,5148226647,9.0,7.802,178500000.0,2.169,1.0,1537400000.0,0.386,0,3600000.0,2546100000.0,2429350000.0,1397000000.0,0.0,0,0,1385900000,868700000.0,517200000.0,5449226647,-186300000.0,-56700000.0,-277100000.0,0.0,-38400000.0,-308100000.0,-190900000.0,0.0,312700000.0,500000.0,359900000.0,359900000.0,359900000.0,0.0,0.0,0.09,976900000.0,560500000.0,155900000,0.11,2.339,15.141,15.332,430400000.0,0.0,67.0,1.368,1.384,1247400000,2268400000.0,3983400000.0,3983400000.0,0.0,0.103,0.163,0.231,0.141,8300000.0,1138300000.0,1.0,81331741,82300000,82800000.0,48.401,3715800000.0,105700000.0,197000000.0,226700000,45.149,2164200000.0
35,SIG,ART,2012-09-30,2012-11-20,2012-10-27,2021-09-02,-167700000,3421100000.0,3459175000.0,2778600000,642500000.0,1.105,26.709,-125700000.0,166000000,166000000,2360400000.0,344700000.0,3.532,0.591,0,0.0,0.0,0,526000000,95500000.0,0,0.009,0.46,536700000.0,632200000.0,0.165,632200000.0,536700000.0,532700000.0,4.07,4.04,4.07,2150100000,2199475000.0,2150100000,4006486768,7.0,6.337,186100000.0,2.312,1.0,1463500000.0,0.383,0,4000000.0,2468500000.0,2357175000.0,1508500000.0,0.0,0,0,1271000000,786600000.0,484400000.0,4172486768,-179100000.0,0.0,-298000000.0,-33400000.0,-37300000.0,-365200000.0,-125700000.0,0.0,311800000.0,-4500000.0,344700000.0,344700000.0,344700000.0,0.0,0.0,0.09,926800000.0,536700000.0,216200000,0.113,1.941,12.105,12.658,416000000.0,0.0,51.52,1.091,1.085,1042800000,2108600000.0,3823900000.0,3823900000.0,0.0,0.1,0.157,0.228,0.14,12200000.0,1076200000.0,1.0,80987709,80500000,,47.502,3421100000.0,115100000.0,188000000.0,154800000,42.498,1992000000.0
36,SIG,ART,2012-06-30,2012-08-23,2012-07-28,2021-09-02,-175000000,3319000000.0,3444925000.0,2696300000,622700000.0,1.108,25.557,-114300000.0,237500000,237500000,2360200000.0,335900000.0,3.74,0.572,0,0.0,0.0,0,527200000,94100000.0,0,0.009,0.44,526700000.0,620800000.0,0.163,620800000.0,526700000.0,523200000.0,3.94,3.91,3.94,2111000000,2199000000.0,2111000000,3554796234,7.0,5.726,135600000.0,1.642,1.0,1458000000.0,0.382,0,3500000.0,2360600000.0,2308925000.0,1312800000.0,0.0,0,0,1208000000,720900000.0,487100000.0,3792296234,-200500000.0,0.0,-299100000.0,-12700000.0,-27700000.0,-336100000.0,-114300000.0,0.0,249900000.0,-2200000.0,335900000.0,335900000.0,335900000.0,0.0,0.0,0.088,931300000.0,526700000.0,136400000,0.112,1.796,11.29,11.898,392000000.0,0.0,46.88,0.993,1.014,1072600000,2085000000.0,3818200000.0,3818200000.0,0.0,0.098,0.153,0.228,0.138,13200000.0,1073200000.0,1.0,80893691,82600000,,46.225,3319000000.0,122100000.0,187300000.0,181700000,40.182,1975400000.0
37,SIG,ART,2012-03-31,2012-05-24,2012-04-28,2021-09-02,-163100000,3485200000.0,3427050000.0,2879000000,606200000.0,1.098,26.406,-103500000.0,399000000,399000000,2320300000.0,331500000.0,3.87,0.544,0,0.0,0.0,0,530900000,90700000.0,0,0.007,0.32,518100000.0,608800000.0,0.162,608800000.0,518100000.0,512800000.0,3.85,3.82,3.85,2257700000,2201050000.0,2257700000,3346415729,6.0,5.497,150400000.0,1.759,1.0,1441600000.0,0.383,0,5300000.0,2342200000.0,2245825000.0,1335000000.0,0.0,0,0,1227500000,744000000.0,483500000.0,3745415729,8000000.0,0.0,-100000000.0,-27000000.0,-17400000.0,-142400000.0,-103500000.0,0.0,253900000.0,-3100000.0,331500000.0,331500000.0,331500000.0,0.0,0.0,0.088,923500000.0,518100000.0,156000000,0.083,1.659,11.298,11.431,381700000.0,0.0,44.01,0.996,1.0,1069000000,2030200000.0,3761900000.0,3761900000.0,0.0,0.097,0.151,0.231,0.138,14500000.0,1057400000.0,1.0,85103743,85500000,,43.999,3485200000.0,118500000.0,181300000.0,185200000,40.763,2135000000.0
38,SIG,ART,2011-12-31,2012-03-22,2012-01-28,2021-09-02,-159200000,3611400000.0,3355650000.0,3016300000,595100000.0,1.117,26.142,-97800000.0,486800000,486800000,2311600000.0,324400000.0,3.478,0.585,0,0.0,0.0,0,528100000,92400000.0,0,0.004,0.2,507400000.0,599800000.0,0.16,599800000.0,507400000.0,502100000.0,3.76,3.73,3.76,2279100000,2147750000.0,2279100000,3803428927,7.0,6.341,227400000.0,2.608,1.0,1437600000.0,0.383,0,5300000.0,2257400000.0,2184175000.0,1304100000.0,0.0,0,0,1332300000,867200000.0,465100000.0,4290228927,187400000.0,0.0,-2100000.0,-31000000.0,-8700000.0,-40000000.0,-97800000.0,0.0,325200000.0,-2700000.0,324400000.0,324400000.0,324400000.0,0.0,0.0,0.087,930200000.0,507400000.0,182600000,0.053,1.882,13.225,13.088,383400000.0,0.0,49.21,1.144,1.144,1132500000,1969300000.0,3749200000.0,3749200000.0,0.0,0.097,0.151,0.232,0.135,13100000.0,1056700000.0,1.0,87182055,87182055,,43.004,3611400000.0,109400000.0,177700000.0,212900000,41.424,2149100000.0
39,SIG,ART,2011-09-30,2011-11-22,2011-10-29,2021-09-02,-141200000,3364100000.0,3225250000.0,2780400000,583700000.0,1.137,24.719,-89100000.0,349600000,349600000,2273000000.0,273200000.0,3.599,0.566,33600000,33600000.0,0.0,33600000,489800000,87100000.0,0,0.002,0.1,474100000.0,561200000.0,0.153,561200000.0,474100000.0,419300000.0,3.17,3.15,3.17,2148200000,2062725000.0,2148200000,3457449011,7.0,6.161,151500000.0,1.743,1.0,1392900000.0,0.38,0,54800000.0,2275500000.0,2139875000.0,1414000000.0,0.0,0,0,1215900000,772600000.0,443300000.0,3773449011,-68600000.0,0.0,14900000.0,-233300000.0,0.0,-220100000.0,-89100000.0,0.0,240600000.0,3300000.0,273200000.0,273200000.0,273200000.0,0.0,0.0,0.075,918900000.0,474000000.0,195100000,0.032,1.757,13.812,13.697,385800000.0,0.0,43.42,1.029,1.029,918700000,1821400000.0,3665900000.0,3665900000.0,0.0,0.085,0.132,0.222,0.129,21800000.0,1044600000.0,1.0,86905781,86905781,,42.182,3364100000.0,102600000.0,146100000.0,138300000,38.71,2007800000.0
40,SIG,ART,2011-06-30,2011-08-25,2011-07-30,2021-09-02,-146300000,3247500000.0,3171125000.0,2672300000,575200000.0,1.134,24.401,-79500000.0,440200000,440200000,2240600000.0,253100000.0,3.926,0.532,13100000,13100000.0,0.0,13100000,495400000,86800000.0,0,0.0,0.0,450400000.0,537200000.0,0.149,537200000.0,450400000.0,389200000.0,2.94,2.92,2.94,2119200000,1977925000.0,2119200000,2734256708,6.0,5.09,181900000.0,2.094,1.0,1356600000.0,0.377,31500000,61200000.0,2108200000.0,2085000000.0,1202800000.0,0.0,0,0,1128300000,680700000.0,447600000.0,3161356708,-46500000.0,0.0,14700000.0,-241200000.0,0.0,-228400000.0,-79500000.0,0.0,261400000.0,1300000.0,253100000.0,253100000.0,253100000.0,0.0,0.0,0.07,906600000.0,450000000.0,137500000,0.0,1.492,12.491,12.381,343300000.0,0.0,36.4,0.879,0.879,936200000,1804000000.0,3597200000.0,3597200000.0,0.0,0.08,0.128,0.216,0.125,19700000.0,1026500000.0,1.0,86850459,86850459,,41.418,3216000000.0,109500000.0,136100000.0,150000000,37.029,1991600000.0
41,SIG,ART,2011-03-31,2011-05-26,2011-04-30,2021-09-02,-150100000,3199600000.0,3093900000.0,2632100000,567500000.0,1.138,23.543,-62200000.0,394100000,394100000,2220800000.0,227500000.0,3.717,0.565,28000000,28000000.0,0.0,28000000,503000000,87700000.0,0,0.0,0.0,411600000.0,499300000.0,0.142,499300000.0,411600000.0,346700000.0,2.64,2.63,2.64,2044500000,1920400000.0,2044500000,3606867881,9.0,7.224,182800000.0,2.105,1.0,1301600000.0,0.37,29700000,64900000.0,2095600000.0,2077850000.0,1221200000.0,0.0,0,0,1155100000,708200000.0,446900000.0,3972967881,-52500000.0,0.0,14500000.0,-249300000.0,0.0,-235300000.0,-62200000.0,0.0,245000000.0,-500000.0,227500000.0,227500000.0,227500000.0,0.0,0.0,0.065,890600000.0,411000000.0,144900000,0.0,1.943,17.464,17.33,343600000.0,0.0,45.75,1.128,1.128,929500000,1737700000.0,3522400000.0,3522400000.0,0.0,0.074,0.118,0.198,0.117,17600000.0,1005700000.0,1.0,86840828,86840828,,40.562,3169900000.0,108900000.0,119200000.0,145600000,36.502,1923900000.0
42,SIG,ART,2010-12-31,2011-03-30,2011-01-29,2021-09-02,-170800000,3089800000.0,3021850000.0,2542300000,547500000.0,1.138,22.439,-55600000.0,302100000,302100000,2194500000.0,200400000.0,3.576,0.594,31000000,31000000.0,0.0,31000000,499200000,89700000.0,0,0.0,0.0,373200000.0,462900000.0,0.135,462900000.0,373200000.0,300400000.0,2.34,2.32,2.34,1939000000,1870675000.0,1939000000,3626114935,10.0,7.833,268300000.0,3.105,1.0,1242900000.0,0.362,27500000,72800000.0,2080200000.0,2079975000.0,1184200000.0,0.0,0,0,1150800000,711000000.0,439800000.0,3897214935,-14800000.0,0.0,11300000.0,-293100000.0,0.0,-283100000.0,-55600000.0,0.0,323900000.0,700000.0,200400000.0,200400000.0,200400000.0,0.0,0.0,0.058,870400000.0,372500000.0,125900000,0.0,2.01,19.447,19.274,351500000.0,0.0,45.1,1.134,1.134,974100000,1662300000.0,3437400000.0,3437400000.0,0.0,0.066,0.107,0.179,0.109,17200000.0,980400000.0,1.0,86412748,86412748,,39.779,3062300000.0,88700000.0,100000000.0,115700000,35.438,1831300000.0
43,SIG,ART,2010-09-30,2010-11-30,2010-10-30,2021-09-02,-177000000,3147600000.0,2980450000.0,2584300000,563300000.0,,21.095,,414900000,414900000,,,2.818,0.74,266700000,266700000.0,0.0,266700000,464800000,,0,0.0,0.0,,,,,,,,,,1809000000,1835325000.0,1809000000,3267369154,,,,,1.0,,,26300000,,2056000000.0,2131575000.0,1297400000.0,0.0,0,0,1338600000,917100000.0,421500000.0,3415569154,,,,,,,,,,,,,,,,,,,179300000,,1.888,,,363300000.0,,39.83,,,791700000,1556900000.0,,,,,,,,,,1.0,85753682,85753682,,,3121300000.0,116500000.0,,97700000,36.398,1667200000.0
44,SIG,ART,2010-06-30,2010-08-27,2010-07-31,2021-09-02,-184900000,2938600000.0,,2485300000,453300000.0,,22.048,,485400000,485400000,,,4.122,0.556,254000000,24900000.0,229100000.0,254000000,249300000,,0,0.0,0.0,,,,,,,,,,1889100000,,1889100000,2220816293,,,,,1.0,,,24600000,,2079600000.0,,1126200000.0,0.0,0,0,1049500000,603000000.0,446500000.0,2452216293,,,,,,,,,,,,,,,,,,,114700000,,1.298,,,362100000.0,,28.62,,,822500000,1648600000.0,,,,,,,,,,1.0,85681911,85681911,,,2914000000.0,57500000.0,,112700000,34.01,1882300000.0
45,SIG,ART,2010-03-31,2010-06-01,2010-05-01,2021-09-02,-185300000,2911400000.0,,2447800000,463600000.0,,21.579,,447100000,447100000,,,3.994,0.577,276300000,47200000.0,229100000.0,276300000,259000000,,0,0.0,0.0,,,,,,,,,,1845600000,,1845600000,2511286516,,,,,1.0,,,23600000,,2104100000.0,,1122000000.0,0.0,0,0,1065800000,612900000.0,452900000.0,2682086516,,,,,,,,,,,,,,,,,,,104200000,,1.453,,,375200000.0,,31.36,,,826900000,1607900000.0,,,,,,,,,,1.0,85525718,85525718,,,2887800000.0,53500000.0,,111700000,33.765,1834900000.0
46,SIG,ART,2009-12-31,2010-03-30,2010-01-30,2021-09-02,-178200000,2924200000.0,2939050000.0,2435800000,488400000.0,1.12,21.022,-43500000.0,316200000,316200000,2213800000.0,164100000.0,3.92,0.627,324100000,44100000.0,280000000.0,324100000,261000000,101000000.0,0,0.0,0.0,276600000.0,377600000.0,0.115,377600000.0,276600000.0,241800000.0,1.92,1.91,1.92,1797600000,1703650000.0,1797600000,2745125484,10.0,7.27,471900000.0,5.519,1.0,1076900000.0,0.327,24200000,34800000.0,2286600000.0,2475000000.0,1173100000.0,0.0,0,0,1126600000,621300000.0,505300000.0,2737225484,220200000.0,0.0,1000000.0,-243400000.0,0.0,-251700000.0,-43500000.0,0.0,515400000.0,-800000.0,164100000.0,164100000.0,164100000.0,0.0,0.0,0.05,801100000.0,275800000.0,66200000,0.0,1.523,16.68,16.672,396900000.0,0.0,32.01,0.832,0.832,885900000,1556400000.0,3290700000.0,3290700000.0,0.0,0.056,0.096,0.112,0.084,5600000.0,916500000.0,1.0,85511574,85511574,,38.483,2900000000.0,56900000.0,77700000.0,118800000,33.914,1814500000.0
47,SIG,ART,2008-12-31,2009-04-01,2009-01-31,2021-09-02,-195500000,2953900000.0,2989050000.0,2413200000,540700000.0,1.119,18.876,-113300000.0,96800000,96800000,2264200000.0,-393700000.0,3.273,0.835,567500000,187500000.0,380000000.0,567500000,262600000,108100000.0,0,0.025,0.312,-293700000.0,-185600000.0,-0.055,-185600000.0,-293700000.0,-326500000.0,-4.62,-4.62,-4.62,1609700000,1707900000.0,1609700000,1550310048,-5.0,-8.353,51100000.0,0.599,1.0,1080100000.0,0.323,23900000,32800000.0,2663400000.0,2705500000.0,1364400000.0,0.0,0,0,1344200000,737300000.0,606900000.0,1079610048,88000000.0,0.0,100000.0,160600000.0,-123800000.0,36900000.0,-113300000.0,0.0,164400000.0,-32900000.0,-393700000.0,-393700000.0,-393700000.0,0.0,0.0,-0.118,1377400000.0,-297300000.0,42200000,-0.068,0.671,-2.742,-2.74,452100000.0,0.0,12.66,0.323,0.323,907000000,1400900000.0,3344300000.0,3344300000.0,0.0,-0.132,-0.231,-0.109,-0.088,700000.0,969200000.0,1.0,85277255,85277255,,39.217,2930000000.0,54800000.0,67200000.0,112700000,34.359,1675900000.0
48,SIG,ART,2007-12-31,2008-05-09,2008-02-02,2021-09-02,0,3024200000.0,2264650000.0,2414700000,609500000.0,1.618,21.18,-128100000.0,41700000,41700000,3264800000.0,215200000.0,4.034,0.674,416300000,36300000.0,380000000.0,416300000,264300000,109400000.0,0,0.05,1.46,362300000.0,471700000.0,0.129,471700000.0,362300000.0,333500000.0,252.0,252.0,252.0,1806100000,1346200000.0,1806100000,2856117728,8.0,6.055,166600000.0,1.954,1.0,400500000.0,0.109,52600000,28800000.0,2747600000.0,2015850000.0,1445500000.0,0.0,0,0,1218100000,598600000.0,619500000.0,2481517728,-112500000.0,0.0,-23000000.0,31100000.0,-123900000.0,-115800000.0,-133100000.0,0.0,294700000.0,0.0,215200000.0,215200000.0,215200000.0,0.0,0.0,0.059,49200000.0,351300000.0,442800000,0.006,1.374,11.531,0.115,502400000.0,0.0,29.1,0.677,0.677,962300000,1415300000.0,3665300000.0,3665300000.0,0.0,0.095,0.16,0.18,0.099,400000.0,158000000.0,1.0,85275523,85275523,,42.982,2971600000.0,19700000.0,118300000.0,79500000,34.847,1816100000.0
49,SIG,ART,2006-12-31,2007-05-04,2007-02-03,2021-09-02,0,1505100000.0,1488050000.0,1204100000,301000000.0,1.272,10.345,-59800000.0,77300000,77300000,1644900000.0,141500000.0,3.812,0.698,195700000,2800000.0,192900000.0,195700000,129300000,49000000.0,0,0.023,1.18,231400000.0,280400000.0,0.148,280400000.0,231400000.0,213200000.0,164.0,164.0,164.0,886300000,882600000.0,886300000,4505097751,19.0,16.067,122400000.0,1.429,1.0,248300000.0,0.131,23500000,18200000.0,1284100000.0,1181000000.0,685600000.0,0.0,0,0,618800000,315900000.0,302900000.0,4386697751,26400000.0,0.0,-29600000.0,72300000.0,-57800000.0,-15100000.0,-54800000.0,0.0,182200000.0,0.0,141500000.0,141500000.0,141500000.0,0.0,0.0,0.075,26900000.0,221400000.0,237100000,0.007,4.949,31.001,0.312,246100000.0,0.0,51.2,2.317,2.317,456000000,658400000.0,1893200000.0,1893200000.0,0.0,0.095,0.16,0.196,0.122,0.0,75600000.0,1.0,85677690,85677690,,22.097,1481600000.0,14700000.0,71700000.0,51600000,17.293,888200000.0
50,SIG,ART,2005-12-31,2006-05-04,2006-01-28,2021-09-02,0,1471000000.0,,1162600000,308400000.0,,10.109,-62900000.0,52500000,52500000,1516300000.0,130800000.0,2.48,0.674,151100000,151100000.0,0.0,151100000,116000000,46200000.0,0,0.028,1.12,217500000.0,263700000.0,0.15,263700000.0,217500000.0,200400000.0,150.0,150.0,150.0,878900000,690550000.0,878900000,3524121463,16.0,13.364,125200000.0,1.44,1.0,236000000.0,0.135,22900000,17100000.0,1077900000.0,,679700000.0,0.0,0,0,592100000,468800000.0,123300000.0,3425521463,-51400000.0,0.0,1900000.0,-46600000.0,-52700000.0,-97400000.0,-66000000.0,0.0,188100000.0,0.0,130800000.0,130800000.0,130800000.0,0.0,0.0,0.075,27800000.0,208200000.0,253100000,0.007,3.898,26.189,0.263,253800000.0,0.0,39.4,1.955,1.955,444700000,660300000.0,1752300000.0,1752300000.0,0.0,,0.189,,0.124,0.0,74100000.0,1.0,86942169,86942169,,20.155,1448100000.0,17400000.0,69600000.0,50200000,16.656,693800000.0
51,SIG,ART,2004-12-31,2005-05-03,2005-01-29,2021-09-02,0,,,1056000000,,,5.787,-70300000.0,102400000,102400000,1329600000.0,141200000.0,,0.472,0,,,0,0,0.0,0,0.031,1.2,218900000.0,218900000.0,0.136,218900000.0,218900000.0,210300000.0,164.0,162.0,164.0,502200000,507600000.0,502200000,3295934468,15.0,15.057,102300000.0,1.179,1.0,284800000.0,0.176,15200000,8600000.0,,,,,0,0,236900000,,,3398334468,6400000.0,0.0,-2200000.0,-8100000.0,-43800000.0,-29600000.0,-70300000.0,0.0,172600000.0,0.0,141200000.0,141200000.0,141200000.0,0.0,0.0,0.087,65900000.0,218900000.0,0,0.007,6.767,24.068,0.239,,0.0,39.16,2.105,2.105,375300000,,1614400000.0,1614400000.0,0.0,,0.278,,0.136,0.0,65900000.0,1.0,86780758,86780758,,18.603,,,69100000.0,0,,
52,SIG,ART,2003-12-31,2004-04-22,2004-01-31,2021-09-02,0,,,1009000000,,,5.944,-50700000.0,128000000,128000000,1330900000.0,137200000.0,,0.418,0,,,0,0,0.0,0,0.016,0.673,222300000.0,222300000.0,0.137,222300000.0,222300000.0,211900000.0,160.0,158.0,160.0,513000000,521100000.0,513000000,3480889666,16.0,15.659,153100000.0,1.774,1.0,286300000.0,0.177,16800000,10400000.0,,,,,0,0,214600000,,,3608889666,-11800000.0,0.0,6300000.0,-12100000.0,-36700000.0,-84900000.0,-50700000.0,0.0,203800000.0,0.0,137200000.0,137200000.0,137200000.0,0.0,0.0,0.085,64000000.0,222300000.0,0,0.004,7.035,26.304,0.261,,0.0,41.813,2.232,2.232,339500000,,1617200000.0,1617200000.0,0.0,,0.263,,0.137,0.0,64000000.0,1.0,86309542,86309542,,18.737,,-5400000.0,74700000.0,0,,
53,SIG,ART,2002-12-31,2003-04-24,2003-02-01,2021-09-02,0,,,988500000,,,6.176,-48200000.0,89200000,89200000,1331600000.0,128900000.0,,0.316,0,,,0,0,0.0,0,0.016,0.433,216200000.0,216200000.0,0.134,216200000.0,216200000.0,199700000.0,150.0,150.0,150.0,529200000,,529200000,2168975490,10.0,10.032,134000000.0,1.564,1.0,276400000.0,0.172,19800000,16500000.0,,,,,0,0,167300000,,,2258175490,-8300000.0,0.0,4300000.0,-12100000.0,-30800000.0,-68500000.0,-48200000.0,0.0,182200000.0,0.0,128900000.0,128900000.0,128900000.0,0.0,0.0,0.08,60200000.0,216200000.0,0,0.003,4.267,17.519,0.176,,0.0,26.353,1.404,1.404,359800000,,1608000000.0,1608000000.0,0.0,,,,0.134,0.0,60200000.0,1.0,85688420,85688420,,18.766,,-500000.0,70800000.0,0,,
