None,ticker,dimension,calendardate,datekey,reportperiod,lastupdated,accoci,assets,assetsavg,assetsc,assetsnc,assetturnover,bvps,capex,cashneq,cashnequsd,cor,consolinc,currentratio,de,debt,debtc,debtnc,debtusd,deferredrev,depamor,deposits,divyield,dps,ebit,ebitda,ebitdamargin,ebitdausd,ebitusd,ebt,eps,epsdil,epsusd,equity,equityavg,equityusd,ev,evebit,evebitda,fcf,fcfps,fxusd,gp,grossmargin,intangibles,intexp,invcap,invcapavg,inventory,investments,investmentsc,investmentsnc,liabilities,liabilitiesc,liabilitiesnc,marketcap,ncf,ncfbus,ncfcommon,ncfdebt,ncfdiv,ncff,ncfi,ncfinv,ncfo,ncfx,netinc,netinccmn,netinccmnusd,netincdis,netincnci,netmargin,opex,opinc,payables,payoutratio,pb,pe,pe1,ppnenet,prefdivis,price,ps,ps1,receivables,retearn,revenue,revenueusd,rnd,roa,roe,roic,ros,sbcomp,sgna,sharefactor,sharesbas,shareswa,shareswadil,sps,tangibles,taxassets,taxexp,taxliabilities,tbvps,workingcapital
0,MBI,MRY,2020-12-31,2020-12-31,2020-12-31,2021-08-04,115000000.0,5751000000.0,6386750000.0,,,0.044,2.302,0.0,167000000.0,167000000.0,530000000.0,-578000000.0,,41.191,3831000000.0,,,3831000000.0,405000000.0,0.0,0.0,0.0,0.0,-350000000.0,-350000000.0,-1.241,-350000000.0,-350000000.0,-578000000.0,-9.78,-9.78,-9.78,136000000.0,299250000.0,136000000.0,4727848326.0,-14.0,-13.508,-390000000.0,-6.602,1.0,-248000000.0,-0.879,0.0,228000000.0,9415000000.0,10429000000.0,0.0,3537000000.0,,,5602000000.0,,,354848326.0,84000000.0,0.0,-200000000.0,-1029000000.0,0.0,-1265000000.0,1738000000.0,1738000000.0,-390000000.0,1000000.0,-578000000.0,-578000000.0,-578000000.0,0.0,0.0,-2.05,102000000.0,-350000000.0,0.0,0.0,2.609,-0.614,-0.673,0.0,0.0,6.58,1.258,1.378,216000000.0,-13000000.0,282000000.0,282000000.0,0.0,-0.09,-1.931,-0.034,-1.241,0.0,92000000.0,1.0,53928317.0,59071843,59071843.0,4.774,5751000000.0,0.0,0.0,0.0,97.356,
1,MBI,MRY,2019-12-31,2019-12-31,2019-12-31,2021-08-04,-2000000.0,7284000000.0,8078750000.0,,,0.035,10.196,0.0,83000000.0,83000000.0,242000000.0,-359000000.0,,7.803,4751000000.0,,,4751000000.0,482000000.0,0.0,0.0,0.0,0.0,-74000000.0,-74000000.0,-0.264,-74000000.0,-74000000.0,-357000000.0,-4.43,-4.43,-4.43,826000000.0,1022250000.0,826000000.0,5474478039.0,-74.0,-73.979,-368000000.0,-4.542,1.0,38000000.0,0.136,0.0,283000000.0,11952000000.0,13146750000.0,0.0,5057000000.0,,,6445000000.0,,,744478039.0,-197000000.0,70000000.0,-106000000.0,-972000000.0,0.0,-1096000000.0,1267000000.0,1197000000.0,-368000000.0,0.0,-359000000.0,-359000000.0,-359000000.0,0.0,0.0,-1.282,112000000.0,-74000000.0,0.0,0.0,0.901,-2.074,-2.099,0.0,0.0,9.3,2.659,2.691,249000000.0,607000000.0,280000000.0,280000000.0,0.0,-0.044,-0.351,-0.006,-0.264,0.0,101000000.0,1.0,80051402.0,81014285,81014285.0,3.456,7284000000.0,0.0,2000000.0,0.0,89.91,
2,MBI,MRY,2018-12-31,2018-12-31,2018-12-31,2021-08-04,-156000000.0,8107000000.0,8515000000.0,,,0.019,12.571,-1000000.0,280000000.0,280000000.0,63000000.0,-296000000.0,,6.233,5026000000.0,,,5026000000.0,587000000.0,0.0,0.0,0.0,0.0,-3000000.0,-3000000.0,-0.019,-3000000.0,-3000000.0,-296000000.0,-3.33,-3.33,-3.33,1119000000.0,1144500000.0,1119000000.0,5859955951.0,-1953.0,-1953.319,-320000000.0,-3.595,1.0,99000000.0,0.611,0.0,293000000.0,12853000000.0,13632500000.0,0.0,5709000000.0,,,6975000000.0,,,808955951.0,134000000.0,-7000000.0,-44000000.0,-683000000.0,0.0,-752000000.0,1206000000.0,1214000000.0,-319000000.0,-1000000.0,-296000000.0,-296000000.0,-296000000.0,0.0,0.0,-1.827,102000000.0,-3000000.0,0.0,0.0,0.723,-2.733,-2.679,0.0,0.0,8.92,4.994,4.901,296000000.0,966000000.0,162000000.0,162000000.0,0.0,-0.035,-0.259,0.0,-0.019,0.0,82000000.0,1.0,90690129.0,89013711,89013711.0,1.82,8107000000.0,0.0,0.0,0.0,91.076,
3,MBI,MRY,2017-12-31,2017-12-31,2017-12-31,2021-08-04,-19000000.0,9095000000.0,9855750000.0,,,0.044,11.881,-1000000.0,146000000.0,146000000.0,683000000.0,-1605000000.0,,5.428,5512000000.0,,,5512000000.0,752000000.0,0.0,0.0,0.0,0.0,-389000000.0,-389000000.0,-0.898,-389000000.0,-389000000.0,-661000000.0,-13.5,-13.5,-13.5,1413000000.0,2069750000.0,1413000000.0,6228814499.0,-16.0,-16.012,-653000000.0,-5.491,1.0,-250000000.0,-0.577,0.0,272000000.0,14461000000.0,15392250000.0,0.0,7813000000.0,,,7670000000.0,,,671814499.0,-41000000.0,18000000.0,-330000000.0,-197000000.0,0.0,-589000000.0,1202000000.0,1204000000.0,-652000000.0,-2000000.0,-1605000000.0,-1605000000.0,-1605000000.0,0.0,0.0,-3.707,139000000.0,-389000000.0,0.0,0.0,0.475,-0.419,-0.542,0.0,0.0,7.32,1.552,2.011,369000000.0,1095000000.0,433000000.0,433000000.0,0.0,-0.163,-0.775,-0.025,-0.898,0.0,116000000.0,1.0,91777937.0,118930282,118930282.0,3.641,9095000000.0,0.0,944000000.0,0.0,76.473,
4,MBI,MRY,2016-12-31,2016-12-31,2016-12-31,2021-08-04,-128000000.0,11137000000.0,11934750000.0,,,0.025,24.263,-1000000.0,187000000.0,187000000.0,220000000.0,-338000000.0,,2.447,5521000000.0,,,5521000000.0,958000000.0,0.0,0.0,0.0,0.0,-117000000.0,-117000000.0,-0.398,-117000000.0,-117000000.0,-339000000.0,-2.54,-2.54,-2.54,3227000000.0,3539500000.0,3227000000.0,6884437078.0,-59.0,-58.841,-150000000.0,-1.128,1.0,74000000.0,0.252,0.0,222000000.0,16471000000.0,17458500000.0,0.0,8248000000.0,,,7898000000.0,,,1452437078.0,-262000000.0,1000000.0,-110000000.0,-2354000000.0,0.0,-2535000000.0,2424000000.0,2383000000.0,-149000000.0,-2000000.0,-338000000.0,-338000000.0,-338000000.0,0.0,0.0,-1.15,191000000.0,-117000000.0,0.0,0.0,0.45,-4.297,-4.213,0.0,0.0,10.7,4.94,4.841,409000000.0,2700000000.0,294000000.0,294000000.0,0.0,-0.028,-0.095,-0.007,-0.398,0.0,151000000.0,1.0,135741783.0,133001088,133001088.0,2.211,11137000000.0,970000000.0,-1000000.0,0.0,83.736,
5,MBI,MRY,2015-12-31,2015-12-31,2015-12-31,2021-08-04,-61000000.0,14836000000.0,15328000000.0,,,0.056,22.747,-3000000.0,522000000.0,522000000.0,123000000.0,180000000.0,,2.975,8418000000.0,,,8418000000.0,1591000000.0,0.0,0.0,0.0,0.0,527000000.0,527000000.0,0.618,527000000.0,527000000.0,289000000.0,1.06,1.06,1.06,3729000000.0,3794750000.0,3729000000.0,9065151089.0,17.0,17.201,-57000000.0,-0.348,1.0,730000000.0,0.856,0.0,238000000.0,22732000000.0,23427000000.0,0.0,11659000000.0,,,11095000000.0,,,991151089.0,-260000000.0,7000000.0,-304000000.0,-619000000.0,0.0,-1015000000.0,817000000.0,797000000.0,-54000000.0,-8000000.0,180000000.0,180000000.0,180000000.0,0.0,0.0,0.211,203000000.0,527000000.0,0.0,0.0,0.266,5.506,6.113,0.0,0.0,6.48,1.162,1.245,792000000.0,3038000000.0,853000000.0,853000000.0,0.0,0.012,0.047,0.022,0.618,0.0,153000000.0,1.0,152955415.0,163936318,164869788.0,5.203,14836000000.0,951000000.0,109000000.0,0.0,90.499,
6,MBI,MRY,2014-12-31,2014-12-31,2014-12-31,2021-08-04,21000000.0,16284000000.0,16149000000.0,,,0.079,20.88,-13000000.0,782000000.0,782000000.0,133000000.0,569000000.0,,3.139,8362000000.0,,,8362000000.0,1986000000.0,0.0,0.0,0.0,0.0,890000000.0,890000000.0,0.701,890000000.0,890000000.0,641000000.0,2.94,2.76,2.94,3929000000.0,3800250000.0,3929000000.0,10144101908.0,11.0,11.398,-346000000.0,-1.839,1.0,1137000000.0,0.895,0.0,249000000.0,23864000000.0,24158000000.0,0.0,11818000000.0,,,12334000000.0,,,1843101908.0,-421000000.0,239000000.0,-32000000.0,-698000000.0,0.0,-892000000.0,812000000.0,441000000.0,-333000000.0,-8000000.0,569000000.0,569000000.0,569000000.0,0.0,0.0,0.448,247000000.0,890000000.0,0.0,0.0,0.469,3.239,3.245,0.0,0.0,9.54,1.451,1.414,875000000.0,2858000000.0,1270000000.0,1270000000.0,0.0,0.035,0.15,0.037,0.701,0.0,203000000.0,1.0,193197265.0,188171503,190898627.0,6.749,16284000000.0,1028000000.0,72000000.0,0.0,86.538,
7,MBI,MRY,2013-12-31,2013-12-31,2013-12-31,2021-08-04,-86000000.0,16953000000.0,18575000000.0,,,0.065,17.337,-3000000.0,1258000000.0,1258000000.0,117000000.0,250000000.0,,4.165,9115000000.0,,,9115000000.0,2441000000.0,0.0,0.0,0.0,0.0,697000000.0,697000000.0,0.577,697000000.0,697000000.0,416000000.0,1.3,1.29,1.3,3278000000.0,3190500000.0,3278000000.0,10568438278.0,15.0,15.163,1826000000.0,9.658,1.0,1092000000.0,0.903,0.0,281000000.0,24810000000.0,27312250000.0,0.0,12330000000.0,,,13654000000.0,,,2295438278.0,268000000.0,-26000000.0,0.0,-1312000000.0,0.0,-1566000000.0,-6000000.0,-99000000.0,1829000000.0,11000000.0,250000000.0,250000000.0,250000000.0,0.0,0.0,0.207,395000000.0,697000000.0,0.0,0.0,0.7,9.182,9.185,0.0,0.0,11.94,1.899,1.867,1051000000.0,2289000000.0,1209000000.0,1209000000.0,0.0,0.013,0.078,0.026,0.577,0.0,349000000.0,1.0,192247762.0,189071011,190312913.0,6.394,16953000000.0,1109000000.0,166000000.0,0.0,89.665,
8,MBI,MRY,2012-12-31,2012-12-31,2012-12-31,2021-08-04,56000000.0,21724000000.0,23069250000.0,,,0.106,16.803,-7000000.0,990000000.0,990000000.0,50000000.0,1234000000.0,,5.84,11398000000.0,,,11398000000.0,2938000000.0,0.0,0.0,0.0,0.0,1937000000.0,1937000000.0,0.795,1937000000.0,1937000000.0,1598000000.0,6.36,6.33,6.36,3173000000.0,2524750000.0,3173000000.0,12608794379.0,7.0,6.509,-1034000000.0,-5.476,1.0,2385000000.0,0.979,0.0,339000000.0,32132000000.0,34566250000.0,0.0,14018000000.0,,,18530000000.0,,,1520794379.0,357000000.0,-51000000.0,0.0,-2158000000.0,0.0,-2811000000.0,4195000000.0,4538000000.0,-1027000000.0,0.0,1234000000.0,1234000000.0,1234000000.0,0.0,0.0,0.507,448000000.0,1937000000.0,0.0,0.0,0.479,1.232,1.234,69000000.0,0.0,7.85,0.625,0.609,1228000000.0,2039000000.0,2435000000.0,2435000000.0,0.0,0.053,0.489,0.056,0.795,0.0,398000000.0,1.0,193731768.0,188834626,189897021.0,12.895,21724000000.0,1199000000.0,364000000.0,0.0,115.042,
9,MBI,MRY,2011-12-31,2011-12-31,2011-12-31,2021-08-04,-176000000.0,26873000000.0,30021015500.0,,,-0.052,8.831,-5000000.0,633000000.0,633000000.0,-80000000.0,-1319000000.0,,14.794,14418000000.0,,,14418000000.0,3515000000.0,0.0,0.0,0.0,0.0,-1877000000.0,-1877000000.0,1.206,-1877000000.0,-1877000000.0,-2239000000.0,-6.85,-6.85,-6.85,1700000000.0,1923022500.0,1700000000.0,15891815880.0,-8.0,-8.467,-2632000000.0,-13.672,1.0,-1477000000.0,0.949,0.0,362000000.0,40658000000.0,44675862250.0,0.0,19425000000.0,,,25150000000.0,,,2238815880.0,-497000000.0,-432000000.0,-50000000.0,-1381000000.0,0.0,-1877000000.0,4007000000.0,4444000000.0,-2627000000.0,0.0,-1319000000.0,-1319000000.0,-1319000000.0,0.0,0.0,0.847,400000000.0,-1877000000.0,0.0,0.0,1.317,-1.697,-1.692,69000000.0,0.0,11.59,-1.438,-1.433,1360000000.0,805000000.0,-1557000000.0,-1557000000.0,0.0,-0.044,-0.686,-0.042,1.206,0.0,337000000.0,1.0,193167893.0,192505045,192505045.0,-8.088,26873000000.0,1745000000.0,-920000000.0,0.0,139.596,
10,MBI,MRY,2010-12-31,2010-12-31,2010-12-31,2021-08-04,-406000000.0,32279000000.0,33387079750.0,,,0.027,13.991,-2000000.0,1130000000.0,1130000000.0,232000000.0,53000000.0,,10.393,17082000000.0,,,17082000000.0,4155000000.0,0.0,0.0,0.0,0.0,289000000.0,289000000.0,0.323,289000000.0,289000000.0,-95000000.0,0.26,0.26,0.26,2832000000.0,2336995250.0,2832000000.0,18337721782.0,63.0,63.452,-948000000.0,-4.683,1.0,662000000.0,0.74,31000000.0,384000000.0,48200000000.0,50016789000.0,0.0,25267000000.0,,,29433000000.0,,,2396294782.0,327000000.0,727000000.0,-31000000.0,-3491000000.0,-1000000.0,-3505000000.0,4778000000.0,3887000000.0,-946000000.0,0.0,53000000.0,53000000.0,53000000.0,0.0,0.0,0.059,373000000.0,289000000.0,73000000.0,0.0,0.846,45.213,46.115,71000000.0,0.0,11.99,2.68,2.715,1694000000.0,2124000000.0,894000000.0,894000000.0,0.0,0.002,0.023,0.006,0.323,0.0,314000000.0,1.0,199857780.0,202421433,203021134.0,4.417,32248000000.0,949000000.0,-148000000.0,0.0,159.311,
11,MBI,MRY,2009-12-31,2009-12-31,2009-12-31,2021-08-04,-940871000.0,25700772000.0,27189392500.0,,,0.109,12.443,-6000000.0,803243000.0,803243000.0,864000000.0,634000000.0,,8.916,11367368000.0,,,11367368000.0,4966317000.0,9000000.0,0.0,0.0,0.0,1692000000.0,1701000000.0,0.576,1701000000.0,1692000000.0,1217000000.0,2.99,2.99,2.99,2590098000.0,2425999000.0,2590098000.0,11885543123.0,7.0,6.987,-2198000000.0,-10.559,1.0,2090000000.0,0.708,31371000.0,475000000.0,36233526000.0,38557542000.0,0.0,17954933000.0,,,23093896000.0,,,827657123.0,-1477000000.0,0.0,-16000000.0,-4201000000.0,-10000000.0,-4261000000.0,4976000000.0,4982000000.0,-2192000000.0,0.0,634000000.0,623000000.0,623000000.0,0.0,0.0,0.211,398000000.0,1692000000.0,254934000.0,0.0,0.32,1.329,1.331,76834000.0,11000000.0,3.98,0.28,0.28,2396480000.0,2393282000.0,2954000000.0,2954000000.0,0.0,0.023,0.257,0.044,0.573,6000000.0,316000000.0,1.0,207954051.0,208156622,208156622.0,14.191,25669401000.0,1262498000.0,583000000.0,0.0,123.318,
12,MBI,MRY,2008-12-31,2008-12-31,2008-12-31,2021-08-04,-1775954000.0,29030449000.0,40427289000.0,,,-0.021,4.504,-10990000.0,2279783000.0,2279783000.0,1318001000.0,-2672693000.0,,28.166,15997065000.0,,,15997065000.0,3469391000.0,9640000.0,0.0,0.0,0.0,-2555606000.0,-2545966000.0,2.972,-2545966000.0,-2555606000.0,-3727389000.0,-12.11,-12.11,-12.11,994420000.0,2413171000.0,994420000.0,22509193867.0,-9.0,-8.841,-167024000.0,-0.756,1.0,-2174604000.0,2.539,76938000.0,1171783000.0,42670793000.0,64350525750.0,0.0,21550320000.0,,,28008431000.0,,,1112314867.0,2016051000.0,0.0,1407621000.0,-17804245000.0,-42640000.0,-15919134000.0,18091219000.0,18109663000.0,-156034000.0,0.0,-2672693000.0,-2672693000.0,-2672693000.0,0.0,0.0,3.12,381002000.0,-2555606000.0,8911000.0,0.0,1.119,-0.416,-0.336,105364000.0,0.0,4.07,-1.299,-1.049,301817000.0,1629187000.0,-856603000.0,-856603000.0,0.0,-0.066,-1.108,-0.04,2.983,-30618000.0,306197000.0,1.0,273296036.0,220786378,220786378.0,-3.88,28953511000.0,2615035000.0,-1054696000.0,0.0,131.138,
13,MBI,MRY,2007-12-31,2007-12-31,2007-12-31,2021-08-04,-490829000.0,47415074000.0,44281350000.0,,,-0.006,28.394,-8216000.0,263732000.0,263732000.0,900345000.0,-1921948000.0,,11.97,33547355000.0,,,33547355000.0,3122892000.0,10158000.0,0.0,0.073,1.36,-1478549000.0,-1468391000.0,5.389,-1468391000.0,-1478549000.0,-3065692000.0,-14.93,-14.93,-14.93,3655805000.0,6004605250.0,3655805000.0,34859781014.0,-24.0,-23.74,1013863000.0,7.875,1.0,-1172804000.0,4.305,79406000.0,1587143000.0,80619291000.0,75371326000.0,0.0,43788353000.0,,,43759269000.0,,,2336093014.0,-5545000.0,0.0,-699908000.0,6056892000.0,-172753000.0,5283176000.0,-6310800000.0,-5993133000.0,1022079000.0,0.0,-1921948000.0,-1921948000.0,-1921948000.0,0.0,0.0,7.054,305745000.0,-1478549000.0,41359000.0,-0.091,0.639,-1.215,-1.248,104036000.0,0.0,18.63,-8.574,-8.804,429870000.0,4301880000.0,-272459000.0,-272459000.0,0.0,-0.043,-0.32,-0.02,5.427,14947000.0,238872000.0,1.0,125394150.0,128752630,128752630.0,-2.116,47335668000.0,1316421000.0,-1143744000.0,0.0,367.648,
14,MBI,MRY,2006-12-31,2006-12-31,2006-12-31,2021-08-04,321293000.0,39763030000.0,37262596000.0,,,0.073,54.251,-10913000.0,269277000.0,269277000.0,80889000.0,819288000.0,,4.519,27057897000.0,,,27057897000.0,3144482000.0,8644000.0,0.0,0.017,1.24,2323248000.0,2331892000.0,0.862,2331892000.0,2323248000.0,1139368000.0,6.17,5.99,6.17,7204254000.0,6882602000.0,7204254000.0,34570427605.0,15.0,14.825,650179000.0,4.896,1.0,2624458000.0,0.97,79406000.0,1183880000.0,66472244000.0,61559587500.0,0.0,37598596000.0,,,32558776000.0,,,9849263605.0,47567000.0,0.0,-17132000.0,4104325000.0,-162851000.0,4189255000.0,-4802780000.0,-4775597000.0,661092000.0,0.0,819288000.0,819288000.0,819288000.0,-6105000.0,0.0,0.303,307315000.0,2317143000.0,319640000.0,0.201,1.367,12.022,11.841,105950000.0,0.0,73.06,3.641,3.586,440733000.0,6399333000.0,2705347000.0,2705347000.0,0.0,0.022,0.119,0.038,0.859,20379000.0,241303000.0,1.0,134810616.0,132794334,136694798.0,20.372,39683624000.0,0.0,320080000.0,483159000.0,298.835,
15,MBI,MRY,2005-12-31,2005-12-31,2005-12-31,2021-08-04,399381000.0,34561394000.0,34508178500.0,,,0.067,49.155,-7180000.0,221710000.0,221710000.0,84274000.0,710986000.0,,4.243,22399793000.0,,,22399793000.0,3205579000.0,11502000.0,0.0,0.019,1.12,1837412000.0,1848914000.0,0.805,1848914000.0,1837412000.0,1015171000.0,5.3,5.18,5.3,6591644000.0,6527482500.0,6591644000.0,30243957931.0,16.0,16.358,775667000.0,5.784,1.0,2211875000.0,0.963,79406000.0,822241000.0,56660071000.0,56320840500.0,0.0,32476722000.0,,,27969750000.0,,,8065143931.0,-129787000.0,0.0,-346466000.0,1783824000.0,-147247000.0,1275935000.0,-2188569000.0,-2160807000.0,782847000.0,0.0,710986000.0,710986000.0,710986000.0,2012000.0,0.0,0.31,372451000.0,1839424000.0,83369000.0,0.211,1.224,11.344,11.351,107763000.0,0.0,60.16,3.512,3.513,482401000.0,5747171000.0,2296149000.0,2296149000.0,0.0,0.021,0.109,0.033,0.8,19421000.0,305874000.0,1.0,134061568.0,134098392,137220731.0,17.123,34481988000.0,0.0,304185000.0,569536000.0,257.139,
16,MBI,MRY,2004-12-31,2004-12-31,2004-12-31,2021-08-04,618606000.0,33036295000.0,31136556750.0,,,0.066,46.234,-5724000.0,366236000.0,366236000.0,84753000.0,843046000.0,,4.037,20860157000.0,,,20860157000.0,3237961000.0,13182000.0,0.0,0.015,0.96,1662864000.0,1676046000.0,0.819,1676046000.0,1662864000.0,1174598000.0,5.94,5.82,5.94,6558797000.0,6485478500.0,6558797000.0,26952683643.0,16.0,16.081,871172000.0,6.141,1.0,1962237000.0,0.959,79406000.0,488266000.0,53450810000.0,49452328500.0,0.0,30906614000.0,,,26477498000.0,,,8905094643.0,134137000.0,0.0,-311640000.0,2002023000.0,-132072000.0,1567536000.0,-2310295000.0,-2325634000.0,876896000.0,0.0,843046000.0,843046000.0,843046000.0,-3740000.0,0.0,0.412,192824000.0,1769413000.0,94609000.0,0.162,1.358,10.563,10.653,114692000.0,0.0,63.28,4.35,4.385,502173000.0,5187484000.0,2046990000.0,2046990000.0,0.0,0.027,0.13,0.034,0.812,16701000.0,133902000.0,1.0,140725263.0,141861225,144799513.0,14.43,32956889000.0,0.0,331552000.0,599627000.0,232.318,
17,MBI,MRY,2003-12-31,2003-12-31,2003-12-31,2021-08-04,636212000.0,30300759000.0,25420559250.0,,,0.073,42.874,-10073000.0,227544000.0,227544000.0,77114000.0,825352000.0,,3.927,18875983000.0,,,18875983000.0,3101394000.0,11483000.0,0.0,0.014,0.8,1233871000.0,1245354000.0,0.669,1245354000.0,1233871000.0,1165503000.0,5.75,5.69,5.75,6150292000.0,5993424250.0,6150292000.0,27128407486.0,22.0,21.784,1011446000.0,7.051,1.0,1784426000.0,0.959,79406000.0,68368000.0,48869792000.0,39488102750.0,0.0,28507329000.0,,,24150467000.0,,,8536742486.0,159190000.0,1134000.0,-56598000.0,3141102000.0,-110999000.0,2969449000.0,-3831778000.0,-3822895000.0,1021519000.0,0.0,825352000.0,825352000.0,825352000.0,-2104000.0,0.0,0.443,333816000.0,1450610000.0,47059000.0,0.139,1.388,10.343,10.301,120691000.0,0.0,59.23,4.586,4.564,411147000.0,4481174000.0,1861540000.0,1861540000.0,0.0,0.032,0.138,0.031,0.663,26428000.0,133458000.0,1.0,144128693.0,143449007,144980396.0,12.977,30221353000.0,0.0,340151000.0,508751000.0,210.677,
18,MBI,MRY,2002-12-31,2002-12-31,2002-12-31,2021-08-04,541250000.0,18852101000.0,17570044500.0,,,0.082,37.463,-15195000.0,83218000.0,83218000.0,65049000.0,584850000.0,,2.432,8803193000.0,,,8803193000.0,2779884000.0,14047000.0,0.0,0.016,0.68,847357000.0,861404000.0,0.596,861404000.0,847357000.0,788904000.0,3.99,3.96,3.99,5493351000.0,5210339250.0,5493351000.0,9246172399.0,11.0,10.734,874107000.0,5.961,1.0,1380125000.0,0.955,90041000.0,58453000.0,27482035000.0,21484993750.0,0.0,17286785000.0,,,13358750000.0,,,6364576399.0,-46506000.0,0.0,-189849000.0,103899000.0,-97154000.0,989938000.0,-1918680000.0,-1903485000.0,889302000.0,0.0,584850000.0,584850000.0,584850000.0,-8029000.0,0.0,0.405,294579000.0,1085546000.0,58436000.0,0.17,1.159,10.882,10.992,128441000.0,0.0,43.86,4.404,4.45,613408000.0,3895112000.0,1445174000.0,1445174000.0,0.0,0.033,0.112,0.039,0.586,23853000.0,119024000.0,1.0,145111181.0,146634204,147574079.0,9.856,18762060000.0,0.0,204054000.0,489182000.0,127.951,
19,MBI,MRY,2001-12-31,2001-12-31,2001-12-31,2021-08-04,145321000.0,16199685000.0,15301320000.0,,,0.074,32.273,-5551000.0,115040000.0,115040000.0,56651000.0,570091000.0,,2.387,7463427000.0,,,7463427000.0,2592725000.0,16612000.0,0.0,0.011,0.6,834362000.0,850974000.0,0.754,850974000.0,834362000.0,777917000.0,3.85,3.82,3.85,4782638000.0,4601921000.0,4782638000.0,14833609654.0,18.0,17.431,716042000.0,4.832,1.0,1072235000.0,0.95,97772000.0,56445000.0,23450300000.0,21772702750.0,0.0,14608543000.0,,,11417047000.0,,,7959405654.0,21078000.0,0.0,15291000.0,280254000.0,-87112000.0,1476639000.0,-2177154000.0,-2172102000.0,721593000.0,0.0,570091000.0,570091000.0,570091000.0,0.0,0.0,0.505,244176000.0,828059000.0,130098000.0,0.156,1.664,13.962,13.93,129004000.0,0.0,53.63,7.051,7.04,664943000.0,3415517000.0,1128886000.0,1128886000.0,0.0,0.037,0.124,0.038,0.739,0.0,101372000.0,1.0,148413307.0,148190890,149282657.0,7.618,16101913000.0,0.0,207826000.0,295084000.0,108.657,
20,MBI,MRY,2000-12-31,2000-12-31,2000-12-31,2021-08-04,85707000.0,13894338000.0,13067331500.0,,,0.078,28.592,-16363000.0,93962000.0,93962000.0,51291000.0,528637000.0,,2.29,6218424000.0,,,6218424000.0,2430272000.0,11557000.0,0.0,0.011,0.547,768613000.0,780170000.0,0.761,780170000.0,768613000.0,714857000.0,3.58,3.56,3.58,4223413000.0,3875168250.0,4223413000.0,12785185246.0,17.0,16.388,623980000.0,4.224,1.0,973279000.0,0.95,104322000.0,53756000.0,19914478000.0,18596079250.0,0.0,12547554000.0,,,9670925000.0,,,7290594246.0,403000.0,0.0,-54272000.0,315284000.0,-80708000.0,450046000.0,-1089986000.0,-1081920000.0,640343000.0,0.0,528637000.0,528637000.0,528637000.0,0.0,0.0,0.516,248265000.0,725014000.0,7899000.0,0.153,1.726,13.791,13.804,133514000.0,0.0,49.42,7.116,7.125,456394000.0,2934608000.0,1024570000.0,1024570000.0,0.0,0.04,0.136,0.041,0.75,0.0,102560000.0,1.0,147523154.0,147714663,148668943.0,6.936,13790016000.0,0.0,186220000.0,252463000.0,93.356,
21,MBI,MRY,1999-12-31,1999-12-31,1999-12-31,2021-08-04,-224511000.0,12263899000.0,11912703000.0,,,0.079,23.517,-58650000.0,93559000.0,93559000.0,198454000.0,320530000.0,,2.491,5559537000.0,,,5559537000.0,2347294000.0,18351000.0,0.0,0.015,0.537,441818000.0,460169000.0,0.49,460169000.0,441818000.0,387883000.0,2.15,2.13,2.15,3513101000.0,3574504250.0,3513101000.0,10279660151.0,23.0,22.339,384601000.0,2.575,1.0,740807000.0,0.789,110023000.0,53935000.0,17619854000.0,16854960500.0,0.0,10954761000.0,,,8750798000.0,,,5258690151.0,72802000.0,0.0,-10082000.0,1071247000.0,-79764000.0,981401000.0,-1351850000.0,-1304346000.0,443251000.0,0.0,320530000.0,320530000.0,320530000.0,0.0,0.0,0.341,353216000.0,387591000.0,102666000.0,0.25,1.497,16.406,16.375,128733000.0,0.0,35.207,5.599,5.6,428132000.0,2486478000.0,939261000.0,939261000.0,0.0,0.027,0.09,0.026,0.47,0.0,101134000.0,1.0,149366318.0,149386305,150603508.0,6.287,12153876000.0,0.0,67353000.0,32805000.0,81.359,
22,MBI,MRY,1998-12-31,1998-12-31,1998-12-31,2021-08-04,288915000.0,11826455000.0,11405630750.0,,,0.077,25.542,-22909000.0,20757000.0,20757000.0,34683000.0,432728000.0,,2.119,4747405000.0,,,4747405000.0,2294175000.0,17225000.0,0.0,0.013,0.547,609658000.0,626883000.0,0.715,626883000.0,609658000.0,565038000.0,2.913,2.88,2.913,3792217000.0,3640606500.0,3792217000.0,11101154351.0,18.0,17.708,659136000.0,4.44,1.0,842223000.0,0.96,120681000.0,44620000.0,16432422000.0,15907977750.0,0.0,10618732000.0,,,8034238000.0,,,6514135351.0,-5539000.0,0.0,30708000.0,414736000.0,-85667000.0,359777000.0,-1047361000.0,-1016354000.0,682045000.0,0.0,432728000.0,432728000.0,432728000.0,0.0,0.0,0.493,241173000.0,601050000.0,95598000.0,0.188,1.718,15.054,15.004,81457000.0,0.0,43.707,7.429,7.4,402196000.0,2246221000.0,876906000.0,876906000.0,0.0,0.038,0.119,0.038,0.695,0.0,104943000.0,1.0,149042145.0,148467962,150244521.0,5.906,11705774000.0,0.0,132310000.0,343896000.0,78.844,
23,MBI,MRY,1997-12-31,1997-12-31,1997-12-31,2021-08-04,236095000.0,10384991000.0,9473503000.0,,,0.081,23.118,-17369000.0,26296000.0,26296000.0,31877000.0,405610000.0,,2.089,4266328000.0,,,4266328000.0,2138586000.0,14035000.0,0.0,0.012,0.513,563897000.0,577932000.0,0.758,577932000.0,563897000.0,525252000.0,2.787,2.747,2.787,3361512000.0,2920604500.0,3361512000.0,,,,531163000.0,3.653,1.0,730817000.0,0.958,121642000.0,38645000.0,14503381000.0,13416146000.0,0.0,9381259000.0,,,7023479000.0,,,6527610654.0,16030000.0,0.0,142147000.0,116181000.0,-76743000.0,181585000.0,-714087000.0,-682164000.0,548532000.0,0.0,405610000.0,405610000.0,405610000.0,0.0,0.0,0.532,208981000.0,521836000.0,44007000.0,0.184,1.942,16.093,15.981,66709000.0,0.0,44.54,8.559,8.491,302943000.0,1901608000.0,762694000.0,762694000.0,0.0,0.043,0.139,0.042,0.739,0.0,155329000.0,1.0,146556144.0,145405971,147516244.0,5.245,10263349000.0,0.0,119642000.0,298498000.0,70.584,
24,MBI,MRY,1996-12-31,1996-12-31,1996-12-31,2021-08-04,115382000.0,8562015000.0,,,,,17.518,-10150000.0,7356000.0,7356000.0,20149000.0,347736000.0,,2.453,3879390000.0,,,3879390000.0,1785875000.0,11329000.0,0.0,0.014,0.483,483080000.0,494409000.0,0.787,494409000.0,483080000.0,448415000.0,2.453,2.413,2.453,2479697000.0,,2479697000.0,,,,479359000.0,3.386,1.0,608272000.0,0.968,105138000.0,34665000.0,12328911000.0,,0.0,7850937000.0,,,6082318000.0,,,,-16738000.0,0.0,83098000.0,11100000.0,-69795000.0,638965000.0,-1145212000.0,-1132617000.0,489509000.0,0.0,347736000.0,347736000.0,347736000.0,0.0,0.0,0.553,162429000.0,445843000.0,52029000.0,0.197,,,13.759,50923000.0,0.0,33.75,,7.602,217826000.0,1518994000.0,628421000.0,628421000.0,0.0,,,,0.769,0.0,132827000.0,1.0,,141552057,144238599.0,4.44,8456877000.0,0.0,100679000.0,206492000.0,59.744,
25,MBI,MRY,1995-12-31,1995-12-31,1995-12-31,2021-08-04,,,,,,,,-4923000.0,,,10639000.0,271419000.0,,,,,,,,9167000.0,,0.017,0.437,373469000.0,382636000.0,0.828,382636000.0,373469000.0,345030000.0,2.167,2.14,2.167,,,,,,,346160000.0,2.763,1.0,451583000.0,0.977,,28439000.0,,,,,,,,,,,15318000.0,0.0,16338000.0,1174033000.0,-53179000.0,1137192000.0,-1472957000.0,-1468034000.0,351083000.0,0.0,271419000.0,271419000.0,271419000.0,0.0,0.0,0.587,78114000.0,373469000.0,,0.202,,,11.537,,0.0,25.0,,6.776,,,462222000.0,462222000.0,0.0,,,,0.808,0.0,63088000.0,1.0,,125287659,126720033.0,3.689,,,73611000.0,,,
0,MBI,MRQ,2021-06-30,2021-06-30,2021-06-30,2021-08-04,103000000.0,5252000000.0,,,,,-0.727,0.0,347000000.0,347000000.0,9000000.0,-61000000.0,,-146.528,3640000000.0,,,3640000000.0,372000000.0,0.0,0.0,0.0,0.0,-16000000.0,-16000000.0,-0.889,-16000000.0,-16000000.0,-61000000.0,-1.23,-1.23,-1.23,-36000000.0,,-36000000.0,4151840793.0,-40.0,-40.309,16000000.0,0.323,1.0,9000000.0,0.5,0.0,45000000.0,8545000000.0,,0.0,2989000000.0,,,5275000000.0,,,597840793.0,226000000.0,0.0,0.0,-96000000.0,0.0,-98000000.0,308000000.0,308000000.0,16000000.0,0.0,-61000000.0,-61000000.0,-61000000.0,0.0,0.0,-3.389,25000000.0,-16000000.0,0.0,0.0,-16.607,-1.954,-1.743,0.0,0.0,11.0,2.265,2.062,206000000.0,-180000000.0,18000000.0,18000000.0,0.0,,,,,0.0,22000000.0,1.0,54349163.0,49488368,49488368.0,0.364,5252000000.0,0.0,0.0,0.0,106.126,
1,MBI,MRQ,2021-03-31,2021-03-31,2021-03-31,2021-08-04,39000000.0,5375000000.0,,,,,-0.832,0.0,121000000.0,121000000.0,98000000.0,-106000000.0,,-131.78,3675000000.0,,,3675000000.0,386000000.0,0.0,0.0,0.0,0.0,-56000000.0,-56000000.0,-0.778,-56000000.0,-56000000.0,-106000000.0,-2.16,-2.16,-2.16,-41000000.0,,-41000000.0,4180847054.0,-31.0,-30.969,529000000.0,10.739,1.0,-26000000.0,-0.361,0.0,50000000.0,8929000000.0,,0.0,3252000000.0,,,5403000000.0,,,516847054.0,-46000000.0,0.0,-1000000.0,-156000000.0,0.0,-157000000.0,-418000000.0,-418000000.0,529000000.0,0.0,-106000000.0,-106000000.0,-106000000.0,0.0,0.0,-1.472,30000000.0,-56000000.0,0.0,0.0,-12.606,-1.472,-1.421,0.0,0.0,9.62,1.436,1.316,215000000.0,-119000000.0,72000000.0,72000000.0,0.0,,,,,0.0,28000000.0,1.0,53726305.0,49258110,49258110.0,1.462,5375000000.0,0.0,0.0,0.0,109.119,
2,MBI,MRQ,2020-12-31,2020-12-31,2020-12-31,2021-08-04,115000000.0,5751000000.0,,,,,2.302,0.0,167000000.0,167000000.0,103000000.0,-81000000.0,,41.191,3831000000.0,,,3831000000.0,405000000.0,0.0,0.0,0.0,0.0,-30000000.0,-30000000.0,-0.291,-30000000.0,-30000000.0,-81000000.0,-1.81,-1.81,-1.81,136000000.0,,136000000.0,4727848326.0,-14.0,-13.508,-2000000.0,-0.034,1.0,0.0,0.0,0.0,51000000.0,9415000000.0,,0.0,3537000000.0,,,5602000000.0,,,354848326.0,56000000.0,0.0,0.0,-696000000.0,0.0,-713000000.0,770000000.0,770000000.0,-2000000.0,1000000.0,-81000000.0,-81000000.0,-81000000.0,0.0,0.0,-0.786,30000000.0,-30000000.0,0.0,0.0,2.609,-0.614,-0.673,0.0,0.0,6.58,1.258,1.378,216000000.0,-13000000.0,103000000.0,103000000.0,0.0,,,,,0.0,27000000.0,1.0,53928317.0,59071843,59071843.0,1.744,5751000000.0,0.0,0.0,0.0,97.356,
3,MBI,MRQ,2020-09-30,2020-09-30,2020-09-30,2021-08-04,130000000.0,6551000000.0,,,,,4.374,0.0,111000000.0,111000000.0,48000000.0,-58000000.0,,27.426,4484000000.0,,,4484000000.0,429000000.0,0.0,0.0,0.0,0.0,-1000000.0,-1000000.0,-0.014,-1000000.0,-1000000.0,-58000000.0,-1.11,-1.11,-1.11,230000000.0,,230000000.0,4319975411.0,-9.0,-9.114,-299000000.0,-5.686,1.0,23000000.0,0.324,0.0,57000000.0,10924000000.0,,0.0,4229000000.0,,,6308000000.0,,,349975411.0,-343000000.0,0.0,-66000000.0,-6000000.0,0.0,-71000000.0,27000000.0,19000000.0,-299000000.0,0.0,-58000000.0,-58000000.0,-58000000.0,0.0,0.0,-0.817,24000000.0,-1000000.0,0.0,0.0,1.522,-0.492,-0.6,0.0,0.0,6.06,1.691,1.54,229000000.0,68000000.0,71000000.0,71000000.0,0.0,,,,,0.0,22000000.0,1.0,57751718.0,52588533,52588533.0,1.35,6551000000.0,0.0,0.0,0.0,124.571,
4,MBI,MRQ,2020-06-30,2020-06-30,2020-06-30,2021-08-04,129000000.0,6613000000.0,,,,,5.543,0.0,454000000.0,454000000.0,136000000.0,-106000000.0,,18.02,4424000000.0,,,4424000000.0,444000000.0,0.0,0.0,0.0,0.0,-48000000.0,-48000000.0,-0.421,-48000000.0,-48000000.0,-106000000.0,-1.69,-1.69,-1.69,347000000.0,,347000000.0,4652824710.0,-15.0,-14.724,-7000000.0,-0.112,1.0,-22000000.0,-0.193,0.0,58000000.0,10583000000.0,,0.0,4197000000.0,,,6253000000.0,,,490824710.0,237000000.0,0.0,-72000000.0,-4000000.0,0.0,-87000000.0,331000000.0,295000000.0,-7000000.0,0.0,-106000000.0,-106000000.0,-106000000.0,0.0,0.0,-0.93,26000000.0,-48000000.0,0.0,0.0,1.414,-0.861,-0.907,0.0,0.0,7.25,1.594,1.474,232000000.0,126000000.0,114000000.0,114000000.0,0.0,,,,,0.0,23000000.0,1.0,67699960.0,62605656,62605656.0,1.821,6613000000.0,0.0,0.0,0.0,105.629,
5,MBI,MRQ,2020-03-31,2020-03-31,2020-03-31,2021-08-04,91000000.0,6632000000.0,,,,,6.714,0.0,217000000.0,217000000.0,243000000.0,-333000000.0,,12.676,4379000000.0,,,4379000000.0,464000000.0,0.0,0.0,0.0,0.0,-271000000.0,-271000000.0,45.167,-271000000.0,-271000000.0,-333000000.0,-4.62,-4.62,-4.62,484000000.0,,484000000.0,5213917617.0,-13.0,-13.035,-82000000.0,-1.137,1.0,-249000000.0,41.5,0.0,62000000.0,10794000000.0,,0.0,4361000000.0,,,6135000000.0,,,545917617.0,134000000.0,0.0,-62000000.0,-323000000.0,0.0,-394000000.0,610000000.0,654000000.0,-82000000.0,0.0,-333000000.0,-333000000.0,-333000000.0,0.0,0.0,55.5,22000000.0,-271000000.0,0.0,0.0,1.128,-0.814,-0.816,0.0,0.0,7.14,2.437,2.298,240000000.0,232000000.0,-6000000.0,-6000000.0,0.0,,,,,0.0,20000000.0,1.0,76459050.0,72089016,72089016.0,-0.083,6632000000.0,0.0,0.0,0.0,91.997,
6,MBI,MRQ,2019-12-31,2019-12-31,2019-12-31,2021-08-04,-2000000.0,7284000000.0,,,,,10.924,0.0,83000000.0,83000000.0,153000000.0,-214000000.0,,7.803,4751000000.0,,,4751000000.0,482000000.0,0.0,0.0,0.0,0.0,-154000000.0,-154000000.0,-5.5,-154000000.0,-154000000.0,-220000000.0,-2.68,-2.68,-2.68,826000000.0,,826000000.0,5474478039.0,-74.0,-73.979,47000000.0,0.622,1.0,-125000000.0,-4.464,0.0,66000000.0,11952000000.0,,0.0,5057000000.0,,,6445000000.0,,,744478039.0,2000000.0,0.0,-10000000.0,-94000000.0,0.0,-108000000.0,63000000.0,63000000.0,47000000.0,0.0,-214000000.0,-214000000.0,-214000000.0,0.0,0.0,-7.643,29000000.0,-154000000.0,0.0,0.0,0.901,-2.074,-2.099,0.0,0.0,9.3,2.659,2.691,249000000.0,607000000.0,28000000.0,28000000.0,0.0,,,,,0.0,27000000.0,1.0,80051402.0,75616571,75616571.0,0.37,7284000000.0,0.0,-6000000.0,0.0,96.328,
7,MBI,MRQ,2019-09-30,2019-09-30,2019-09-30,2021-08-04,-43000000.0,7606000000.0,,,,,13.153,0.0,81000000.0,81000000.0,-13000000.0,83000000.0,,6.336,4811000000.0,,,4811000000.0,499000000.0,0.0,0.0,0.0,0.0,157000000.0,157000000.0,0.913,157000000.0,157000000.0,89000000.0,1.0,1.0,1.0,1035000000.0,,1035000000.0,5943302338.0,41.0,40.708,-358000000.0,-4.55,1.0,185000000.0,1.076,0.0,68000000.0,12336000000.0,,0.0,5097000000.0,,,6558000000.0,,,782302338.0,-397000000.0,0.0,-38000000.0,-521000000.0,0.0,-560000000.0,521000000.0,500000000.0,-358000000.0,0.0,83000000.0,83000000.0,83000000.0,0.0,0.0,0.483,28000000.0,157000000.0,0.0,0.0,0.756,-5.147,-5.185,0.0,0.0,9.23,3.492,3.242,273000000.0,850000000.0,172000000.0,172000000.0,0.0,,,,,0.0,25000000.0,1.0,84756483.0,78686542,78686542.0,2.186,7606000000.0,0.0,6000000.0,0.0,96.662,
8,MBI,MRQ,2019-06-30,2019-06-30,2019-06-30,2021-08-04,-4000000.0,8647000000.0,,,,,12.341,0.0,478000000.0,478000000.0,140000000.0,-207000000.0,,7.302,5639000000.0,,,5639000000.0,520000000.0,0.0,0.0,0.0,0.0,-132000000.0,-132000000.0,-4.4,-132000000.0,-132000000.0,-207000000.0,-2.45,-2.45,-2.45,1040000000.0,,1040000000.0,6552580017.0,364.0,364.032,13000000.0,0.154,1.0,-110000000.0,-3.667,0.0,75000000.0,13808000000.0,,0.0,5921000000.0,,,7594000000.0,,,839580017.0,315000000.0,-2000000.0,-48000000.0,-189000000.0,0.0,-253000000.0,555000000.0,569000000.0,13000000.0,0.0,-207000000.0,-207000000.0,-207000000.0,0.0,0.0,-6.9,22000000.0,-132000000.0,0.0,0.0,0.807,-2.999,-2.838,0.0,0.0,9.31,5.348,4.997,281000000.0,779000000.0,30000000.0,30000000.0,0.0,,,,,0.0,20000000.0,1.0,90180453.0,84275261,84275261.0,0.356,8647000000.0,0.0,0.0,0.0,102.604,
9,MBI,MRQ,2019-03-31,2019-03-31,2019-03-31,2021-08-04,-74000000.0,8778000000.0,,,,,13.886,0.0,163000000.0,163000000.0,-38000000.0,-21000000.0,,6.378,5876000000.0,,,5876000000.0,544000000.0,0.0,0.0,0.0,0.0,55000000.0,55000000.0,1.1,55000000.0,55000000.0,-19000000.0,-0.24,-0.24,-0.24,1188000000.0,,1188000000.0,5599207361.0,73.0,72.717,-70000000.0,-0.818,1.0,88000000.0,1.76,0.0,74000000.0,14491000000.0,,0.0,6477000000.0,,,7577000000.0,,,853207361.0,-117000000.0,72000000.0,-10000000.0,-168000000.0,0.0,-175000000.0,128000000.0,65000000.0,-70000000.0,0.0,-21000000.0,-21000000.0,-21000000.0,0.0,0.0,-0.42,33000000.0,55000000.0,0.0,0.0,0.718,-3.896,-3.854,0.0,0.0,9.52,6.138,5.86,293000000.0,949000000.0,50000000.0,50000000.0,0.0,,,,,0.0,29000000.0,1.0,89622622.0,85554236,85554236.0,0.584,8778000000.0,0.0,2000000.0,0.0,102.602,
10,MBI,MRQ,2018-12-31,2018-12-31,2018-12-31,2021-08-04,-156000000.0,8107000000.0,,,,,12.597,-1000000.0,280000000.0,280000000.0,-114000000.0,-7000000.0,,6.233,5026000000.0,,,5026000000.0,587000000.0,0.0,0.0,0.0,0.0,66000000.0,66000000.0,-2.357,66000000.0,66000000.0,-9000000.0,-0.09,-0.09,-0.09,1119000000.0,,1119000000.0,5859955951.0,-1953.0,-1953.319,3000000.0,0.034,1.0,86000000.0,-3.071,0.0,75000000.0,12853000000.0,,0.0,5709000000.0,,,6975000000.0,,,808955951.0,101000000.0,0.0,-29000000.0,-239000000.0,0.0,-272000000.0,370000000.0,371000000.0,4000000.0,-1000000.0,-7000000.0,-7000000.0,-7000000.0,0.0,0.0,0.25,20000000.0,66000000.0,0.0,0.0,0.723,-2.733,-2.679,0.0,0.0,8.92,4.994,4.901,296000000.0,966000000.0,-28000000.0,-28000000.0,0.0,,,,,0.0,17000000.0,1.0,90690129.0,88827168,88827168.0,-0.315,8107000000.0,0.0,-2000000.0,0.0,91.267,
11,MBI,MRQ,2018-09-30,2018-09-30,2018-09-30,2021-08-04,-206000000.0,8361000000.0,,,,,12.381,0.0,179000000.0,179000000.0,46000000.0,-45000000.0,,6.535,5230000000.0,,,5230000000.0,609000000.0,0.0,0.0,0.0,0.0,29000000.0,29000000.0,0.276,29000000.0,29000000.0,-45000000.0,-0.5,-0.5,-0.5,1108000000.0,,1108000000.0,6249469034.0,-108.0,-107.749,-197000000.0,-2.201,1.0,59000000.0,0.562,0.0,74000000.0,13412000000.0,,0.0,6102000000.0,,,7241000000.0,,,969469034.0,-18000000.0,0.0,0.0,-308000000.0,0.0,-306000000.0,485000000.0,485000000.0,-197000000.0,0.0,-45000000.0,-45000000.0,-45000000.0,0.0,0.0,-0.429,30000000.0,29000000.0,0.0,0.0,0.875,-2.974,-2.441,0.0,0.0,10.69,2.198,2.169,306000000.0,973000000.0,105000000.0,105000000.0,0.0,,,,,0.0,21000000.0,1.0,90689339.0,89490267,89490267.0,1.173,8361000000.0,0.0,0.0,0.0,93.429,
12,MBI,MRQ,2018-06-30,2018-06-30,2018-06-30,2021-08-04,-255000000.0,8699000000.0,,,,,12.375,0.0,197000000.0,197000000.0,59000000.0,-146000000.0,,6.876,5477000000.0,,,5477000000.0,678000000.0,0.0,0.0,0.0,0.0,-73000000.0,-73000000.0,-6.083,-73000000.0,-73000000.0,-146000000.0,-1.64,-1.64,-1.64,1103000000.0,,1103000000.0,6210950156.0,-21.0,-21.343,-25000000.0,-0.28,1.0,-47000000.0,-3.917,0.0,73000000.0,13979000000.0,,0.0,6512000000.0,,,7584000000.0,,,817950156.0,56000000.0,-7000000.0,0.0,-61000000.0,0.0,-79000000.0,160000000.0,167000000.0,-25000000.0,0.0,-146000000.0,-146000000.0,-146000000.0,0.0,0.0,-12.167,26000000.0,-73000000.0,0.0,0.0,0.742,-1.493,-1.494,0.0,0.0,9.04,2.217,2.184,349000000.0,1018000000.0,12000000.0,12000000.0,0.0,,,,,0.0,22000000.0,1.0,90481212.0,89131760,89131760.0,0.135,8699000000.0,0.0,0.0,0.0,97.597,
13,MBI,MRQ,2018-03-31,2018-03-31,2018-03-31,2021-08-04,-241000000.0,8893000000.0,,,,,14.161,0.0,141000000.0,141000000.0,72000000.0,-98000000.0,,6.116,5534000000.0,,,5534000000.0,712000000.0,0.0,0.0,0.0,0.0,-25000000.0,-25000000.0,-0.342,-25000000.0,-25000000.0,-96000000.0,-1.12,-1.12,-1.12,1248000000.0,,1248000000.0,6187949760.0,-17.0,-17.237,-101000000.0,-1.146,1.0,1000000.0,0.014,0.0,71000000.0,14286000000.0,,0.0,7601000000.0,,,7633000000.0,,,821949760.0,-5000000.0,0.0,-15000000.0,-75000000.0,0.0,-95000000.0,191000000.0,191000000.0,-101000000.0,0.0,-98000000.0,-98000000.0,-98000000.0,0.0,0.0,-1.342,26000000.0,-25000000.0,0.0,0.0,0.659,-0.504,-0.653,0.0,0.0,9.26,1.916,1.902,368000000.0,1164000000.0,73000000.0,73000000.0,0.0,,,,,0.0,22000000.0,1.0,88763473.0,88131373,88131373.0,0.828,8893000000.0,0.0,2000000.0,0.0,100.906,
14,MBI,MRQ,2017-12-31,2017-12-31,2017-12-31,2021-08-04,-19000000.0,9095000000.0,,,,,11.881,0.0,146000000.0,146000000.0,214000000.0,-37000000.0,,5.428,5512000000.0,,,5512000000.0,752000000.0,0.0,0.0,0.0,0.0,11000000.0,11000000.0,0.044,11000000.0,11000000.0,-58000000.0,-1.12,-1.12,-1.12,1413000000.0,,1413000000.0,6228814499.0,-16.0,-16.012,41000000.0,0.345,1.0,37000000.0,0.147,0.0,69000000.0,14461000000.0,,0.0,7813000000.0,,,7670000000.0,,,671814499.0,10000000.0,0.0,-232000000.0,-159000000.0,0.0,-405000000.0,376000000.0,376000000.0,41000000.0,-2000000.0,-37000000.0,-37000000.0,-37000000.0,0.0,0.0,-0.147,26000000.0,11000000.0,0.0,0.0,0.475,-0.419,-0.542,0.0,0.0,7.32,1.552,2.011,369000000.0,1095000000.0,251000000.0,251000000.0,0.0,,,,,0.0,26000000.0,1.0,91777937.0,118930282,118930282.0,2.11,9095000000.0,0.0,-21000000.0,0.0,76.473,
15,MBI,MRQ,2017-09-30,2017-09-30,2017-09-30,2021-08-04,15000000.0,9544000000.0,,,,,13.89,-1000000.0,136000000.0,136000000.0,205000000.0,-267000000.0,,4.581,5693000000.0,,,5693000000.0,808000000.0,0.0,0.0,0.0,0.0,-204000000.0,-204000000.0,-6.182,-204000000.0,-204000000.0,-273000000.0,-2.17,-2.17,-2.17,1708000000.0,,1708000000.0,6698602924.0,-11.0,-11.47,-235000000.0,-1.911,1.0,-172000000.0,-5.212,0.0,69000000.0,15101000000.0,,0.0,8143000000.0,,,7824000000.0,,,1094602924.0,-28000000.0,0.0,-19000000.0,-128000000.0,0.0,-163000000.0,369000000.0,370000000.0,-234000000.0,0.0,-267000000.0,-267000000.0,-267000000.0,0.0,0.0,-8.091,32000000.0,-204000000.0,0.0,0.0,0.641,-0.597,-0.6,0.0,0.0,8.7,8.899,8.698,382000000.0,1132000000.0,33000000.0,33000000.0,0.0,,,,,0.0,24000000.0,1.0,125816428.0,122967924,122967924.0,0.268,9544000000.0,0.0,-6000000.0,0.0,77.614,
16,MBI,MRQ,2017-06-30,2017-06-30,2017-06-30,2021-08-04,-39000000.0,9767000000.0,,,,,15.471,0.0,164000000.0,164000000.0,170000000.0,-1229000000.0,,4.018,5768000000.0,,,5768000000.0,861000000.0,0.0,0.0,0.0,0.0,-141000000.0,-141000000.0,-1.958,-141000000.0,-141000000.0,-210000000.0,-9.78,-9.78,-9.78,1944000000.0,,1944000000.0,6839509623.0,-25.0,-25.145,27000000.0,0.215,1.0,-98000000.0,-1.361,0.0,69000000.0,15371000000.0,,0.0,8500000000.0,,,7811000000.0,,,1220509623.0,12000000.0,0.0,-48000000.0,-90000000.0,0.0,-160000000.0,146000000.0,137000000.0,27000000.0,-1000000.0,-1229000000.0,-1229000000.0,-1229000000.0,0.0,0.0,-17.069,43000000.0,-141000000.0,0.0,0.0,0.628,-0.795,-0.78,0.0,0.0,9.43,4.166,4.044,384000000.0,1399000000.0,72000000.0,72000000.0,0.0,,,,,0.0,35000000.0,1.0,129428380.0,125653189,125653189.0,0.573,9767000000.0,0.0,1019000000.0,0.0,77.73,
17,MBI,MRQ,2017-03-31,2017-03-31,2017-03-31,2021-08-04,-31000000.0,11017000000.0,,,,,24.459,0.0,152000000.0,152000000.0,94000000.0,-72000000.0,,2.424,5771000000.0,,,5771000000.0,913000000.0,0.0,0.0,0.0,0.0,-55000000.0,-55000000.0,-0.714,-55000000.0,-55000000.0,-120000000.0,-0.55,-0.55,-0.55,3214000000.0,,3214000000.0,6472352288.0,-49.0,-48.664,-486000000.0,-3.699,1.0,-17000000.0,-0.221,0.0,65000000.0,16636000000.0,,0.0,8653000000.0,,,7791000000.0,,,1138352288.0,-35000000.0,18000000.0,-31000000.0,180000000.0,0.0,139000000.0,311000000.0,321000000.0,-486000000.0,1000000.0,-72000000.0,-72000000.0,-72000000.0,0.0,0.0,-0.935,38000000.0,-55000000.0,0.0,0.0,0.354,-3.418,-3.375,0.0,0.0,8.47,3.358,3.283,408000000.0,2628000000.0,77000000.0,77000000.0,0.0,,,,,0.0,31000000.0,1.0,134398145.0,131402465,131402465.0,0.586,11017000000.0,1019000000.0,-48000000.0,0.0,83.842,
18,MBI,MRQ,2016-12-31,2016-12-31,2016-12-31,2021-08-04,-128000000.0,11137000000.0,,,,,24.466,0.0,187000000.0,187000000.0,71000000.0,-265000000.0,,2.447,5521000000.0,,,5521000000.0,958000000.0,0.0,0.0,0.0,0.0,-184000000.0,-184000000.0,3.119,-184000000.0,-184000000.0,-238000000.0,-1.99,-1.99,-1.99,3227000000.0,,3227000000.0,6884437078.0,-59.0,-58.841,-21000000.0,-0.159,1.0,-130000000.0,2.203,0.0,54000000.0,16471000000.0,,0.0,8248000000.0,,,7898000000.0,,,1452437078.0,44000000.0,0.0,-1000000.0,-96000000.0,0.0,-122000000.0,188000000.0,149000000.0,-21000000.0,-1000000.0,-265000000.0,-265000000.0,-265000000.0,0.0,0.0,4.492,54000000.0,-184000000.0,0.0,0.0,0.45,-4.297,-4.213,0.0,0.0,10.7,4.94,4.841,409000000.0,2700000000.0,-59000000.0,-59000000.0,0.0,,,,,0.0,44000000.0,1.0,135741783.0,131898096,131898096.0,-0.447,11137000000.0,970000000.0,27000000.0,0.0,84.436,
19,MBI,MRQ,2016-09-30,2016-09-30,2016-09-30,2021-08-04,35000000.0,11787000000.0,,,,,27.789,-1000000.0,216000000.0,216000000.0,50000000.0,31000000.0,,2.219,5648000000.0,,,5648000000.0,1344000000.0,0.0,0.0,0.0,0.0,108000000.0,108000000.0,0.532,108000000.0,108000000.0,55000000.0,0.23,0.23,0.23,3658000000.0,,3658000000.0,6204719779.0,23.0,23.326,-194000000.0,-1.474,1.0,153000000.0,0.754,0.0,53000000.0,17219000000.0,,0.0,9066000000.0,,,8117000000.0,,,1056719779.0,-389000000.0,0.0,0.0,-172000000.0,0.0,-180000000.0,-18000000.0,-44000000.0,-193000000.0,2000000.0,31000000.0,31000000.0,31000000.0,0.0,0.0,0.153,45000000.0,108000000.0,0.0,0.0,0.289,132.09,-155.8,0.0,0.0,7.79,1.626,1.578,707000000.0,2965000000.0,203000000.0,203000000.0,0.0,,,,,0.0,35000000.0,1.0,135650806.0,131633411,132042067.0,1.542,11787000000.0,963000000.0,24000000.0,0.0,89.544,
20,MBI,MRQ,2016-06-30,2016-06-30,2016-06-30,2021-08-04,58000000.0,12064000000.0,,,,,27.48,0.0,605000000.0,605000000.0,77000000.0,-27000000.0,,2.306,5753000000.0,,,5753000000.0,1418000000.0,0.0,0.0,0.0,0.0,-2000000.0,-2000000.0,-0.017,-2000000.0,-2000000.0,-55000000.0,-0.2,-0.2,-0.2,3646000000.0,,3646000000.0,7118628547.0,44.0,43.942,25000000.0,0.188,1.0,41000000.0,0.347,0.0,53000000.0,17212000000.0,,0.0,9018000000.0,,,8406000000.0,,,937628547.0,273000000.0,-8000000.0,-11000000.0,-147000000.0,0.0,-186000000.0,440000000.0,456000000.0,25000000.0,-6000000.0,-27000000.0,-27000000.0,-27000000.0,0.0,0.0,-0.229,43000000.0,-2000000.0,0.0,0.0,0.257,-16.166,-13.392,0.0,0.0,6.83,1.74,1.681,716000000.0,2933000000.0,118000000.0,118000000.0,0.0,,,,,0.0,33000000.0,1.0,137280900.0,132677066,132677066.0,0.889,12064000000.0,966000000.0,-28000000.0,0.0,90.928,
21,MBI,MRQ,2016-03-31,2016-03-31,2016-03-31,2021-08-04,5000000.0,12751000000.0,,,,,26.705,0.0,332000000.0,332000000.0,22000000.0,-78000000.0,,2.512,6513000000.0,,,6513000000.0,1510000000.0,0.0,0.0,0.0,0.0,-39000000.0,-39000000.0,-1.219,-39000000.0,-39000000.0,-101000000.0,-0.58,-0.58,-0.58,3627000000.0,,3627000000.0,9123917531.0,29.0,28.965,40000000.0,0.295,1.0,10000000.0,0.312,0.0,62000000.0,18932000000.0,,0.0,10011000000.0,,,9112000000.0,,,1208917531.0,-190000000.0,9000000.0,-98000000.0,-1939000000.0,0.0,-2047000000.0,1814000000.0,1822000000.0,40000000.0,3000000.0,-78000000.0,-78000000.0,-78000000.0,0.0,0.0,-2.438,49000000.0,-39000000.0,0.0,0.0,0.333,36.634,177.0,0.0,0.0,8.85,1.815,1.805,747000000.0,2960000000.0,32000000.0,32000000.0,0.0,,,,,0.0,39000000.0,1.0,136600851.0,135814835,135814835.0,0.236,12751000000.0,939000000.0,-23000000.0,0.0,93.885,
22,MBI,MRQ,2015-12-31,2015-12-31,2015-12-31,2021-08-04,-61000000.0,14836000000.0,,,,,25.382,0.0,522000000.0,522000000.0,44000000.0,82000000.0,,2.975,8418000000.0,,,8418000000.0,1591000000.0,0.0,0.0,0.0,0.0,199000000.0,199000000.0,0.67,199000000.0,199000000.0,139000000.0,0.5,0.51,0.5,3729000000.0,,3729000000.0,9065151089.0,17.0,17.201,-96000000.0,-0.653,1.0,253000000.0,0.852,0.0,60000000.0,22732000000.0,,0.0,11659000000.0,,,11095000000.0,,,991151089.0,30000000.0,0.0,-4000000.0,-100000000.0,0.0,-129000000.0,274000000.0,241000000.0,-96000000.0,-19000000.0,82000000.0,82000000.0,82000000.0,0.0,0.0,0.276,54000000.0,199000000.0,0.0,0.0,0.266,5.506,6.113,0.0,0.0,6.48,1.162,1.245,792000000.0,3038000000.0,297000000.0,297000000.0,0.0,,,,,0.0,41000000.0,1.0,152955415.0,146914162,147779994.0,2.022,14836000000.0,951000000.0,57000000.0,0.0,100.984,
23,MBI,MRQ,2015-09-30,2015-09-30,2015-09-30,2021-08-04,-10000000.0,15051000000.0,,,,,23.847,-1000000.0,492000000.0,492000000.0,39000000.0,-35000000.0,,3.062,8566000000.0,,,8566000000.0,1699000000.0,0.0,0.0,0.0,0.0,4000000.0,4000000.0,0.043,4000000.0,4000000.0,-55000000.0,-0.23,-0.23,-0.23,3702000000.0,,3702000000.0,9210051631.0,22.0,21.773,7000000.0,0.045,1.0,53000000.0,0.576,0.0,59000000.0,23125000000.0,,0.0,11957000000.0,,,11337000000.0,,,1026051631.0,-75000000.0,0.0,-123000000.0,-203000000.0,0.0,-355000000.0,257000000.0,268000000.0,8000000.0,15000000.0,-35000000.0,-35000000.0,-35000000.0,0.0,0.0,-0.38,49000000.0,4000000.0,0.0,0.0,0.277,8.695,9.967,0.0,0.0,6.08,1.331,1.224,789000000.0,2956000000.0,92000000.0,92000000.0,0.0,,,,,0.0,38000000.0,1.0,168758492.0,155239723,155239723.0,0.593,15051000000.0,996000000.0,-20000000.0,0.0,96.953,
24,MBI,MRQ,2015-06-30,2015-06-30,2015-06-30,2021-08-04,-36000000.0,15510000000.0,,,,,22.243,-1000000.0,567000000.0,567000000.0,46000000.0,64000000.0,,3.048,8751000000.0,,,8751000000.0,1800000000.0,0.0,0.0,0.0,0.0,151000000.0,151000000.0,0.616,151000000.0,151000000.0,92000000.0,0.36,0.36,0.36,3829000000.0,,3829000000.0,9333830227.0,15.0,14.839,42000000.0,0.244,1.0,199000000.0,0.812,0.0,59000000.0,23694000000.0,,0.0,12221000000.0,,,11669000000.0,,,1091830227.0,-60000000.0,0.0,-102000000.0,-145000000.0,0.0,-275000000.0,166000000.0,88000000.0,43000000.0,6000000.0,64000000.0,64000000.0,64000000.0,0.0,0.0,0.261,48000000.0,151000000.0,0.0,0.0,0.285,3.349,3.454,0.0,0.0,6.01,1.126,1.067,828000000.0,2991000000.0,245000000.0,245000000.0,0.0,,,,,0.0,35000000.0,1.0,181668923.0,172146651,173154319.0,1.423,15510000000.0,992000000.0,28000000.0,0.0,90.098,
25,MBI,MRQ,2015-03-31,2015-03-31,2015-03-31,2021-08-04,22000000.0,15915000000.0,,,,,21.564,-1000000.0,627000000.0,627000000.0,-6000000.0,69000000.0,,3.056,8869000000.0,,,8869000000.0,1874000000.0,0.0,0.0,0.0,0.0,173000000.0,173000000.0,0.79,173000000.0,173000000.0,113000000.0,0.37,0.37,0.37,3919000000.0,,3919000000.0,9306669341.0,16.0,15.641,-10000000.0,-0.055,1.0,225000000.0,1.027,0.0,60000000.0,24157000000.0,,0.0,12486000000.0,,,11975000000.0,,,1726669341.0,-155000000.0,7000000.0,-75000000.0,-171000000.0,0.0,-256000000.0,120000000.0,200000000.0,-9000000.0,-10000000.0,69000000.0,69000000.0,69000000.0,0.0,0.0,0.315,52000000.0,173000000.0,0.0,0.0,0.441,4.52,4.673,0.0,0.0,9.3,1.893,1.853,848000000.0,2927000000.0,219000000.0,219000000.0,0.0,,,,,0.0,39000000.0,1.0,185663370.0,181735876,182736415.0,1.205,15915000000.0,969000000.0,44000000.0,0.0,87.572,
26,MBI,MRQ,2014-12-31,2014-12-31,2014-12-31,2021-08-04,21000000.0,16284000000.0,,,,,20.966,-4000000.0,782000000.0,782000000.0,51000000.0,20000000.0,,3.139,8362000000.0,,,8362000000.0,1986000000.0,0.0,0.0,0.0,0.0,95000000.0,95000000.0,0.442,95000000.0,95000000.0,34000000.0,0.11,0.14,0.11,3929000000.0,,3929000000.0,10144101908.0,11.0,11.398,13000000.0,0.069,1.0,164000000.0,0.763,0.0,61000000.0,23864000000.0,,0.0,11818000000.0,,,12334000000.0,,,1843101908.0,231000000.0,19000000.0,-9000000.0,-16000000.0,0.0,-138000000.0,355000000.0,294000000.0,17000000.0,-3000000.0,20000000.0,20000000.0,20000000.0,0.0,0.0,0.093,69000000.0,95000000.0,0.0,0.0,0.469,3.239,3.245,0.0,0.0,9.54,1.451,1.414,875000000.0,2858000000.0,215000000.0,215000000.0,0.0,,,,,0.0,56000000.0,1.0,193197265.0,187399402,188744339.0,1.147,16284000000.0,1028000000.0,14000000.0,0.0,86.895,
27,MBI,MRQ,2014-09-30,2014-09-30,2014-09-30,2021-08-04,-14000000.0,16201000000.0,,,,,20.742,-6000000.0,606000000.0,606000000.0,20000000.0,173000000.0,,3.169,8907000000.0,,,8907000000.0,2125000000.0,0.0,0.0,0.0,0.0,210000000.0,210000000.0,0.722,210000000.0,210000000.0,148000000.0,0.9,0.8,0.9,3881000000.0,,3881000000.0,9811530302.0,8.0,8.48,40000000.0,0.214,1.0,271000000.0,0.931,0.0,62000000.0,24502000000.0,,0.0,12548000000.0,,,12299000000.0,,,1773530302.0,6000000.0,221000000.0,-23000000.0,-139000000.0,0.0,-165000000.0,133000000.0,-100000000.0,46000000.0,-8000000.0,173000000.0,173000000.0,173000000.0,0.0,0.0,0.595,61000000.0,210000000.0,39000000.0,0.0,0.457,2.604,2.601,0.0,0.0,9.18,1.172,1.135,936000000.0,2838000000.0,291000000.0,291000000.0,0.0,,,,,0.0,48000000.0,1.0,193195022.0,187104785,188424318.0,1.555,16201000000.0,1047000000.0,-25000000.0,0.0,86.588,
28,MBI,MRQ,2014-06-30,2014-06-30,2014-06-30,2021-08-04,56000000.0,16024000000.0,,,,,20.019,-2000000.0,600000000.0,600000000.0,12000000.0,120000000.0,,3.226,8638000000.0,,,8638000000.0,2251000000.0,0.0,0.0,0.0,0.0,117000000.0,117000000.0,0.626,117000000.0,117000000.0,55000000.0,0.61,0.45,0.61,3787000000.0,,3787000000.0,10272115993.0,9.0,8.654,26000000.0,0.137,1.0,175000000.0,0.936,0.0,62000000.0,24062000000.0,,0.0,12324000000.0,,,12216000000.0,,,2155115993.0,-133000000.0,0.0,0.0,-245000000.0,0.0,-277000000.0,114000000.0,81000000.0,28000000.0,2000000.0,120000000.0,120000000.0,120000000.0,0.0,0.0,0.642,58000000.0,117000000.0,0.0,0.0,0.569,3.367,3.335,0.0,0.0,11.04,1.312,1.272,975000000.0,2665000000.0,187000000.0,187000000.0,0.0,,,,,0.0,50000000.0,1.0,195209782.0,189169042,192906871.0,0.989,16024000000.0,986000000.0,-65000000.0,0.0,84.707,
29,MBI,MRQ,2014-03-31,2014-03-31,2014-03-31,2021-08-04,-13000000.0,16087000000.0,,,,,19.065,-1000000.0,733000000.0,733000000.0,50000000.0,256000000.0,,3.458,8850000000.0,,,8850000000.0,2337000000.0,0.0,0.0,0.0,0.0,468000000.0,468000000.0,0.811,468000000.0,468000000.0,404000000.0,1.33,1.32,1.33,3604000000.0,,3604000000.0,10546712853.0,12.0,12.012,-425000000.0,-2.248,1.0,527000000.0,0.913,0.0,64000000.0,24204000000.0,,0.0,12278000000.0,,,12462000000.0,,,2689712853.0,-525000000.0,-1000000.0,0.0,-298000000.0,0.0,-312000000.0,210000000.0,166000000.0,-424000000.0,1000000.0,256000000.0,256000000.0,256000000.0,0.0,0.0,0.444,59000000.0,468000000.0,0.0,0.0,0.746,7.865,7.949,0.0,0.0,13.99,1.716,1.688,1009000000.0,2545000000.0,577000000.0,577000000.0,0.0,,,,,0.0,49000000.0,1.0,192259675.0,189033982,190263748.0,3.052,16087000000.0,917000000.0,148000000.0,0.0,85.101,
30,MBI,MRQ,2013-12-31,2013-12-31,2013-12-31,2021-08-04,-86000000.0,16953000000.0,,,,,17.344,-1000000.0,1258000000.0,1258000000.0,25000000.0,132000000.0,,4.165,9115000000.0,,,9115000000.0,2441000000.0,0.0,0.0,0.0,0.0,362000000.0,362000000.0,0.79,362000000.0,362000000.0,294000000.0,0.69,0.72,0.69,3278000000.0,,3278000000.0,10568438278.0,15.0,15.163,795000000.0,4.206,1.0,433000000.0,0.945,0.0,68000000.0,24810000000.0,,0.0,12330000000.0,,,13654000000.0,,,2295438278.0,155000000.0,0.0,0.0,-281000000.0,0.0,-342000000.0,-303000000.0,-359000000.0,796000000.0,4000000.0,132000000.0,132000000.0,132000000.0,0.0,0.0,0.288,71000000.0,362000000.0,0.0,0.0,0.7,9.182,9.185,0.0,0.0,11.94,1.899,1.867,1051000000.0,2289000000.0,458000000.0,458000000.0,0.0,,,,,0.0,61000000.0,1.0,192247762.0,189000010,182158085.0,2.423,16953000000.0,1109000000.0,162000000.0,0.0,89.698,
31,MBI,MRQ,2013-09-30,2013-09-30,2013-09-30,2021-08-04,-50000000.0,17633000000.0,,,,,16.831,-1000000.0,1103000000.0,1103000000.0,98000000.0,132000000.0,,4.538,9376000000.0,,,9376000000.0,2544000000.0,0.0,0.0,0.0,0.0,240000000.0,240000000.0,0.571,240000000.0,240000000.0,171000000.0,0.68,0.52,0.68,3180000000.0,,3180000000.0,10535102619.0,8.0,8.388,-139000000.0,-0.736,1.0,322000000.0,0.767,0.0,69000000.0,25906000000.0,,0.0,12906000000.0,,,14432000000.0,,,1974102619.0,97000000.0,0.0,0.0,-304000000.0,0.0,-322000000.0,550000000.0,549000000.0,-138000000.0,7000000.0,132000000.0,132000000.0,132000000.0,0.0,0.0,0.314,82000000.0,240000000.0,0.0,0.0,0.621,2.618,2.657,37000000.0,0.0,10.23,1.331,1.303,1085000000.0,2157000000.0,420000000.0,420000000.0,0.0,,,,,0.0,73000000.0,1.0,192971908.0,188931800,192581064.0,2.223,17633000000.0,1243000000.0,39000000.0,0.0,93.33,
32,MBI,MRQ,2013-06-30,2013-06-30,2013-06-30,2021-08-04,-86000000.0,18122000000.0,,,,,15.944,-1000000.0,1006000000.0,1006000000.0,188000000.0,-178000000.0,,5.002,9567000000.0,,,9567000000.0,2640000000.0,0.0,0.0,0.0,0.0,-192000000.0,-192000000.0,-1.714,-192000000.0,-192000000.0,-264000000.0,-0.94,-0.94,-0.94,3016000000.0,,3016000000.0,12826361954.0,12.0,12.321,1248000000.0,6.597,1.0,-76000000.0,-0.679,0.0,72000000.0,26683000000.0,,0.0,13233000000.0,,,15085000000.0,,,2568361954.0,72000000.0,-26000000.0,0.0,-457000000.0,0.0,-601000000.0,-576000000.0,-589000000.0,1249000000.0,0.0,-178000000.0,-178000000.0,-178000000.0,0.0,0.0,-1.589,116000000.0,-192000000.0,0.0,0.0,0.852,4.083,4.146,67000000.0,0.0,13.31,1.911,1.873,1106000000.0,2025000000.0,112000000.0,112000000.0,0.0,,,,,0.0,105000000.0,1.0,192964835.0,189163527,189163527.0,0.592,18122000000.0,1287000000.0,-86000000.0,0.0,95.801,
33,MBI,MRQ,2013-03-31,2013-03-31,2013-03-31,2021-08-04,9000000.0,21592000000.0,,,,,17.387,0.0,934000000.0,934000000.0,-194000000.0,164000000.0,,5.561,11192000000.0,,,11192000000.0,2774000000.0,0.0,0.0,0.0,0.0,287000000.0,287000000.0,1.311,287000000.0,287000000.0,215000000.0,0.84,0.84,0.84,3288000000.0,,3288000000.0,12317578003.0,6.0,5.827,-78000000.0,-0.412,1.0,413000000.0,1.886,0.0,72000000.0,31850000000.0,,0.0,13876000000.0,,,18283000000.0,,,1979578003.0,-56000000.0,0.0,0.0,-270000000.0,0.0,-301000000.0,323000000.0,300000000.0,-78000000.0,0.0,164000000.0,164000000.0,164000000.0,0.0,0.0,0.749,126000000.0,287000000.0,0.0,0.0,0.602,1.426,1.438,68000000.0,0.0,10.27,0.872,0.855,1161000000.0,2203000000.0,219000000.0,219000000.0,0.0,,,,,0.0,110000000.0,1.0,192753457.0,189111170,190219197.0,1.158,21592000000.0,1146000000.0,51000000.0,0.0,114.176,
34,MBI,MRQ,2012-12-31,2012-12-31,2012-12-31,2021-08-04,56000000.0,21724000000.0,,,,,18.23,-2000000.0,990000000.0,990000000.0,-280000000.0,636000000.0,,5.84,11398000000.0,,,11398000000.0,2938000000.0,0.0,0.0,0.0,0.0,921000000.0,921000000.0,1.258,921000000.0,921000000.0,839000000.0,3.27,3.26,3.27,3173000000.0,,3173000000.0,12608794379.0,7.0,6.509,-74000000.0,-0.425,1.0,1012000000.0,1.383,0.0,82000000.0,32132000000.0,,0.0,14018000000.0,,,18530000000.0,,,1520794379.0,549000000.0,0.0,0.0,-392000000.0,0.0,-468000000.0,1089000000.0,1078000000.0,-72000000.0,0.0,636000000.0,636000000.0,636000000.0,0.0,0.0,0.869,91000000.0,921000000.0,0.0,0.0,0.479,1.232,1.234,69000000.0,0.0,7.85,0.625,0.609,1228000000.0,2039000000.0,732000000.0,732000000.0,0.0,,,,,0.0,77000000.0,1.0,193731768.0,174056542,175081473.0,4.206,21724000000.0,1199000000.0,203000000.0,0.0,124.81,
35,MBI,MRQ,2012-09-30,2012-09-30,2012-09-30,2021-08-04,90000000.0,22132000000.0,,,,,13.23,-1000000.0,441000000.0,441000000.0,171000000.0,7000000.0,,7.62,11529000000.0,,,11529000000.0,3091000000.0,0.0,0.0,0.0,0.0,25000000.0,25000000.0,0.089,25000000.0,25000000.0,-57000000.0,0.04,0.04,0.04,2565000000.0,,2565000000.0,13349722580.0,405.0,404.537,-166000000.0,-0.856,1.0,110000000.0,0.391,0.0,82000000.0,33220000000.0,,0.0,14847000000.0,,,19545000000.0,,,1962722580.0,27000000.0,0.0,0.0,142000000.0,0.0,-469000000.0,661000000.0,633000000.0,-165000000.0,0.0,7000000.0,7000000.0,7000000.0,0.0,0.0,0.025,85000000.0,25000000.0,0.0,0.0,0.765,-70.097,-37.519,69000000.0,0.0,10.13,3.662,3.664,1280000000.0,1403000000.0,281000000.0,281000000.0,0.0,,,,,0.0,77000000.0,1.0,193753463.0,193879994,194977642.0,1.449,22132000000.0,1446000000.0,-64000000.0,0.0,114.153,
36,MBI,MRQ,2012-06-30,2012-06-30,2012-06-30,2021-08-04,36000000.0,22295000000.0,,,,,12.907,-3000000.0,414000000.0,414000000.0,62000000.0,581000000.0,,7.899,11801000000.0,,,11801000000.0,3208000000.0,0.0,0.0,0.0,0.0,881000000.0,881000000.0,0.848,881000000.0,881000000.0,795000000.0,2.99,2.98,2.99,2503000000.0,,2503000000.0,15200254963.0,18.0,18.031,-560000000.0,-2.888,1.0,977000000.0,0.94,0.0,86000000.0,33682000000.0,,0.0,15361000000.0,,,19770000000.0,,,2095254963.0,-441000000.0,-51000000.0,0.0,-1137000000.0,0.0,-1119000000.0,1235000000.0,1616000000.0,-557000000.0,0.0,581000000.0,581000000.0,581000000.0,0.0,0.0,0.559,96000000.0,881000000.0,0.0,0.0,0.837,5.123,5.515,70000000.0,0.0,10.81,1.524,1.525,1262000000.0,1396000000.0,1039000000.0,1039000000.0,0.0,,,,,0.0,81000000.0,1.0,193825621.0,193926953,194941233.0,5.358,22295000000.0,1396000000.0,214000000.0,0.0,114.966,
37,MBI,MRQ,2012-03-31,2012-03-31,2012-03-31,2021-08-04,-26000000.0,26126000000.0,,,,,9.603,-1000000.0,855000000.0,855000000.0,97000000.0,10000000.0,,13.049,13960000000.0,,,13960000000.0,3381000000.0,0.0,0.0,0.0,0.0,109000000.0,109000000.0,0.285,109000000.0,109000000.0,21000000.0,0.05,0.05,0.05,1858000000.0,,1858000000.0,15677911199.0,-165.0,-161.628,-234000000.0,-1.209,1.0,286000000.0,0.747,0.0,88000000.0,39231000000.0,,0.0,18447000000.0,,,24245000000.0,,,1892911199.0,222000000.0,0.0,0.0,-771000000.0,0.0,-755000000.0,1210000000.0,1211000000.0,-233000000.0,0.0,10000000.0,10000000.0,10000000.0,0.0,0.0,0.026,177000000.0,109000000.0,35000000.0,0.0,1.019,-54.083,-28.824,68000000.0,0.0,9.8,4.362,4.369,1528000000.0,815000000.0,383000000.0,383000000.0,0.0,,,,,0.0,164000000.0,1.0,193154204.0,193489424,194594974.0,1.979,26126000000.0,1635000000.0,11000000.0,0.0,135.025,
38,MBI,MRQ,2011-12-31,2011-12-31,2011-12-31,2021-08-04,-176000000.0,26873000000.0,,,,,9.701,-2000000.0,633000000.0,633000000.0,-284000000.0,-626000000.0,,14.794,14418000000.0,,,14418000000.0,3515000000.0,0.0,0.0,0.0,0.0,-982000000.0,-982000000.0,0.841,-982000000.0,-982000000.0,-1074000000.0,-3.35,-3.35,-3.35,1700000000.0,,1700000000.0,15891815880.0,-8.0,-8.467,-1429000000.0,-8.155,1.0,-883000000.0,0.757,0.0,92000000.0,40658000000.0,,0.0,19425000000.0,,,25150000000.0,,,2238815880.0,-606000000.0,-416000000.0,0.0,58000000.0,0.0,-395000000.0,1216000000.0,1634000000.0,-1427000000.0,0.0,-626000000.0,-626000000.0,-626000000.0,0.0,0.0,0.536,99000000.0,-982000000.0,0.0,0.0,1.317,-1.697,-1.692,69000000.0,0.0,11.59,-1.438,-1.433,1360000000.0,805000000.0,-1167000000.0,-1167000000.0,0.0,,,,,0.0,87000000.0,1.0,193167893.0,175232035,175232035.0,-6.66,26873000000.0,1745000000.0,-448000000.0,0.0,153.357,
39,MBI,MRQ,2011-09-30,2011-09-30,2011-09-30,2021-08-04,-148000000.0,29370000000.0,,,,,12.024,-1000000.0,1239000000.0,1239000000.0,190000000.0,444000000.0,,11.477,14892000000.0,,,14892000000.0,3656000000.0,0.0,0.0,0.0,0.0,835000000.0,835000000.0,0.746,835000000.0,835000000.0,745000000.0,2.27,2.26,2.27,2352000000.0,,2352000000.0,16503647749.0,-66.0,-64.72,-520000000.0,-2.658,1.0,930000000.0,0.83,31000000.0,90000000.0,42992000000.0,,0.0,21898000000.0,,,26995000000.0,,,1430647749.0,-122000000.0,-15000000.0,-25000000.0,-126000000.0,0.0,-153000000.0,550000000.0,566000000.0,-519000000.0,0.0,444000000.0,444000000.0,444000000.0,0.0,0.0,0.396,95000000.0,835000000.0,118000000.0,0.0,0.608,-5.912,-6.109,69000000.0,0.0,7.27,3.012,2.994,1536000000.0,1431000000.0,1120000000.0,1120000000.0,0.0,,,,,0.0,83000000.0,1.0,196787861.0,195612615,196347502.0,5.726,29339000000.0,1298000000.0,301000000.0,37000000.0,149.985,
40,MBI,MRQ,2011-06-30,2011-06-30,2011-06-30,2021-08-04,-195000000.0,31668000000.0,,,,,9.438,-1000000.0,1361000000.0,1361000000.0,50000000.0,137000000.0,,15.823,16434000000.0,,,16434000000.0,3810000000.0,-2000000.0,0.0,0.0,0.0,-57000000.0,-59000000.0,-0.602,-59000000.0,-57000000.0,-147000000.0,0.69,0.68,0.69,1881000000.0,,1881000000.0,17937841255.0,-13.0,-13.317,-136000000.0,-0.682,1.0,48000000.0,0.49,31000000.0,90000000.0,46710000000.0,,0.0,23808000000.0,,,29763000000.0,,,1736083255.0,374000000.0,-1000000.0,-25000000.0,-708000000.0,0.0,-723000000.0,1232000000.0,1234000000.0,-135000000.0,0.0,137000000.0,137000000.0,137000000.0,0.0,0.0,1.398,105000000.0,-57000000.0,304000000.0,0.0,0.923,-1.931,-1.923,70000000.0,0.0,8.69,-2.077,-2.072,1599000000.0,986000000.0,98000000.0,98000000.0,0.0,,,,,-1000000.0,82000000.0,1.0,199779431.0,199295797,200064679.0,0.492,31637000000.0,1574000000.0,-284000000.0,23000000.0,158.744,
41,MBI,MRQ,2011-03-31,2011-03-31,2011-03-31,2021-08-04,-340781000.0,32173062000.0,,,,,8.797,-1000000.0,987492000.0,987492000.0,-36000000.0,-1274000000.0,,17.282,17189250000.0,,,17189250000.0,4043152000.0,2000000.0,0.0,0.0,0.0,-1673000000.0,-1671000000.0,1.04,-1671000000.0,-1673000000.0,-1763000000.0,-6.37,-6.37,-6.37,1759090000.0,,1759090000.0,17956449849.0,23.0,23.108,-547000000.0,-2.735,1.0,-1571000000.0,0.978,31371000.0,90000000.0,48343449000.0,,0.0,24836296000.0,,,30400254000.0,,,2005489849.0,-143000000.0,0.0,0.0,-605000000.0,0.0,-606000000.0,1009000000.0,1010000000.0,-546000000.0,0.0,-1274000000.0,-1274000000.0,-1274000000.0,0.0,0.0,0.793,102000000.0,-1673000000.0,106265000.0,0.0,1.14,7.743,8.885,70814000.0,0.0,10.04,1.755,1.757,1725351000.0,986806000.0,-1607000000.0,-1607000000.0,0.0,,,,,1000000.0,85000000.0,1.0,199749985.0,199972759,199972759.0,-8.036,32141691000.0,1292699000.0,-489000000.0,6362000.0,160.73,
42,MBI,MRQ,2010-12-31,2010-12-31,2010-12-31,2021-08-04,-406000000.0,32279000000.0,,,,,14.162,0.0,1130000000.0,1130000000.0,110000000.0,451000000.0,,10.393,17082000000.0,,,17082000000.0,4155000000.0,-6000000.0,0.0,0.0,0.0,646000000.0,640000000.0,0.741,640000000.0,646000000.0,552000000.0,2.22,2.22,2.22,2832000000.0,,2832000000.0,18337721782.0,63.0,63.452,-524000000.0,-2.62,1.0,754000000.0,0.873,31000000.0,94000000.0,48200000000.0,,0.0,25267000000.0,,,29433000000.0,,,2396294782.0,-286000000.0,223000000.0,0.0,-812000000.0,0.0,-932000000.0,1170000000.0,781000000.0,-524000000.0,0.0,451000000.0,451000000.0,451000000.0,0.0,0.0,0.522,108000000.0,646000000.0,73000000.0,0.0,0.846,45.213,46.115,71000000.0,0.0,11.99,2.68,2.715,1694000000.0,2124000000.0,864000000.0,864000000.0,0.0,,,,,-1000000.0,91000000.0,1.0,199857780.0,199965927,202364731.0,4.321,32248000000.0,949000000.0,101000000.0,0.0,161.267,
43,MBI,MRQ,2010-09-30,2010-09-30,2010-09-30,2021-08-04,-274998000.0,33272216000.0,,,,,12.518,0.0,1416279000.0,1416279000.0,-20000000.0,-213000000.0,,12.249,17357706000.0,,,17357706000.0,4340036000.0,2000000.0,0.0,0.0,0.0,-259000000.0,-257000000.0,1.346,-257000000.0,-259000000.0,-356000000.0,-1.06,-1.06,-1.06,2510168000.0,,2510168000.0,18851065781.0,-42.0,-42.9,-254000000.0,-1.267,1.0,-171000000.0,0.895,31371000.0,97000000.0,49182272000.0,,0.0,25962088000.0,,,30747889000.0,,,2014140781.0,-79000000.0,24000000.0,-11000000.0,-1080000000.0,0.0,-1117000000.0,1292000000.0,1268000000.0,-254000000.0,0.0,-213000000.0,-213000000.0,-213000000.0,0.0,0.0,1.115,88000000.0,-259000000.0,229990000.0,0.0,0.802,-3.153,-3.242,71986000.0,0.0,10.05,2.952,2.954,1951214000.0,1672719000.0,-191000000.0,-191000000.0,0.0,,,,,0.0,82000000.0,1.0,200412018.0,200529483,200529483.0,-0.952,33240845000.0,975063000.0,-143000000.0,0.0,165.765,
44,MBI,MRQ,2010-06-30,2010-06-30,2010-06-30,2021-08-04,-356266000.0,33464230000.0,,,,,12.972,-1593000.0,1495246000.0,1495246000.0,-73000000.0,1295000000.0,,11.617,18332171000.0,,,18332171000.0,4422324000.0,2072000.0,0.0,0.0,0.0,2063000000.0,2065072000.0,0.994,2065072000.0,2063000000.0,1968000000.0,6.34,6.32,6.34,2651249000.0,,2651249000.0,19063772536.0,-17.0,-16.789,127501000.0,0.624,1.0,2150000000.0,1.035,31371000.0,95000000.0,50269784000.0,,0.0,26287979000.0,,,30798822000.0,,,1150174536.0,266701000.0,510000.0,-20000000.0,-787372000.0,5000.0,-560755000.0,698362000.0,712120000.0,129094000.0,0.0,1295000000.0,1295000000.0,1295000000.0,0.0,0.0,0.623,87000000.0,2063000000.0,228882000.0,0.0,0.434,-0.997,-1.013,74646000.0,0.0,5.61,4.544,4.53,1994563000.0,1886117000.0,2077000000.0,2077000000.0,0.0,,,,,-13000.0,73000000.0,1.0,205022199.0,204377833,204921673.0,10.163,33432859000.0,854745000.0,673000000.0,0.0,163.584,
45,MBI,MRQ,2010-03-31,2010-03-31,2010-03-31,2021-08-04,-376077000.0,34532873000.0,,,,,6.61,-407000.0,1228542000.0,1228542000.0,214399000.0,-1480236000.0,,24.483,19142140000.0,,,19142140000.0,4587061000.0,1928000.0,0.0,0.0,0.0,-2161437000.0,-2159509000.0,1.163,-2159509000.0,-2161437000.0,-2259426000.0,-7.22,-7.22,-7.22,1354564000.0,,1354564000.0,11836452726.0,-7.0,-7.476,-297501000.0,-1.452,1.0,-2070768000.0,1.115,31371000.0,97989000.0,52415100000.0,,0.0,26461387000.0,,,33163990000.0,,,1280755726.0,425299000.0,479490000.0,0.0,-811628000.0,-1005000.0,-895245000.0,1617638000.0,1125880000.0,-297094000.0,0.0,-1480236000.0,-1480236000.0,-1480236000.0,0.0,0.0,0.797,90669000.0,-2161437000.0,284394000.0,0.0,0.946,-0.824,-0.827,75315000.0,0.0,6.27,-1.54,-1.545,2115894000.0,590801000.0,-1856369000.0,-1856369000.0,0.0,,,,,1013000.0,67921000.0,1.0,204267261.0,204938455,204938455.0,-9.058,34501502000.0,2017654000.0,-779190000.0,0.0,168.351,
46,MBI,MRQ,2009-12-31,2009-12-31,2009-12-31,2021-08-04,-940871000.0,25700772000.0,,,,,12.465,-983000.0,803243000.0,803243000.0,660826000.0,-240129000.0,,8.916,11367368000.0,,,11367368000.0,4966317000.0,1941000.0,0.0,0.0,0.0,-89918000.0,-87977000.0,-0.135,-87977000.0,-89918000.0,-205029000.0,-1.16,-1.16,-1.16,2590098000.0,,2590098000.0,11885543123.0,7.0,6.987,-724741000.0,-3.488,1.0,-8184000.0,-0.013,31371000.0,115111000.0,36233526000.0,,0.0,17954933000.0,,,23093896000.0,,,827657123.0,-842670000.0,0.0,-11804000.0,-345838000.0,-523000.0,-440216000.0,321304000.0,500152000.0,-723758000.0,0.0,-240129000.0,-240645000.0,-240645000.0,0.0,0.0,-0.369,81734000.0,-89918000.0,254934000.0,0.0,0.32,1.329,1.331,76834000.0,516000.0,3.98,0.28,0.28,2396480000.0,2393282000.0,652642000.0,652642000.0,0.0,,,,,1178000.0,66397000.0,1.0,207954051.0,207790721,207790721.0,3.141,25669401000.0,1262498000.0,35100000.0,0.0,123.535,
47,MBI,MRQ,2009-09-30,2009-09-30,2009-09-30,2021-08-04,-1044568000.0,27853060000.0,,,,,13.144,-2205000.0,1645453000.0,1645453000.0,238760000.0,-724533000.0,,9.171,12703339000.0,,,12703339000.0,5209978000.0,2817000.0,0.0,0.0,0.0,-955927000.0,-953110000.0,1.537,-953110000.0,-955927000.0,-1066063000.0,-3.5,-3.5,-3.5,2736791000.0,,2736791000.0,13721563315.0,184.0,163.156,-665175000.0,-3.195,1.0,-858918000.0,1.385,76938000.0,110136000.0,38834008000.0,,0.0,18642396000.0,,,25099491000.0,,,1614040315.0,745854000.0,0.0,0.0,-356968000.0,-2966000.0,-331327000.0,1740151000.0,1374041000.0,-662970000.0,0.0,-724533000.0,-727804000.0,-727804000.0,0.0,0.0,1.174,97009000.0,-955927000.0,512371000.0,0.0,0.59,-5.449,-7.055,84349000.0,3271000.0,7.76,2.265,2.267,2629592000.0,2633690000.0,-620158000.0,-620158000.0,0.0,,,,,1607000.0,77113000.0,1.0,207994886.0,208219324,208219324.0,-2.978,27776122000.0,1384458000.0,-341530000.0,0.0,133.398,
48,MBI,MRQ,2009-06-30,2009-06-30,2009-06-30,2021-08-04,-1741199000.0,27296467000.0,,,,,13.288,-1211000.0,899599000.0,899599000.0,-729311000.0,898014000.0,,8.866,13007122000.0,,,13007122000.0,5423379000.0,1877000.0,0.0,0.0,0.0,1615395000.0,1617272000.0,1.63,1617272000.0,1615395000.0,1502921000.0,4.3,4.3,4.3,2765160000.0,,2765160000.0,12905194256.0,52.0,50.181,-332470000.0,-1.598,1.0,1721412000.0,1.735,76938000.0,112474000.0,39327052000.0,,0.0,19028700000.0,,,24514529000.0,,,899945256.0,-177968000.0,0.0,0.0,-900125000.0,-2569000.0,-806086000.0,959377000.0,1214505000.0,-331259000.0,0.0,898014000.0,894743000.0,894743000.0,0.0,0.0,0.902,106017000.0,1615395000.0,333824000.0,0.0,0.325,-2.401,-4.245,103942000.0,3271000.0,4.33,0.545,0.545,2885761000.0,3361494000.0,992101000.0,992101000.0,0.0,,,,,1607000.0,79950000.0,1.0,207839551.0,208097729,208097729.0,4.767,27219529000.0,1339015000.0,604907000.0,0.0,130.802,
49,MBI,MRQ,2009-03-31,2009-03-31,2009-03-31,2021-08-04,-1909558000.0,27907271000.0,,,,,7.731,-1601000.0,1077567000.0,1077567000.0,693725000.0,700648000.0,,16.296,13082816000.0,,,13082816000.0,5528789000.0,2365000.0,0.0,0.0,0.0,1122450000.0,1124815000.0,0.583,1124815000.0,1122450000.0,985171000.0,3.34,3.34,3.34,1611947000.0,,1611947000.0,14673190636.0,8.0,7.782,-475614000.0,-2.281,1.0,1235690000.0,0.64,76938000.0,137279000.0,39835582000.0,,0.0,19383086000.0,,,26267726000.0,,,955908636.0,-1202216000.0,0.0,-4196000.0,-2598069000.0,-3942000.0,-2683371000.0,1955168000.0,1893302000.0,-474013000.0,0.0,700648000.0,696706000.0,696706000.0,0.0,0.0,0.361,113240000.0,1122450000.0,331665000.0,0.0,0.593,2.219,2.516,104609000.0,3942000.0,4.58,0.238,0.238,2704178000.0,2381239000.0,1929415000.0,1929415000.0,0.0,,,,,1608000.0,92540000.0,1.0,208713676.0,208504957,208504957.0,9.254,27830333000.0,2195887000.0,284523000.0,0.0,133.476,
50,MBI,MRQ,2008-12-31,2008-12-31,2008-12-31,2021-08-04,-1775954000.0,29030449000.0,,,,,4.465,-6481000.0,2279783000.0,2279783000.0,25535000.0,-1159841000.0,,28.166,15997065000.0,,,15997065000.0,3469391000.0,2423000.0,0.0,0.0,0.0,-1707299000.0,-1704876000.0,1.073,-1704876000.0,-1707299000.0,-1916315000.0,-5.24,-5.24,-5.24,994420000.0,,994420000.0,22509193867.0,-9.0,-8.841,-562365000.0,-2.525,1.0,-1614234000.0,1.016,76938000.0,209016000.0,42670793000.0,,0.0,21550320000.0,,,28008431000.0,,,1112314867.0,-276065000.0,0.0,-130743000.0,-8618940000.0,0.0,-8382581000.0,8662400000.0,7543564000.0,-555884000.0,0.0,-1159841000.0,-1159841000.0,-1159841000.0,0.0,0.0,0.73,93065000.0,-1707299000.0,8911000.0,0.0,1.119,-0.416,-0.336,105364000.0,0.0,4.07,-1.299,-1.049,301817000.0,1629187000.0,-1588699000.0,-1588699000.0,0.0,,,,,-1903000.0,81407000.0,1.0,273296036.0,222732238,222732238.0,-7.133,28953511000.0,2615035000.0,-756474000.0,0.0,129.992,
51,MBI,MRQ,2008-09-30,2008-09-30,2008-09-30,2021-08-04,-1443224000.0,37651801000.0,,,,,11.128,-1857000.0,2555848000.0,2555848000.0,982514000.0,-806479000.0,,13.355,23952727000.0,,,23952727000.0,3530160000.0,2342000.0,0.0,0.029,0.0,-782379000.0,-780037000.0,-2.439,-780037000.0,-782379000.0,-1046590000.0,-3.42,-3.42,-3.42,2622871000.0,,2622871000.0,32095646024.0,-8.0,-8.104,-43400000.0,-0.184,1.0,-662750000.0,-2.073,79406000.0,264211000.0,58969274000.0,,0.0,29630753000.0,,,35028930000.0,,,3252447024.0,1240159000.0,0.0,-90041000.0,-5616263000.0,0.0,-5616953000.0,6898655000.0,6894415000.0,-41543000.0,0.0,-806479000.0,-806479000.0,-806479000.0,0.0,0.0,-2.522,119629000.0,-782379000.0,108615000.0,0.0,1.24,-0.854,-0.44,101232000.0,0.0,11.9,-2.203,-1.9,1585635000.0,2789028000.0,319764000.0,319764000.0,0.0,,,,,4643000.0,95011000.0,1.0,273314876.0,235706851,235706851.0,1.357,37572395000.0,1888887000.0,-240111000.0,0.0,159.403,
52,MBI,MRQ,2008-06-30,2008-06-30,2008-06-30,2021-08-04,-982493000.0,45340181000.0,,,,,16.692,-1142000.0,1315689000.0,1315689000.0,22344000.0,1700360000.0,,10.406,30158888000.0,,,30158888000.0,2921042000.0,2330000.0,0.0,0.155,0.0,3243269000.0,3245599000.0,0.967,3245599000.0,3243269000.0,2935354000.0,7.14,7.14,7.14,3975219000.0,,3975219000.0,33250890270.0,-12.0,-11.699,182818000.0,0.768,1.0,3332568000.0,0.993,79406000.0,307915000.0,74103974000.0,,0.0,38536313000.0,,,41364962000.0,,,1200147270.0,1025402000.0,0.0,-3043000.0,-1943305000.0,0.0,-2156260000.0,2997702000.0,4263035000.0,183960000.0,0.0,1700360000.0,1700360000.0,1700360000.0,0.0,0.0,0.507,89299000.0,3243269000.0,807853000.0,0.0,0.302,-0.395,-0.183,101814000.0,0.0,4.39,-0.879,-0.766,2311555000.0,3595507000.0,3354912000.0,3354912000.0,0.0,,,,,-32153000.0,66322000.0,1.0,273382066.0,238152768,238152768.0,14.087,45260775000.0,1480366000.0,1234994000.0,61841000.0,190.049,
53,MBI,MRQ,2008-03-31,2008-03-31,2008-03-31,2021-08-04,-1224136000.0,49686725000.0,,,,,11.057,-1510000.0,290287000.0,290287000.0,287608000.0,-2406733000.0,,23.118,32341030000.0,,,32341030000.0,3061018000.0,2545000.0,0.0,0.083,0.0,-3309197000.0,-3306652000.0,1.124,-3306652000.0,-3309197000.0,-3699838000.0,-12.92,-12.92,-12.92,2060174000.0,,2060174000.0,36169217727.0,-7.0,-6.686,255923000.0,1.374,1.0,-3230188000.0,1.098,79406000.0,390641000.0,81658062000.0,,0.0,44106950000.0,,,47626551000.0,,,2885594727.0,26555000.0,0.0,1631448000.0,-1625737000.0,-42640000.0,236660000.0,-467538000.0,-591351000.0,257433000.0,0.0,-2406733000.0,-2406733000.0,-2406733000.0,0.0,0.0,0.818,79009000.0,-3309197000.0,504916000.0,0.0,1.401,-0.637,-0.415,103007000.0,0.0,12.22,-0.731,-0.577,761506000.0,1895148000.0,-2942580000.0,-2942580000.0,0.0,,,,,-1205000.0,63457000.0,1.0,236137048.0,186319894,186319894.0,-15.793,49607319000.0,2873131000.0,-1293105000.0,33583000.0,266.248,
54,MBI,MRQ,2007-12-31,2007-12-31,2007-12-31,2021-08-04,-490829000.0,47415074000.0,,,,,27.688,-8018000.0,263732000.0,263732000.0,836690000.0,-2295750000.0,,11.97,33547355000.0,,,33547355000.0,3122892000.0,2531000.0,0.0,0.073,0.34,-3121815000.0,-3119284000.0,1.412,-3119284000.0,-3121815000.0,-3552927000.0,-17.86,-17.77,-17.86,3655805000.0,,3655805000.0,34859781014.0,-24.0,-23.74,316230000.0,2.395,1.0,-3045249000.0,1.379,79406000.0,431112000.0,80619291000.0,,0.0,43788353000.0,,,43759269000.0,,,2336093014.0,-102097000.0,0.0,-809000.0,478696000.0,-42447000.0,543252000.0,-969597000.0,-571993000.0,324248000.0,0.0,-2295750000.0,-2295750000.0,-2295750000.0,0.0,0.0,1.039,76566000.0,-3121815000.0,41359000.0,-0.019,0.639,-1.215,-1.248,104036000.0,0.0,18.63,-8.574,-8.804,429870000.0,4301880000.0,-2208559000.0,-2208559000.0,0.0,,,,,2142000.0,59807000.0,1.0,125394150.0,132036205,120397975.0,-16.727,47335668000.0,1316421000.0,-1257177000.0,0.0,358.505,
55,MBI,MRQ,2007-09-30,2007-09-30,2007-09-30,2021-08-04,54598000.0,45329006000.0,,,,,52.798,-1849000.0,365829000.0,365829000.0,22203000.0,-36640000.0,,5.94,32889517000.0,,,32889517000.0,3132195000.0,2549000.0,0.0,0.022,0.34,335705000.0,338254000.0,0.784,338254000.0,335705000.0,-82823000.0,-0.3,-0.3,-0.3,6531355000.0,,6531355000.0,38256559416.0,17.0,16.662,289754000.0,2.342,1.0,409017000.0,0.949,79406000.0,418528000.0,77773288000.0,,0.0,42929247000.0,,,38797651000.0,,,7666770416.0,-52503000.0,0.0,-72157000.0,1542407000.0,-43558000.0,1418694000.0,-1762800000.0,-1951601000.0,291603000.0,0.0,-36640000.0,-36640000.0,-36640000.0,0.0,0.0,-0.085,73312000.0,335705000.0,520223000.0,-1.133,1.174,13.819,14.467,98555000.0,0.0,61.05,2.904,2.861,540200000.0,6640072000.0,431220000.0,431220000.0,0.0,,,,,1416000.0,57260000.0,1.0,125581825.0,123705544,123705544.0,3.486,45249600000.0,0.0,-46183000.0,243322000.0,365.785,
56,MBI,MRQ,2007-06-30,2007-06-30,2007-06-30,2021-08-04,164630000.0,43153834000.0,,,,,53.254,-1022000.0,418332000.0,418332000.0,20968000.0,211831000.0,,5.361,31008121000.0,,,31008121000.0,3111425000.0,2574000.0,0.0,0.021,0.34,675443000.0,678017000.0,0.875,678017000.0,675443000.0,293017000.0,1.66,1.61,1.66,6783834000.0,,6783834000.0,36418828452.0,14.0,14.269,263077000.0,2.065,1.0,753970000.0,0.973,79406000.0,382426000.0,73664217000.0,,0.0,40818839000.0,,,36370000000.0,,,8138400452.0,182678000.0,0.0,-306706000.0,2568693000.0,-44932000.0,2212852000.0,-2294273000.0,-2097408000.0,264099000.0,0.0,211831000.0,211831000.0,211831000.0,0.0,0.0,0.273,78527000.0,675443000.0,231187000.0,0.205,1.2,10.055,10.101,99240000.0,0.0,62.22,2.791,2.718,439082000.0,6719357000.0,774938000.0,774938000.0,0.0,,,,,4964000.0,61094000.0,1.0,130800393.0,127386668,131460764.0,6.083,43074428000.0,0.0,81186000.0,442080000.0,338.139,
57,MBI,MRQ,2007-03-31,2007-03-31,2007-03-31,2021-08-04,309108000.0,41227486000.0,,,,,53.401,2673000.0,235654000.0,235654000.0,20484000.0,198611000.0,,4.85,28516082000.0,,,28516082000.0,3115906000.0,2504000.0,0.0,0.019,0.34,632118000.0,634622000.0,0.869,634622000.0,632118000.0,277041000.0,1.5,1.46,1.5,7047427000.0,,7047427000.0,35612749411.0,15.0,14.521,144802000.0,1.097,1.0,709458000.0,0.972,79406000.0,355077000.0,69428508000.0,,0.0,38932888000.0,,,34180059000.0,,,8824129411.0,-33623000.0,0.0,-320236000.0,1467096000.0,-41816000.0,1108378000.0,-1284130000.0,-1372131000.0,142129000.0,0.0,198611000.0,198611000.0,198611000.0,0.0,0.0,0.272,77340000.0,632118000.0,537799000.0,0.227,1.252,10.776,10.614,100776000.0,0.0,65.49,3.125,3.061,552435000.0,6550849000.0,729942000.0,729942000.0,0.0,,,,,6425000.0,60711000.0,1.0,134740104.0,131972954,136090503.0,5.531,41148080000.0,0.0,78430000.0,519429000.0,311.792,
58,MBI,MRQ,2006-12-31,2006-12-31,2006-12-31,2021-08-04,321293000.0,39763030000.0,,,,,54.208,-3954000.0,269277000.0,269277000.0,20054000.0,180985000.0,,4.519,27057897000.0,,,27057897000.0,3144482000.0,-679000.0,0.0,0.017,0.31,645811000.0,645132000.0,0.916,645132000.0,645811000.0,252899000.0,1.36,1.32,1.36,7204254000.0,,7204254000.0,34570427605.0,15.0,14.825,-54878000.0,-0.413,1.0,683989000.0,0.972,79406000.0,392912000.0,66472244000.0,,0.0,37598596000.0,,,32558776000.0,,,9849263605.0,-64006000.0,0.0,-11116000.0,1568769000.0,-41787000.0,1805141000.0,-1818223000.0,-1763578000.0,-50924000.0,0.0,180985000.0,180985000.0,180985000.0,-2501000.0,0.0,0.257,140453000.0,543536000.0,319640000.0,0.228,1.367,12.022,11.841,105950000.0,0.0,73.06,3.641,3.586,440733000.0,6399333000.0,704043000.0,704043000.0,0.0,,,,,9417000.0,121356000.0,1.0,134810616.0,132899328,136748360.0,5.298,39683624000.0,0.0,71914000.0,483159000.0,298.599,
59,MBI,MRQ,2006-09-30,2006-09-30,2006-09-30,2021-08-04,323692000.0,37939584000.0,,,,,53.14,-2938000.0,341330000.0,341330000.0,20414000.0,217947000.0,,4.376,25062494000.0,,,25062494000.0,3101310000.0,2675000.0,0.0,0.02,0.31,591927000.0,594602000.0,0.841,594602000.0,591927000.0,307928000.0,1.64,1.59,1.64,7056758000.0,,7056758000.0,31417782212.0,14.0,14.256,353726000.0,2.664,1.0,686831000.0,0.971,79406000.0,283999000.0,62581342000.0,,0.0,35743820000.0,,,30882826000.0,,,8279618212.0,121391000.0,0.0,-2299000.0,1601281000.0,-41764000.0,1557077000.0,-1792350000.0,-1793594000.0,356664000.0,0.0,217947000.0,217947000.0,217947000.0,-1374000.0,0.0,0.308,56823000.0,630008000.0,426522000.0,0.189,1.173,10.085,9.942,106015000.0,0.0,61.44,3.169,3.123,500599000.0,6260164000.0,707245000.0,707245000.0,0.0,,,,,3872000.0,42055000.0,1.0,134759411.0,132794395,136739403.0,5.326,37860178000.0,0.0,89981000.0,549453000.0,285.104,
60,MBI,MRQ,2006-06-30,2006-06-30,2006-06-30,2021-08-04,120262000.0,35631577000.0,,,,,50.223,-2893000.0,221502000.0,221502000.0,20295000.0,221362000.0,,4.344,23359666000.0,,,23359666000.0,3140766000.0,3487000.0,0.0,0.02,0.31,574591000.0,578078000.0,0.847,578078000.0,574591000.0,304500000.0,1.67,1.62,1.67,6667933000.0,,6667933000.0,30745980628.0,15.0,15.094,157948000.0,1.19,1.0,662078000.0,0.97,79406000.0,270091000.0,58690335000.0,,0.0,33616506000.0,,,28963644000.0,,,7888338628.0,-178000.0,0.0,-434000.0,194162000.0,-41759000.0,128681000.0,-289700000.0,-61976000.0,160841000.0,0.0,221362000.0,221362000.0,221362000.0,-1439000.0,0.0,0.324,55584000.0,606494000.0,372322000.0,0.186,1.183,10.59,10.437,107356000.0,0.0,58.55,3.14,3.094,459812000.0,6084005000.0,682373000.0,682373000.0,0.0,,,,,3119000.0,39044000.0,1.0,134728243.0,132765468,136634382.0,5.14,35552171000.0,0.0,83138000.0,379226000.0,267.782,
61,MBI,MRQ,2006-03-31,2006-03-31,2006-03-31,2021-08-04,243548000.0,35716193000.0,,,,,49.741,-1128000.0,222936000.0,222936000.0,20126000.0,198994000.0,,4.41,23080578000.0,,,23080578000.0,3134901000.0,3161000.0,0.0,0.019,0.31,510919000.0,514080000.0,0.84,514080000.0,510919000.0,274041000.0,1.5,1.46,1.5,6601463000.0,,6601463000.0,30229238928.0,18.0,17.532,193383000.0,1.457,1.0,591560000.0,0.967,79406000.0,236878000.0,58494429000.0,,0.0,33712228000.0,,,29114730000.0,,,8057941928.0,-9640000.0,0.0,-3283000.0,740113000.0,-37541000.0,698356000.0,-902507000.0,-1156449000.0,194511000.0,0.0,198994000.0,198994000.0,198994000.0,-791000.0,0.0,0.325,54455000.0,537105000.0,754573000.0,0.207,1.221,11.558,11.475,107438000.0,0.0,60.13,3.412,3.379,477219000.0,5904405000.0,611686000.0,611686000.0,0.0,,,,,3971000.0,38848000.0,1.0,134008680.0,132717298,136547417.0,4.609,35636787000.0,0.0,75047000.0,485614000.0,268.517,
62,MBI,MRQ,2005-12-31,2005-12-31,2005-12-31,2021-08-04,399381000.0,34561394000.0,,,,,49.701,-3266000.0,221710000.0,221710000.0,20919000.0,182721000.0,,4.243,22399793000.0,,,22399793000.0,3205579000.0,2726000.0,0.0,0.019,0.28,514408000.0,517134000.0,0.846,517134000.0,514408000.0,259525000.0,1.37,1.34,1.37,6591644000.0,,6591644000.0,30243957931.0,16.0,16.358,157746000.0,1.189,1.0,590171000.0,0.966,79406000.0,254883000.0,56660071000.0,,0.0,32476722000.0,,,27969750000.0,,,8065143931.0,-75592000.0,0.0,-1188000.0,122623000.0,-37539000.0,77759000.0,-314363000.0,-292451000.0,161012000.0,0.0,182721000.0,182721000.0,182721000.0,1321000.0,0.0,0.299,220980000.0,369191000.0,83369000.0,0.204,1.224,11.344,11.351,107763000.0,0.0,60.16,3.512,3.513,482401000.0,5747171000.0,611090000.0,611090000.0,0.0,,,,,4373000.0,113147000.0,1.0,134061568.0,132624750,135716498.0,4.608,34481988000.0,0.0,76804000.0,569536000.0,259.997,
63,MBI,MRQ,2005-09-30,2005-09-30,2005-09-30,2021-08-04,454178000.0,34930060000.0,,,,,48.972,-361000.0,311486000.0,311486000.0,20796000.0,141784000.0,,4.378,22490300000.0,,,22490300000.0,3228976000.0,1793000.0,0.0,0.018,0.28,425829000.0,427622000.0,0.705,427622000.0,425829000.0,219284000.0,1.07,1.04,1.07,6494777000.0,,6494777000.0,30176639133.0,17.0,17.037,203640000.0,1.535,1.0,586174000.0,0.966,79406000.0,206545000.0,57029468000.0,,0.0,32696259000.0,,,28435283000.0,,,8125766133.0,-200300000.0,0.0,-756000.0,-2452000.0,-37913000.0,-47502000.0,-356799000.0,-354502000.0,204001000.0,0.0,141784000.0,141784000.0,141784000.0,946000.0,0.0,0.234,55040000.0,531134000.0,499902000.0,0.262,1.251,10.762,10.942,109050000.0,0.0,60.62,3.593,3.555,608608000.0,5601993000.0,606970000.0,606970000.0,0.0,,,,,4869000.0,120357000.0,1.0,134044311.0,132622848,135822330.0,4.577,34850654000.0,0.0,77500000.0,557166000.0,262.78,
64,MBI,MRQ,2005-06-30,2005-06-30,2005-06-30,2021-08-04,630628000.0,34784595000.0,,,,,49.183,-1415000.0,512341000.0,512341000.0,21708000.0,173674000.0,,4.28,22563214000.0,,,22563214000.0,3250516000.0,3415000.0,0.0,0.018,0.28,261943000.0,265358000.0,0.499,265358000.0,261943000.0,239903000.0,1.3,1.27,1.3,6587498000.0,,6587498000.0,29191597098.0,18.0,18.036,139013000.0,1.038,1.0,510070000.0,0.959,79406000.0,22040000.0,56756062000.0,,0.0,32505973000.0,,,28197097000.0,,,8031095098.0,-32143000.0,0.0,-139143000.0,800738000.0,-38301000.0,622429000.0,-795000000.0,-793585000.0,140428000.0,0.0,173674000.0,173674000.0,173674000.0,0.0,0.0,0.327,57141000.0,452929000.0,173175000.0,0.215,1.219,10.084,10.279,110817000.0,0.0,59.31,3.776,3.735,547767000.0,5527063000.0,531778000.0,531778000.0,0.0,,,,,5262000.0,39666000.0,1.0,135408786.0,133938175,136886153.0,3.97,34705189000.0,0.0,66229000.0,661184000.0,259.113,
65,MBI,MRQ,2005-03-31,2005-03-31,2005-03-31,2021-08-04,500516000.0,33756665000.0,,,,,46.89,-2138000.0,544484000.0,544484000.0,20851000.0,212807000.0,,4.245,21704986000.0,,,21704986000.0,3263206000.0,3568000.0,0.0,0.019,0.28,318654000.0,322222000.0,0.578,322222000.0,318654000.0,296633000.0,1.55,1.52,1.55,6436011000.0,,6436011000.0,27688535641.0,17.0,16.512,275268000.0,2.005,1.0,536394000.0,0.963,79406000.0,22021000.0,54837761000.0,,0.0,31432063000.0,,,27320654000.0,,,7195346641.0,178248000.0,0.0,-205379000.0,862915000.0,-33494000.0,623249000.0,-722407000.0,-720269000.0,277406000.0,0.0,212807000.0,212807000.0,212807000.0,0.0,0.0,0.382,88669000.0,447725000.0,201138000.0,0.181,1.118,8.554,8.728,113124000.0,0.0,52.28,3.43,3.421,563255000.0,5377327000.0,557245000.0,557245000.0,0.0,,,,,4917000.0,32847000.0,1.0,137630961.0,137258739,140442217.0,4.06,33677259000.0,0.0,83826000.0,585975000.0,245.356,
66,MBI,MRQ,2004-12-31,2004-12-31,2004-12-31,2021-08-04,618606000.0,33036295000.0,,,,,47.19,-2178000.0,366236000.0,366236000.0,21663000.0,226748000.0,,4.037,20860157000.0,,,20860157000.0,3237961000.0,2978000.0,0.0,0.015,0.24,753017000.0,755995000.0,1.337,755995000.0,753017000.0,318094000.0,1.62,1.59,1.62,6558797000.0,,6558797000.0,26952683643.0,16.0,16.081,166204000.0,1.196,1.0,543778000.0,0.962,79406000.0,434923000.0,53450810000.0,,0.0,30906614000.0,,,26477498000.0,,,8905094643.0,100047000.0,0.0,-116330000.0,2140962000.0,-33970000.0,2001648000.0,-2055266000.0,-2074151000.0,168382000.0,0.0,226748000.0,226748000.0,226748000.0,-1043000.0,0.0,0.401,-95968000.0,639746000.0,94609000.0,0.148,1.358,10.563,10.653,114692000.0,0.0,63.28,4.35,4.385,502173000.0,5187484000.0,565441000.0,565441000.0,0.0,,,,,545000.0,31734000.0,1.0,140725263.0,138986802,141852763.0,4.068,32956889000.0,0.0,91346000.0,599627000.0,237.122,
67,MBI,MRQ,2004-09-30,2004-09-30,2004-09-30,2021-08-04,562552000.0,30800435000.0,,,,,46.187,-1251000.0,241100000.0,241100000.0,21336000.0,183211000.0,,3.716,18288689000.0,,,18288689000.0,3183217000.0,3535000.0,0.0,0.016,0.24,271418000.0,274953000.0,0.582,274953000.0,271418000.0,253620000.0,1.3,1.27,1.3,6531315000.0,,6531315000.0,25521659743.0,21.0,21.14,303022000.0,2.143,1.0,451280000.0,0.955,79406000.0,17798000.0,48768618000.0,,0.0,28219964000.0,,,24269120000.0,,,8338542743.0,-34932000.0,0.0,-141557000.0,639341000.0,-34564000.0,462510000.0,-801715000.0,-800464000.0,304273000.0,0.0,183211000.0,183211000.0,183211000.0,0.0,0.0,0.388,95355000.0,355925000.0,240535000.0,0.185,1.277,10.371,10.358,115307000.0,0.0,58.21,3.576,3.53,738004000.0,5101003000.0,472616000.0,472616000.0,0.0,,,,,3737000.0,32254000.0,1.0,143249317.0,141408855,144125409.0,3.342,30721029000.0,0.0,70409000.0,551652000.0,217.25,
68,MBI,MRQ,2004-06-30,2004-06-30,2004-06-30,2021-08-04,351847000.0,29907492000.0,,,,,43.905,147000.0,274172000.0,274172000.0,20635000.0,218383000.0,,3.748,17457289000.0,,,17457289000.0,3171594000.0,3451000.0,0.0,0.015,0.24,320250000.0,323701000.0,0.644,323701000.0,320250000.0,302479000.0,1.52,1.49,1.52,6298368000.0,,6298368000.0,26103527702.0,22.0,21.346,187180000.0,1.305,1.0,481957000.0,0.959,79406000.0,17771000.0,47011203000.0,,0.0,27209029000.0,,,23609124000.0,,,8247443702.0,-22447000.0,0.0,-64136000.0,-554762000.0,-34724000.0,-654142000.0,429433000.0,429286000.0,187033000.0,0.0,218383000.0,218383000.0,218383000.0,-2668000.0,0.0,0.435,93741000.0,388216000.0,647340000.0,0.158,1.309,10.167,10.11,117669000.0,0.0,57.12,3.742,3.717,872807000.0,4948873000.0,502592000.0,502592000.0,0.0,,,,,7412000.0,33225000.0,1.0,144388020.0,143454174,146289467.0,3.504,29828086000.0,0.0,84096000.0,430651000.0,207.928,
69,MBI,MRQ,2004-03-31,2004-03-31,2004-03-31,2021-08-04,732070000.0,30802005000.0,,,,,45.634,-2442000.0,265614000.0,265614000.0,19439000.0,208617000.0,,3.7,18121698000.0,,,18121698000.0,3061473000.0,3218000.0,0.0,0.013,0.24,308815000.0,312033000.0,0.636,312033000.0,308815000.0,291041000.0,1.45,1.42,1.45,6553434000.0,,6553434000.0,27143446056.0,22.0,22.169,214766000.0,1.496,1.0,471369000.0,0.96,79406000.0,17774000.0,48578683000.0,,0.0,28143342000.0,,,24248571000.0,,,9052663056.0,91469000.0,0.0,10383000.0,-223518000.0,-28814000.0,-242480000.0,117253000.0,119695000.0,217208000.0,0.0,208617000.0,208617000.0,208617000.0,-29000.0,0.0,0.425,95207000.0,376162000.0,284763000.0,0.166,1.381,11.167,11.097,119407000.0,0.0,62.7,4.434,4.41,798173000.0,4766412000.0,490808000.0,490808000.0,0.0,,,,,5007000.0,33416000.0,1.0,144380591.0,143608056,146647142.0,3.418,30722599000.0,0.0,82424000.0,676413000.0,213.934,
70,MBI,MRQ,2003-12-31,2003-12-31,2003-12-31,2021-08-04,636212000.0,30300759000.0,,,,,42.897,-3128000.0,227544000.0,227544000.0,22992000.0,193787000.0,,3.927,18875983000.0,,,18875983000.0,3101394000.0,579000.0,0.0,0.014,0.2,295992000.0,296571000.0,0.343,296571000.0,295992000.0,278488000.0,1.35,1.33,1.35,6150292000.0,,6150292000.0,27128407486.0,22.0,21.784,242436000.0,1.691,1.0,842904000.0,0.973,79406000.0,17504000.0,48869792000.0,,0.0,28507329000.0,,,24150467000.0,,,8536742486.0,89235000.0,0.0,-14910000.0,1550011000.0,-28821000.0,259740000.0,-421513000.0,-418441000.0,245564000.0,0.0,193787000.0,193787000.0,193787000.0,-170000.0,0.0,0.224,131297000.0,711607000.0,47059000.0,0.148,1.388,10.343,10.301,120691000.0,0.0,59.23,4.586,4.564,411147000.0,4481174000.0,865896000.0,865896000.0,0.0,,,,,6556000.0,46841000.0,1.0,144128693.0,143373485,144938903.0,6.039,30221353000.0,0.0,84701000.0,508751000.0,210.788,
71,MBI,MRQ,2003-09-30,2003-09-30,2003-09-30,2021-08-04,605708000.0,30136072000.0,,,,,42.484,-3424000.0,153173000.0,153173000.0,19052000.0,190385000.0,,3.952,18744838000.0,,,18744838000.0,3037211000.0,3526000.0,0.0,0.014,0.2,287058000.0,290584000.0,0.842,290584000.0,287058000.0,270075000.0,1.33,1.31,1.33,6086180000.0,,6086180000.0,18671723757.0,17.0,16.446,303730000.0,2.12,1.0,325934000.0,0.945,90041000.0,16983000.0,48637696000.0,,0.0,28203163000.0,,,24049892000.0,,,7966844757.0,26169000.0,1134000.0,2683000.0,-63784000.0,-28784000.0,788008000.0,-1068024000.0,-1065734000.0,307154000.0,0.0,190385000.0,190385000.0,190385000.0,-1102000.0,0.0,0.552,65481000.0,260453000.0,358495000.0,0.15,1.309,10.5,10.411,123905000.0,0.0,54.97,5.15,5.091,851769000.0,4440290000.0,344986000.0,344986000.0,0.0,,,,,6634000.0,26609000.0,1.0,144930776.0,143256514,145119028.0,2.408,30046031000.0,0.0,79690000.0,555379000.0,209.736,
72,MBI,MRQ,2003-06-30,2003-06-30,2003-06-30,2021-08-04,764009000.0,21945406000.0,,,,,42.427,-2048000.0,127004000.0,127004000.0,18192000.0,217854000.0,,2.614,10831883000.0,,,10831883000.0,2943330000.0,3786000.0,0.0,0.015,0.2,321440000.0,325226000.0,0.957,325226000.0,321440000.0,304508000.0,1.52,1.51,1.52,6072662000.0,,6072662000.0,15688317029.0,15.0,14.475,184243000.0,1.287,1.0,321796000.0,0.946,90041000.0,16932000.0,32560244000.0,,0.0,20029956000.0,,,15872744000.0,,,7013597029.0,-161173000.0,0.0,-183000.0,1475269000.0,-28807000.0,1835476000.0,-2182560000.0,-2180512000.0,186291000.0,0.0,217854000.0,217854000.0,217854000.0,-718000.0,0.0,0.641,72721000.0,249075000.0,380174000.0,0.132,1.155,9.594,9.634,124923000.0,0.0,48.75,4.62,4.597,896981000.0,4278726000.0,339988000.0,339988000.0,0.0,,,,,6528000.0,32702000.0,1.0,143868657.0,143132545,144628641.0,2.375,21855365000.0,0.0,86654000.0,636142000.0,152.693,
73,MBI,MRQ,2003-03-31,2003-03-31,2003-03-31,2021-08-04,550668000.0,19300000000.0,,,,,39.326,-1473000.0,288177000.0,288177000.0,16878000.0,223326000.0,,2.407,8962897000.0,,,8962897000.0,2852098000.0,3592000.0,0.0,0.018,0.2,329381000.0,332973000.0,1.072,332973000.0,329381000.0,312432000.0,1.55,1.54,1.55,5664563000.0,,5664563000.0,14292253612.0,15.0,14.758,281037000.0,1.951,1.0,293792000.0,0.946,90041000.0,16949000.0,27884679000.0,,0.0,17559582000.0,,,13635437000.0,,,5572278612.0,204959000.0,0.0,-44188000.0,179606000.0,-24587000.0,86225000.0,-159681000.0,-158208000.0,282510000.0,0.0,223326000.0,223326000.0,223326000.0,-114000.0,0.0,0.719,64317000.0,229475000.0,119526000.0,0.129,0.984,8.497,8.568,126004000.0,0.0,38.64,3.796,3.791,584505000.0,4089596000.0,310670000.0,310670000.0,0.0,,,,,6710000.0,27306000.0,1.0,144210109.0,144042116,145357445.0,2.157,19209959000.0,0.0,89106000.0,569035000.0,133.363,
74,MBI,MRQ,2002-12-31,2002-12-31,2002-12-31,2021-08-04,541250000.0,18852101000.0,,,,,38.041,-2888000.0,83218000.0,83218000.0,19633000.0,127147000.0,,2.432,8803193000.0,,,8803193000.0,2779884000.0,3149000.0,0.0,0.016,0.17,183391000.0,186540000.0,0.338,186540000.0,183391000.0,165869000.0,0.88,0.88,0.88,5493351000.0,,5493351000.0,9246172399.0,11.0,10.734,322559000.0,2.234,1.0,531587000.0,0.964,90041000.0,17522000.0,27482035000.0,,0.0,17286785000.0,,,13358750000.0,,,6364576399.0,-107162000.0,0.0,-32877000.0,-917534000.0,-24917000.0,-6653000.0,-418890000.0,-416002000.0,325447000.0,0.0,127147000.0,127147000.0,127147000.0,-8029000.0,0.0,0.231,120330000.0,411257000.0,58436000.0,0.193,1.159,10.882,10.992,128441000.0,0.0,43.86,4.404,4.45,613408000.0,3895112000.0,551220000.0,551220000.0,0.0,,,,,6074000.0,43025000.0,1.0,145111181.0,144405966,145012556.0,3.817,18762060000.0,0.0,38722000.0,489182000.0,129.926,
75,MBI,MRQ,2002-09-30,2002-09-30,2002-09-30,2021-08-04,605551000.0,18713239000.0,,,,,37.411,-1673000.0,175696000.0,175696000.0,15528000.0,162735000.0,,2.414,3057292000.0,,,3057292000.0,2662114000.0,3792000.0,0.0,0.017,0.17,235300000.0,239092000.0,0.756,239092000.0,235300000.0,220159000.0,1.11,1.1,1.11,5481721000.0,,5481721000.0,8244340029.0,9.0,9.145,300454000.0,2.051,1.0,300529000.0,0.951,90041000.0,15141000.0,21504794000.0,,0.0,16910558000.0,,,13231518000.0,,,5876622029.0,74889000.0,0.0,-76631000.0,664104000.0,-24990000.0,845929000.0,-1073167000.0,-1071494000.0,302127000.0,0.0,162735000.0,162735000.0,162735000.0,0.0,0.0,0.515,62354000.0,238175000.0,252722000.0,0.153,1.072,9.569,9.58,129504000.0,0.0,39.95,4.963,4.944,623618000.0,3802664000.0,316057000.0,316057000.0,0.0,,,,,5935000.0,26446000.0,1.0,147099425.0,146526405,147328961.0,2.157,18623198000.0,0.0,57424000.0,536761000.0,127.098,
76,MBI,MRQ,2002-06-30,2002-06-30,2002-06-30,2021-08-04,268883000.0,16870181000.0,,,,,34.421,-3151000.0,100807000.0,100807000.0,14950000.0,142587000.0,,2.321,2468525000.0,,,2468525000.0,2628713000.0,3516000.0,0.0,0.011,0.17,206341000.0,209857000.0,0.724,209857000.0,206341000.0,193385000.0,0.97,0.96,0.97,5079442000.0,,5079442000.0,10400651538.0,12.0,11.684,99460000.0,0.674,1.0,275079000.0,0.948,90041000.0,12956000.0,19147858000.0,,0.0,15216481000.0,,,11790739000.0,,,8349979538.0,-12222000.0,0.0,-35493000.0,423607000.0,-25105000.0,469539000.0,-584372000.0,-581221000.0,102611000.0,0.0,142587000.0,142587000.0,142587000.0,0.0,0.0,0.492,55929000.0,219150000.0,145133000.0,0.175,1.644,13.781,13.788,131832000.0,0.0,56.53,7.224,7.218,581369000.0,3663236000.0,290029000.0,290029000.0,0.0,,,,,5944000.0,25136000.0,1.0,147708819.0,147568448,148761391.0,1.965,16780140000.0,0.0,50798000.0,340203000.0,113.711,
77,MBI,MRQ,2002-03-31,2002-03-31,2002-03-31,2021-08-04,63378000.0,15844657000.0,,,,,32.332,-7483000.0,113029000.0,113029000.0,14938000.0,152381000.0,,2.31,2163701000.0,,,2163701000.0,2595620000.0,3590000.0,0.0,0.011,0.17,222325000.0,225915000.0,0.785,225915000.0,222325000.0,209491000.0,1.03,1.02,1.03,4786843000.0,,4786843000.0,15451618409.0,18.0,17.273,151634000.0,1.024,1.0,272930000.0,0.948,90041000.0,12834000.0,17805288000.0,,0.0,14228356000.0,,,11057814000.0,,,8103231409.0,-2011000.0,0.0,-44848000.0,-66278000.0,-22142000.0,-318877000.0,157749000.0,165232000.0,159117000.0,0.0,152381000.0,152381000.0,152381000.0,0.0,0.0,0.529,55966000.0,216964000.0,96023000.0,0.165,1.693,13.364,13.339,132647000.0,0.0,54.69,7.046,7.041,629549000.0,3544634000.0,287868000.0,287868000.0,0.0,,,,,5900000.0,24417000.0,1.0,148166601.0,148052769,149226198.0,1.944,15754616000.0,0.0,57110000.0,286125000.0,106.412,
78,MBI,MRQ,2001-12-31,2001-12-31,2001-12-31,2021-08-04,145321000.0,16199685000.0,,,,,32.244,-3103000.0,115040000.0,115040000.0,15285000.0,156438000.0,,2.387,7463427000.0,,,7463427000.0,2592725000.0,4025000.0,0.0,0.011,0.15,222640000.0,226665000.0,0.781,226665000.0,222640000.0,210412000.0,1.06,1.05,1.06,4782638000.0,,4782638000.0,14833609654.0,18.0,17.431,181325000.0,1.222,1.0,274802000.0,0.947,97772000.0,12228000.0,23450300000.0,,0.0,14608543000.0,,,11417047000.0,,,7959405654.0,-5036000.0,0.0,-736000.0,87600000.0,-22274000.0,462292000.0,-651756000.0,-648653000.0,184428000.0,0.0,156438000.0,156438000.0,156438000.0,0.0,0.0,0.539,60750000.0,214052000.0,130098000.0,0.142,1.664,13.962,13.93,129004000.0,0.0,53.63,7.051,7.04,664943000.0,3415517000.0,290087000.0,290087000.0,0.0,,,,,0.0,26792000.0,1.0,148413307.0,148326679,149263745.0,1.956,16101913000.0,0.0,53974000.0,295084000.0,108.557,
79,MBI,MRQ,2001-09-30,2001-09-30,2001-09-30,2021-08-04,255109000.0,16113705000.0,,,,,32.08,283000.0,120076000.0,120076000.0,10325000.0,154520000.0,,2.386,6994280000.0,,,6994280000.0,2525172000.0,1877000.0,0.0,0.012,0.15,225810000.0,227687000.0,0.791,227687000.0,225810000.0,211487000.0,1.04,1.03,1.04,4758953000.0,,4758953000.0,13622140300.0,17.0,16.6,237568000.0,1.601,1.0,277487000.0,0.964,99409000.0,14323000.0,22888500000.0,,0.0,14210329000.0,,,11354752000.0,,,7422426300.0,48443000.0,0.0,-509000.0,246669000.0,-22192000.0,675160000.0,-864002000.0,-864285000.0,237285000.0,0.0,154520000.0,154520000.0,154520000.0,0.0,0.0,0.537,59448000.0,218039000.0,553813000.0,0.144,1.56,13.499,13.441,128266000.0,0.0,50.0,6.716,6.711,905197000.0,3281353000.0,287812000.0,287812000.0,0.0,,,,,0.0,24126000.0,1.0,148448526.0,148346088,149533317.0,1.94,16014296000.0,0.0,56967000.0,344004000.0,107.952,
80,MBI,MRQ,2001-06-30,2001-06-30,2001-06-30,2021-08-04,91052000.0,14752862000.0,,,,,30.115,-1938000.0,71633000.0,71633000.0,16819000.0,143006000.0,,2.306,6271347000.0,,,6271347000.0,2483475000.0,5617000.0,0.0,0.01,0.15,208650000.0,214267000.0,0.754,214267000.0,208650000.0,194499000.0,0.97,0.96,0.97,4461836000.0,,4461836000.0,14118520385.0,18.0,17.95,108924000.0,0.735,1.0,267380000.0,0.941,101046000.0,14151000.0,20851530000.0,,0.0,13159555000.0,,,10291026000.0,,,8254384385.0,-23629000.0,0.0,7845000.0,110777000.0,-20234000.0,585951000.0,-720442000.0,-718504000.0,110862000.0,0.0,143006000.0,143006000.0,143006000.0,0.0,0.0,0.503,65869000.0,201511000.0,408045000.0,0.155,1.85,15.691,15.597,128763000.0,0.0,55.68,7.658,7.653,643311000.0,3149041000.0,284199000.0,284199000.0,0.0,,,,,0.0,27299000.0,1.0,148246846.0,148160339,149297865.0,1.918,14651816000.0,0.0,51493000.0,251210000.0,98.892,
81,MBI,MRQ,2001-03-31,2001-03-31,2001-03-31,2021-08-04,163061000.0,14139028000.0,,,,,29.773,-793000.0,95262000.0,95262000.0,14222000.0,116127000.0,,2.21,5959398000.0,,,5959398000.0,2448533000.0,5093000.0,0.0,0.01,0.15,177262000.0,182355000.0,0.684,182355000.0,177262000.0,161519000.0,0.79,0.78,0.79,4404257000.0,,4404257000.0,14096873385.0,19.0,18.427,188225000.0,1.272,1.0,252566000.0,0.947,102683000.0,15743000.0,19900481000.0,,0.0,12694381000.0,,,9734771000.0,,,7972411385.0,1300000.0,0.0,8691000.0,-164792000.0,-22412000.0,-246764000.0,59046000.0,59340000.0,189018000.0,0.0,116127000.0,116127000.0,116127000.0,0.0,0.0,0.435,58109000.0,194457000.0,127227000.0,0.19,1.81,15.558,15.456,130813000.0,0.0,53.787,7.601,7.586,497381000.0,3028524000.0,266788000.0,266788000.0,0.0,,,,,0.0,23155000.0,1.0,148222820.0,147925834,149021855.0,1.804,14036345000.0,0.0,45392000.0,327410000.0,94.888,
82,MBI,MRQ,2000-12-31,2000-12-31,2000-12-31,2021-08-04,85707000.0,13894338000.0,,,,,28.64,-5178000.0,93962000.0,93962000.0,15096000.0,136210000.0,,2.29,6218424000.0,,,6218424000.0,2430272000.0,-1344000.0,0.0,0.011,0.137,197655000.0,196311000.0,0.737,196311000.0,197655000.0,184176000.0,0.92,0.92,0.92,4223413000.0,,4223413000.0,12785185246.0,17.0,16.388,168159000.0,1.14,1.0,251333000.0,0.943,104322000.0,13479000.0,19914478000.0,,0.0,12547554000.0,,,9670925000.0,,,7290594246.0,13246000.0,0.0,7280000.0,249754000.0,-20028000.0,506748000.0,-666839000.0,-660809000.0,173337000.0,0.0,136210000.0,136210000.0,136210000.0,0.0,0.0,0.511,62860000.0,188473000.0,7899000.0,0.149,1.726,13.791,13.804,133514000.0,0.0,49.42,7.116,7.125,456394000.0,2934608000.0,266429000.0,266429000.0,0.0,,,,,0.0,27122000.0,1.0,147523154.0,147463467,148484653.0,1.807,13790016000.0,0.0,47966000.0,252463000.0,93.515,
83,MBI,MRQ,2000-09-30,2000-09-30,2000-09-30,2021-08-04,-117655000.0,13220483000.0,,,,,26.44,-1446000.0,80716000.0,80716000.0,13873000.0,130714000.0,,2.395,5575307000.0,,,5575307000.0,2407252000.0,2717000.0,0.0,0.012,0.137,190919000.0,193636000.0,0.743,193636000.0,190919000.0,177493000.0,0.89,0.88,0.89,3893766000.0,,3893766000.0,12595784152.0,17.0,16.472,189309000.0,1.285,1.0,246620000.0,0.947,104997000.0,13426000.0,18610077000.0,,0.0,11865739000.0,,,9326717000.0,,,7138625152.0,10534000.0,0.0,460000.0,34813000.0,-20164000.0,15109000.0,-195330000.0,-194648000.0,190755000.0,0.0,130714000.0,130714000.0,130714000.0,0.0,0.0,0.502,64326000.0,182294000.0,467881000.0,0.154,1.833,13.746,13.483,132004000.0,0.0,47.42,7.116,6.961,505557000.0,2818471000.0,260493000.0,260493000.0,0.0,,,,,0.0,26362000.0,1.0,150540387.0,147265833,148303551.0,1.769,13115486000.0,0.0,46779000.0,135796000.0,89.06,
84,MBI,MRQ,2000-06-30,2000-06-30,2000-06-30,2021-08-04,-182296000.0,12717247000.0,,,,,25.202,-5326000.0,70182000.0,70182000.0,13735000.0,129393000.0,,2.422,5527341000.0,,,5527341000.0,2396187000.0,5235000.0,0.0,0.017,0.137,187466000.0,192701000.0,0.755,192701000.0,187466000.0,174111000.0,0.88,0.87,0.88,3716844000.0,,3716844000.0,10204232587.0,14.0,13.613,95975000.0,0.651,1.0,241364000.0,0.946,106673000.0,13355000.0,18067733000.0,,0.0,11234247000.0,,,9000403000.0,,,4741113587.0,13729000.0,0.0,-33436000.0,12699000.0,-20110000.0,-40847000.0,-46725000.0,-41408000.0,101301000.0,0.0,129393000.0,129393000.0,129393000.0,0.0,0.0,0.507,64258000.0,177106000.0,300066000.0,0.156,1.276,9.188,9.232,131461000.0,0.0,32.127,4.839,4.836,639213000.0,2707917000.0,255099000.0,255099000.0,0.0,,,,,0.0,26035000.0,1.0,147575646.0,147484556,148398587.0,1.73,12610574000.0,0.0,44718000.0,83109000.0,85.504,
85,MBI,MRQ,2000-03-31,2000-03-31,2000-03-31,2021-08-04,-155569000.0,12437258000.0,,,,,24.666,-4413000.0,56453000.0,56453000.0,8587000.0,132320000.0,,2.392,5519572000.0,,,5519572000.0,2351824000.0,4949000.0,0.0,0.016,0.137,192573000.0,197522000.0,0.814,197522000.0,192573000.0,179077000.0,0.89,0.89,0.89,3666650000.0,,3666650000.0,10614258141.0,17.0,16.9,170537000.0,1.147,1.0,233962000.0,0.965,108348000.0,13496000.0,17792029000.0,,0.0,11098606000.0,,,8770608000.0,,,5148280141.0,-37106000.0,0.0,-28576000.0,18018000.0,-20406000.0,-30964000.0,-181092000.0,-185055000.0,174950000.0,0.0,132320000.0,132320000.0,132320000.0,0.0,0.0,0.546,53174000.0,180788000.0,92808000.0,0.154,1.404,11.61,11.647,129738000.0,0.0,34.707,5.397,5.408,526185000.0,2598536000.0,242549000.0,242549000.0,0.0,,,,,0.0,19394000.0,1.0,148336923.0,148650650,149514064.0,1.632,12328910000.0,0.0,46757000.0,76268000.0,82.939,
86,MBI,MRQ,1999-12-31,1999-12-31,1999-12-31,2021-08-04,-224511000.0,12263899000.0,,,,,23.558,-27357000.0,93559000.0,93559000.0,11656000.0,126907000.0,,2.491,5559537000.0,,,5559537000.0,2347294000.0,4915000.0,0.0,0.015,0.137,175889000.0,180804000.0,0.738,180804000.0,175889000.0,162393000.0,0.857,0.843,0.857,3513101000.0,,3513101000.0,10279660151.0,23.0,22.339,126843000.0,0.851,1.0,233368000.0,0.952,110023000.0,13496000.0,17619854000.0,,0.0,10954761000.0,,,8750798000.0,,,5258690151.0,19540000.0,0.0,-5128000.0,558904000.0,-19944000.0,533832000.0,-668492000.0,-648734000.0,154200000.0,0.0,126907000.0,126907000.0,126907000.0,0.0,0.0,0.518,103750000.0,129618000.0,102666000.0,0.16,1.497,16.406,16.375,128733000.0,0.0,35.207,5.599,5.6,428132000.0,2486478000.0,245024000.0,245024000.0,0.0,,,,,0.0,15738000.0,1.0,149366318.0,149122628,150111378.0,1.643,12153876000.0,0.0,35486000.0,32805000.0,81.503,
87,MBI,MRQ,1999-09-30,1999-09-30,1999-09-30,2021-08-04,-94851000.0,11774757000.0,,,,,23.676,-15329000.0,74019000.0,74019000.0,14629000.0,127410000.0,,2.325,5094989000.0,,,5094989000.0,2326800000.0,4961000.0,0.0,0.017,0.133,173624000.0,178585000.0,0.753,178585000.0,173624000.0,160178000.0,0.853,0.847,0.853,3541756000.0,,3541756000.0,9649383587.0,23.0,22.484,158087000.0,1.057,1.0,222507000.0,0.938,111698000.0,13446000.0,16684029000.0,,0.0,10572506000.0,,,8233001000.0,,,4658090587.0,7990000.0,0.0,-16425000.0,90847000.0,-19946000.0,54476000.0,-219902000.0,-210293000.0,173416000.0,0.0,127410000.0,127410000.0,127410000.0,0.0,0.0,0.537,50575000.0,171932000.0,108431000.0,0.156,1.315,15.685,15.642,104621000.0,0.0,31.08,5.183,5.173,440767000.0,2379974000.0,237136000.0,237136000.0,0.0,,,,,0.0,28759000.0,1.0,149874214.0,149593209,150728073.0,1.585,11663059000.0,0.0,32768000.0,47265000.0,77.965,
88,MBI,MRQ,1999-06-30,1999-06-30,1999-06-30,2021-08-04,2196000.0,11809376000.0,,,,,23.726,-9375000.0,66029000.0,66029000.0,10239000.0,56793000.0,,2.329,5057322000.0,,,5057322000.0,2314558000.0,4304000.0,0.0,0.012,0.133,66855000.0,71159000.0,0.31,71159000.0,66855000.0,53358000.0,0.38,0.373,0.38,3547159000.0,,3547159000.0,11215104071.0,29.0,27.369,27472000.0,0.184,1.0,219000000.0,0.955,119640000.0,13497000.0,16681029000.0,,0.0,10590604000.0,,,8262217000.0,,,6461498071.0,31502000.0,0.0,5706000.0,334922000.0,-19977000.0,320651000.0,-325996000.0,-316965000.0,36847000.0,0.0,56793000.0,56793000.0,56793000.0,0.0,0.0,0.248,154880000.0,64120000.0,158539000.0,0.35,1.822,23.259,23.208,92497000.0,0.0,43.167,7.244,7.235,462223000.0,2272511000.0,229239000.0,229239000.0,0.0,,,,,0.0,29346000.0,1.0,149687214.0,149507025,150888882.0,1.533,11689736000.0,0.0,-3435000.0,103080000.0,78.189,
89,MBI,MRQ,1999-03-31,1999-03-31,1999-03-31,2021-08-04,194205000.0,11802780000.0,,,,,24.752,-6589000.0,34527000.0,34527000.0,161930000.0,9420000.0,,2.193,4788133000.0,,,4788133000.0,2304963000.0,4171000.0,0.0,0.014,0.133,25450000.0,29621000.0,0.13,29621000.0,25450000.0,11954000.0,0.06,0.06,0.06,3696001000.0,,3696001000.0,10512063378.0,21.0,20.517,72199000.0,0.484,1.0,65932000.0,0.289,121456000.0,13496000.0,16434930000.0,,0.0,10597426000.0,,,8106779000.0,,,5785415378.0,13770000.0,0.0,5765000.0,86574000.0,-19897000.0,72442000.0,-137460000.0,-128354000.0,78788000.0,0.0,9420000.0,9420000.0,9420000.0,0.0,0.0,0.041,44011000.0,21921000.0,90819000.0,2.217,1.565,17.014,16.959,85629000.0,0.0,38.667,6.524,6.511,404231000.0,2235695000.0,227862000.0,227862000.0,0.0,,,,,0.0,27291000.0,1.0,149622812.0,149321052,150697678.0,1.526,11681324000.0,0.0,2534000.0,249198000.0,78.23,
90,MBI,MRQ,1998-12-31,1998-12-31,1998-12-31,2021-08-04,288915000.0,11826455000.0,,,,,25.468,-9923000.0,20757000.0,20757000.0,10070000.0,103351000.0,,2.119,4747405000.0,,,4747405000.0,2294175000.0,4271000.0,0.0,0.013,0.133,145535000.0,149806000.0,0.733,149806000.0,145535000.0,132318000.0,0.693,0.687,0.693,3792217000.0,,3792217000.0,11101154351.0,18.0,17.708,265084000.0,1.78,1.0,194386000.0,0.951,120681000.0,13217000.0,16432422000.0,,0.0,10618732000.0,,,8034238000.0,,,6514135351.0,-14573000.0,0.0,7931000.0,152232000.0,-19862000.0,140301000.0,-429881000.0,-432518000.0,275007000.0,0.0,103351000.0,103351000.0,103351000.0,0.0,0.0,0.505,14177000.0,180209000.0,95598000.0,0.192,1.718,15.054,15.004,81457000.0,0.0,43.707,7.429,7.4,402196000.0,2246221000.0,204456000.0,204456000.0,0.0,,,,,0.0,-65382000.0,1.0,149042145.0,148901168,150207918.0,1.373,11705774000.0,0.0,28967000.0,343896000.0,78.614,
91,MBI,MRQ,1998-09-30,1998-09-30,1998-09-30,2021-08-04,362015000.0,11666627000.0,,,,,25.388,-4605000.0,35330000.0,35330000.0,9028000.0,108243000.0,,2.091,4622349000.0,,,4622349000.0,2251248000.0,5002000.0,0.0,0.015,0.133,154190000.0,159192000.0,0.691,159192000.0,154190000.0,143580000.0,0.727,0.72,0.727,3773818000.0,,3773818000.0,9873373412.0,16.0,15.701,155682000.0,1.047,1.0,221446000.0,0.961,135478000.0,10610000.0,16118168000.0,,0.0,10363369000.0,,,7892809000.0,,,5329347412.0,-11284000.0,0.0,5895000.0,100534000.0,-28954000.0,45675000.0,-217246000.0,-212218000.0,160287000.0,0.0,108243000.0,108243000.0,108243000.0,0.0,0.0,0.47,82653000.0,138793000.0,126514000.0,0.183,1.412,12.343,12.343,73565000.0,0.0,35.793,6.047,6.037,319136000.0,2162768000.0,230474000.0,230474000.0,0.0,,,,,0.0,63491000.0,1.0,148892180.0,148647916,150345933.0,1.55,11531149000.0,0.0,35337000.0,376091000.0,77.574,
92,MBI,MRQ,1998-06-30,1998-06-30,1998-06-30,2021-08-04,252460000.0,11123101000.0,,,,,24.065,-5149000.0,44094000.0,44094000.0,10344000.0,119029000.0,,2.117,4588120000.0,,,4588120000.0,2221163000.0,4315000.0,0.0,0.011,0.133,169422000.0,173737000.0,0.776,173737000.0,169422000.0,159062000.0,0.8,0.793,0.8,3568504000.0,,3568504000.0,11967449055.0,20.0,19.257,130479000.0,0.88,1.0,213629000.0,0.954,122827000.0,10360000.0,15544300000.0,,0.0,10023824000.0,,,7554597000.0,,,7309673055.0,13271000.0,0.0,12007000.0,-146320000.0,-19055000.0,-60568000.0,-61789000.0,-44942000.0,135628000.0,0.0,119029000.0,119029000.0,119029000.0,0.0,0.0,0.531,55213000.0,158416000.0,111744000.0,0.166,2.048,16.995,17.214,70520000.0,0.0,49.92,8.638,8.748,306781000.0,2079612000.0,223973000.0,223973000.0,0.0,,,,,0.0,36169000.0,1.0,146427746.0,148284591,150319628.0,1.51,11000274000.0,0.0,40033000.0,318493000.0,74.184,
93,MBI,MRQ,1998-03-31,1998-03-31,1998-03-31,2021-08-04,221309000.0,11006340000.0,,,,,23.156,-3232000.0,28749000.0,28749000.0,5241000.0,102105000.0,,2.211,4686525000.0,,,4686525000.0,2142084000.0,3637000.0,0.0,0.01,0.147,140511000.0,144148000.0,0.661,144148000.0,140511000.0,130078000.0,0.687,0.68,0.687,3427887000.0,,3427887000.0,11800214440.0,21.0,20.192,107891000.0,0.729,1.0,212762000.0,0.976,127095000.0,10433000.0,15537021000.0,,0.0,9991761000.0,,,7578453000.0,,,7572067440.0,7047000.0,0.0,4875000.0,308290000.0,-17796000.0,234369000.0,-338445000.0,-326676000.0,111123000.0,0.0,102105000.0,102105000.0,102105000.0,0.0,0.0,0.468,89130000.0,123632000.0,152934000.0,0.214,2.209,18.578,18.585,61901000.0,0.0,51.667,9.494,9.59,296779000.0,1982479000.0,218003000.0,218003000.0,0.0,,,,,0.0,70665000.0,1.0,146556144.0,148034607,150083916.0,1.473,10879245000.0,0.0,27973000.0,294690000.0,73.491,
94,MBI,MRQ,1997-12-31,1997-12-31,1997-12-31,2021-08-04,236095000.0,10384991000.0,,,,,22.739,-6610000.0,26296000.0,26296000.0,14323000.0,102409000.0,,2.089,4266328000.0,,,4266328000.0,2138586000.0,3852000.0,0.0,0.012,0.13,147905000.0,151757000.0,0.726,151757000.0,147905000.0,137476000.0,0.687,0.68,0.687,3361512000.0,,3361512000.0,,,,143782000.0,0.973,1.0,194586000.0,0.931,121642000.0,10429000.0,14503381000.0,,0.0,9381259000.0,,,7023479000.0,,,6527610654.0,9523000.0,0.0,2826000.0,93147000.0,-23170000.0,72803000.0,-213672000.0,-209681000.0,150392000.0,0.0,102409000.0,102409000.0,102409000.0,0.0,0.0,0.49,88742000.0,105844000.0,44007000.0,0.189,1.942,16.093,15.981,66709000.0,0.0,44.54,8.559,8.491,302943000.0,1901608000.0,208909000.0,208909000.0,0.0,,,,,0.0,72726000.0,1.0,146556144.0,147830562,149789388.0,1.413,10263349000.0,0.0,35067000.0,298498000.0,69.426,
95,MBI,MRQ,1997-09-30,1997-09-30,1997-09-30,2021-08-04,,,,,,,,-2249000.0,,,6420000.0,106552000.0,,,,,,,,4319000.0,,0.012,0.13,147497000.0,151816000.0,0.777,151816000.0,147497000.0,137194000.0,0.727,0.713,0.727,,,,,,,151122000.0,1.028,1.0,188897000.0,0.967,,10303000.0,,,,,,,,,,,-25401000.0,0.0,129527000.0,20546000.0,-19978000.0,130095000.0,-308867000.0,-305903000.0,153371000.0,0.0,106552000.0,106552000.0,106552000.0,0.0,0.0,0.546,41400000.0,147497000.0,,0.179,,,,,0.0,41.813,,,,,195317000.0,195317000.0,0.0,,,,,0.0,27885000.0,1.0,,147013305,148994499.0,1.329,,,30642000.0,,,
96,MBI,MRQ,1997-06-30,1997-06-30,1997-06-30,2021-08-04,,,,,,,,-6406000.0,,,6156000.0,96509000.0,,,,,,,,3063000.0,,0.013,0.127,133613000.0,136676000.0,0.78,136676000.0,133613000.0,124558000.0,0.68,0.673,0.68,,,,,,,126606000.0,0.892,1.0,169181000.0,0.965,,9055000.0,,,,,,,,,,,8403000.0,0.0,6723000.0,112594000.0,-16812000.0,20805000.0,-145414000.0,-138003000.0,133012000.0,0.0,96509000.0,96509000.0,96509000.0,0.0,0.0,0.55,35568000.0,133613000.0,,0.187,,,,,0.0,37.603,,,,,175337000.0,175337000.0,0.0,,,,,0.0,26298000.0,1.0,,141937868,143855823.0,1.235,,,28049000.0,,,
97,MBI,MRQ,1997-03-31,1997-03-31,1997-03-31,2021-08-04,,,,,,,,-2104000.0,,,4978000.0,96861000.0,,,,,,,,2801000.0,,0.015,0.127,131603000.0,134404000.0,0.774,134404000.0,131603000.0,122745000.0,0.687,0.673,0.687,,,,,,,109653000.0,0.776,1.0,168657000.0,0.971,,8858000.0,,,,,,,,,,,23505000.0,0.0,3071000.0,-110106000.0,-16783000.0,-42118000.0,-46134000.0,-28577000.0,111757000.0,0.0,96861000.0,96861000.0,96861000.0,0.0,0.0,0.558,37054000.0,131603000.0,,0.185,,,,,0.0,31.957,,,,,173635000.0,173635000.0,0.0,,,,,0.0,28420000.0,1.0,,141244368,143846940.0,1.229,,,25884000.0,,,
98,MBI,MRQ,1996-12-31,1996-12-31,1996-12-31,2021-08-04,115382000.0,8562015000.0,,,,,17.518,,7356000.0,7356000.0,,,,2.453,3879390000.0,,,3879390000.0,1785875000.0,,0.0,0.014,0.127,,,,,,,,,,2479697000.0,,2479697000.0,,,,,,1.0,,,105138000.0,,12328911000.0,,0.0,7850937000.0,,,6082318000.0,,,,,,,,,,,,,,,,,,,,,,52029000.0,,,,13.759,50923000.0,,33.75,,7.602,217826000.0,1518994000.0,,,,,,,,,,1.0,,141552057,,,8456877000.0,0.0,,206492000.0,59.744,
0,MBI,MRT,2021-06-30,2021-06-30,2021-06-30,2021-08-04,103000000.0,5252000000.0,5732250000.0,,,0.046,-0.727,0.0,347000000.0,347000000.0,258000000.0,-306000000.0,,-146.528,3640000000.0,,,3640000000.0,372000000.0,0.0,0.0,0.0,0.0,-103000000.0,-103000000.0,-0.39,-103000000.0,-103000000.0,-306000000.0,-6.31,-6.31,-6.31,-36000000.0,72250000.0,-36000000.0,4151840793.0,-40.0,-40.309,244000000.0,4.93,1.0,6000000.0,0.023,0.0,203000000.0,8545000000.0,9453250000.0,0.0,2989000000.0,,,5275000000.0,,,597840793.0,-107000000.0,0.0,-67000000.0,-954000000.0,0.0,-1039000000.0,687000000.0,679000000.0,244000000.0,1000000.0,-306000000.0,-306000000.0,-306000000.0,0.0,0.0,-1.159,109000000.0,-103000000.0,0.0,0.0,-16.607,-1.954,-1.743,0.0,0.0,11.0,2.265,2.062,206000000.0,-180000000.0,264000000.0,264000000.0,0.0,-0.053,-4.235,-0.011,-0.39,0.0,99000000.0,1.0,54349163.0,49488368,49488368.0,5.335,5252000000.0,0.0,0.0,0.0,106.126,
1,MBI,MRT,2021-03-31,2021-03-31,2021-03-31,2021-08-04,39000000.0,5375000000.0,6072500000.0,,,0.059,-0.832,0.0,121000000.0,121000000.0,385000000.0,-351000000.0,,-131.78,3675000000.0,,,3675000000.0,386000000.0,0.0,0.0,0.0,0.0,-135000000.0,-135000000.0,-0.375,-135000000.0,-135000000.0,-351000000.0,-6.77,-6.77,-6.77,-41000000.0,168000000.0,-41000000.0,4180847054.0,-31.0,-30.969,221000000.0,4.487,1.0,-25000000.0,-0.069,0.0,216000000.0,8929000000.0,9962750000.0,0.0,3252000000.0,,,5403000000.0,,,516847054.0,-96000000.0,0.0,-139000000.0,-862000000.0,0.0,-1028000000.0,710000000.0,666000000.0,221000000.0,1000000.0,-351000000.0,-351000000.0,-351000000.0,0.0,0.0,-0.975,110000000.0,-135000000.0,0.0,0.0,-12.606,-1.472,-1.421,0.0,0.0,9.62,1.436,1.316,215000000.0,-119000000.0,360000000.0,360000000.0,0.0,-0.058,-2.089,-0.014,-0.375,0.0,100000000.0,1.0,53726305.0,49258110,49258110.0,7.308,5375000000.0,0.0,0.0,0.0,109.119,
2,MBI,MRT,2020-12-31,2020-12-31,2020-12-31,2021-08-04,115000000.0,5751000000.0,6386750000.0,,,0.044,2.302,0.0,167000000.0,167000000.0,530000000.0,-578000000.0,,41.191,3831000000.0,,,3831000000.0,405000000.0,0.0,0.0,0.0,0.0,-350000000.0,-350000000.0,-1.241,-350000000.0,-350000000.0,-578000000.0,-9.78,-9.78,-9.78,136000000.0,299250000.0,136000000.0,4727848326.0,-14.0,-13.508,-390000000.0,-6.602,1.0,-248000000.0,-0.879,0.0,228000000.0,9415000000.0,10429000000.0,0.0,3537000000.0,,,5602000000.0,,,354848326.0,84000000.0,0.0,-200000000.0,-1029000000.0,0.0,-1265000000.0,1738000000.0,1738000000.0,-390000000.0,1000000.0,-578000000.0,-578000000.0,-578000000.0,0.0,0.0,-2.05,102000000.0,-350000000.0,0.0,0.0,2.609,-0.614,-0.673,0.0,0.0,6.58,1.258,1.378,216000000.0,-13000000.0,282000000.0,282000000.0,0.0,-0.09,-1.931,-0.034,-1.241,0.0,92000000.0,1.0,53928317.0,59071843,59071843.0,4.774,5751000000.0,0.0,0.0,0.0,97.356,
3,MBI,MRT,2020-09-30,2020-09-30,2020-09-30,2021-08-04,130000000.0,6551000000.0,6770000000.0,,,0.031,4.374,0.0,111000000.0,111000000.0,580000000.0,-711000000.0,,27.426,4484000000.0,,,4484000000.0,429000000.0,0.0,0.0,0.0,0.0,-474000000.0,-474000000.0,-2.29,-474000000.0,-474000000.0,-717000000.0,-10.1,-10.1,-10.1,230000000.0,471750000.0,230000000.0,4319975411.0,-9.0,-9.114,-341000000.0,-6.484,1.0,-373000000.0,-1.802,0.0,243000000.0,10924000000.0,11063250000.0,0.0,4229000000.0,,,6308000000.0,,,349975411.0,30000000.0,0.0,-210000000.0,-427000000.0,0.0,-660000000.0,1031000000.0,1031000000.0,-341000000.0,0.0,-711000000.0,-711000000.0,-711000000.0,0.0,0.0,-3.435,101000000.0,-474000000.0,0.0,0.0,1.522,-0.492,-0.6,0.0,0.0,6.06,1.691,1.54,229000000.0,68000000.0,207000000.0,207000000.0,0.0,-0.105,-1.507,-0.043,-2.29,0.0,92000000.0,1.0,57751718.0,52588533,52588533.0,3.936,6551000000.0,0.0,-6000000.0,0.0,124.571,
4,MBI,MRT,2020-06-30,2020-06-30,2020-06-30,2021-08-04,129000000.0,6613000000.0,7033750000.0,,,0.044,5.543,0.0,454000000.0,454000000.0,519000000.0,-570000000.0,,18.02,4424000000.0,,,4424000000.0,444000000.0,0.0,0.0,0.0,0.0,-316000000.0,-316000000.0,-1.026,-316000000.0,-316000000.0,-570000000.0,-7.99,-7.99,-7.99,347000000.0,673000000.0,347000000.0,4652824710.0,-15.0,-14.724,-400000000.0,-6.389,1.0,-211000000.0,-0.685,0.0,254000000.0,10583000000.0,11416250000.0,0.0,4197000000.0,,,6253000000.0,,,490824710.0,-24000000.0,0.0,-182000000.0,-942000000.0,0.0,-1149000000.0,1525000000.0,1512000000.0,-400000000.0,0.0,-570000000.0,-570000000.0,-570000000.0,0.0,0.0,-1.851,105000000.0,-316000000.0,0.0,0.0,1.414,-0.861,-0.907,0.0,0.0,7.25,1.594,1.474,232000000.0,126000000.0,308000000.0,308000000.0,0.0,-0.081,-0.847,-0.028,-1.026,0.0,95000000.0,1.0,67699960.0,62605656,62605656.0,4.92,6613000000.0,0.0,0.0,0.0,105.629,
5,MBI,MRT,2020-03-31,2020-03-31,2020-03-31,2021-08-04,91000000.0,6632000000.0,7542250000.0,,,0.03,6.714,0.0,217000000.0,217000000.0,523000000.0,-671000000.0,,12.676,4379000000.0,,,4379000000.0,464000000.0,0.0,0.0,0.0,0.0,-400000000.0,-400000000.0,-1.786,-400000000.0,-400000000.0,-671000000.0,-8.75,-8.75,-8.75,484000000.0,846250000.0,484000000.0,5213917617.0,-13.0,-13.035,-380000000.0,-5.271,1.0,-299000000.0,-1.335,0.0,271000000.0,10794000000.0,12222500000.0,0.0,4361000000.0,,,6135000000.0,,,545917617.0,54000000.0,-2000000.0,-158000000.0,-1127000000.0,0.0,-1315000000.0,1749000000.0,1786000000.0,-380000000.0,0.0,-671000000.0,-671000000.0,-671000000.0,0.0,0.0,-2.996,101000000.0,-400000000.0,0.0,0.0,1.128,-0.814,-0.816,0.0,0.0,7.14,2.437,2.298,240000000.0,232000000.0,224000000.0,224000000.0,0.0,-0.089,-0.793,-0.033,-1.786,0.0,92000000.0,1.0,76459050.0,72089016,72089016.0,3.107,6632000000.0,0.0,0.0,0.0,91.997,
6,MBI,MRT,2019-12-31,2019-12-31,2019-12-31,2021-08-04,-2000000.0,7284000000.0,8078750000.0,,,0.035,10.196,0.0,83000000.0,83000000.0,242000000.0,-359000000.0,,7.803,4751000000.0,,,4751000000.0,482000000.0,0.0,0.0,0.0,0.0,-74000000.0,-74000000.0,-0.264,-74000000.0,-74000000.0,-357000000.0,-4.43,-4.43,-4.43,826000000.0,1022250000.0,826000000.0,5474478039.0,-74.0,-73.979,-368000000.0,-4.542,1.0,38000000.0,0.136,0.0,283000000.0,11952000000.0,13146750000.0,0.0,5057000000.0,,,6445000000.0,,,744478039.0,-197000000.0,70000000.0,-106000000.0,-972000000.0,0.0,-1096000000.0,1267000000.0,1197000000.0,-368000000.0,0.0,-359000000.0,-359000000.0,-359000000.0,0.0,0.0,-1.282,112000000.0,-74000000.0,0.0,0.0,0.901,-2.074,-2.099,0.0,0.0,9.3,2.659,2.691,249000000.0,607000000.0,280000000.0,280000000.0,0.0,-0.044,-0.351,-0.006,-0.264,0.0,101000000.0,1.0,80051402.0,81014285,81014285.0,3.456,7284000000.0,0.0,2000000.0,0.0,89.91,
7,MBI,MRT,2019-09-30,2019-09-30,2019-09-30,2021-08-04,-43000000.0,7606000000.0,8284500000.0,,,0.027,13.153,-1000000.0,81000000.0,81000000.0,-25000000.0,-152000000.0,,6.336,4811000000.0,,,4811000000.0,499000000.0,0.0,0.0,0.0,0.0,146000000.0,146000000.0,0.652,146000000.0,146000000.0,-146000000.0,-1.78,-1.78,-1.78,1035000000.0,1095500000.0,1035000000.0,5943302338.0,41.0,40.708,-412000000.0,-5.236,1.0,249000000.0,1.112,0.0,292000000.0,12336000000.0,13372000000.0,0.0,5097000000.0,,,6558000000.0,,,782302338.0,-98000000.0,70000000.0,-125000000.0,-1117000000.0,0.0,-1260000000.0,1574000000.0,1505000000.0,-411000000.0,-1000000.0,-152000000.0,-152000000.0,-152000000.0,0.0,0.0,-0.679,103000000.0,146000000.0,0.0,0.0,0.756,-5.147,-5.185,0.0,0.0,9.23,3.492,3.242,273000000.0,850000000.0,224000000.0,224000000.0,0.0,-0.018,-0.139,0.011,0.652,0.0,91000000.0,1.0,84756483.0,78686542,78686542.0,2.847,7606000000.0,0.0,6000000.0,0.0,96.662,
8,MBI,MRT,2019-06-30,2019-06-30,2019-06-30,2021-08-04,-4000000.0,8647000000.0,8473250000.0,,,0.019,12.341,-1000000.0,478000000.0,478000000.0,34000000.0,-280000000.0,,7.302,5639000000.0,,,5639000000.0,520000000.0,0.0,0.0,0.0,0.0,18000000.0,18000000.0,0.115,18000000.0,18000000.0,-280000000.0,-3.28,-3.28,-3.28,1040000000.0,1113750000.0,1040000000.0,6552580017.0,364.0,364.032,-251000000.0,-2.978,1.0,123000000.0,0.783,0.0,298000000.0,13808000000.0,13641000000.0,0.0,5921000000.0,,,7594000000.0,,,839580017.0,281000000.0,70000000.0,-87000000.0,-904000000.0,0.0,-1006000000.0,1538000000.0,1490000000.0,-250000000.0,-1000000.0,-280000000.0,-280000000.0,-280000000.0,0.0,0.0,-1.783,105000000.0,18000000.0,0.0,0.0,0.807,-2.999,-2.838,0.0,0.0,9.31,5.348,4.997,281000000.0,779000000.0,157000000.0,157000000.0,0.0,-0.033,-0.251,0.001,0.115,0.0,87000000.0,1.0,90180453.0,84275261,84275261.0,1.863,8647000000.0,0.0,0.0,0.0,102.604,
9,MBI,MRT,2019-03-31,2019-03-31,2019-03-31,2021-08-04,-74000000.0,8778000000.0,8486250000.0,,,0.016,13.886,-1000000.0,163000000.0,163000000.0,-47000000.0,-219000000.0,,6.378,5876000000.0,,,5876000000.0,544000000.0,0.0,0.0,0.0,0.0,77000000.0,77000000.0,0.554,77000000.0,77000000.0,-219000000.0,-2.47,-2.47,-2.47,1188000000.0,1129500000.0,1188000000.0,5599207361.0,73.0,72.717,-289000000.0,-3.378,1.0,186000000.0,1.338,0.0,296000000.0,14491000000.0,13683750000.0,0.0,6477000000.0,,,7577000000.0,,,853207361.0,22000000.0,65000000.0,-39000000.0,-776000000.0,0.0,-832000000.0,1143000000.0,1088000000.0,-288000000.0,-1000000.0,-219000000.0,-219000000.0,-219000000.0,0.0,0.0,-1.576,109000000.0,77000000.0,0.0,0.0,0.718,-3.896,-3.854,0.0,0.0,9.52,6.138,5.86,293000000.0,949000000.0,139000000.0,139000000.0,0.0,-0.026,-0.194,0.006,0.554,0.0,89000000.0,1.0,89622622.0,85554236,85554236.0,1.625,8778000000.0,0.0,0.0,0.0,102.602,
10,MBI,MRT,2018-12-31,2018-12-31,2018-12-31,2021-08-04,-156000000.0,8107000000.0,8515000000.0,,,0.019,12.571,-1000000.0,280000000.0,280000000.0,63000000.0,-296000000.0,,6.233,5026000000.0,,,5026000000.0,587000000.0,0.0,0.0,0.0,0.0,-3000000.0,-3000000.0,-0.019,-3000000.0,-3000000.0,-296000000.0,-3.33,-3.33,-3.33,1119000000.0,1144500000.0,1119000000.0,5859955951.0,-1953.0,-1953.319,-320000000.0,-3.595,1.0,99000000.0,0.611,0.0,293000000.0,12853000000.0,13632500000.0,0.0,5709000000.0,,,6975000000.0,,,808955951.0,134000000.0,-7000000.0,-44000000.0,-683000000.0,0.0,-752000000.0,1206000000.0,1214000000.0,-319000000.0,-1000000.0,-296000000.0,-296000000.0,-296000000.0,0.0,0.0,-1.827,102000000.0,-3000000.0,0.0,0.0,0.723,-2.733,-2.679,0.0,0.0,8.92,4.994,4.901,296000000.0,966000000.0,162000000.0,162000000.0,0.0,-0.035,-0.259,0.0,-0.019,0.0,82000000.0,1.0,90690129.0,89013711,89013711.0,1.82,8107000000.0,0.0,0.0,0.0,91.076,
11,MBI,MRT,2018-09-30,2018-09-30,2018-09-30,2021-08-04,-206000000.0,8361000000.0,8762000000.0,,,0.05,12.381,0.0,179000000.0,179000000.0,391000000.0,-326000000.0,,6.535,5230000000.0,,,5230000000.0,609000000.0,0.0,0.0,0.0,0.0,-58000000.0,-58000000.0,-0.132,-58000000.0,-58000000.0,-345000000.0,-4.38,-4.38,-4.38,1108000000.0,1218000000.0,1108000000.0,6249469034.0,-108.0,-107.749,-282000000.0,-3.151,1.0,50000000.0,0.113,0.0,287000000.0,13412000000.0,14034500000.0,0.0,6102000000.0,,,7241000000.0,,,969469034.0,43000000.0,-7000000.0,-247000000.0,-603000000.0,0.0,-885000000.0,1212000000.0,1219000000.0,-282000000.0,-2000000.0,-326000000.0,-326000000.0,-326000000.0,0.0,0.0,-0.739,108000000.0,-58000000.0,0.0,0.0,0.875,-2.974,-2.441,0.0,0.0,10.69,2.198,2.169,306000000.0,973000000.0,441000000.0,441000000.0,0.0,-0.037,-0.268,-0.004,-0.132,0.0,91000000.0,1.0,90689339.0,89490267,89490267.0,4.928,8361000000.0,0.0,-19000000.0,0.0,93.429,
12,MBI,MRT,2018-06-30,2018-06-30,2018-06-30,2021-08-04,-255000000.0,8699000000.0,9057750000.0,,,0.041,12.375,-1000000.0,197000000.0,197000000.0,550000000.0,-548000000.0,,6.876,5477000000.0,,,5477000000.0,678000000.0,0.0,0.0,0.0,0.0,-291000000.0,-291000000.0,-0.789,-291000000.0,-291000000.0,-573000000.0,-6.05,-6.05,-6.05,1103000000.0,1368000000.0,1103000000.0,6210950156.0,-21.0,-21.343,-320000000.0,-3.59,1.0,-181000000.0,-0.491,0.0,282000000.0,13979000000.0,14456750000.0,0.0,6512000000.0,,,7584000000.0,,,817950156.0,33000000.0,-7000000.0,-266000000.0,-423000000.0,0.0,-742000000.0,1096000000.0,1104000000.0,-319000000.0,-2000000.0,-548000000.0,-548000000.0,-548000000.0,0.0,0.0,-1.485,110000000.0,-291000000.0,0.0,0.0,0.742,-1.493,-1.494,0.0,0.0,9.04,2.217,2.184,349000000.0,1018000000.0,369000000.0,369000000.0,0.0,-0.061,-0.401,-0.02,-0.789,0.0,94000000.0,1.0,90481212.0,89131760,89131760.0,4.14,8699000000.0,0.0,-25000000.0,0.0,97.597,
13,MBI,MRT,2018-03-31,2018-03-31,2018-03-31,2021-08-04,-241000000.0,8893000000.0,9324750000.0,,,0.046,14.161,-1000000.0,141000000.0,141000000.0,661000000.0,-1631000000.0,,6.116,5534000000.0,,,5534000000.0,712000000.0,0.0,0.0,0.0,0.0,-359000000.0,-359000000.0,-0.837,-359000000.0,-359000000.0,-637000000.0,-14.19,-14.19,-14.19,1248000000.0,1578250000.0,1248000000.0,6187949760.0,-17.0,-17.237,-268000000.0,-3.041,1.0,-232000000.0,-0.541,0.0,278000000.0,14286000000.0,14804750000.0,0.0,7601000000.0,,,7633000000.0,,,821949760.0,-11000000.0,0.0,-314000000.0,-452000000.0,0.0,-823000000.0,1082000000.0,1074000000.0,-267000000.0,-3000000.0,-1631000000.0,-1631000000.0,-1631000000.0,0.0,0.0,-3.802,127000000.0,-359000000.0,0.0,0.0,0.659,-0.504,-0.653,0.0,0.0,9.26,1.916,1.902,368000000.0,1164000000.0,429000000.0,429000000.0,0.0,-0.175,-1.033,-0.024,-0.837,0.0,107000000.0,1.0,88763473.0,88131373,88131373.0,4.868,8893000000.0,0.0,994000000.0,0.0,100.906,
14,MBI,MRT,2017-12-31,2017-12-31,2017-12-31,2021-08-04,-19000000.0,9095000000.0,9855750000.0,,,0.044,11.881,-1000000.0,146000000.0,146000000.0,683000000.0,-1605000000.0,,5.428,5512000000.0,,,5512000000.0,752000000.0,0.0,0.0,0.0,0.0,-389000000.0,-389000000.0,-0.898,-389000000.0,-389000000.0,-661000000.0,-13.5,-13.5,-13.5,1413000000.0,2069750000.0,1413000000.0,6228814499.0,-16.0,-16.012,-653000000.0,-5.491,1.0,-250000000.0,-0.577,0.0,272000000.0,14461000000.0,15392250000.0,0.0,7813000000.0,,,7670000000.0,,,671814499.0,-41000000.0,18000000.0,-330000000.0,-197000000.0,0.0,-589000000.0,1202000000.0,1204000000.0,-652000000.0,-2000000.0,-1605000000.0,-1605000000.0,-1605000000.0,0.0,0.0,-3.707,139000000.0,-389000000.0,0.0,0.0,0.475,-0.419,-0.542,0.0,0.0,7.32,1.552,2.011,369000000.0,1095000000.0,433000000.0,433000000.0,0.0,-0.163,-0.775,-0.025,-0.898,0.0,116000000.0,1.0,91777937.0,118930282,118930282.0,3.641,9095000000.0,0.0,944000000.0,0.0,76.473,
15,MBI,MRT,2017-09-30,2017-09-30,2017-09-30,2021-08-04,15000000.0,9544000000.0,10366250000.0,,,0.012,13.89,-1000000.0,136000000.0,136000000.0,540000000.0,-1833000000.0,,4.581,5693000000.0,,,5693000000.0,808000000.0,0.0,0.0,0.0,0.0,-584000000.0,-584000000.0,-4.748,-584000000.0,-584000000.0,-841000000.0,-14.49,-14.49,-14.49,1708000000.0,2523250000.0,1708000000.0,6698602924.0,-11.0,-11.47,-715000000.0,-5.815,1.0,-417000000.0,-3.39,0.0,257000000.0,15101000000.0,15894750000.0,0.0,8143000000.0,,,7824000000.0,,,1094602924.0,-7000000.0,18000000.0,-99000000.0,-134000000.0,0.0,-306000000.0,1014000000.0,977000000.0,-714000000.0,-1000000.0,-1833000000.0,-1833000000.0,-1833000000.0,0.0,0.0,-14.902,167000000.0,-584000000.0,0.0,0.0,0.641,-0.597,-0.6,0.0,0.0,8.7,8.899,8.698,382000000.0,1132000000.0,123000000.0,123000000.0,0.0,-0.177,-0.726,-0.037,-4.748,0.0,134000000.0,1.0,125816428.0,122967924,122967924.0,1.0,9544000000.0,0.0,992000000.0,0.0,77.614,
16,MBI,MRT,2017-06-30,2017-06-30,2017-06-30,2021-08-04,-39000000.0,9767000000.0,10927000000.0,,,0.027,15.471,-1000000.0,164000000.0,164000000.0,385000000.0,-1535000000.0,,4.018,5768000000.0,,,5768000000.0,861000000.0,0.0,0.0,0.0,0.0,-272000000.0,-272000000.0,-0.928,-272000000.0,-272000000.0,-513000000.0,-12.09,-12.09,-12.09,1944000000.0,3010750000.0,1944000000.0,6839509623.0,-25.0,-25.145,-674000000.0,-5.364,1.0,-92000000.0,-0.314,0.0,241000000.0,15371000000.0,16424250000.0,0.0,8500000000.0,,,7811000000.0,,,1220509623.0,-368000000.0,18000000.0,-80000000.0,-178000000.0,0.0,-323000000.0,627000000.0,563000000.0,-673000000.0,1000000.0,-1535000000.0,-1535000000.0,-1535000000.0,0.0,0.0,-5.239,180000000.0,-272000000.0,0.0,0.0,0.628,-0.795,-0.78,0.0,0.0,9.43,4.166,4.044,384000000.0,1399000000.0,293000000.0,293000000.0,0.0,-0.14,-0.51,-0.017,-0.928,0.0,145000000.0,1.0,129428380.0,125653189,125653189.0,2.332,9767000000.0,0.0,1022000000.0,0.0,77.73,
17,MBI,MRT,2017-03-31,2017-03-31,2017-03-31,2021-08-04,-31000000.0,11017000000.0,11501250000.0,,,0.029,24.459,-1000000.0,152000000.0,152000000.0,292000000.0,-333000000.0,,2.424,5771000000.0,,,5771000000.0,913000000.0,0.0,0.0,0.0,0.0,-133000000.0,-133000000.0,-0.392,-133000000.0,-133000000.0,-358000000.0,-2.51,-2.51,-2.51,3214000000.0,3436250000.0,3214000000.0,6472352288.0,-49.0,-48.664,-676000000.0,-5.145,1.0,47000000.0,0.139,0.0,225000000.0,16636000000.0,16884500000.0,0.0,8653000000.0,,,7791000000.0,,,1138352288.0,-107000000.0,10000000.0,-43000000.0,-235000000.0,0.0,-349000000.0,921000000.0,882000000.0,-675000000.0,-4000000.0,-333000000.0,-333000000.0,-333000000.0,0.0,0.0,-0.982,180000000.0,-133000000.0,0.0,0.0,0.354,-3.418,-3.375,0.0,0.0,8.47,3.358,3.283,408000000.0,2628000000.0,339000000.0,339000000.0,0.0,-0.029,-0.097,-0.008,-0.392,0.0,143000000.0,1.0,134398145.0,131402465,131402465.0,2.58,11017000000.0,1019000000.0,-25000000.0,0.0,83.842,
18,MBI,MRT,2016-12-31,2016-12-31,2016-12-31,2021-08-04,-128000000.0,11137000000.0,11934750000.0,,,0.025,24.263,-1000000.0,187000000.0,187000000.0,220000000.0,-338000000.0,,2.447,5521000000.0,,,5521000000.0,958000000.0,0.0,0.0,0.0,0.0,-117000000.0,-117000000.0,-0.398,-117000000.0,-117000000.0,-339000000.0,-2.54,-2.54,-2.54,3227000000.0,3539500000.0,3227000000.0,6884437078.0,-59.0,-58.841,-150000000.0,-1.128,1.0,74000000.0,0.252,0.0,222000000.0,16471000000.0,17458500000.0,0.0,8248000000.0,,,7898000000.0,,,1452437078.0,-262000000.0,1000000.0,-110000000.0,-2354000000.0,0.0,-2535000000.0,2424000000.0,2383000000.0,-149000000.0,-2000000.0,-338000000.0,-338000000.0,-338000000.0,0.0,0.0,-1.15,191000000.0,-117000000.0,0.0,0.0,0.45,-4.297,-4.213,0.0,0.0,10.7,4.94,4.841,409000000.0,2700000000.0,294000000.0,294000000.0,0.0,-0.028,-0.095,-0.007,-0.398,0.0,151000000.0,1.0,135741783.0,133001088,133001088.0,2.211,11137000000.0,970000000.0,-1000000.0,0.0,83.736,
19,MBI,MRT,2016-09-30,2016-09-30,2016-09-30,2021-08-04,35000000.0,11787000000.0,12859500000.0,,,0.051,27.789,-1000000.0,216000000.0,216000000.0,193000000.0,8000000.0,,2.219,5648000000.0,,,5648000000.0,1344000000.0,0.0,0.0,0.0,0.0,266000000.0,266000000.0,0.409,266000000.0,266000000.0,38000000.0,-0.05,-0.04,-0.05,3658000000.0,3665000000.0,3658000000.0,6204719779.0,23.0,23.326,-225000000.0,-1.709,1.0,457000000.0,0.703,0.0,228000000.0,17219000000.0,19023750000.0,0.0,9066000000.0,,,8117000000.0,,,1056719779.0,-276000000.0,1000000.0,-113000000.0,-2358000000.0,0.0,-2542000000.0,2510000000.0,2475000000.0,-224000000.0,-20000000.0,8000000.0,8000000.0,8000000.0,0.0,0.0,0.012,191000000.0,266000000.0,0.0,0.0,0.289,132.09,-155.8,0.0,0.0,7.79,1.626,1.578,707000000.0,2965000000.0,650000000.0,650000000.0,0.0,0.001,0.002,0.014,0.409,0.0,148000000.0,1.0,135650806.0,131633411,132042067.0,4.938,11787000000.0,963000000.0,30000000.0,0.0,89.544,
20,MBI,MRT,2016-06-30,2016-06-30,2016-06-30,2021-08-04,58000000.0,12064000000.0,13675500000.0,,,0.039,27.48,-1000000.0,605000000.0,605000000.0,182000000.0,-58000000.0,,2.306,5753000000.0,,,5753000000.0,1418000000.0,0.0,0.0,0.0,0.0,162000000.0,162000000.0,0.301,162000000.0,162000000.0,-72000000.0,-0.51,-0.5,-0.51,3646000000.0,3676000000.0,3646000000.0,7118628547.0,44.0,43.942,-24000000.0,-0.181,1.0,357000000.0,0.662,0.0,234000000.0,17212000000.0,20500250000.0,0.0,9018000000.0,,,8406000000.0,,,937628547.0,38000000.0,1000000.0,-236000000.0,-2389000000.0,0.0,-2717000000.0,2785000000.0,2787000000.0,-23000000.0,-7000000.0,-58000000.0,-58000000.0,-58000000.0,0.0,0.0,-0.108,195000000.0,162000000.0,0.0,0.0,0.257,-16.166,-13.392,0.0,0.0,6.83,1.74,1.681,716000000.0,2933000000.0,539000000.0,539000000.0,0.0,-0.004,-0.016,0.008,0.301,0.0,151000000.0,1.0,137280900.0,132677066,132677066.0,4.062,12064000000.0,966000000.0,-14000000.0,0.0,90.928,
21,MBI,MRT,2016-03-31,2016-03-31,2016-03-31,2021-08-04,5000000.0,12751000000.0,14537000000.0,,,0.046,26.705,-2000000.0,332000000.0,332000000.0,151000000.0,33000000.0,,2.512,6513000000.0,,,6513000000.0,1510000000.0,0.0,0.0,0.0,0.0,315000000.0,315000000.0,0.473,315000000.0,315000000.0,75000000.0,0.05,0.06,0.05,3627000000.0,3721750000.0,3627000000.0,9123917531.0,29.0,28.965,-7000000.0,-0.052,1.0,515000000.0,0.773,0.0,240000000.0,18932000000.0,22120750000.0,0.0,10011000000.0,,,9112000000.0,,,1208917531.0,-295000000.0,9000000.0,-327000000.0,-2387000000.0,0.0,-2806000000.0,2511000000.0,2419000000.0,-5000000.0,5000000.0,33000000.0,33000000.0,33000000.0,0.0,0.0,0.05,200000000.0,315000000.0,0.0,0.0,0.333,36.634,177.0,0.0,0.0,8.85,1.815,1.805,747000000.0,2960000000.0,666000000.0,666000000.0,0.0,0.002,0.009,0.014,0.473,0.0,153000000.0,1.0,136600851.0,135814835,135814835.0,4.904,12751000000.0,939000000.0,42000000.0,0.0,93.885,
22,MBI,MRT,2015-12-31,2015-12-31,2015-12-31,2021-08-04,-61000000.0,14836000000.0,15328000000.0,,,0.056,22.747,-3000000.0,522000000.0,522000000.0,123000000.0,180000000.0,,2.975,8418000000.0,,,8418000000.0,1591000000.0,0.0,0.0,0.0,0.0,527000000.0,527000000.0,0.618,527000000.0,527000000.0,289000000.0,1.06,1.06,1.06,3729000000.0,3794750000.0,3729000000.0,9065151089.0,17.0,17.201,-57000000.0,-0.348,1.0,730000000.0,0.856,0.0,238000000.0,22732000000.0,23427000000.0,0.0,11659000000.0,,,11095000000.0,,,991151089.0,-260000000.0,7000000.0,-304000000.0,-619000000.0,0.0,-1015000000.0,817000000.0,797000000.0,-54000000.0,-8000000.0,180000000.0,180000000.0,180000000.0,0.0,0.0,0.211,203000000.0,527000000.0,0.0,0.0,0.266,5.506,6.113,0.0,0.0,6.48,1.162,1.245,792000000.0,3038000000.0,853000000.0,853000000.0,0.0,0.012,0.047,0.022,0.618,0.0,153000000.0,1.0,152955415.0,163936318,164869788.0,5.203,14836000000.0,951000000.0,109000000.0,0.0,90.499,
23,MBI,MRT,2015-09-30,2015-09-30,2015-09-30,2021-08-04,-10000000.0,15051000000.0,15690000000.0,,,0.049,23.847,-7000000.0,492000000.0,492000000.0,130000000.0,118000000.0,,3.062,8566000000.0,,,8566000000.0,1699000000.0,0.0,0.0,0.0,0.0,423000000.0,423000000.0,0.549,423000000.0,423000000.0,184000000.0,0.61,0.64,0.61,3702000000.0,3844750000.0,3702000000.0,9210051631.0,22.0,21.773,52000000.0,0.335,1.0,641000000.0,0.831,0.0,239000000.0,23125000000.0,23710000000.0,0.0,11957000000.0,,,11337000000.0,,,1026051631.0,-59000000.0,26000000.0,-309000000.0,-535000000.0,0.0,-1024000000.0,898000000.0,850000000.0,59000000.0,8000000.0,118000000.0,118000000.0,118000000.0,0.0,0.0,0.153,218000000.0,423000000.0,0.0,0.0,0.277,8.695,9.967,0.0,0.0,6.08,1.331,1.224,789000000.0,2956000000.0,771000000.0,771000000.0,0.0,0.008,0.031,0.018,0.549,0.0,168000000.0,1.0,168758492.0,155239723,155239723.0,4.967,15051000000.0,996000000.0,66000000.0,0.0,96.953,
24,MBI,MRT,2015-06-30,2015-06-30,2015-06-30,2021-08-04,-36000000.0,15510000000.0,15977500000.0,,,0.061,22.243,-12000000.0,567000000.0,567000000.0,111000000.0,326000000.0,,3.048,8751000000.0,,,8751000000.0,1800000000.0,0.0,0.0,0.0,0.0,629000000.0,629000000.0,0.648,629000000.0,629000000.0,387000000.0,1.74,1.67,1.74,3829000000.0,3889500000.0,3829000000.0,9333830227.0,15.0,14.839,85000000.0,0.494,1.0,859000000.0,0.886,0.0,242000000.0,23694000000.0,24054250000.0,0.0,12221000000.0,,,11669000000.0,,,1091830227.0,22000000.0,247000000.0,-209000000.0,-471000000.0,0.0,-834000000.0,774000000.0,482000000.0,97000000.0,-15000000.0,326000000.0,326000000.0,326000000.0,0.0,0.0,0.336,230000000.0,629000000.0,0.0,0.0,0.285,3.349,3.454,0.0,0.0,6.01,1.126,1.067,828000000.0,2991000000.0,970000000.0,970000000.0,0.0,0.02,0.084,0.026,0.648,0.0,178000000.0,1.0,181668923.0,172146651,173154319.0,5.635,15510000000.0,992000000.0,61000000.0,0.0,90.098,
25,MBI,MRT,2015-03-31,2015-03-31,2015-03-31,2021-08-04,22000000.0,15915000000.0,16106000000.0,,,0.057,21.564,-13000000.0,627000000.0,627000000.0,77000000.0,382000000.0,,3.056,8869000000.0,,,8869000000.0,1874000000.0,0.0,0.0,0.0,0.0,595000000.0,595000000.0,0.652,595000000.0,595000000.0,350000000.0,1.99,1.76,1.99,3919000000.0,3879000000.0,3919000000.0,9306669341.0,16.0,15.641,69000000.0,0.38,1.0,835000000.0,0.916,0.0,245000000.0,24157000000.0,24146250000.0,0.0,12486000000.0,,,11975000000.0,,,1726669341.0,-51000000.0,247000000.0,-107000000.0,-571000000.0,0.0,-836000000.0,722000000.0,475000000.0,82000000.0,-19000000.0,382000000.0,382000000.0,382000000.0,0.0,0.0,0.419,240000000.0,595000000.0,0.0,0.0,0.441,4.52,4.673,0.0,0.0,9.3,1.893,1.853,848000000.0,2927000000.0,912000000.0,912000000.0,0.0,0.024,0.098,0.025,0.652,0.0,193000000.0,1.0,185663370.0,181735876,182736415.0,5.018,15915000000.0,969000000.0,-32000000.0,0.0,87.572,
26,MBI,MRT,2014-12-31,2014-12-31,2014-12-31,2021-08-04,21000000.0,16284000000.0,16149000000.0,,,0.079,20.88,-13000000.0,782000000.0,782000000.0,133000000.0,569000000.0,,3.139,8362000000.0,,,8362000000.0,1986000000.0,0.0,0.0,0.0,0.0,890000000.0,890000000.0,0.701,890000000.0,890000000.0,641000000.0,2.94,2.76,2.94,3929000000.0,3800250000.0,3929000000.0,10144101908.0,11.0,11.398,-346000000.0,-1.839,1.0,1137000000.0,0.895,0.0,249000000.0,23864000000.0,24158000000.0,0.0,11818000000.0,,,12334000000.0,,,1843101908.0,-421000000.0,239000000.0,-32000000.0,-698000000.0,0.0,-892000000.0,812000000.0,441000000.0,-333000000.0,-8000000.0,569000000.0,569000000.0,569000000.0,0.0,0.0,0.448,247000000.0,890000000.0,0.0,0.0,0.469,3.239,3.245,0.0,0.0,9.54,1.451,1.414,875000000.0,2858000000.0,1270000000.0,1270000000.0,0.0,0.035,0.15,0.037,0.701,0.0,203000000.0,1.0,193197265.0,188171503,190898627.0,6.749,16284000000.0,1028000000.0,72000000.0,0.0,86.538,
27,MBI,MRT,2014-09-30,2014-09-30,2014-09-30,2021-08-04,-14000000.0,16201000000.0,16316250000.0,,,0.093,20.742,-10000000.0,606000000.0,606000000.0,107000000.0,681000000.0,,3.169,8907000000.0,,,8907000000.0,2125000000.0,0.0,0.0,0.0,0.0,1157000000.0,1157000000.0,0.765,1157000000.0,1157000000.0,901000000.0,3.53,3.29,3.53,3881000000.0,3637500000.0,3881000000.0,9811530302.0,8.0,8.48,436000000.0,2.33,1.0,1406000000.0,0.929,0.0,256000000.0,24502000000.0,24394500000.0,0.0,12548000000.0,,,12299000000.0,,,1773530302.0,-497000000.0,220000000.0,-23000000.0,-963000000.0,0.0,-1096000000.0,154000000.0,-212000000.0,446000000.0,-1000000.0,681000000.0,681000000.0,681000000.0,0.0,0.0,0.45,249000000.0,1157000000.0,39000000.0,0.0,0.457,2.604,2.601,0.0,0.0,9.18,1.172,1.135,936000000.0,2838000000.0,1513000000.0,1513000000.0,0.0,0.042,0.187,0.047,0.765,0.0,208000000.0,1.0,193195022.0,187104785,188424318.0,8.086,16201000000.0,1047000000.0,220000000.0,0.0,86.588,
28,MBI,MRT,2014-06-30,2014-06-30,2014-06-30,2021-08-04,56000000.0,16024000000.0,16674250000.0,,,0.098,20.019,-5000000.0,600000000.0,600000000.0,185000000.0,640000000.0,,3.226,8638000000.0,,,8638000000.0,2251000000.0,0.0,0.0,0.0,0.0,1187000000.0,1187000000.0,0.723,1187000000.0,1187000000.0,924000000.0,3.31,3.01,3.31,3787000000.0,3462250000.0,3787000000.0,10272115993.0,9.0,8.654,257000000.0,1.359,1.0,1457000000.0,0.887,0.0,263000000.0,24062000000.0,24745500000.0,0.0,12324000000.0,,,12216000000.0,,,2155115993.0,-406000000.0,-1000000.0,0.0,-1128000000.0,0.0,-1253000000.0,571000000.0,437000000.0,262000000.0,14000000.0,640000000.0,640000000.0,640000000.0,0.0,0.0,0.39,270000000.0,1187000000.0,0.0,0.0,0.569,3.367,3.335,0.0,0.0,11.04,1.312,1.272,975000000.0,2665000000.0,1642000000.0,1642000000.0,0.0,0.038,0.185,0.048,0.723,0.0,233000000.0,1.0,195209782.0,189169042,192906871.0,8.68,16024000000.0,986000000.0,284000000.0,0.0,84.707,
29,MBI,MRT,2014-03-31,2014-03-31,2014-03-31,2021-08-04,-13000000.0,16087000000.0,17198750000.0,,,0.091,19.065,-4000000.0,733000000.0,733000000.0,361000000.0,342000000.0,,3.458,8850000000.0,,,8850000000.0,2337000000.0,0.0,0.0,0.0,0.0,878000000.0,878000000.0,0.56,878000000.0,878000000.0,605000000.0,1.76,1.62,1.76,3604000000.0,3269500000.0,3604000000.0,10546712853.0,12.0,12.012,1479000000.0,7.824,1.0,1206000000.0,0.77,0.0,273000000.0,24204000000.0,25400750000.0,0.0,12278000000.0,,,12462000000.0,,,2689712853.0,-201000000.0,-27000000.0,0.0,-1340000000.0,0.0,-1577000000.0,-119000000.0,-233000000.0,1483000000.0,12000000.0,342000000.0,342000000.0,342000000.0,0.0,0.0,0.218,328000000.0,878000000.0,0.0,0.0,0.746,7.865,7.949,0.0,0.0,13.99,1.716,1.688,1009000000.0,2545000000.0,1567000000.0,1567000000.0,0.0,0.02,0.105,0.035,0.56,0.0,288000000.0,1.0,192259675.0,189033982,190263748.0,8.29,16087000000.0,917000000.0,263000000.0,0.0,85.101,
30,MBI,MRT,2013-12-31,2013-12-31,2013-12-31,2021-08-04,-86000000.0,16953000000.0,18575000000.0,,,0.065,17.337,-3000000.0,1258000000.0,1258000000.0,117000000.0,250000000.0,,4.165,9115000000.0,,,9115000000.0,2441000000.0,0.0,0.0,0.0,0.0,697000000.0,697000000.0,0.577,697000000.0,697000000.0,416000000.0,1.3,1.29,1.3,3278000000.0,3190500000.0,3278000000.0,10568438278.0,15.0,15.163,1826000000.0,9.658,1.0,1092000000.0,0.903,0.0,281000000.0,24810000000.0,27312250000.0,0.0,12330000000.0,,,13654000000.0,,,2295438278.0,268000000.0,-26000000.0,0.0,-1312000000.0,0.0,-1566000000.0,-6000000.0,-99000000.0,1829000000.0,11000000.0,250000000.0,250000000.0,250000000.0,0.0,0.0,0.207,395000000.0,697000000.0,0.0,0.0,0.7,9.182,9.185,0.0,0.0,11.94,1.899,1.867,1051000000.0,2289000000.0,1209000000.0,1209000000.0,0.0,0.013,0.078,0.026,0.577,0.0,349000000.0,1.0,192247762.0,189071011,190312913.0,6.394,16953000000.0,1109000000.0,166000000.0,0.0,89.665,
31,MBI,MRT,2013-09-30,2013-09-30,2013-09-30,2021-08-04,-50000000.0,17633000000.0,19767750000.0,,,0.075,16.831,-4000000.0,1103000000.0,1103000000.0,-188000000.0,754000000.0,,4.538,9376000000.0,,,9376000000.0,2544000000.0,0.0,0.0,0.0,0.0,1256000000.0,1256000000.0,0.847,1256000000.0,1256000000.0,961000000.0,3.85,3.68,3.85,3180000000.0,3164250000.0,3180000000.0,10535102619.0,8.0,8.388,957000000.0,5.065,1.0,1671000000.0,1.127,0.0,295000000.0,25906000000.0,29142750000.0,0.0,12906000000.0,,,14432000000.0,,,1974102619.0,662000000.0,-26000000.0,0.0,-1423000000.0,0.0,-1692000000.0,1386000000.0,1338000000.0,961000000.0,7000000.0,754000000.0,754000000.0,754000000.0,0.0,0.0,0.508,415000000.0,1256000000.0,0.0,0.0,0.621,2.618,2.657,37000000.0,0.0,10.23,1.331,1.303,1085000000.0,2157000000.0,1483000000.0,1483000000.0,0.0,0.038,0.238,0.043,0.847,0.0,365000000.0,1.0,192971908.0,188931800,192581064.0,7.849,17633000000.0,1243000000.0,207000000.0,0.0,93.33,
32,MBI,MRT,2013-06-30,2013-06-30,2013-06-30,2021-08-04,-86000000.0,18122000000.0,20892500000.0,,,0.064,15.944,-4000000.0,1006000000.0,1006000000.0,-115000000.0,629000000.0,,5.002,9567000000.0,,,9567000000.0,2640000000.0,0.0,0.0,0.0,0.0,1041000000.0,1041000000.0,0.775,1041000000.0,1041000000.0,733000000.0,3.21,3.2,3.21,3016000000.0,3010500000.0,3016000000.0,12826361954.0,12.0,12.321,930000000.0,4.916,1.0,1459000000.0,1.086,0.0,308000000.0,26683000000.0,30971250000.0,0.0,13233000000.0,,,15085000000.0,,,2568361954.0,592000000.0,-26000000.0,0.0,-977000000.0,0.0,-1839000000.0,1497000000.0,1422000000.0,934000000.0,0.0,629000000.0,629000000.0,629000000.0,0.0,0.0,0.468,418000000.0,1041000000.0,0.0,0.0,0.852,4.083,4.146,67000000.0,0.0,13.31,1.911,1.873,1106000000.0,2025000000.0,1344000000.0,1344000000.0,0.0,0.03,0.209,0.034,0.775,0.0,369000000.0,1.0,192964835.0,189163527,189163527.0,7.105,18122000000.0,1287000000.0,104000000.0,0.0,95.801,
33,MBI,MRT,2013-03-31,2013-03-31,2013-03-31,2021-08-04,9000000.0,21592000000.0,21935750000.0,,,0.104,17.387,-6000000.0,934000000.0,934000000.0,-241000000.0,1388000000.0,,5.561,11192000000.0,,,11192000000.0,2774000000.0,0.0,0.0,0.0,0.0,2114000000.0,2114000000.0,0.931,2114000000.0,2114000000.0,1792000000.0,7.14,7.12,7.14,3288000000.0,2882250000.0,3288000000.0,12317578003.0,6.0,5.827,-878000000.0,-4.643,1.0,2512000000.0,1.106,0.0,322000000.0,31850000000.0,32721000000.0,0.0,13876000000.0,,,18283000000.0,,,1979578003.0,79000000.0,-51000000.0,0.0,-1657000000.0,0.0,-2357000000.0,3308000000.0,3627000000.0,-872000000.0,0.0,1388000000.0,1388000000.0,1388000000.0,0.0,0.0,0.611,398000000.0,2114000000.0,0.0,0.0,0.602,1.426,1.438,68000000.0,0.0,10.27,0.872,0.855,1161000000.0,2203000000.0,2271000000.0,2271000000.0,0.0,0.063,0.482,0.065,0.931,0.0,345000000.0,1.0,192753457.0,189111170,190219197.0,12.009,21592000000.0,1146000000.0,404000000.0,0.0,114.176,
34,MBI,MRT,2012-12-31,2012-12-31,2012-12-31,2021-08-04,56000000.0,21724000000.0,23069250000.0,,,0.106,16.803,-7000000.0,990000000.0,990000000.0,50000000.0,1234000000.0,,5.84,11398000000.0,,,11398000000.0,2938000000.0,0.0,0.0,0.0,0.0,1937000000.0,1937000000.0,0.795,1937000000.0,1937000000.0,1598000000.0,6.36,6.33,6.36,3173000000.0,2524750000.0,3173000000.0,12608794379.0,7.0,6.509,-1034000000.0,-5.476,1.0,2385000000.0,0.979,0.0,339000000.0,32132000000.0,34566250000.0,0.0,14018000000.0,,,18530000000.0,,,1520794379.0,357000000.0,-51000000.0,0.0,-2158000000.0,0.0,-2811000000.0,4195000000.0,4538000000.0,-1027000000.0,0.0,1234000000.0,1234000000.0,1234000000.0,0.0,0.0,0.507,448000000.0,1937000000.0,0.0,0.0,0.479,1.232,1.234,69000000.0,0.0,7.85,0.625,0.609,1228000000.0,2039000000.0,2435000000.0,2435000000.0,0.0,0.053,0.489,0.056,0.795,0.0,398000000.0,1.0,193731768.0,188834626,189897021.0,12.895,21724000000.0,1199000000.0,364000000.0,0.0,115.042,
35,MBI,MRT,2012-09-30,2012-09-30,2012-09-30,2021-08-04,90000000.0,22132000000.0,24356500000.0,,,0.022,13.23,-7000000.0,441000000.0,441000000.0,46000000.0,-28000000.0,,7.62,11529000000.0,,,11529000000.0,3091000000.0,0.0,0.0,0.0,0.0,33000000.0,33000000.0,0.062,33000000.0,33000000.0,-315000000.0,-0.27,-0.28,-0.27,2565000000.0,2156500000.0,2565000000.0,13349722580.0,405.0,404.537,-2389000000.0,-12.322,1.0,490000000.0,0.914,0.0,348000000.0,33220000000.0,36697750000.0,0.0,14847000000.0,,,19545000000.0,,,1962722580.0,-798000000.0,-467000000.0,0.0,-1708000000.0,0.0,-2738000000.0,4322000000.0,5094000000.0,-2382000000.0,0.0,-28000000.0,-28000000.0,-28000000.0,0.0,0.0,-0.052,457000000.0,33000000.0,0.0,0.0,0.765,-70.097,-37.519,69000000.0,0.0,10.13,3.662,3.664,1280000000.0,1403000000.0,536000000.0,536000000.0,0.0,-0.001,-0.013,0.001,0.062,0.0,409000000.0,1.0,193753463.0,193879994,194977642.0,2.765,22132000000.0,1446000000.0,-287000000.0,0.0,114.153,
36,MBI,MRT,2012-06-30,2012-06-30,2012-06-30,2021-08-04,36000000.0,22295000000.0,26166000000.0,,,0.053,12.907,-7000000.0,414000000.0,414000000.0,65000000.0,409000000.0,,7.899,11801000000.0,,,11801000000.0,3208000000.0,0.0,0.0,0.0,0.0,843000000.0,843000000.0,0.613,843000000.0,843000000.0,487000000.0,1.96,1.94,1.96,2503000000.0,2103250000.0,2503000000.0,15200254963.0,18.0,18.031,-2743000000.0,-14.145,1.0,1310000000.0,0.953,0.0,356000000.0,33682000000.0,39140750000.0,0.0,15361000000.0,,,19770000000.0,,,2095254963.0,-947000000.0,-482000000.0,-25000000.0,-1976000000.0,0.0,-2422000000.0,4211000000.0,5027000000.0,-2736000000.0,0.0,409000000.0,409000000.0,409000000.0,0.0,0.0,0.297,467000000.0,843000000.0,0.0,0.0,0.837,5.123,5.515,70000000.0,0.0,10.81,1.524,1.525,1262000000.0,1396000000.0,1375000000.0,1375000000.0,0.0,0.016,0.194,0.022,0.613,0.0,415000000.0,1.0,193825621.0,193926953,194941233.0,7.09,22295000000.0,1396000000.0,78000000.0,0.0,114.966,
37,MBI,MRT,2012-03-31,2012-03-31,2012-03-31,2021-08-04,-26000000.0,26126000000.0,28509250000.0,,,0.015,9.603,-5000000.0,855000000.0,855000000.0,53000000.0,-35000000.0,,13.049,13960000000.0,,,13960000000.0,3381000000.0,-2000000.0,0.0,0.0,0.0,-95000000.0,-97000000.0,-0.224,-97000000.0,-95000000.0,-455000000.0,-0.34,-0.36,-0.34,1858000000.0,1947750000.0,1858000000.0,15677911199.0,-165.0,-161.628,-2319000000.0,-11.985,1.0,381000000.0,0.878,0.0,360000000.0,39231000000.0,42397750000.0,0.0,18447000000.0,,,24245000000.0,,,1892911199.0,-132000000.0,-432000000.0,-50000000.0,-1547000000.0,0.0,-2026000000.0,4208000000.0,4645000000.0,-2314000000.0,0.0,-35000000.0,-35000000.0,-35000000.0,0.0,0.0,-0.081,476000000.0,-95000000.0,35000000.0,0.0,1.019,-54.083,-28.824,68000000.0,0.0,9.8,4.362,4.369,1528000000.0,815000000.0,434000000.0,434000000.0,0.0,-0.001,-0.018,-0.002,-0.219,-1000000.0,416000000.0,1.0,193154204.0,193489424,194594974.0,2.243,26126000000.0,1635000000.0,-420000000.0,0.0,135.025,
38,MBI,MRT,2011-12-31,2011-12-31,2011-12-31,2021-08-04,-176000000.0,26873000000.0,30021015500.0,,,-0.052,8.831,-5000000.0,633000000.0,633000000.0,-80000000.0,-1319000000.0,,14.794,14418000000.0,,,14418000000.0,3515000000.0,0.0,0.0,0.0,0.0,-1877000000.0,-1877000000.0,1.206,-1877000000.0,-1877000000.0,-2239000000.0,-6.85,-6.85,-6.85,1700000000.0,1923022500.0,1700000000.0,15891815880.0,-8.0,-8.467,-2632000000.0,-13.672,1.0,-1477000000.0,0.949,0.0,362000000.0,40658000000.0,44675862250.0,0.0,19425000000.0,,,25150000000.0,,,2238815880.0,-497000000.0,-432000000.0,-50000000.0,-1381000000.0,0.0,-1877000000.0,4007000000.0,4444000000.0,-2627000000.0,0.0,-1319000000.0,-1319000000.0,-1319000000.0,0.0,0.0,0.847,400000000.0,-1877000000.0,0.0,0.0,1.317,-1.697,-1.692,69000000.0,0.0,11.59,-1.438,-1.433,1360000000.0,805000000.0,-1557000000.0,-1557000000.0,0.0,-0.044,-0.686,-0.042,1.206,0.0,337000000.0,1.0,193167893.0,192505045,192505045.0,-8.088,26873000000.0,1745000000.0,-920000000.0,0.0,139.596,
39,MBI,MRT,2011-09-30,2011-09-30,2011-09-30,2021-08-04,-148000000.0,29370000000.0,31372515500.0,,,0.015,12.024,-3000000.0,1239000000.0,1239000000.0,314000000.0,-242000000.0,,11.477,14892000000.0,,,14892000000.0,3656000000.0,-6000000.0,0.0,0.0,0.0,-249000000.0,-255000000.0,-0.537,-255000000.0,-249000000.0,-613000000.0,-1.19,-1.21,-1.19,2352000000.0,2206022500.0,2352000000.0,16503647749.0,-66.0,-64.72,-1727000000.0,-8.829,1.0,161000000.0,0.339,31000000.0,364000000.0,42992000000.0,46561362250.0,0.0,21898000000.0,,,26995000000.0,,,1430647749.0,-177000000.0,207000000.0,-50000000.0,-2251000000.0,0.0,-2414000000.0,3961000000.0,3591000000.0,-1724000000.0,0.0,-242000000.0,-242000000.0,-242000000.0,0.0,0.0,-0.509,410000000.0,-249000000.0,118000000.0,0.0,0.608,-5.912,-6.109,69000000.0,0.0,7.27,3.012,2.994,1536000000.0,1431000000.0,475000000.0,475000000.0,0.0,-0.008,-0.11,-0.005,-0.524,-1000000.0,341000000.0,1.0,196787861.0,195612615,196347502.0,2.428,29339000000.0,1298000000.0,-371000000.0,37000000.0,149.985,
40,MBI,MRT,2011-06-30,2011-06-30,2011-06-30,2021-08-04,-195000000.0,31668000000.0,32348069500.0,,,-0.026,9.438,-2000000.0,1361000000.0,1361000000.0,104000000.0,-899000000.0,,15.823,16434000000.0,,,16434000000.0,3810000000.0,-4000000.0,0.0,0.0,0.0,-1343000000.0,-1347000000.0,1.611,-1347000000.0,-1343000000.0,-1714000000.0,-4.52,-4.53,-4.52,1881000000.0,2245564500.0,1881000000.0,17937841255.0,-13.0,-13.317,-1461000000.0,-7.331,1.0,-940000000.0,1.124,31000000.0,371000000.0,46710000000.0,48108930250.0,0.0,23808000000.0,,,29763000000.0,,,1736083255.0,-134000000.0,246000000.0,-36000000.0,-3205000000.0,0.0,-3378000000.0,4703000000.0,4293000000.0,-1459000000.0,0.0,-899000000.0,-899000000.0,-899000000.0,0.0,0.0,1.075,403000000.0,-1343000000.0,304000000.0,0.0,0.923,-1.931,-1.923,70000000.0,0.0,8.69,-2.077,-2.072,1599000000.0,986000000.0,-836000000.0,-836000000.0,0.0,-0.028,-0.4,-0.028,1.606,-1000000.0,340000000.0,1.0,199779431.0,199295797,200064679.0,-4.195,31637000000.0,1574000000.0,-815000000.0,23000000.0,158.744,
41,MBI,MRT,2011-03-31,2011-03-31,2011-03-31,2021-08-04,-340781000.0,32173062000.0,32797127000.0,,,0.035,8.797,-2593000.0,987492000.0,987492000.0,-19000000.0,259000000.0,,17.282,17189250000.0,,,17189250000.0,4043152000.0,72000.0,0.0,0.0,0.0,777000000.0,777072000.0,0.68,777072000.0,777000000.0,401000000.0,1.13,1.11,1.13,1759090000.0,2438126750.0,1759090000.0,17956449849.0,23.0,23.108,-1197499000.0,-5.988,1.0,1162000000.0,1.017,31371000.0,376000000.0,48343449000.0,48998876250.0,0.0,24836296000.0,,,30400254000.0,,,2005489849.0,-241299000.0,247510000.0,-31000000.0,-3284372000.0,5000.0,-3215755000.0,4169362000.0,3771120000.0,-1194906000.0,0.0,259000000.0,259000000.0,259000000.0,0.0,0.0,0.227,385000000.0,777000000.0,106265000.0,0.0,1.14,7.743,8.885,70814000.0,0.0,10.04,1.755,1.757,1725351000.0,986806000.0,1143000000.0,1143000000.0,0.0,0.008,0.106,0.016,0.68,-13000.0,331000000.0,1.0,199749985.0,199972759,199972759.0,5.716,32141691000.0,1292699000.0,142000000.0,6362000.0,160.73,
42,MBI,MRT,2010-12-31,2010-12-31,2010-12-31,2021-08-04,-406000000.0,32279000000.0,33387079750.0,,,0.027,13.991,-2000000.0,1130000000.0,1130000000.0,232000000.0,53000000.0,,10.393,17082000000.0,,,17082000000.0,4155000000.0,0.0,0.0,0.0,0.0,289000000.0,289000000.0,0.323,289000000.0,289000000.0,-95000000.0,0.26,0.26,0.26,2832000000.0,2336995250.0,2832000000.0,18337721782.0,63.0,63.452,-948000000.0,-4.683,1.0,662000000.0,0.74,31000000.0,384000000.0,48200000000.0,50016789000.0,0.0,25267000000.0,,,29433000000.0,,,2396294782.0,327000000.0,727000000.0,-31000000.0,-3491000000.0,-1000000.0,-3505000000.0,4778000000.0,3887000000.0,-946000000.0,0.0,53000000.0,53000000.0,53000000.0,0.0,0.0,0.059,373000000.0,289000000.0,73000000.0,0.0,0.846,45.213,46.115,71000000.0,0.0,11.99,2.68,2.715,1694000000.0,2124000000.0,894000000.0,894000000.0,0.0,0.002,0.023,0.006,0.323,0.0,314000000.0,1.0,199857780.0,202421433,203021134.0,4.417,32248000000.0,949000000.0,-148000000.0,0.0,159.311,
43,MBI,MRT,2010-09-30,2010-09-30,2010-09-30,2021-08-04,-274998000.0,33272216000.0,31742522750.0,,,0.021,12.518,-2983000.0,1416279000.0,1416279000.0,782225000.0,-638365000.0,,12.249,17357706000.0,,,17357706000.0,4340036000.0,7941000.0,0.0,0.0,0.0,-447355000.0,-439414000.0,-0.644,-439414000.0,-447355000.0,-852455000.0,-3.1,-3.12,-3.1,2510168000.0,2276519750.0,2510168000.0,18851065781.0,-42.0,-42.9,-1148741000.0,-5.729,1.0,-99952000.0,-0.146,31371000.0,405100000.0,49182272000.0,47025170500.0,0.0,25962088000.0,,,30747889000.0,,,2014140781.0,-229670000.0,504000000.0,-42804000.0,-3024838000.0,-1523000.0,-3013216000.0,3929304000.0,3606152000.0,-1145758000.0,0.0,-638365000.0,-638881000.0,-638881000.0,0.0,0.0,-0.936,347403000.0,-447355000.0,229990000.0,0.0,0.802,-3.153,-3.242,71986000.0,516000.0,10.05,2.952,2.954,1951214000.0,1672719000.0,682273000.0,682273000.0,0.0,-0.02,-0.281,-0.01,-0.656,2178000.0,289318000.0,1.0,200412018.0,200529483,200529483.0,3.402,33240845000.0,975063000.0,-214090000.0,0.0,165.765,
44,MBI,MRT,2010-06-30,2010-06-30,2010-06-30,2021-08-04,-356266000.0,33464230000.0,30387733750.0,,,0.008,12.972,-5188000.0,1495246000.0,1495246000.0,1040985000.0,-1149898000.0,,11.617,18332171000.0,,,18332171000.0,4422324000.0,8758000.0,0.0,0.0,0.0,-1144282000.0,-1135524000.0,-4.486,-1135524000.0,-1144282000.0,-1562518000.0,-5.54,-5.56,-5.54,2651249000.0,2333175500.0,2651249000.0,19063772536.0,-17.0,-16.789,-1559916000.0,-7.633,1.0,-787870000.0,-3.113,31371000.0,418236000.0,50269784000.0,44438104500.0,0.0,26287979000.0,,,30798822000.0,,,1150174536.0,595184000.0,480000000.0,-31804000.0,-2301806000.0,-4489000.0,-2227543000.0,4377455000.0,3712193000.0,-1554728000.0,0.0,-1149898000.0,-1153685000.0,-1153685000.0,0.0,0.0,-4.558,356412000.0,-1144282000.0,228882000.0,0.0,0.434,-0.997,-1.013,74646000.0,3787000.0,5.61,4.544,4.53,1994563000.0,1886117000.0,253115000.0,253115000.0,0.0,-0.038,-0.494,-0.026,-4.521,3785000.0,284431000.0,1.0,205022199.0,204377833,204921673.0,1.238,33432859000.0,854745000.0,-412620000.0,0.0,163.584,
45,MBI,MRT,2010-03-31,2010-03-31,2010-03-31,2021-08-04,-376077000.0,34532873000.0,28845793000.0,,,-0.029,6.61,-4806000.0,1228542000.0,1228542000.0,384674000.0,-1546884000.0,,24.483,19142140000.0,,,19142140000.0,4587061000.0,8563000.0,0.0,0.0,0.0,-1591887000.0,-1583324000.0,1.904,-1583324000.0,-1591887000.0,-2027597000.0,-7.58,-7.58,-7.58,1354564000.0,2361653250.0,1354564000.0,11836452726.0,-7.0,-7.476,-2019887000.0,-9.856,1.0,-1216458000.0,1.462,31371000.0,435710000.0,52415100000.0,41702421500.0,0.0,26461387000.0,,,33163990000.0,,,1280755726.0,150515000.0,479490000.0,-11804000.0,-2414559000.0,-7063000.0,-2472874000.0,4638470000.0,4214578000.0,-2015081000.0,0.0,-1546884000.0,-1553942000.0,-1553942000.0,0.0,0.0,1.868,375429000.0,-1591887000.0,284394000.0,0.0,0.946,-0.824,-0.827,75315000.0,7058000.0,6.27,-1.54,-1.545,2115894000.0,590801000.0,-831784000.0,-831784000.0,0.0,-0.054,-0.658,-0.038,1.914,5405000.0,291381000.0,1.0,204267261.0,204938455,204938455.0,-4.059,34501502000.0,2017654000.0,-480713000.0,0.0,168.351,
46,MBI,MRT,2009-12-31,2009-12-31,2009-12-31,2021-08-04,-940871000.0,25700772000.0,27189392500.0,,,0.109,12.443,-6000000.0,803243000.0,803243000.0,864000000.0,634000000.0,,8.916,11367368000.0,,,11367368000.0,4966317000.0,9000000.0,0.0,0.0,0.0,1692000000.0,1701000000.0,0.576,1701000000.0,1692000000.0,1217000000.0,2.99,2.99,2.99,2590098000.0,2425999000.0,2590098000.0,11885543123.0,7.0,6.987,-2198000000.0,-10.559,1.0,2090000000.0,0.708,31371000.0,475000000.0,36233526000.0,38557542000.0,0.0,17954933000.0,,,23093896000.0,,,827657123.0,-1477000000.0,0.0,-16000000.0,-4201000000.0,-10000000.0,-4261000000.0,4976000000.0,4982000000.0,-2192000000.0,0.0,634000000.0,623000000.0,623000000.0,0.0,0.0,0.211,398000000.0,1692000000.0,254934000.0,0.0,0.32,1.329,1.331,76834000.0,11000000.0,3.98,0.28,0.28,2396480000.0,2393282000.0,2954000000.0,2954000000.0,0.0,0.023,0.257,0.044,0.573,6000000.0,316000000.0,1.0,207954051.0,208156622,208156622.0,14.191,25669401000.0,1262498000.0,583000000.0,0.0,123.318,
47,MBI,MRT,2009-09-30,2009-09-30,2009-09-30,2021-08-04,-1044568000.0,27853060000.0,28021811750.0,,,0.025,13.144,-11498000.0,1645453000.0,1645453000.0,228709000.0,-285712000.0,,9.171,12703339000.0,,,12703339000.0,5209978000.0,9482000.0,0.0,0.0,0.0,74619000.0,84101000.0,0.118,84101000.0,74619000.0,-494286000.0,-1.1,-1.1,-1.1,2736791000.0,2027079500.0,2736791000.0,13721563315.0,184.0,163.156,-2035624000.0,-9.776,1.0,483950000.0,0.679,76938000.0,568905000.0,38834008000.0,40166858750.0,0.0,18642396000.0,,,25099491000.0,,,1614040315.0,-910395000.0,0.0,-134939000.0,-12474102000.0,-9477000.0,-12203365000.0,13317096000.0,12025412000.0,-2024126000.0,0.0,-285712000.0,-296196000.0,-296196000.0,0.0,0.0,-0.416,409331000.0,74619000.0,512371000.0,0.0,0.59,-5.449,-7.055,84349000.0,10484000.0,7.76,2.265,2.267,2629592000.0,2633690000.0,712659000.0,712659000.0,0.0,-0.011,-0.146,0.002,0.105,2919000.0,331010000.0,1.0,207994886.0,208219324,208219324.0,3.423,27776122000.0,1384458000.0,-208574000.0,0.0,133.398,
48,MBI,MRT,2009-06-30,2009-06-30,2009-06-30,2021-08-04,-1741199000.0,27296467000.0,30471497000.0,,,0.054,13.288,-11150000.0,899599000.0,899599000.0,972463000.0,-367658000.0,,8.866,13007122000.0,,,13007122000.0,5423379000.0,9007000.0,0.0,0.0,0.0,248167000.0,257174000.0,0.156,257174000.0,248167000.0,-474813000.0,-1.02,-1.02,-1.02,2765160000.0,1998599500.0,2765160000.0,12905194256.0,52.0,50.181,-1413849000.0,-6.794,1.0,680118000.0,0.412,76938000.0,722980000.0,39327052000.0,45200675250.0,0.0,19028700000.0,,,24514529000.0,,,899945256.0,-416090000.0,0.0,-224980000.0,-17733397000.0,-6511000.0,-17488991000.0,18475600000.0,17545786000.0,-1402699000.0,0.0,-367658000.0,-374871000.0,-374871000.0,0.0,0.0,-0.227,431951000.0,248167000.0,333824000.0,0.0,0.325,-2.401,-4.245,103942000.0,7213000.0,4.33,0.545,0.545,2885761000.0,3361494000.0,1652581000.0,1652581000.0,0.0,-0.012,-0.188,0.005,0.15,5955000.0,348908000.0,1.0,207839551.0,208097729,208097729.0,7.941,27219529000.0,1339015000.0,-107155000.0,0.0,130.802,
49,MBI,MRT,2009-03-31,2009-03-31,2009-03-31,2021-08-04,-1909558000.0,27907271000.0,34982425500.0,,,0.115,7.731,-11081000.0,1077567000.0,1077567000.0,1724118000.0,434688000.0,,16.296,13082816000.0,,,13082816000.0,5528789000.0,9460000.0,0.0,0.0,0.0,1876041000.0,1885501000.0,0.47,1885501000.0,1876041000.0,957620000.0,1.82,1.82,1.82,1611947000.0,2301114250.0,1611947000.0,14673190636.0,8.0,7.782,-898561000.0,-4.31,1.0,2291274000.0,0.571,76938000.0,918421000.0,39835582000.0,53894905750.0,0.0,19383086000.0,,,26267726000.0,,,955908636.0,787280000.0,0.0,-228023000.0,-18776577000.0,-3942000.0,-18839165000.0,20513925000.0,20594316000.0,-887480000.0,0.0,434688000.0,430746000.0,430746000.0,0.0,0.0,0.107,415233000.0,1876041000.0,331665000.0,0.0,0.593,2.219,2.516,104609000.0,3942000.0,4.58,0.238,0.238,2704178000.0,2381239000.0,4015392000.0,4015392000.0,0.0,0.012,0.187,0.035,0.467,-27805000.0,335280000.0,1.0,208713676.0,208504957,208504957.0,19.258,27830333000.0,2195887000.0,522932000.0,0.0,133.476,
50,MBI,MRT,2008-12-31,2008-12-31,2008-12-31,2021-08-04,-1775954000.0,29030449000.0,40427289000.0,,,-0.021,4.504,-10990000.0,2279783000.0,2279783000.0,1318001000.0,-2672693000.0,,28.166,15997065000.0,,,15997065000.0,3469391000.0,9640000.0,0.0,0.0,0.0,-2555606000.0,-2545966000.0,2.972,-2545966000.0,-2555606000.0,-3727389000.0,-12.11,-12.11,-12.11,994420000.0,2413171000.0,994420000.0,22509193867.0,-9.0,-8.841,-167024000.0,-0.756,1.0,-2174604000.0,2.539,76938000.0,1171783000.0,42670793000.0,64350525750.0,0.0,21550320000.0,,,28008431000.0,,,1112314867.0,2016051000.0,0.0,1407621000.0,-17804245000.0,-42640000.0,-15919134000.0,18091219000.0,18109663000.0,-156034000.0,0.0,-2672693000.0,-2672693000.0,-2672693000.0,0.0,0.0,3.12,381002000.0,-2555606000.0,8911000.0,0.0,1.119,-0.416,-0.336,105364000.0,0.0,4.07,-1.299,-1.049,301817000.0,1629187000.0,-856603000.0,-856603000.0,0.0,-0.066,-1.108,-0.04,2.983,-30618000.0,306197000.0,1.0,273296036.0,220786378,220786378.0,-3.88,28953511000.0,2615035000.0,-1054696000.0,0.0,131.138,
51,MBI,MRT,2008-09-30,2008-09-30,2008-09-30,2021-08-04,-1443224000.0,37651801000.0,45023445250.0,,,-0.033,11.128,-12527000.0,2555848000.0,2555848000.0,2129156000.0,-3808602000.0,,13.355,23952727000.0,,,23952727000.0,3530160000.0,9748000.0,0.0,0.029,0.34,-3970122000.0,-3960374000.0,2.682,-3960374000.0,-3970122000.0,-5364001000.0,-27.06,-26.97,-27.06,2622871000.0,3078517250.0,2622871000.0,32095646024.0,-8.0,-8.104,711571000.0,3.019,1.0,-3605619000.0,2.442,79406000.0,1393879000.0,58969274000.0,73837650250.0,0.0,29630753000.0,,,35028930000.0,,,3252447024.0,2190019000.0,0.0,1537555000.0,-8706609000.0,-85087000.0,-6993301000.0,8459222000.0,9994106000.0,724098000.0,0.0,-3808602000.0,-3808602000.0,-3808602000.0,0.0,0.0,2.58,364503000.0,-3970122000.0,108615000.0,-0.013,1.24,-0.854,-0.44,101232000.0,0.0,11.9,-2.203,-1.9,1585635000.0,2789028000.0,-1476463000.0,-1476463000.0,0.0,-0.085,-1.237,-0.054,2.689,-26573000.0,284597000.0,1.0,273314876.0,235706851,235706851.0,-6.264,37572395000.0,1888887000.0,-1555399000.0,0.0,159.403,
52,MBI,MRT,2008-06-30,2008-06-30,2008-06-30,2021-08-04,-982493000.0,45340181000.0,46942746500.0,,,-0.029,16.692,-12519000.0,1315689000.0,1315689000.0,1168845000.0,-3038763000.0,,10.406,30158888000.0,,,30158888000.0,2921042000.0,9955000.0,0.0,0.155,0.68,-2852038000.0,-2842083000.0,2.082,-2842083000.0,-2852038000.0,-4400234000.0,-23.94,-23.85,-23.94,3975219000.0,4055638250.0,3975219000.0,33250890270.0,-12.0,-11.699,1044725000.0,4.387,1.0,-2533852000.0,1.856,79406000.0,1548196000.0,74103974000.0,78538653750.0,0.0,38536313000.0,,,41364962000.0,,,1200147270.0,897357000.0,0.0,1555439000.0,-1547939000.0,-128645000.0,42346000.0,-202233000.0,1148090000.0,1057244000.0,0.0,-3038763000.0,-3038763000.0,-3038763000.0,0.0,0.0,2.226,318186000.0,-2852038000.0,807853000.0,-0.028,0.302,-0.395,-0.183,101814000.0,0.0,4.39,-0.879,-0.766,2311555000.0,3595507000.0,-1365007000.0,-1365007000.0,0.0,-0.065,-0.749,-0.036,2.089,-29800000.0,246846000.0,1.0,273382066.0,238152768,238152768.0,-5.732,45260775000.0,1480366000.0,-1361471000.0,61841000.0,190.049,
53,MBI,MRT,2008-03-31,2008-03-31,2008-03-31,2021-08-04,-1224136000.0,49686725000.0,46396159750.0,,,-0.085,11.057,-12399000.0,290287000.0,290287000.0,1167469000.0,-4527292000.0,,23.118,32341030000.0,,,32341030000.0,3061018000.0,10199000.0,0.0,0.083,1.02,-5419864000.0,-5409665000.0,1.371,-5409665000.0,-5419864000.0,-7042571000.0,-29.42,-29.38,-29.42,2060174000.0,4757792000.0,2060174000.0,36169217727.0,-7.0,-6.686,1124984000.0,6.038,1.0,-5112450000.0,1.296,79406000.0,1622707000.0,81658062000.0,78428714500.0,0.0,44106950000.0,,,47626551000.0,,,2885594727.0,54633000.0,0.0,1251776000.0,2964059000.0,-173577000.0,4411458000.0,-5494208000.0,-5212353000.0,1137383000.0,0.0,-4527292000.0,-4527292000.0,-4527292000.0,0.0,0.0,1.148,307414000.0,-5419864000.0,504916000.0,-0.035,1.401,-0.637,-0.415,103007000.0,0.0,12.22,-0.731,-0.577,761506000.0,1895148000.0,-3944981000.0,-3944981000.0,0.0,-0.098,-0.952,-0.069,1.374,7317000.0,241618000.0,1.0,236137048.0,186319894,186319894.0,-21.173,49607319000.0,2873131000.0,-2515279000.0,33583000.0,266.248,
54,MBI,MRT,2007-12-31,2007-12-31,2007-12-31,2021-08-04,-490829000.0,47415074000.0,44281350000.0,,,-0.006,28.394,-8216000.0,263732000.0,263732000.0,900345000.0,-1921948000.0,,11.97,33547355000.0,,,33547355000.0,3122892000.0,10158000.0,0.0,0.073,1.36,-1478549000.0,-1468391000.0,5.389,-1468391000.0,-1478549000.0,-3065692000.0,-14.93,-14.93,-14.93,3655805000.0,6004605250.0,3655805000.0,34859781014.0,-24.0,-23.74,1013863000.0,7.875,1.0,-1172804000.0,4.305,79406000.0,1587143000.0,80619291000.0,75371326000.0,0.0,43788353000.0,,,43759269000.0,,,2336093014.0,-5545000.0,0.0,-699908000.0,6056892000.0,-172753000.0,5283176000.0,-6310800000.0,-5993133000.0,1022079000.0,0.0,-1921948000.0,-1921948000.0,-1921948000.0,0.0,0.0,7.054,305745000.0,-1478549000.0,41359000.0,-0.091,0.639,-1.215,-1.248,104036000.0,0.0,18.63,-8.574,-8.804,429870000.0,4301880000.0,-272459000.0,-272459000.0,0.0,-0.043,-0.32,-0.02,5.427,14947000.0,238872000.0,1.0,125394150.0,128752630,128752630.0,-2.116,47335668000.0,1316421000.0,-1143744000.0,0.0,367.648,
55,MBI,MRT,2007-09-30,2007-09-30,2007-09-30,2021-08-04,54598000.0,45329006000.0,42368339000.0,,,0.062,52.798,-4152000.0,365829000.0,365829000.0,83709000.0,554787000.0,,5.94,32889517000.0,,,32889517000.0,3132195000.0,6948000.0,0.0,0.022,1.33,2289077000.0,2296025000.0,0.87,2296025000.0,2289077000.0,740134000.0,4.22,4.09,4.22,6531355000.0,6891717500.0,6531355000.0,38256559416.0,17.0,16.662,642755000.0,5.196,1.0,2556434000.0,0.968,79406000.0,1548943000.0,77773288000.0,71834564250.0,0.0,42929247000.0,,,38797651000.0,,,7666770416.0,32546000.0,0.0,-710215000.0,7146965000.0,-172093000.0,6545065000.0,-7159426000.0,-7184718000.0,646907000.0,0.0,554787000.0,554787000.0,554787000.0,-2501000.0,0.0,0.21,369632000.0,2186802000.0,520223000.0,0.315,1.174,13.819,14.467,98555000.0,0.0,61.05,2.904,2.861,540200000.0,6640072000.0,2640143000.0,2640143000.0,0.0,0.013,0.081,0.032,0.867,22222000.0,300421000.0,1.0,125581825.0,123705544,123705544.0,21.342,45249600000.0,0.0,185347000.0,243322000.0,365.785,
56,MBI,MRT,2007-06-30,2007-06-30,2007-06-30,2021-08-04,164630000.0,43153834000.0,40520983500.0,,,0.072,53.254,-5241000.0,418332000.0,418332000.0,81920000.0,809374000.0,,5.361,31008121000.0,,,31008121000.0,3111425000.0,7074000.0,0.0,0.021,1.3,2545299000.0,2552373000.0,0.875,2552373000.0,2545299000.0,1130885000.0,6.16,5.98,6.16,6783834000.0,7023068250.0,6783834000.0,36418828452.0,14.0,14.269,706727000.0,5.548,1.0,2834248000.0,0.972,79406000.0,1414414000.0,73664217000.0,68036577750.0,0.0,40818839000.0,,,36370000000.0,,,8138400452.0,206440000.0,0.0,-640357000.0,7205839000.0,-170299000.0,6683448000.0,-7188976000.0,-7026711000.0,711968000.0,0.0,809374000.0,809374000.0,809374000.0,-3875000.0,0.0,0.278,353143000.0,2481105000.0,231187000.0,0.211,1.2,10.055,10.101,99240000.0,0.0,62.22,2.791,2.718,439082000.0,6719357000.0,2916168000.0,2916168000.0,0.0,0.02,0.115,0.037,0.873,24678000.0,285216000.0,1.0,130800393.0,127386668,131460764.0,22.892,43074428000.0,0.0,321511000.0,442080000.0,338.139,
57,MBI,MRT,2007-03-31,2007-03-31,2007-03-31,2021-08-04,309108000.0,41227486000.0,38640419250.0,,,0.073,53.401,-7112000.0,235654000.0,235654000.0,81247000.0,818905000.0,,4.85,28516082000.0,,,28516082000.0,3115906000.0,7987000.0,0.0,0.019,1.27,2444447000.0,2452434000.0,0.869,2452434000.0,2444447000.0,1142368000.0,6.17,5.99,6.17,7047427000.0,6994093000.0,7047427000.0,35612749411.0,15.0,14.521,601598000.0,4.558,1.0,2742356000.0,0.971,79406000.0,1302079000.0,69428508000.0,64293107250.0,0.0,38932888000.0,,,34180059000.0,,,8824129411.0,23584000.0,0.0,-334085000.0,4831308000.0,-167126000.0,4599277000.0,-5184403000.0,-4991279000.0,608710000.0,0.0,818905000.0,818905000.0,818905000.0,-5314000.0,0.0,0.29,330200000.0,2412156000.0,537799000.0,0.206,1.252,10.776,10.614,100776000.0,0.0,65.49,3.125,3.061,552435000.0,6550849000.0,2823603000.0,2823603000.0,0.0,0.021,0.117,0.038,0.866,22833000.0,263166000.0,1.0,134740104.0,131972954,136090503.0,21.395,41148080000.0,0.0,323463000.0,519429000.0,311.792,
58,MBI,MRT,2006-12-31,2006-12-31,2006-12-31,2021-08-04,321293000.0,39763030000.0,37262596000.0,,,0.073,54.251,-10913000.0,269277000.0,269277000.0,80889000.0,819288000.0,,4.519,27057897000.0,,,27057897000.0,3144482000.0,8644000.0,0.0,0.017,1.24,2323248000.0,2331892000.0,0.862,2331892000.0,2323248000.0,1139368000.0,6.17,5.99,6.17,7204254000.0,6882602000.0,7204254000.0,34570427605.0,15.0,14.825,650179000.0,4.896,1.0,2624458000.0,0.97,79406000.0,1183880000.0,66472244000.0,61559587500.0,0.0,37598596000.0,,,32558776000.0,,,9849263605.0,47567000.0,0.0,-17132000.0,4104325000.0,-162851000.0,4189255000.0,-4802780000.0,-4775597000.0,661092000.0,0.0,819288000.0,819288000.0,819288000.0,-6105000.0,0.0,0.303,307315000.0,2317143000.0,319640000.0,0.201,1.367,12.022,11.841,105950000.0,0.0,73.06,3.641,3.586,440733000.0,6399333000.0,2705347000.0,2705347000.0,0.0,0.022,0.119,0.038,0.859,20379000.0,241303000.0,1.0,134810616.0,132794334,136694798.0,20.372,39683624000.0,0.0,320080000.0,483159000.0,298.835,
59,MBI,MRT,2006-09-30,2006-09-30,2006-09-30,2021-08-04,323692000.0,37939584000.0,35962187000.0,,,0.073,53.14,-10225000.0,341330000.0,341330000.0,81754000.0,821024000.0,,4.376,25062494000.0,,,25062494000.0,3101310000.0,12049000.0,0.0,0.02,1.21,2191845000.0,2203894000.0,0.844,2203894000.0,2191845000.0,1145994000.0,6.18,6.01,6.18,7056758000.0,6729449500.0,7056758000.0,31417782212.0,14.0,14.256,862803000.0,6.497,1.0,2530640000.0,0.969,79406000.0,1045851000.0,62581342000.0,59106544250.0,0.0,35743820000.0,,,30882826000.0,,,8279618212.0,35981000.0,0.0,-7204000.0,2658179000.0,-158603000.0,2461873000.0,-3298920000.0,-3304470000.0,873028000.0,0.0,821024000.0,821024000.0,821024000.0,-2283000.0,0.0,0.314,387842000.0,2142798000.0,426522000.0,0.196,1.173,10.085,9.942,106015000.0,0.0,61.44,3.169,3.123,500599000.0,6260164000.0,2612394000.0,2612394000.0,0.0,0.023,0.122,0.037,0.839,15335000.0,233094000.0,1.0,134759411.0,132794395,136739403.0,19.672,37860178000.0,0.0,324970000.0,549453000.0,285.104,
60,MBI,MRT,2006-06-30,2006-06-30,2006-06-30,2021-08-04,120262000.0,35631577000.0,35209806000.0,,,0.071,50.223,-7648000.0,221502000.0,221502000.0,82136000.0,744861000.0,,4.344,23359666000.0,,,23359666000.0,3140766000.0,11167000.0,0.0,0.02,1.18,2025747000.0,2036914000.0,0.811,2036914000.0,2025747000.0,1057350000.0,5.61,5.46,5.61,6667933000.0,6588954250.0,6667933000.0,30745980628.0,15.0,15.094,712717000.0,5.368,1.0,2429983000.0,0.967,79406000.0,968397000.0,58690335000.0,57718575750.0,0.0,33616506000.0,,,28963644000.0,,,7888338628.0,-285710000.0,0.0,-5661000.0,1054446000.0,-154752000.0,857294000.0,-1863369000.0,-1865378000.0,720365000.0,0.0,744861000.0,744861000.0,744861000.0,37000.0,0.0,0.297,386059000.0,2043924000.0,372322000.0,0.21,1.183,10.59,10.437,107356000.0,0.0,58.55,3.14,3.094,459812000.0,6084005000.0,2512119000.0,2512119000.0,0.0,0.021,0.113,0.035,0.806,16332000.0,311396000.0,1.0,134728243.0,132765468,136634382.0,18.921,35552171000.0,0.0,312489000.0,379226000.0,267.782,
61,MBI,MRT,2006-03-31,2006-03-31,2006-03-31,2021-08-04,243548000.0,35716193000.0,34998060500.0,,,0.067,49.741,-6170000.0,222936000.0,222936000.0,83549000.0,697173000.0,,4.41,23080578000.0,,,23080578000.0,3134901000.0,11095000.0,0.0,0.019,1.15,1713099000.0,1724194000.0,0.73,1724194000.0,1713099000.0,992753000.0,5.24,5.11,5.24,6601463000.0,6568845500.0,6601463000.0,30229238928.0,18.0,17.532,693782000.0,5.228,1.0,2277975000.0,0.965,79406000.0,720346000.0,58494429000.0,57235007500.0,0.0,33712228000.0,,,29114730000.0,,,8057941928.0,-317675000.0,0.0,-144370000.0,1661022000.0,-151294000.0,1351042000.0,-2368669000.0,-2596987000.0,699952000.0,0.0,697173000.0,697173000.0,697173000.0,1476000.0,0.0,0.295,387616000.0,1890359000.0,754573000.0,0.219,1.221,11.558,11.475,107438000.0,0.0,60.13,3.412,3.379,477219000.0,5904405000.0,2361524000.0,2361524000.0,0.0,0.02,0.106,0.03,0.725,18475000.0,312018000.0,1.0,134008680.0,132717298,136547417.0,17.794,35636787000.0,0.0,295580000.0,485614000.0,268.517,
62,MBI,MRT,2005-12-31,2005-12-31,2005-12-31,2021-08-04,399381000.0,34561394000.0,34508178500.0,,,0.067,49.155,-7180000.0,221710000.0,221710000.0,84274000.0,710986000.0,,4.243,22399793000.0,,,22399793000.0,3205579000.0,11502000.0,0.0,0.019,1.12,1837412000.0,1848914000.0,0.805,1848914000.0,1837412000.0,1015171000.0,5.3,5.18,5.3,6591644000.0,6527482500.0,6591644000.0,30243957931.0,16.0,16.358,775667000.0,5.784,1.0,2211875000.0,0.963,79406000.0,822241000.0,56660071000.0,56320840500.0,0.0,32476722000.0,,,27969750000.0,,,8065143931.0,-129787000.0,0.0,-346466000.0,1783824000.0,-147247000.0,1275935000.0,-2188569000.0,-2160807000.0,782847000.0,0.0,710986000.0,710986000.0,710986000.0,2012000.0,0.0,0.31,372451000.0,1839424000.0,83369000.0,0.211,1.224,11.344,11.351,107763000.0,0.0,60.16,3.512,3.513,482401000.0,5747171000.0,2296149000.0,2296149000.0,0.0,0.021,0.109,0.033,0.8,19421000.0,305874000.0,1.0,134061568.0,134098392,137220731.0,17.123,34481988000.0,0.0,304185000.0,569536000.0,257.139,
63,MBI,MRT,2005-09-30,2005-09-30,2005-09-30,2021-08-04,454178000.0,34930060000.0,34126903750.0,,,0.066,48.972,-6092000.0,311486000.0,311486000.0,85018000.0,755013000.0,,4.378,22490300000.0,,,22490300000.0,3228976000.0,11754000.0,0.0,0.018,1.08,1759443000.0,1771197000.0,0.783,1771197000.0,1759443000.0,1073914000.0,5.54,5.42,5.54,6494777000.0,6519270750.0,6494777000.0,30176639133.0,17.0,17.037,784125000.0,5.912,1.0,2176416000.0,0.962,79406000.0,685529000.0,57029468000.0,55518525250.0,0.0,32696259000.0,,,28435283000.0,,,8125766133.0,45852000.0,0.0,-461608000.0,3802163000.0,-143678000.0,3199824000.0,-3929472000.0,-3942507000.0,790217000.0,0.0,755013000.0,755013000.0,755013000.0,-97000.0,0.0,0.334,104882000.0,2071534000.0,499902000.0,0.195,1.251,10.762,10.942,109050000.0,0.0,60.62,3.593,3.555,608608000.0,5601993000.0,2261434000.0,2261434000.0,0.0,0.022,0.116,0.032,0.778,15593000.0,224604000.0,1.0,134044311.0,132622848,135822330.0,17.052,34850654000.0,0.0,318901000.0,557166000.0,262.78,
64,MBI,MRT,2005-06-30,2005-06-30,2005-06-30,2021-08-04,630628000.0,34784595000.0,33094497500.0,,,0.064,49.183,-6982000.0,512341000.0,512341000.0,85558000.0,796440000.0,,4.28,22563214000.0,,,22563214000.0,3250516000.0,13496000.0,0.0,0.018,1.04,1605032000.0,1618528000.0,0.761,1618528000.0,1605032000.0,1108250000.0,5.77,5.65,5.77,6587498000.0,6528405250.0,6587498000.0,29191597098.0,18.0,18.036,883507000.0,6.596,1.0,2041522000.0,0.96,79406000.0,496782000.0,56756062000.0,53453312750.0,0.0,32505973000.0,,,28197097000.0,,,8031095098.0,211220000.0,0.0,-602409000.0,4443956000.0,-140329000.0,3709836000.0,-4374388000.0,-4388469000.0,890489000.0,0.0,796440000.0,796440000.0,796440000.0,-1043000.0,0.0,0.374,145197000.0,1896325000.0,173175000.0,0.18,1.219,10.084,10.279,110817000.0,0.0,59.31,3.776,3.735,547767000.0,5527063000.0,2127080000.0,2127080000.0,0.0,0.024,0.122,0.03,0.755,14461000.0,136501000.0,1.0,135408786.0,133938175,136886153.0,15.881,34705189000.0,0.0,311810000.0,661184000.0,259.113,
65,MBI,MRT,2005-03-31,2005-03-31,2005-03-31,2021-08-04,500516000.0,33756665000.0,31875221750.0,,,0.066,46.89,-5420000.0,544484000.0,544484000.0,84485000.0,841149000.0,,4.245,21704986000.0,,,21704986000.0,3263206000.0,13532000.0,0.0,0.019,1.0,1663339000.0,1676871000.0,0.799,1676871000.0,1663339000.0,1170826000.0,5.99,5.87,5.99,6436011000.0,6456122750.0,6436011000.0,27688535641.0,17.0,16.512,931674000.0,6.788,1.0,2013409000.0,0.96,79406000.0,492513000.0,54837761000.0,51017098000.0,0.0,31432063000.0,,,27320654000.0,,,7195346641.0,220916000.0,0.0,-527402000.0,3088456000.0,-136752000.0,2433265000.0,-3149955000.0,-3165598000.0,937094000.0,0.0,841149000.0,841149000.0,841149000.0,-3711000.0,0.0,0.401,181797000.0,1831612000.0,201138000.0,0.167,1.118,8.554,8.728,113124000.0,0.0,52.28,3.43,3.421,563255000.0,5377327000.0,2097894000.0,2097894000.0,0.0,0.026,0.13,0.033,0.793,16611000.0,130060000.0,1.0,137630961.0,137258739,140442217.0,15.284,33677259000.0,0.0,329677000.0,585975000.0,245.356,
66,MBI,MRT,2004-12-31,2004-12-31,2004-12-31,2021-08-04,618606000.0,33036295000.0,31136556750.0,,,0.066,46.234,-5724000.0,366236000.0,366236000.0,84753000.0,843046000.0,,4.037,20860157000.0,,,20860157000.0,3237961000.0,13182000.0,0.0,0.015,0.96,1662864000.0,1676046000.0,0.819,1676046000.0,1662864000.0,1174598000.0,5.94,5.82,5.94,6558797000.0,6485478500.0,6558797000.0,26952683643.0,16.0,16.081,871172000.0,6.141,1.0,1962237000.0,0.959,79406000.0,488266000.0,53450810000.0,49452328500.0,0.0,30906614000.0,,,26477498000.0,,,8905094643.0,134137000.0,0.0,-311640000.0,2002023000.0,-132072000.0,1567536000.0,-2310295000.0,-2325634000.0,876896000.0,0.0,843046000.0,843046000.0,843046000.0,-3740000.0,0.0,0.412,192824000.0,1769413000.0,94609000.0,0.162,1.358,10.563,10.653,114692000.0,0.0,63.28,4.35,4.385,502173000.0,5187484000.0,2046990000.0,2046990000.0,0.0,0.027,0.13,0.034,0.812,16701000.0,133902000.0,1.0,140725263.0,141861225,144799513.0,14.43,32956889000.0,0.0,331552000.0,599627000.0,232.318,
67,MBI,MRT,2004-09-30,2004-09-30,2004-09-30,2021-08-04,562552000.0,30800435000.0,30452672750.0,,,0.077,46.187,-6674000.0,241100000.0,241100000.0,84402000.0,803998000.0,,3.716,18288689000.0,,,18288689000.0,3183217000.0,10783000.0,0.0,0.016,0.92,1196475000.0,1207258000.0,0.518,1207258000.0,1196475000.0,1125628000.0,5.62,5.51,5.62,6531315000.0,6383352250.0,6531315000.0,25521659743.0,21.0,21.14,947404000.0,6.7,1.0,2247510000.0,0.964,79406000.0,70847000.0,48768618000.0,48307074000.0,0.0,28219964000.0,,,24269120000.0,,,8338542743.0,123325000.0,0.0,-210220000.0,1411072000.0,-126923000.0,-174372000.0,-676542000.0,-669924000.0,954078000.0,0.0,803998000.0,803998000.0,803998000.0,-2867000.0,0.0,0.345,415600000.0,1831910000.0,240535000.0,0.164,1.277,10.371,10.358,115307000.0,0.0,58.21,3.576,3.53,738004000.0,5101003000.0,2331912000.0,2331912000.0,0.0,0.026,0.126,0.025,0.513,22712000.0,145736000.0,1.0,143249317.0,141408855,144125409.0,16.491,30721029000.0,0.0,321630000.0,551652000.0,217.25,
68,MBI,MRT,2004-06-30,2004-06-30,2004-06-30,2021-08-04,351847000.0,29907492000.0,30286582000.0,,,0.073,43.905,-8847000.0,274172000.0,274172000.0,82118000.0,811172000.0,,3.748,17457289000.0,,,17457289000.0,3171594000.0,10774000.0,0.0,0.015,0.88,1212115000.0,1222889000.0,0.555,1222889000.0,1212115000.0,1142083000.0,5.65,5.55,5.65,6298368000.0,6272068500.0,6298368000.0,26103527702.0,22.0,21.346,948112000.0,6.609,1.0,2122164000.0,0.963,79406000.0,70032000.0,47011203000.0,48274343500.0,0.0,27209029000.0,,,23609124000.0,,,8247443702.0,184426000.0,1134000.0,-65980000.0,707947000.0,-121143000.0,151126000.0,-942851000.0,-935194000.0,956959000.0,0.0,811172000.0,811172000.0,811172000.0,-3969000.0,0.0,0.368,385726000.0,1736438000.0,647340000.0,0.156,1.309,10.167,10.11,117669000.0,0.0,57.12,3.742,3.717,872807000.0,4948873000.0,2204282000.0,2204282000.0,0.0,0.027,0.129,0.025,0.55,25609000.0,140091000.0,1.0,144388020.0,143454174,146289467.0,15.366,29828086000.0,0.0,330911000.0,430651000.0,207.928,
69,MBI,MRT,2004-03-31,2004-03-31,2004-03-31,2021-08-04,732070000.0,30802005000.0,28296060500.0,,,0.072,45.634,-11042000.0,265614000.0,265614000.0,79675000.0,810643000.0,,3.7,18121698000.0,,,18121698000.0,3061473000.0,11109000.0,0.0,0.013,0.84,1213305000.0,1224414000.0,0.6,1224414000.0,1213305000.0,1144112000.0,5.65,5.57,5.65,6553434000.0,6215642000.0,6553434000.0,27143446056.0,22.0,22.169,945175000.0,6.582,1.0,1962003000.0,0.961,79406000.0,69193000.0,48578683000.0,44661603750.0,0.0,28143342000.0,,,24248571000.0,,,9052663056.0,45700000.0,1134000.0,-2027000.0,2737978000.0,-115226000.0,2640744000.0,-3554844000.0,-3544992000.0,956217000.0,0.0,810643000.0,810643000.0,810643000.0,-2019000.0,0.0,0.397,364706000.0,1597297000.0,284763000.0,0.149,1.381,11.167,11.097,119407000.0,0.0,62.7,4.434,4.41,798173000.0,4766412000.0,2041678000.0,2041678000.0,0.0,0.029,0.13,0.027,0.594,24725000.0,139568000.0,1.0,144380591.0,143608056,146647142.0,14.217,30722599000.0,0.0,333469000.0,676413000.0,213.934,
70,MBI,MRT,2003-12-31,2003-12-31,2003-12-31,2021-08-04,636212000.0,30300759000.0,25420559250.0,,,0.073,42.874,-10073000.0,227544000.0,227544000.0,77114000.0,825352000.0,,3.927,18875983000.0,,,18875983000.0,3101394000.0,11483000.0,0.0,0.014,0.8,1233871000.0,1245354000.0,0.669,1245354000.0,1233871000.0,1165503000.0,5.75,5.69,5.75,6150292000.0,5993424250.0,6150292000.0,27128407486.0,22.0,21.784,1011446000.0,7.051,1.0,1784426000.0,0.959,79406000.0,68368000.0,48869792000.0,39488102750.0,0.0,28507329000.0,,,24150467000.0,,,8536742486.0,159190000.0,1134000.0,-56598000.0,3141102000.0,-110999000.0,2969449000.0,-3831778000.0,-3822895000.0,1021519000.0,0.0,825352000.0,825352000.0,825352000.0,-2104000.0,0.0,0.443,333816000.0,1450610000.0,47059000.0,0.139,1.388,10.343,10.301,120691000.0,0.0,59.23,4.586,4.564,411147000.0,4481174000.0,1861540000.0,1861540000.0,0.0,0.032,0.138,0.031,0.663,26428000.0,133458000.0,1.0,144128693.0,143449007,144980396.0,12.977,30221353000.0,0.0,340151000.0,508751000.0,210.677,
71,MBI,MRT,2003-09-30,2003-09-30,2003-09-30,2021-08-04,605708000.0,30136072000.0,22558394750.0,,,0.069,42.484,-9833000.0,153173000.0,153173000.0,73755000.0,758712000.0,,3.952,18744838000.0,,,18744838000.0,3037211000.0,14053000.0,0.0,0.014,0.77,1121270000.0,1135323000.0,0.734,1135323000.0,1121270000.0,1052884000.0,5.28,5.24,5.28,6086180000.0,5829189000.0,6086180000.0,18671723757.0,17.0,16.446,1091569000.0,7.62,1.0,1473109000.0,0.952,90041000.0,68386000.0,48637696000.0,34141163500.0,0.0,28203163000.0,,,24049892000.0,,,7966844757.0,-37207000.0,1134000.0,-74565000.0,673557000.0,-107095000.0,2703056000.0,-3829155000.0,-3820456000.0,1101402000.0,0.0,758712000.0,758712000.0,758712000.0,-9963000.0,0.0,0.49,322849000.0,1150260000.0,358495000.0,0.146,1.309,10.5,10.411,123905000.0,0.0,54.97,5.15,5.091,851769000.0,4440290000.0,1546864000.0,1546864000.0,0.0,0.034,0.13,0.033,0.725,25946000.0,129642000.0,1.0,144930776.0,143256514,145119028.0,10.798,30046031000.0,0.0,294172000.0,555379000.0,209.736,
72,MBI,MRT,2003-06-30,2003-06-30,2003-06-30,2021-08-04,764009000.0,21945406000.0,19702686500.0,,,0.077,42.427,-8082000.0,127004000.0,127004000.0,70231000.0,731062000.0,,2.614,10831883000.0,,,10831883000.0,2943330000.0,14319000.0,0.0,0.015,0.74,1069512000.0,1083831000.0,0.714,1083831000.0,1069512000.0,1002968000.0,5.06,5.03,5.06,6072662000.0,5678074250.0,6072662000.0,15688317029.0,15.0,14.475,1088293000.0,7.603,1.0,1447704000.0,0.954,90041000.0,66544000.0,32560244000.0,27357938000.0,0.0,20029956000.0,,,15872744000.0,,,7013597029.0,11513000.0,0.0,-153879000.0,1401445000.0,-103301000.0,2760977000.0,-3834298000.0,-3826216000.0,1096375000.0,0.0,731062000.0,731062000.0,731062000.0,-8861000.0,0.0,0.482,319722000.0,1127982000.0,380174000.0,0.146,1.155,9.594,9.634,124923000.0,0.0,48.75,4.62,4.597,896981000.0,4278726000.0,1517935000.0,1517935000.0,0.0,0.037,0.129,0.039,0.705,25247000.0,129479000.0,1.0,143868657.0,143132545,144628641.0,10.605,21855365000.0,0.0,271906000.0,636142000.0,152.693,
73,MBI,MRT,2003-03-31,2003-03-31,2003-03-31,2021-08-04,550668000.0,19300000000.0,18433880250.0,,,0.08,39.326,-9185000.0,288177000.0,288177000.0,66989000.0,655795000.0,,2.407,8962897000.0,,,8962897000.0,2852098000.0,14049000.0,0.0,0.018,0.71,954413000.0,968462000.0,0.66,968462000.0,954413000.0,891845000.0,4.51,4.48,4.51,5664563000.0,5429769250.0,5664563000.0,14292253612.0,15.0,14.758,1003510000.0,6.967,1.0,1400987000.0,0.954,90041000.0,62568000.0,27884679000.0,24004841500.0,0.0,17559582000.0,,,13635437000.0,,,5572278612.0,160464000.0,0.0,-189189000.0,349783000.0,-99599000.0,1395040000.0,-2236110000.0,-2226925000.0,1012695000.0,0.0,655795000.0,655795000.0,655795000.0,-8143000.0,0.0,0.447,302930000.0,1098057000.0,119526000.0,0.157,0.984,8.497,8.568,126004000.0,0.0,38.64,3.796,3.791,584505000.0,4089596000.0,1467976000.0,1467976000.0,0.0,0.036,0.121,0.04,0.65,24663000.0,121913000.0,1.0,144210109.0,144042116,145357445.0,10.191,19209959000.0,0.0,236050000.0,569035000.0,133.363,
74,MBI,MRT,2002-12-31,2002-12-31,2002-12-31,2021-08-04,541250000.0,18852101000.0,17570044500.0,,,0.082,37.463,-15195000.0,83218000.0,83218000.0,65049000.0,584850000.0,,2.432,8803193000.0,,,8803193000.0,2779884000.0,14047000.0,0.0,0.016,0.68,847357000.0,861404000.0,0.596,861404000.0,847357000.0,788904000.0,3.99,3.96,3.99,5493351000.0,5210339250.0,5493351000.0,9246172399.0,11.0,10.734,874107000.0,5.961,1.0,1380125000.0,0.955,90041000.0,58453000.0,27482035000.0,21484993750.0,0.0,17286785000.0,,,13358750000.0,,,6364576399.0,-46506000.0,0.0,-189849000.0,103899000.0,-97154000.0,989938000.0,-1918680000.0,-1903485000.0,889302000.0,0.0,584850000.0,584850000.0,584850000.0,-8029000.0,0.0,0.405,294579000.0,1085546000.0,58436000.0,0.17,1.159,10.882,10.992,128441000.0,0.0,43.86,4.404,4.45,613408000.0,3895112000.0,1445174000.0,1445174000.0,0.0,0.033,0.112,0.039,0.586,23853000.0,119024000.0,1.0,145111181.0,146634204,147574079.0,9.856,18762060000.0,0.0,204054000.0,489182000.0,127.951,
75,MBI,MRT,2002-09-30,2002-09-30,2002-09-30,2021-08-04,605551000.0,18713239000.0,16906940500.0,,,0.07,37.411,-15410000.0,175696000.0,175696000.0,60701000.0,614141000.0,,2.414,3057292000.0,,,3057292000.0,2662114000.0,14923000.0,0.0,0.017,0.66,886606000.0,901529000.0,0.761,901529000.0,886606000.0,833447000.0,4.17,4.13,4.17,5481721000.0,5032661000.0,5481721000.0,8244340029.0,9.0,9.145,732873000.0,5.002,1.0,1123340000.0,0.949,90041000.0,53159000.0,21504794000.0,20477060000.0,0.0,16910558000.0,,,13231518000.0,,,5876622029.0,55620000.0,0.0,-157708000.0,1109033000.0,-94511000.0,1458883000.0,-2151546000.0,-2136136000.0,748283000.0,0.0,614141000.0,614141000.0,614141000.0,0.0,0.0,0.519,234999000.0,888341000.0,252722000.0,0.158,1.072,9.569,9.58,129504000.0,0.0,39.95,4.963,4.944,623618000.0,3802664000.0,1184041000.0,1184041000.0,0.0,0.036,0.122,0.043,0.749,17779000.0,102791000.0,1.0,147099425.0,146526405,147328961.0,8.081,18623198000.0,0.0,219306000.0,536761000.0,127.098,
76,MBI,MRT,2002-06-30,2002-06-30,2002-06-30,2021-08-04,268883000.0,16870181000.0,16257057000.0,,,0.071,34.421,-13454000.0,100807000.0,100807000.0,55498000.0,605926000.0,,2.321,2468525000.0,,,2468525000.0,2628713000.0,13008000.0,0.0,0.011,0.64,877116000.0,890124000.0,0.77,890124000.0,877116000.0,824775000.0,4.1,4.06,4.1,5079442000.0,4851969000.0,5079442000.0,10400651538.0,12.0,11.684,669987000.0,4.54,1.0,1100298000.0,0.952,90041000.0,52341000.0,19147858000.0,20822986500.0,0.0,15216481000.0,,,11790739000.0,,,8349979538.0,29174000.0,0.0,-81586000.0,691598000.0,-91713000.0,1288114000.0,-1942381000.0,-1928927000.0,683441000.0,0.0,605926000.0,605926000.0,605926000.0,0.0,0.0,0.524,232093000.0,868205000.0,145133000.0,0.156,1.644,13.781,13.788,131832000.0,0.0,56.53,7.224,7.218,581369000.0,3663236000.0,1155796000.0,1155796000.0,0.0,0.037,0.125,0.042,0.759,11844000.0,100471000.0,1.0,147708819.0,147568448,148761391.0,7.832,16780140000.0,0.0,218849000.0,340203000.0,113.711,
77,MBI,MRT,2002-03-31,2002-03-31,2002-03-31,2021-08-04,63378000.0,15844657000.0,15727727250.0,,,0.073,32.332,-12241000.0,113029000.0,113029000.0,57367000.0,606345000.0,,2.31,2163701000.0,,,2163701000.0,2595620000.0,15109000.0,0.0,0.011,0.62,879425000.0,894534000.0,0.778,894534000.0,879425000.0,825889000.0,4.1,4.06,4.1,4786843000.0,4697567500.0,4786843000.0,15451618409.0,18.0,17.273,679451000.0,4.589,1.0,1092599000.0,0.95,90041000.0,53536000.0,17805288000.0,21248904500.0,0.0,14228356000.0,,,11057814000.0,,,8103231409.0,17767000.0,0.0,-38248000.0,378768000.0,-86842000.0,1404526000.0,-2078451000.0,-2066210000.0,691692000.0,0.0,606345000.0,606345000.0,606345000.0,0.0,0.0,0.527,242033000.0,850566000.0,96023000.0,0.151,1.693,13.364,13.339,132647000.0,0.0,54.69,7.046,7.041,629549000.0,3544634000.0,1149966000.0,1149966000.0,0.0,0.039,0.129,0.041,0.765,5900000.0,102634000.0,1.0,148166601.0,148052769,149226198.0,7.767,15754616000.0,0.0,219544000.0,286125000.0,106.412,
78,MBI,MRT,2001-12-31,2001-12-31,2001-12-31,2021-08-04,145321000.0,16199685000.0,15301320000.0,,,0.074,32.273,-5551000.0,115040000.0,115040000.0,56651000.0,570091000.0,,2.387,7463427000.0,,,7463427000.0,2592725000.0,16612000.0,0.0,0.011,0.6,834362000.0,850974000.0,0.754,850974000.0,834362000.0,777917000.0,3.85,3.82,3.85,4782638000.0,4601921000.0,4782638000.0,14833609654.0,18.0,17.431,716042000.0,4.832,1.0,1072235000.0,0.95,97772000.0,56445000.0,23450300000.0,21772702750.0,0.0,14608543000.0,,,11417047000.0,,,7959405654.0,21078000.0,0.0,15291000.0,280254000.0,-87112000.0,1476639000.0,-2177154000.0,-2172102000.0,721593000.0,0.0,570091000.0,570091000.0,570091000.0,0.0,0.0,0.505,244176000.0,828059000.0,130098000.0,0.156,1.664,13.962,13.93,129004000.0,0.0,53.63,7.051,7.04,664943000.0,3415517000.0,1128886000.0,1128886000.0,0.0,0.037,0.124,0.038,0.739,0.0,101372000.0,1.0,148413307.0,148190890,149282657.0,7.618,16101913000.0,0.0,207826000.0,295084000.0,108.657,
79,MBI,MRT,2001-09-30,2001-09-30,2001-09-30,2021-08-04,255109000.0,16113705000.0,14724983250.0,,,0.075,32.08,-7626000.0,120076000.0,120076000.0,56462000.0,549863000.0,,2.386,6994280000.0,,,6994280000.0,2525172000.0,11243000.0,0.0,0.012,0.587,809377000.0,820620000.0,0.742,820620000.0,809377000.0,751681000.0,3.72,3.69,3.72,4758953000.0,4462114750.0,4758953000.0,13622140300.0,17.0,16.6,702876000.0,4.738,1.0,1048766000.0,0.949,99409000.0,57696000.0,22888500000.0,20888747250.0,0.0,14210329000.0,,,11354752000.0,,,7422426300.0,39360000.0,0.0,23307000.0,442408000.0,-84866000.0,1521095000.0,-2192237000.0,-2184258000.0,710502000.0,0.0,549863000.0,549863000.0,549863000.0,0.0,0.0,0.498,246286000.0,802480000.0,553813000.0,0.158,1.56,13.499,13.441,128266000.0,0.0,50.0,6.716,6.711,905197000.0,3281353000.0,1105228000.0,1105228000.0,0.0,0.037,0.123,0.039,0.732,0.0,101702000.0,1.0,148448526.0,148346088,149533317.0,7.45,16014296000.0,0.0,201818000.0,344004000.0,107.952,
80,MBI,MRT,2001-06-30,2001-06-30,2001-06-30,2021-08-04,91052000.0,14752862000.0,14001677750.0,,,0.077,30.115,-9355000.0,71633000.0,71633000.0,60010000.0,526057000.0,,2.306,6271347000.0,,,6271347000.0,2483475000.0,12083000.0,0.0,0.01,0.573,774486000.0,786569000.0,0.73,786569000.0,774486000.0,717687000.0,3.57,3.54,3.57,4461836000.0,4245818000.0,4461836000.0,14118520385.0,18.0,17.95,654617000.0,4.418,1.0,1017899000.0,0.944,101046000.0,56799000.0,20851530000.0,19819141500.0,0.0,13159555000.0,,,10291026000.0,,,8254384385.0,1451000.0,0.0,24276000.0,230552000.0,-82838000.0,861044000.0,-1523565000.0,-1514621000.0,663972000.0,0.0,526057000.0,526057000.0,526057000.0,0.0,0.0,0.488,251164000.0,766735000.0,408045000.0,0.161,1.85,15.691,15.597,128763000.0,0.0,55.68,7.658,7.653,643311000.0,3149041000.0,1077909000.0,1077909000.0,0.0,0.038,0.124,0.039,0.719,0.0,103938000.0,1.0,148246846.0,148160339,149297865.0,7.275,14651816000.0,0.0,191630000.0,251210000.0,98.892,
81,MBI,MRT,2001-03-31,2001-03-31,2001-03-31,2021-08-04,163061000.0,14139028000.0,13492774000.0,,,0.078,29.773,-12743000.0,95262000.0,95262000.0,56926000.0,512444000.0,,2.21,5959398000.0,,,5959398000.0,2448533000.0,11701000.0,0.0,0.01,0.56,753302000.0,765003000.0,0.729,765003000.0,753302000.0,697299000.0,3.48,3.45,3.48,4404257000.0,4059570000.0,4404257000.0,14096873385.0,19.0,18.427,641668000.0,4.338,1.0,991883000.0,0.946,102683000.0,56003000.0,19900481000.0,19123192250.0,0.0,12694381000.0,,,9734771000.0,,,7972411385.0,38809000.0,0.0,-17005000.0,132474000.0,-82714000.0,234246000.0,-849848000.0,-837525000.0,654411000.0,0.0,512444000.0,512444000.0,512444000.0,0.0,0.0,0.489,249553000.0,742330000.0,127227000.0,0.161,1.81,15.558,15.456,130813000.0,0.0,53.787,7.601,7.586,497381000.0,3028524000.0,1048809000.0,1048809000.0,0.0,0.038,0.126,0.039,0.718,0.0,102674000.0,1.0,148222820.0,147925834,149021855.0,7.09,14036345000.0,0.0,184855000.0,327410000.0,94.888,
82,MBI,MRT,2000-12-31,2000-12-31,2000-12-31,2021-08-04,85707000.0,13894338000.0,13067331500.0,,,0.078,28.592,-16363000.0,93962000.0,93962000.0,51291000.0,528637000.0,,2.29,6218424000.0,,,6218424000.0,2430272000.0,11557000.0,0.0,0.011,0.547,768613000.0,780170000.0,0.761,780170000.0,768613000.0,714857000.0,3.58,3.56,3.58,4223413000.0,3875168250.0,4223413000.0,12785185246.0,17.0,16.388,623980000.0,4.224,1.0,973279000.0,0.95,104322000.0,53756000.0,19914478000.0,18596079250.0,0.0,12547554000.0,,,9670925000.0,,,7290594246.0,403000.0,0.0,-54272000.0,315284000.0,-80708000.0,450046000.0,-1089986000.0,-1081920000.0,640343000.0,0.0,528637000.0,528637000.0,528637000.0,0.0,0.0,0.516,248265000.0,725014000.0,7899000.0,0.153,1.726,13.791,13.804,133514000.0,0.0,49.42,7.116,7.125,456394000.0,2934608000.0,1024570000.0,1024570000.0,0.0,0.04,0.136,0.041,0.75,0.0,102560000.0,1.0,147523154.0,147714663,148668943.0,6.936,13790016000.0,0.0,186220000.0,252463000.0,93.356,
83,MBI,MRT,2000-09-30,2000-09-30,2000-09-30,2021-08-04,-117655000.0,13220483000.0,12659721750.0,,,0.079,26.44,-38542000.0,80716000.0,80716000.0,47851000.0,519334000.0,,2.395,5575307000.0,,,5575307000.0,2407252000.0,17816000.0,0.0,0.012,0.547,746847000.0,764663000.0,0.762,764663000.0,746847000.0,693074000.0,3.517,3.483,3.517,3893766000.0,3697590250.0,3893766000.0,12595784152.0,17.0,16.472,582664000.0,3.957,1.0,955314000.0,0.952,104997000.0,53773000.0,18610077000.0,18022423250.0,0.0,11865739000.0,,,9326717000.0,,,7138625152.0,6697000.0,0.0,-66680000.0,624434000.0,-80624000.0,477130000.0,-1091639000.0,-1069845000.0,621206000.0,0.0,519334000.0,519334000.0,519334000.0,0.0,0.0,0.518,285508000.0,669806000.0,467881000.0,0.156,1.833,13.746,13.483,132004000.0,0.0,47.42,7.116,6.961,505557000.0,2818471000.0,1003165000.0,1003165000.0,0.0,0.041,0.14,0.041,0.744,0.0,87529000.0,1.0,150540387.0,147265833,148303551.0,6.812,13115486000.0,0.0,173740000.0,135796000.0,89.06,
84,MBI,MRT,2000-06-30,2000-06-30,2000-06-30,2021-08-04,-182296000.0,12717247000.0,12298290250.0,,,0.08,25.202,-52425000.0,70182000.0,70182000.0,48607000.0,516030000.0,,2.422,5527341000.0,,,5527341000.0,2396187000.0,20060000.0,0.0,0.017,0.543,729552000.0,749612000.0,0.765,749612000.0,729552000.0,675759000.0,3.48,3.45,3.48,3716844000.0,3609587750.0,3716844000.0,10204232587.0,14.0,13.613,551442000.0,3.739,1.0,931201000.0,0.95,106673000.0,53793000.0,18067733000.0,17540911250.0,0.0,11234247000.0,,,9000403000.0,,,4741113587.0,4153000.0,0.0,-83565000.0,680468000.0,-80406000.0,516497000.0,-1116211000.0,-1085490000.0,603867000.0,0.0,516030000.0,516030000.0,516030000.0,0.0,0.0,0.527,271757000.0,659444000.0,300066000.0,0.156,1.276,9.188,9.232,131461000.0,0.0,32.127,4.839,4.836,639213000.0,2707917000.0,979808000.0,979808000.0,0.0,0.042,0.143,0.042,0.745,0.0,89926000.0,1.0,147575646.0,147484556,148398587.0,6.643,12610574000.0,0.0,159729000.0,83109000.0,85.504,
85,MBI,MRT,2000-03-31,2000-03-31,2000-03-31,2021-08-04,-155569000.0,12437258000.0,12071322500.0,,,0.079,24.666,-56474000.0,56453000.0,56453000.0,45111000.0,443430000.0,,2.392,5519572000.0,,,5519572000.0,2351824000.0,19129000.0,0.0,0.016,0.54,608941000.0,628070000.0,0.658,628070000.0,608941000.0,555006000.0,2.98,2.953,2.98,3666650000.0,3567166500.0,3666650000.0,10614258141.0,17.0,16.9,482939000.0,3.249,1.0,908837000.0,0.953,108348000.0,53935000.0,17792029000.0,17194235250.0,0.0,11098606000.0,,,8770608000.0,,,5148280141.0,21926000.0,0.0,-44423000.0,1002691000.0,-80273000.0,877995000.0,-1395482000.0,-1361047000.0,539413000.0,0.0,443430000.0,443430000.0,443430000.0,0.0,0.0,0.465,362379000.0,546458000.0,92808000.0,0.181,1.404,11.61,11.647,129738000.0,0.0,34.707,5.397,5.408,526185000.0,2598536000.0,953948000.0,953948000.0,0.0,0.037,0.124,0.035,0.638,0.0,93237000.0,1.0,148336923.0,148650650,149514064.0,6.417,12328910000.0,0.0,111576000.0,76268000.0,82.939,
86,MBI,MRT,1999-12-31,1999-12-31,1999-12-31,2021-08-04,-224511000.0,12263899000.0,11912703000.0,,,0.079,23.517,-58650000.0,93559000.0,93559000.0,198454000.0,320530000.0,,2.491,5559537000.0,,,5559537000.0,2347294000.0,18351000.0,0.0,0.015,0.537,441818000.0,460169000.0,0.49,460169000.0,441818000.0,387883000.0,2.15,2.13,2.15,3513101000.0,3574504250.0,3513101000.0,10279660151.0,23.0,22.339,384601000.0,2.575,1.0,740807000.0,0.789,110023000.0,53935000.0,17619854000.0,16854960500.0,0.0,10954761000.0,,,8750798000.0,,,5258690151.0,72802000.0,0.0,-10082000.0,1071247000.0,-79764000.0,981401000.0,-1351850000.0,-1304346000.0,443251000.0,0.0,320530000.0,320530000.0,320530000.0,0.0,0.0,0.341,353216000.0,387591000.0,102666000.0,0.25,1.497,16.406,16.375,128733000.0,0.0,35.207,5.599,5.6,428132000.0,2486478000.0,939261000.0,939261000.0,0.0,0.027,0.09,0.026,0.47,0.0,101134000.0,1.0,149366318.0,149386305,150603508.0,6.287,12153876000.0,0.0,67353000.0,32805000.0,81.359,
87,MBI,MRT,1999-09-30,1999-09-30,1999-09-30,2021-08-04,-94851000.0,11774757000.0,11803342000.0,,,0.076,23.676,-41216000.0,74019000.0,74019000.0,196868000.0,296974000.0,,2.325,5094989000.0,,,5094989000.0,2326800000.0,17707000.0,0.0,0.017,0.533,411464000.0,429171000.0,0.478,429171000.0,411464000.0,357808000.0,1.987,1.967,1.987,3541756000.0,3644283250.0,3541756000.0,9649383587.0,23.0,22.484,522842000.0,3.495,1.0,701825000.0,0.781,111698000.0,53656000.0,16684029000.0,16558102500.0,0.0,10572506000.0,,,8233001000.0,,,4658090587.0,38689000.0,0.0,2977000.0,664575000.0,-79682000.0,587870000.0,-1113239000.0,-1088130000.0,564058000.0,0.0,296974000.0,296974000.0,296974000.0,0.0,0.0,0.33,263643000.0,438182000.0,108431000.0,0.268,1.315,15.685,15.642,104621000.0,0.0,31.08,5.183,5.173,440767000.0,2379974000.0,898693000.0,898693000.0,0.0,0.025,0.081,0.025,0.458,0.0,20014000.0,1.0,149874214.0,149593209,150728073.0,6.008,11663059000.0,0.0,60834000.0,47265000.0,77.965,
88,MBI,MRT,1999-06-30,1999-06-30,1999-06-30,2021-08-04,2196000.0,11809376000.0,11776309500.0,,,0.076,23.726,-30492000.0,66029000.0,66029000.0,191267000.0,277807000.0,,2.329,5057322000.0,,,5057322000.0,2314558000.0,17748000.0,0.0,0.012,0.533,392030000.0,409778000.0,0.459,409778000.0,392030000.0,341210000.0,1.86,1.84,1.86,3547159000.0,3702298750.0,3547159000.0,11215104071.0,29.0,27.369,520437000.0,3.481,1.0,700764000.0,0.786,119640000.0,50820000.0,16681029000.0,16416637250.0,0.0,10590604000.0,,,8262217000.0,,,6461498071.0,19415000.0,0.0,25297000.0,674262000.0,-88690000.0,579069000.0,-1110583000.0,-1090055000.0,550929000.0,0.0,277807000.0,277807000.0,277807000.0,0.0,0.0,0.311,295721000.0,405043000.0,158539000.0,0.287,1.822,23.259,23.208,92497000.0,0.0,43.167,7.244,7.235,462223000.0,2272511000.0,892031000.0,892031000.0,0.0,0.024,0.075,0.024,0.439,0.0,54746000.0,1.0,149687214.0,149507025,150888882.0,5.966,11689736000.0,0.0,63403000.0,103080000.0,78.189,
89,MBI,MRT,1999-03-31,1999-03-31,1999-03-31,2021-08-04,194205000.0,11802780000.0,11604740750.0,,,0.076,24.752,-26266000.0,34527000.0,34527000.0,191372000.0,340043000.0,,2.193,4788133000.0,,,4788133000.0,2304963000.0,17759000.0,0.0,0.014,0.533,494597000.0,512356000.0,0.578,512356000.0,494597000.0,446914000.0,2.28,2.26,2.28,3696001000.0,3707635000.0,3696001000.0,10512063378.0,21.0,20.517,623444000.0,4.175,1.0,695393000.0,0.784,121456000.0,47683000.0,16434930000.0,16132455000.0,0.0,10597426000.0,,,8106779000.0,,,5785415378.0,1184000.0,0.0,31598000.0,193020000.0,-87768000.0,197850000.0,-846376000.0,-818032000.0,649710000.0,0.0,340043000.0,340043000.0,340043000.0,0.0,0.0,0.383,196054000.0,499339000.0,90819000.0,0.234,1.565,17.014,16.959,85629000.0,0.0,38.667,6.524,6.511,404231000.0,2235695000.0,886765000.0,886765000.0,0.0,0.029,0.092,0.031,0.558,0.0,61569000.0,1.0,149622812.0,149321052,150697678.0,5.939,11681324000.0,0.0,106871000.0,249198000.0,78.23,
90,MBI,MRT,1998-12-31,1998-12-31,1998-12-31,2021-08-04,288915000.0,11826455000.0,11405630750.0,,,0.077,25.542,-22909000.0,20757000.0,20757000.0,34683000.0,432728000.0,,2.119,4747405000.0,,,4747405000.0,2294175000.0,17225000.0,0.0,0.013,0.547,609658000.0,626883000.0,0.715,626883000.0,609658000.0,565038000.0,2.913,2.88,2.913,3792217000.0,3640606500.0,3792217000.0,11101154351.0,18.0,17.708,659136000.0,4.44,1.0,842223000.0,0.96,120681000.0,44620000.0,16432422000.0,15907977750.0,0.0,10618732000.0,,,8034238000.0,,,6514135351.0,-5539000.0,0.0,30708000.0,414736000.0,-85667000.0,359777000.0,-1047361000.0,-1016354000.0,682045000.0,0.0,432728000.0,432728000.0,432728000.0,0.0,0.0,0.493,241173000.0,601050000.0,95598000.0,0.188,1.718,15.054,15.004,81457000.0,0.0,43.707,7.429,7.4,402196000.0,2246221000.0,876906000.0,876906000.0,0.0,0.038,0.119,0.038,0.695,0.0,104943000.0,1.0,149042145.0,148467962,150244521.0,5.906,11705774000.0,0.0,132310000.0,343896000.0,78.844,
91,MBI,MRT,1998-09-30,1998-09-30,1998-09-30,2021-08-04,362015000.0,11666627000.0,11045264750.0,,,0.08,25.388,-19596000.0,35330000.0,35330000.0,38936000.0,431786000.0,,2.091,4622349000.0,,,4622349000.0,2251248000.0,16806000.0,0.0,0.015,0.543,612028000.0,628834000.0,0.713,628834000.0,612028000.0,570196000.0,2.9,2.873,2.9,3773818000.0,3532930250.0,3773818000.0,9873373412.0,16.0,15.701,537834000.0,3.618,1.0,842423000.0,0.956,135478000.0,41832000.0,16118168000.0,15425717500.0,0.0,10363369000.0,,,7892809000.0,,,5329347412.0,18557000.0,0.0,25603000.0,355651000.0,-88975000.0,292279000.0,-831152000.0,-793517000.0,557430000.0,0.0,431786000.0,431786000.0,431786000.0,0.0,0.0,0.49,315738000.0,526685000.0,126514000.0,0.187,1.412,12.343,12.343,73565000.0,0.0,35.793,6.047,6.037,319136000.0,2162768000.0,881359000.0,881359000.0,0.0,0.039,0.122,0.04,0.694,0.0,243051000.0,1.0,148892180.0,148647916,150345933.0,5.929,11531149000.0,0.0,138410000.0,376091000.0,77.574,
92,MBI,MRT,1998-06-30,1998-06-30,1998-06-30,2021-08-04,252460000.0,11123101000.0,,,,,24.065,-17240000.0,44094000.0,44094000.0,36328000.0,430095000.0,,2.117,4588120000.0,,,4588120000.0,2221163000.0,16123000.0,0.0,0.011,0.54,605335000.0,621458000.0,0.734,621458000.0,605335000.0,563810000.0,2.9,2.867,2.9,3568504000.0,,3568504000.0,11967449055.0,20.0,19.257,533274000.0,3.596,1.0,809874000.0,0.957,122827000.0,41525000.0,15544300000.0,,0.0,10023824000.0,,,7554597000.0,,,7309673055.0,4440000.0,0.0,149235000.0,275663000.0,-79999000.0,376699000.0,-922773000.0,-887202000.0,550514000.0,0.0,430095000.0,430095000.0,430095000.0,0.0,0.0,0.508,274485000.0,535389000.0,111744000.0,0.186,2.048,16.995,17.214,70520000.0,0.0,49.92,8.638,8.748,306781000.0,2079612000.0,846202000.0,846202000.0,0.0,,,,0.715,0.0,207445000.0,1.0,146427746.0,148284591,150319628.0,5.707,11000274000.0,0.0,133715000.0,318493000.0,74.184,
93,MBI,MRT,1998-03-31,1998-03-31,1998-03-31,2021-08-04,221309000.0,11006340000.0,,,,,23.156,-18497000.0,28749000.0,28749000.0,32140000.0,407575000.0,,2.211,4686525000.0,,,4686525000.0,2142084000.0,14871000.0,0.0,0.01,0.533,569526000.0,584397000.0,0.733,584397000.0,569526000.0,529306000.0,2.78,2.747,2.78,3427887000.0,,3427887000.0,11800214440.0,21.0,20.192,529401000.0,3.576,1.0,765426000.0,0.96,127095000.0,40220000.0,15537021000.0,,0.0,9991761000.0,,,7578453000.0,,,7572067440.0,-428000.0,0.0,143951000.0,534577000.0,-77756000.0,458072000.0,-1006398000.0,-980263000.0,547898000.0,0.0,407575000.0,407575000.0,407575000.0,0.0,0.0,0.511,254840000.0,510586000.0,152934000.0,0.192,2.209,18.578,18.585,61901000.0,0.0,51.667,9.494,9.59,296779000.0,1982479000.0,797566000.0,797566000.0,0.0,,,,0.714,0.0,197574000.0,1.0,146556144.0,148034607,150083916.0,5.388,10879245000.0,0.0,121731000.0,294690000.0,73.491,
94,MBI,MRT,1997-12-31,1997-12-31,1997-12-31,2021-08-04,236095000.0,10384991000.0,9473503000.0,,,0.081,23.118,-17369000.0,26296000.0,26296000.0,31877000.0,405610000.0,,2.089,4266328000.0,,,4266328000.0,2138586000.0,14035000.0,0.0,0.012,0.513,563897000.0,577932000.0,0.758,577932000.0,563897000.0,525252000.0,2.787,2.747,2.787,3361512000.0,2920604500.0,3361512000.0,,,,531163000.0,3.653,1.0,730817000.0,0.958,121642000.0,38645000.0,14503381000.0,13416146000.0,0.0,9381259000.0,,,7023479000.0,,,6527610654.0,16030000.0,0.0,142147000.0,116181000.0,-76743000.0,181585000.0,-714087000.0,-682164000.0,548532000.0,0.0,405610000.0,405610000.0,405610000.0,0.0,0.0,0.532,208981000.0,521836000.0,44007000.0,0.184,1.942,16.093,15.981,66709000.0,0.0,44.54,8.559,8.491,302943000.0,1901608000.0,762694000.0,762694000.0,0.0,0.043,0.139,0.042,0.739,0.0,155329000.0,1.0,146556144.0,145405971,147516244.0,5.245,10263349000.0,0.0,119642000.0,298498000.0,70.584,
95,MBI,MRT,1997-09-30,1997-09-30,1997-09-30,2021-08-04,,,,,,,,,,,,,,,,,,,,,,0.012,0.51,,,,,,,,,,,,,,,,,,1.0,,,,,,,,,,,,,,,,,,,,,,,,,,,,,,,,,,,,,,,,41.813,,,,,,,,,,,,,,1.0,,147013305,,,,,,,,
96,MBI,MRT,1997-06-30,1997-06-30,1997-06-30,2021-08-04,,,,,,,,,,,,,,,,,,,,,,0.013,0.507,,,,,,,,,,,,,,,,,,1.0,,,,,,,,,,,,,,,,,,,,,,,,,,,,,,,,,,,,,,,,37.603,,,,,,,,,,,,,,1.0,,141937868,,,,,,,,
97,MBI,MRT,1997-03-31,1997-03-31,1997-03-31,2021-08-04,,,,,,,,,,,,,,,,,,,,,,0.015,0.495,,,,,,,,,,,,,,,,,,1.0,,,,,,,,,,,,,,,,,,,,,,,,,,,,,,,,,,,,,,,,31.957,,,,,,,,,,,,,,1.0,,141244368,,,,,,,,
98,MBI,MRT,1996-12-31,1996-12-31,1996-12-31,2021-08-04,115382000.0,8562015000.0,,,,,17.518,-10150000.0,7356000.0,7356000.0,20149000.0,347736000.0,,2.453,3879390000.0,,,3879390000.0,1785875000.0,11329000.0,0.0,0.014,0.483,483080000.0,494409000.0,0.787,494409000.0,483080000.0,448415000.0,2.453,2.413,2.453,2479697000.0,,2479697000.0,,,,479359000.0,3.386,1.0,608272000.0,0.968,105138000.0,34665000.0,12328911000.0,,0.0,7850937000.0,,,6082318000.0,,,,-16738000.0,0.0,83098000.0,11100000.0,-69795000.0,638965000.0,-1145212000.0,-1132617000.0,489509000.0,0.0,347736000.0,347736000.0,347736000.0,0.0,0.0,0.553,162429000.0,445843000.0,52029000.0,0.197,,,13.759,50923000.0,0.0,33.75,,7.602,217826000.0,1518994000.0,628421000.0,628421000.0,0.0,,,,0.769,0.0,132827000.0,1.0,,141552057,144238599.0,4.44,8456877000.0,0.0,100679000.0,206492000.0,59.744,
99,MBI,MRT,1995-12-31,1995-12-31,1995-12-31,2021-08-04,,,,,,,,-4923000.0,,,10639000.0,271419000.0,,,,,,,,9167000.0,,0.017,0.437,373469000.0,382636000.0,0.828,382636000.0,373469000.0,345030000.0,2.167,2.14,2.167,,,,,,,346160000.0,2.763,1.0,451583000.0,0.977,,28439000.0,,,,,,,,,,,15318000.0,0.0,16338000.0,1174033000.0,-53179000.0,1137192000.0,-1472957000.0,-1468034000.0,351083000.0,0.0,271419000.0,271419000.0,271419000.0,0.0,0.0,0.587,78114000.0,373469000.0,,0.202,,,11.537,,0.0,25.0,,6.776,,,462222000.0,462222000.0,0.0,,,,0.808,0.0,63088000.0,1.0,,125287659,126720033.0,3.689,,,73611000.0,,,
