None,ticker,dimension,calendardate,datekey,reportperiod,lastupdated,accoci,assets,assetsavg,assetsc,assetsnc,assetturnover,bvps,capex,cashneq,cashnequsd,cor,consolinc,currentratio,de,debt,debtc,debtnc,debtusd,deferredrev,depamor,deposits,divyield,dps,ebit,ebitda,ebitdamargin,ebitdausd,ebitusd,ebt,eps,epsdil,epsusd,equity,equityavg,equityusd,ev,evebit,evebitda,fcf,fcfps,fxusd,gp,grossmargin,intangibles,intexp,invcap,invcapavg,inventory,investments,investmentsc,investmentsnc,liabilities,liabilitiesc,liabilitiesnc,marketcap,ncf,ncfbus,ncfcommon,ncfdebt,ncfdiv,ncff,ncfi,ncfinv,ncfo,ncfx,netinc,netinccmn,netinccmnusd,netincdis,netincnci,netmargin,opex,opinc,payables,payoutratio,pb,pe,pe1,ppnenet,prefdivis,price,ps,ps1,receivables,retearn,revenue,revenueusd,rnd,roa,roe,roic,ros,sbcomp,sgna,sharefactor,sharesbas,shareswa,shareswadil,sps,tangibles,taxassets,taxexp,taxliabilities,tbvps,workingcapital
0,MON2,ARY,2017-12-31,2017-10-27,2017-08-31,2021-03-16,-2427000000,21333000000,21355750000.0,8651000000,12682000000,0.686,14.672,-1240000000.0,1856000000,1856000000,6703000000.0,2273000000.0,1.352,2.311,8124000000,870000000,7254000000,8124000000,841000000,748000000.0,0,0.018,2.16,3338000000.0,4086000000.0,0.279,4086000000.0,3338000000.0,2886000000.0,5.15,5.09,5.15,6438000000,5728000000.0,6438000000,59761100233.0,18.0,14.626,1986000000.0,4.526,1.0,7937000000.0,0.542,5112000000,452000000.0,16091000000,16205000000.0,3340000000,8000000,8000000,0,14875000000,6398000000,8477000000,53493100233.0,180000000.0,-11000000.0,0.0,-1097000000.0,-948000000.0,-1966000000.0,-1107000000.0,50000000.0,3226000000.0,27000000.0,2260000000.0,2260000000.0,2260000000.0,0.0,13000000.0,0.154,4725000000.0,3212000000.0,1174000000,0.419,8.309,23.67,23.596,5930000000,0.0,121.52,3.654,3.642,3109000000,12072000000.0,14640000000.0,14640000000.0,1607000000.0,0.106,0.395,0.206,0.228,126000000.0,2969000000.0,1.0,440199969,438800000.0,443800000.0,33.364,16221000000,564000000,626000000.0,250000000,36.967,2253000000
1,MON2,ARY,2016-12-31,2016-10-19,2016-08-31,2021-03-16,-2808000000,19736000000,20230750000.0,8157000000,11579000000,0.667,10.242,-923000000.0,1676000000,1676000000,6485000000.0,1313000000.0,1.212,3.35,9040000000,1587000000,7453000000,9040000000,603000000,727000000.0,0,0.021,2.16,2467000000.0,3194000000.0,0.237,3194000000.0,2467000000.0,2031000000.0,3.02,2.99,3.02,4534000000,4338750000.0,4534000000,52252836162.0,21.0,16.36,1665000000.0,3.761,1.0,7017000000.0,0.52,5145000000,436000000.0,15226000000,16250250000.0,3241000000,60000000,60000000,0,15191000000,6729000000,8462000000,44888836162.0,-2025000000.0,-2000000.0,-3001000000.0,156000000.0,-964000000.0,-3742000000.0,-864000000.0,-15000000.0,2588000000.0,-7000000.0,1336000000.0,1336000000.0,1336000000.0,0.0,-23000000.0,0.099,4642000000.0,2375000000.0,1129000000,0.715,9.9,33.599,33.937,5231000000,0.0,102.49,3.325,3.36,2782000000,10763000000.0,13502000000.0,13502000000.0,1512000000.0,0.066,0.308,0.152,0.183,95000000.0,2833000000.0,1.0,437982595,442700000.0,447100000.0,30.499,14591000000,613000000,695000000.0,109000000,32.959,1428000000
2,MON2,ARY,2015-12-31,2015-10-29,2015-08-31,2021-03-16,-2801000000,21920000000,22488750000.0,10625000000,11295000000,0.667,14.657,-967000000.0,3701000000,3701000000,6819000000.0,2325000000.0,2.052,2.134,9044000000,615000000,8429000000,9044000000,417000000,716000000.0,0,0.021,2.01,3611000000.0,4327000000.0,0.288,4327000000.0,3611000000.0,3178000000.0,4.85,4.81,4.85,6990000000,7599250000.0,6990000000,46568937382.0,13.0,10.762,2141000000.0,4.489,1.0,8182000000.0,0.545,5393000000,433000000.0,16693000000,17375250000.0,3496000000,47000000,47000000,0,14915000000,5177000000,9738000000,41225937382.0,1334000000.0,-8000000.0,-835000000.0,1226000000.0,-938000000.0,-430000000.0,-1019000000.0,-37000000.0,3108000000.0,-325000000.0,2314000000.0,2314000000.0,2314000000.0,0.0,11000000.0,0.154,4659000000.0,3523000000.0,908000000,0.414,5.898,17.816,19.326,4973000000,0.0,93.73,2.748,2.98,2481000000,10374000000.0,15001000000.0,15001000000.0,1580000000.0,0.103,0.305,0.208,0.241,67000000.0,2686000000.0,1.0,439837164,476900000.0,481400000.0,31.455,16527000000,1020000000,864000000.0,574000000,34.655,5448000000
3,MON2,ARY,2014-12-31,2014-10-29,2014-08-31,2021-03-16,-1114000000,21981000000,23199000000.0,9675000000,12306000000,0.683,15.165,-1005000000.0,2367000000,2367000000,7281000000.0,2762000000.0,1.893,1.786,7761000000,233000000,7528000000,7761000000,485000000,691000000.0,0,0.016,1.78,4066000000.0,4757000000.0,0.3,4757000000.0,4066000000.0,3818000000.0,5.28,5.22,5.28,7875000000,12196750000.0,7875000000,59697346384.0,15.0,12.549,2049000000.0,3.946,1.0,8574000000.0,0.541,5873000000,248000000.0,16390000000,13349000000.0,3597000000,40000000,40000000,0,14067000000,5112000000,8955000000,54303346384.0,-1301000000.0,-922000000.0,-7082000000.0,5483000000.0,-904000000.0,-2259000000.0,-2095000000.0,202000000.0,3054000000.0,-1000000.0,2740000000.0,2740000000.0,2740000000.0,0.0,22000000.0,0.173,4499000000.0,4075000000.0,1193000000,0.337,6.896,19.819,21.246,5082000000,0.0,112.18,3.425,3.674,2923000000,9012000000.0,15855000000.0,15855000000.0,1725000000.0,0.118,0.225,0.305,0.256,48000000.0,2774000000.0,1.0,484073332,519300000.0,524900000.0,30.531,16108000000,1085000000,1078000000.0,608000000,31.019,4563000000
4,MON2,ARY,2013-12-31,2013-10-23,2013-08-31,2021-03-16,-1278000000,20664000000,21739750000.0,10077000000,10587000000,0.684,23.532,-741000000.0,3668000000,3668000000,7208000000.0,2525000000.0,2.324,0.632,2112000000,51000000,2061000000,2112000000,655000000,615000000.0,0,0.014,1.555,3569000000.0,4184000000.0,0.282,4184000000.0,3569000000.0,3397000000.0,4.65,4.6,4.65,12559000000,12981750000.0,12559000000,55034665973.0,15.0,13.154,1999000000.0,3.746,1.0,7653000000.0,0.515,4746000000,172000000.0,10026000000,10503500000.0,2947000000,254000000,254000000,0,7936000000,4336000000,3600000000,56590665973.0,385000000.0,-165000000.0,-1095000000.0,127000000.0,-802000000.0,-1485000000.0,-777000000.0,48000000.0,2740000000.0,-93000000.0,2482000000.0,2482000000.0,2482000000.0,0.0,43000000.0,0.167,4083000000.0,3570000000.0,1007000000,0.334,4.506,22.8,23.144,4654000000,0.0,107.62,3.808,3.865,2700000000,7188000000.0,14861000000.0,14861000000.0,1533000000.0,0.114,0.191,0.34,0.24,21000000.0,2550000000.0,1.0,525837818,533700000.0,539700000.0,27.845,15918000000,1033000000,915000000.0,560000000,29.826,5741000000
5,MON2,ARY,2012-12-31,2012-10-19,2012-08-31,2021-03-16,-1036000000,20224000000,20338000000.0,9658000000,10566000000,0.664,22.155,-646000000.0,3283000000,3283000000,6459000000.0,2093000000.0,2.288,0.692,2074000000,36000000,2038000000,2074000000,641000000,622000000.0,0,0.014,1.275,3137000000.0,3759000000.0,0.278,3759000000.0,3137000000.0,2946000000.0,3.83,3.79,3.83,11833000000,11736250000.0,11833000000,46204504691.0,15.0,12.292,2405000000.0,4.503,1.0,7045000000.0,0.522,4672000000,191000000.0,10122000000,10173750000.0,2839000000,302000000,302000000,0,8188000000,4221000000,3967000000,47413504691.0,711000000.0,-322000000.0,-432000000.0,-263000000.0,-642000000.0,-1165000000.0,-1034000000.0,0.0,3051000000.0,-141000000.0,2045000000.0,2045000000.0,2045000000.0,0.0,48000000.0,0.151,3897000000.0,3148000000.0,808000000,0.333,4.007,23.185,23.157,4365000000,0.0,88.69,3.511,3.508,2893000000,5537000000.0,13504000000.0,13504000000.0,1517000000.0,0.101,0.174,0.308,0.232,78000000.0,2390000000.0,1.0,534598091,534100000.0,540200000.0,25.284,15552000000,1085000000,901000000.0,388000000,29.118,5437000000
6,MON2,ARY,2011-12-31,2011-12-01,2011-08-31,2021-03-16,-116000000,19844000000,19598250000.0,8809000000,11035000000,0.603,21.519,-540000000.0,2572000000,2572000000,5743000000.0,1659000000.0,1.863,0.704,2221000000,678000000,1543000000,2221000000,710000000,613000000.0,0,0.016,1.14,2486000000.0,3099000000.0,0.262,3099000000.0,2486000000.0,2324000000.0,3.0,2.96,3.0,11545000000,11120500000.0,11545000000,38840945974.0,16.0,12.533,2274000000.0,4.239,1.0,6079000000.0,0.514,4674000000,162000000.0,10090000000,10971000000.0,2591000000,302000000,302000000,0,8128000000,4729000000,3399000000,39191945974.0,1087000000.0,-22000000.0,-502000000.0,180000000.0,-602000000.0,-864000000.0,-975000000.0,-302000000.0,2814000000.0,35000000.0,1607000000.0,1607000000.0,1607000000.0,0.0,52000000.0,0.136,3577000000.0,2502000000.0,933000000,0.38,3.395,24.388,24.4,4394000000,0.0,73.2,3.315,3.322,3221000000,4174000000.0,11822000000.0,11822000000.0,1386000000.0,0.082,0.145,0.227,0.21,68000000.0,2190000000.0,1.0,535409098,536500000.0,542400000.0,22.035,15170000000,1319000000,717000000.0,269000000,28.276,4080000000
7,MON2,ARY,2011-12-31,2011-11-14,2011-08-31,2021-03-16,-116000000,19844000000,19598250000.0,8809000000,11035000000,0.603,21.519,-540000000.0,2572000000,2572000000,5743000000.0,1659000000.0,1.863,0.704,2221000000,678000000,1543000000,2221000000,710000000,613000000.0,0,0.015,1.14,2486000000.0,3099000000.0,0.262,3099000000.0,2486000000.0,2324000000.0,3.0,2.96,3.0,11545000000,11120500000.0,11545000000,39478082800.0,16.0,12.739,2274000000.0,4.239,1.0,6079000000.0,0.514,4674000000,162000000.0,10090000000,10971000000.0,2591000000,302000000,302000000,0,8128000000,4729000000,3399000000,39829082800.0,1087000000.0,-22000000.0,-502000000.0,180000000.0,-602000000.0,-864000000.0,-975000000.0,-302000000.0,2814000000.0,35000000.0,1607000000.0,1607000000.0,1607000000.0,0.0,52000000.0,0.136,3577000000.0,2502000000.0,933000000,0.38,3.45,24.785,24.797,4394000000,0.0,74.39,3.369,3.376,3221000000,4174000000.0,11822000000.0,11822000000.0,1386000000.0,0.082,0.145,0.227,0.21,68000000.0,2190000000.0,1.0,535409098,536500000.0,542400000.0,22.035,15170000000,1319000000,717000000.0,269000000,28.276,4080000000
8,MON2,ARY,2010-12-31,2010-10-27,2010-08-31,2021-03-16,-897000000,17867000000,18014250000.0,7122000000,10745000000,0.583,18.575,-755000000.0,1485000000,1485000000,5416000000.0,1128000000.0,2.011,0.765,2103000000,241000000,1862000000,2103000000,614000000,602000000.0,0,0.018,1.075,1641000000.0,2243000000.0,0.214,2243000000.0,1641000000.0,1479000000.0,2.04,2.01,2.04,10099000000,10415000000.0,10099000000,32935645655.0,20.0,14.684,643000000.0,1.183,1.0,5086000000.0,0.484,4467000000,162000000.0,10477000000,11073750000.0,2739000000,0,0,0,7724000000,3541000000,4183000000,32317645655.0,-471000000.0,-57000000.0,-532000000.0,18000000.0,-577000000.0,-1038000000.0,-834000000.0,-39000000.0,1398000000.0,3000000.0,1109000000.0,1109000000.0,1109000000.0,0.0,19000000.0,0.106,3479000000.0,1607000000.0,835000000,0.527,3.2,29.141,29.534,4227000000,0.0,60.25,3.077,3.119,2820000000,3208000000.0,10502000000.0,10502000000.0,1205000000.0,0.062,0.106,0.148,0.156,59000000.0,2064000000.0,1.0,536392459,543700000.0,550800000.0,19.316,13400000000,1525000000,370000000.0,203000000,24.646,3581000000
9,MON2,ARY,2009-12-31,2009-10-27,2009-08-31,2021-03-16,-744000000,17877000000,17687250000.0,7883000000,9994000000,0.663,18.45,-916000000.0,1956000000,1956000000,4962000000.0,2109000000.0,2.099,0.778,1803000000,79000000,1724000000,1803000000,707000000,548000000.0,0,0.015,1.035,3083000000.0,3631000000.0,0.31,3631000000.0,3083000000.0,2954000000.0,3.86,3.8,3.86,10056000000,9877250000.0,10056000000,38693071418.0,13.0,10.656,1320000000.0,2.422,1.0,6762000000.0,0.577,4589000000,129000000.0,9379000000,9572000000.0,2934000000,0,0,0,7821000000,3756000000,4065000000,38846071418.0,343000000.0,-29000000.0,-398000000.0,-183000000.0,-552000000.0,-1065000000.0,-723000000.0,125000000.0,2236000000.0,-105000000.0,2109000000.0,2109000000.0,2109000000.0,-11000000.0,0.0,0.18,3659000000.0,3103000000.0,983000000,0.268,3.863,18.419,18.464,3609000000,0.0,71.27,3.313,3.313,2767000000,2682000000.0,11724000000.0,11724000000.0,1098000000.0,0.119,0.214,0.322,0.263,81000000.0,2037000000.0,1.0,545055022,545055022.0,,21.51,13288000000,1405000000,845000000.0,232000000,24.379,4127000000
10,MON2,ARY,2008-12-31,2008-10-24,2008-08-31,2021-03-16,-78000000,17991000000,16797250000.0,7609000000,10382000000,0.677,17.108,-918000000.0,1613000000,1613000000,5188000000.0,2024000000.0,1.714,0.919,1816000000,24000000,1792000000,1816000000,1433000000,573000000.0,0,0.012,0.83,3033000000.0,3606000000.0,0.317,3606000000.0,3033000000.0,2923000000.0,3.69,3.62,3.69,9374000000,9235750000.0,9374000000,39627402221.0,13.0,10.989,1881000000.0,3.433,1.0,6177000000.0,0.544,4663000000,110000000.0,9092000000,8319500000.0,2453000000,0,0,0,8617000000,4439000000,4178000000,39424402221.0,747000000.0,-1007000000.0,-361000000.0,369000000.0,-419000000.0,-102000000.0,-2027000000.0,-151000000.0,2799000000.0,77000000.0,2024000000.0,2024000000.0,2024000000.0,-17000000.0,0.0,0.178,3456000000.0,2721000000.0,1090000000,0.225,4.206,19.478,19.499,3323000000,0.0,71.95,3.469,3.469,3445000000,1138000000.0,11365000000.0,11365000000.0,980000000.0,0.12,0.219,0.365,0.267,-108000000.0,2312000000.0,1.0,547941657,547941657.0,,20.741,13328000000,1338000000,899000000.0,365000000,24.324,3170000000
11,MON2,ARY,2007-12-31,2007-10-26,2007-08-31,2021-03-16,-377000000,12983000000,12782000000.0,5084000000,7899000000,0.67,13.734,-509000000.0,866000000,866000000,4277000000.0,993000000.0,1.653,0.73,1420000000,270000000,1150000000,1420000000,260000000,527000000.0,0,0.006,0.55,1534000000.0,2061000000.0,0.241,2061000000.0,1534000000.0,1395000000.0,1.83,1.79,1.83,7503000000,7315750000.0,7503000000,52060968142.0,34.0,25.26,1345000000.0,2.462,1.0,4286000000.0,0.501,4040000000,139000000.0,6422000000,7152250000.0,1719000000,0,0,0,5480000000,3075000000,2405000000,51506968142.0,-594000000.0,-1362000000.0,-197000000.0,-278000000.0,-258000000.0,-583000000.0,-1911000000.0,-37000000.0,1854000000.0,46000000.0,993000000.0,993000000.0,993000000.0,-71000000.0,0.0,0.116,2868000000.0,1418000000.0,649000000,0.301,6.865,51.87,51.519,2656000000,0.0,94.28,6.015,6.015,1906000000,-405000000.0,8563000000.0,8563000000.0,780000000.0,0.078,0.136,0.214,0.179,-10000000.0,1895000000.0,1.0,546319136,546319136.0,,15.674,8943000000,1179000000,402000000.0,150000000,16.37,2009000000
12,MON2,ARY,2006-12-31,2006-11-02,2006-08-31,2021-03-16,-623000000,11728000000,11694000000.0,5461000000,6267000000,0.628,12.01,-370000000.0,1460000000,1460000000,3796000000.0,689000000.0,2.396,0.797,1667000000,28000000,1639000000,1667000000,0,519000000.0,0,0.009,0.4,1163000000.0,1682000000.0,0.229,1682000000.0,1163000000.0,1029000000.0,1.28,1.25,1.28,6525000000,6268500000.0,6525000000,24204587104.0,21.0,14.39,1304000000.0,2.4,1.0,3548000000.0,0.483,2751000000,134000000.0,6905000000,7281000000.0,1688000000,22000000,22000000,0,5203000000,2279000000,2924000000,23997587104.0,935000000.0,-258000000.0,-114000000.0,-1000000.0,-207000000.0,-117000000.0,-625000000.0,129000000.0,1674000000.0,3000000.0,689000000.0,689000000.0,689000000.0,3000000.0,0.0,0.094,2371000000.0,1177000000.0,514000000,0.312,3.678,34.83,34.508,2418000000,0.0,44.17,3.268,3.268,1799000000,-1099000000.0,7344000000.0,7344000000.0,725000000.0,0.059,0.11,0.16,0.158,-35000000.0,1601000000.0,1.0,543300591,543300591.0,,13.517,8977000000,1015000000,340000000.0,234000000,16.523,3182000000
13,MON2,ARY,2005-12-31,2005-11-08,2005-08-31,2021-03-16,-889000000,10579000000,10524500000.0,4644000000,5935000000,0.598,10.453,-281000000.0,525000000,525000000,3290000000.0,255000000.0,2.151,0.885,1740000000,282000000,1458000000,1740000000,0,488000000.0,0,0.011,0.34,474000000.0,962000000.0,0.153,962000000.0,474000000.0,359000000.0,0.48,0.47,0.48,5613000000,5668500000.0,5613000000,18161714814.0,38.0,18.879,1456000000.0,2.712,1.0,3004000000.0,0.477,2401000000,115000000.0,7234000000,6934750000.0,1664000000,150000000,150000000,0,4966000000,2159000000,2807000000,16946714814.0,-512000000.0,-1541000000.0,-234000000.0,-332000000.0,-174000000.0,-582000000.0,-1667000000.0,150000000.0,1737000000.0,0.0,255000000.0,255000000.0,255000000.0,-98000000.0,0.0,0.041,2262000000.0,742000000.0,369000000,0.708,3.019,66.458,65.75,2378000000,0.0,31.56,2.693,2.693,1843000000,-1572000000.0,6294000000.0,6294000000.0,588000000.0,0.024,0.045,0.068,0.075,94000000.0,1334000000.0,1.0,536968150,536968150.0,,11.721,8178000000,1054000000,104000000.0,208000000,15.23,2485000000
14,MON2,ARY,2004-12-31,2004-11-03,2004-08-31,2021-03-16,-1132000000,9164000000,9151750000.0,4931000000,4233000000,0.596,9.943,-210000000.0,1037000000,1037000000,2890000000.0,267000000.0,2.603,0.743,1508000000,433000000,1075000000,1508000000,16000000,452000000.0,0,0.013,0.275,489000000.0,941000000.0,0.172,941000000.0,489000000.0,398000000.0,0.505,0.495,0.505,5258000000,5264250000.0,5258000000,11612556375.0,24.0,12.341,1051000000.0,1.988,1.0,2567000000.0,0.47,1174000000,91000000.0,6567000000,7013000000.0,1154000000,300000000,300000000,0,3906000000,1894000000,2012000000,11141556375.0,756000000.0,0.0,-266000000.0,-24000000.0,-141000000.0,-243000000.0,-262000000.0,-70000000.0,1261000000.0,0.0,267000000.0,267000000.0,267000000.0,4000000.0,0.0,0.049,1946000000.0,621000000.0,326000000,0.545,2.119,41.729,41.723,2087000000,0.0,21.07,2.042,2.042,1979000000,-1645000000.0,5457000000.0,5457000000.0,511000000.0,0.029,0.051,0.07,0.09,37000000.0,1145000000.0,1.0,528787678,528787678.0,,10.32,7990000000,397000000,131000000.0,0,15.11,3037000000
15,MON2,ARY,2002-12-31,2003-03-13,2002-12-31,2021-03-16,-1202000000,8890000000,9800250000.0,4424000000,4466000000,0.477,9.907,-152000000.0,428000000,428000000,2493000000.0,-1693000000.0,2.444,0.716,1244000000,393000000,851000000,1244000000,148000000,460000000.0,0,0.029,0.24,-1561000000.0,-1101000000.0,-0.236,-1101000000.0,-1561000000.0,-1620000000.0,-3.25,-3.225,-3.25,5180000000,5870250000.0,5180000000,5150348707.0,-3.0,-4.678,956000000.0,1.828,1.0,2180000000.0,0.467,1400000000,59000000.0,6496000000,7376750000.0,1272000000,250000000,250000000,0,3710000000,1810000000,1900000000,4334348707.0,121000000.0,-347000000.0,0.0,-456000000.0,-125000000.0,-518000000.0,-469000000.0,0.0,1108000000.0,0.0,-1693000000.0,-1693000000.0,-1693000000.0,0.0,0.0,-0.362,1861000000.0,319000000.0,275000000,-0.074,0.837,-2.56,-2.551,2339000000,0.0,8.29,0.928,0.928,2141000000,-1645000000.0,4673000000.0,4673000000.0,527000000.0,-0.173,-0.288,-0.212,-0.334,11000000.0,1023000000.0,1.0,522840616,522840616.0,,8.938,7490000000,260000000,73000000.0,0,14.326,2614000000
16,MON2,ARY,2001-12-31,2002-03-05,2001-12-31,2021-03-16,-716000000,11429000000,11852000000.0,4797000000,6632000000,0.461,14.493,-372000000.0,307000000,307000000,2817000000.0,295000000.0,2.018,0.527,1710000000,817000000,893000000,1710000000,0,554000000.0,0,0.015,0.24,534000000.0,1088000000.0,0.199,1088000000.0,534000000.0,461000000.0,0.57,0.56,0.57,7483000000,7378750000.0,7483000000,9516859046.0,18.0,8.747,244000000.0,0.473,1.0,2645000000.0,0.484,3439000000,73000000.0,7016000000,7579500000.0,1357000000,30000000,30000000,0,3946000000,2377000000,1569000000,8113859046.0,176000000.0,-81000000.0,0.0,109000000.0,-116000000.0,-7000000.0,-433000000.0,0.0,616000000.0,0.0,295000000.0,295000000.0,295000000.0,0.0,0.0,0.054,1986000000.0,659000000.0,544000000,0.421,1.084,27.505,27.57,2627000000,0.0,15.715,1.486,1.486,2800000000,173000000.0,5462000000.0,5462000000.0,560000000.0,0.025,0.04,0.07,0.098,0.0,1183000000.0,1.0,516313016,516313016.0,,10.579,7990000000,251000000,166000000.0,0,15.475,2420000000
17,MON2,ARY,2000-12-31,2001-03-26,2000-12-31,2021-03-16,-479000000,11726000000,11413500000.0,4973000000,6753000000,0.481,14.225,-582000000.0,131000000,131000000,2770000000.0,149000000.0,1.804,0.597,1755000000,793000000,962000000,1755000000,0,546000000.0,0,0.003,0.045,492000000.0,1038000000.0,0.189,1038000000.0,492000000.0,308000000.0,0.29,0.29,0.29,7341000000,5993000000.0,7341000000,10397122000.0,21.0,10.016,89000000.0,0.172,1.0,2723000000.0,0.496,3606000000,184000000.0,6987000000,8354500000.0,1253000000,205000000,205000000,0,4385000000,2757000000,1628000000,8773122000.0,105000000.0,-148000000.0,723000000.0,-416000000.0,0.0,369000000.0,-935000000.0,0.0,671000000.0,0.0,149000000.0,149000000.0,149000000.0,0.0,0.0,0.027,2156000000.0,567000000.0,687000000,0.155,1.195,58.88,58.621,2659000000,0.0,17.0,1.597,1.597,3059000000,2000000.0,5493000000.0,5493000000.0,588000000.0,0.013,0.025,0.059,0.09,0.0,1253000000.0,1.0,516066000,516066000.0,,10.644,8120000000,225000000,159000000.0,0,15.734,2216000000
18,MON2,ARY,1999-12-31,2000-10-11,1999-12-31,2021-03-16,-281000000,11101000000,,4027000000,7074000000,,9.108,-307000000.0,26000000,26000000,2556000000.0,150000000.0,2.363,1.39,4367000000,89000000,4278000000,4367000000,0,547000000.0,0,,0.0,506000000.0,1053000000.0,0.201,1053000000.0,506000000.0,263000000.0,,,,4645000000,,4645000000,,,,-187000000.0,-0.367,1.0,2692000000.0,0.513,4016000000,243000000.0,9722000000,,1440000000,0,0,0,6456000000,1704000000,4752000000,,-11000000.0,-108000000.0,0.0,-343000000.0,0.0,284000000.0,-415000000.0,0.0,120000000.0,0.0,150000000.0,150000000.0,150000000.0,0.0,0.0,0.029,2082000000.0,610000000.0,466000000,,,,,2219000000,0.0,,,,2378000000,,5248000000.0,5248000000.0,695000000.0,,,,0.096,0.0,1237000000.0,1.0,510000000,510000000.0,,10.29,7085000000,130000000,113000000.0,0,13.892,2323000000
0,MON2,ARQ,2018-03-31,2018-04-05,2018-02-28,2021-03-16,-2445000000,22687000000,,10056000000,12631000000,,17.583,-243000000.0,2409000000,2409000000,2053000000.0,1460000000.0,1.407,1.924,7847000000,1212000000,6635000000,7847000000,1800000000,193000000.0,0,0.018,0.54,1945000000.0,2138000000.0,0.426,2138000000.0,1945000000.0,1840000000.0,3.31,3.27,3.31,7754000000,,7754000000,57531574665.0,17.0,13.724,95000000.0,0.215,1.0,2966000000.0,0.591,5077000000,105000000.0,15899000000,,4015000000,0,0,0,14921000000,7149000000,7772000000,52093574665.0,-693000000.0,0.0,0.0,-675000000.0,-238000000.0,-892000000.0,-156000000.0,0.0,338000000.0,17000000.0,1459000000.0,1459000000.0,1459000000.0,0.0,1000000.0,0.291,1070000000.0,1896000000.0,888000000,0.163,6.718,20.913,20.894,6109000000,0.0,118.05,3.57,3.567,3350000000,13290000000.0,5019000000.0,5019000000.0,394000000.0,,,,,29000000.0,652000000.0,1.0,441283987,441000000.0,445500000.0,11.381,17610000000,495000000,381000000.0,339000000,39.932,2907000000
1,MON2,ARQ,2017-12-31,2018-01-05,2017-11-30,2021-03-16,-2495000000,23136000000,,10560000000,12576000000,,14.995,-418000000.0,3102000000,3102000000,1346000000.0,171000000.0,1.279,2.503,8117000000,1168000000,6949000000,8117000000,3230000000,188000000.0,0,0.018,0.54,353000000.0,541000000.0,0.204,541000000.0,353000000.0,229000000.0,0.38,0.38,0.38,6601000000,,6601000000,57300779318.0,17.0,13.604,874000000.0,1.985,1.0,1312000000.0,0.494,5081000000,124000000.0,14812000000,,4033000000,0,0,0,16521000000,8258000000,8263000000,52285779318.0,1246000000.0,0.0,0.0,393000000.0,-238000000.0,178000000.0,-210000000.0,7000000.0,1292000000.0,-14000000.0,169000000.0,169000000.0,169000000.0,0.0,2000000.0,0.064,1070000000.0,242000000.0,1269000000,1.421,7.921,21.786,21.722,5959000000,0.0,118.6,3.569,3.564,3158000000,12241000000.0,2658000000.0,2658000000.0,382000000.0,,,,,34000000.0,664000000.0,1.0,440858173,440200000.0,445300000.0,6.038,18055000000,534000000,60000000.0,332000000,41.015,2302000000
2,MON2,ARQ,2017-09-30,2017-10-27,2017-08-31,2021-03-16,-2427000000,21333000000,,8651000000,12682000000,,14.652,-392000000.0,1856000000,1856000000,1346000000.0,25000000.0,1.352,2.311,8124000000,870000000,7254000000,8124000000,841000000,199000000.0,0,0.018,1.08,-36000000.0,163000000.0,0.061,163000000.0,-36000000.0,-150000000.0,0.04,0.03,0.04,6438000000,,6438000000,59761100233.0,18.0,14.626,2144000000.0,4.879,1.0,1340000000.0,0.499,5112000000,114000000.0,16091000000,,3340000000,8000000,8000000,0,14875000000,6398000000,8477000000,53493100233.0,242000000.0,0.0,0.0,-1743000000.0,-236000000.0,-1962000000.0,-355000000.0,-2000000.0,2536000000.0,23000000.0,20000000.0,20000000.0,20000000.0,13000000.0,5000000.0,0.007,1403000000.0,-63000000.0,1174000000,27.0,8.309,23.67,23.596,5930000000,0.0,121.52,3.654,3.642,3109000000,12072000000.0,2686000000.0,2686000000.0,439000000.0,,,,,38000000.0,938000000.0,1.0,440199969,439400000.0,446200000.0,6.113,16221000000,564000000,-170000000.0,250000000,36.916,2253000000
3,MON2,ARQ,2017-06-30,2017-06-29,2017-05-31,2021-03-16,-2735000000,21758000000,,10018000000,11740000000,,14.876,-305000000.0,1614000000,1614000000,1844000000.0,847000000.0,1.44,2.329,9857000000,2611000000,7246000000,9857000000,569000000,177000000.0,0,0.018,0.0,1173000000.0,1350000000.0,0.319,1350000000.0,1173000000.0,1073000000.0,1.92,1.9,1.92,6532000000,,6532000000,60083117894.0,18.0,14.946,-1152000000.0,-2.624,1.0,2386000000.0,0.564,5077000000,100000000.0,17966000000,,3189000000,6000000,6000000,0,15210000000,6958000000,8252000000,51840117894.0,-667000000.0,-4000000.0,0.0,691000000.0,-237000000.0,490000000.0,-314000000.0,2000000.0,-847000000.0,4000000.0,843000000.0,843000000.0,843000000.0,0.0,4000000.0,0.199,1222000000.0,1164000000.0,790000000,0.0,7.936,25.3,24.947,5500000000,0.0,118.0,3.571,3.569,4793000000,12527000000.0,4230000000.0,4230000000.0,417000000.0,,,,,26000000.0,789000000.0,1.0,439323033,439100000.0,443400000.0,9.633,16681000000,534000000,230000000.0,365000000,37.989,3060000000
4,MON2,ARQ,2017-03-31,2017-04-06,2017-02-28,2021-03-16,-2817000000,21373000000,,9882000000,11491000000,,12.628,-226000000.0,2281000000,2281000000,2122000000.0,1366000000.0,1.356,2.855,9171000000,1611000000,7560000000,9171000000,1434000000,183000000.0,0,0.019,0.54,1975000000.0,2158000000.0,0.425,2158000000.0,1975000000.0,1873000000.0,3.12,3.09,3.12,5540000000,,5540000000,57791686588.0,17.0,13.932,-152000000.0,-0.346,1.0,2952000000.0,0.582,5082000000,102000000.0,15892000000,,3621000000,10000000,10000000,0,15819000000,7289000000,8530000000,50901686588.0,152000000.0,0.0,0.0,383000000.0,-238000000.0,161000000.0,-111000000.0,50000000.0,74000000.0,28000000.0,1368000000.0,1368000000.0,1368000000.0,0.0,-2000000.0,0.27,1088000000.0,1864000000.0,832000000,0.173,9.188,26.47,26.126,5335000000,0.0,116.0,3.517,3.516,3431000000,11685000000.0,5074000000.0,5074000000.0,381000000.0,,,,,30000000.0,657000000.0,1.0,438807643,438700000.0,442300000.0,11.566,16291000000,527000000,505000000.0,380000000,37.135,2593000000
5,MON2,ARQ,2016-12-31,2017-01-06,2016-11-30,2021-03-16,-3015000000,20959000000,,9652000000,11307000000,,10.048,-317000000.0,2129000000,2129000000,1391000000.0,35000000.0,1.287,3.758,8617000000,570000000,8047000000,8617000000,2938000000,189000000.0,0,0.02,0.54,226000000.0,415000000.0,0.157,415000000.0,226000000.0,90000000.0,0.07,0.07,0.07,4402000000,,4402000000,53908933227.0,18.0,14.613,1146000000.0,2.616,1.0,1259000000.0,0.475,5076000000,136000000.0,14871000000,,3839000000,60000000,60000000,0,16542000000,7500000000,9042000000,47420933227.0,453000000.0,-7000000.0,0.0,-428000000.0,-237000000.0,-655000000.0,-327000000.0,0.0,1463000000.0,-28000000.0,29000000.0,29000000.0,29000000.0,0.0,6000000.0,0.011,1012000000.0,247000000.0,1167000000,7.714,10.773,29.308,28.989,5217000000,0.0,108.13,3.403,3.4,3152000000,10792000000.0,2650000000.0,2650000000.0,370000000.0,,,,,32000000.0,585000000.0,1.0,438554825,438100000.0,441700000.0,6.049,15883000000,487000000,61000000.0,220000000,36.254,2152000000
6,MON2,ARQ,2016-09-30,2016-10-19,2016-08-31,2021-03-16,-2808000000,19736000000,,8157000000,11579000000,,10.347,-257000000.0,1676000000,1676000000,1424000000.0,-205000000.0,1.212,3.35,9040000000,1587000000,7453000000,9040000000,603000000,185000000.0,0,0.021,1.08,-88000000.0,97000000.0,0.038,97000000.0,-88000000.0,-192000000.0,-0.38,-0.41,-0.38,4534000000,,4534000000,52252836162.0,21.0,16.36,1916000000.0,4.372,1.0,1138000000.0,0.444,5145000000,104000000.0,15226000000,,3241000000,60000000,60000000,0,15191000000,6729000000,8462000000,44888836162.0,471000000.0,0.0,0.0,-1284000000.0,-237000000.0,-1509000000.0,-225000000.0,-50000000.0,2173000000.0,32000000.0,-191000000.0,-191000000.0,-191000000.0,15000000.0,-14000000.0,-0.075,1403000000.0,-265000000.0,1129000000,-2.842,9.9,33.599,33.937,5231000000,0.0,102.49,3.325,3.36,2782000000,10763000000.0,2562000000.0,2562000000.0,421000000.0,,,,,20000000.0,975000000.0,1.0,437982595,438200000.0,443800000.0,5.847,14591000000,613000000,-1000000.0,109000000,33.298,1428000000
7,MON2,ARQ,2016-06-30,2016-06-30,2016-05-31,2021-03-16,-2859000000,20328000000,,9055000000,11273000000,,11.691,-177000000.0,1205000000,1205000000,1809000000.0,715000000.0,1.465,2.977,10505000000,2557000000,7948000000,10505000000,455000000,178000000.0,0,0.016,0.0,1300000000.0,1478000000.0,0.353,1478000000.0,1300000000.0,1200000000.0,1.63,1.63,1.63,5110000000,,5110000000,54549686074.0,27.0,20.033,-1151000000.0,-2.633,1.0,2380000000.0,0.568,5154000000,100000000.0,18294000000,,3370000000,11000000,11000000,0,15214000000,6180000000,9034000000,45249686074.0,155000000.0,-2000000.0,0.0,1459000000.0,-236000000.0,1269000000.0,-156000000.0,0.0,-974000000.0,16000000.0,717000000.0,717000000.0,717000000.0,0.0,-2000000.0,0.171,1131000000.0,1249000000.0,673000000,0.0,8.855,43.847,41.866,4994000000,0.0,103.41,3.404,3.4,4068000000,11426000000.0,4189000000.0,4189000000.0,387000000.0,,,,,14000000.0,729000000.0,1.0,437575535,437100000.0,440300000.0,9.584,15174000000,451000000,483000000.0,249000000,34.715,2875000000
8,MON2,ARQ,2016-03-31,2016-04-07,2016-02-29,2021-03-16,-3051000000,19413000000,,8483000000,10930000000,,9.466,-163000000.0,1050000000,1050000000,1934000000.0,1060000000.0,1.428,3.676,9028000000,1083000000,7945000000,9028000000,1205000000,183000000.0,0,0.025,0.54,1516000000.0,1699000000.0,0.375,1699000000.0,1516000000.0,1413000000.0,2.41,2.41,2.41,4152000000,,4152000000,45590353639.0,19.0,14.904,-137000000.0,-0.312,1.0,2598000000.0,0.573,5176000000,103000000.0,16276000000,,3704000000,12000000,12000000,0,15262000000,5939000000,9323000000,37612353639.0,-1227000000.0,0.0,-1000000.0,-856000000.0,-237000000.0,-1088000000.0,-147000000.0,35000000.0,26000000.0,-18000000.0,1063000000.0,1063000000.0,1063000000.0,0.0,-3000000.0,0.235,935000000.0,1663000000.0,654000000,0.224,9.059,25.833,26.492,4892000000,0.0,86.1,2.748,2.759,2562000000,10709000000.0,4532000000.0,4532000000.0,340000000.0,,,,,30000000.0,586000000.0,1.0,436844990,438600000.0,441700000.0,10.333,14237000000,996000000,350000000.0,625000000,32.46,2544000000
9,MON2,ARQ,2015-12-31,2016-01-07,2015-11-30,2021-03-16,-3018000000,21446000000,,10467000000,10979000000,,7.837,-326000000.0,2277000000,2277000000,1318000000.0,-257000000.0,1.231,5.023,9727000000,1788000000,7939000000,9727000000,3191000000,181000000.0,0,0.022,0.54,-261000000.0,-80000000.0,-0.036,-80000000.0,-261000000.0,-390000000.0,-0.56,-0.56,-0.56,3559000000,,3559000000,48658461607.0,17.0,13.49,1037000000.0,2.284,1.0,901000000.0,0.406,5190000000,129000000.0,15205000000,,3872000000,47000000,47000000,0,17878000000,8501000000,9377000000,41208461607.0,-1424000000.0,0.0,-3000000000.0,837000000.0,-254000000.0,-2414000000.0,-336000000.0,0.0,1363000000.0,-37000000.0,-253000000.0,-253000000.0,-253000000.0,0.0,-4000000.0,-0.114,1173000000.0,-272000000.0,834000000,-0.964,11.579,22.667,24.691,4870000000,0.0,93.58,2.872,2.961,3141000000,10121000000.0,2219000000.0,2219000000.0,364000000.0,,,,,31000000.0,543000000.0,1.0,440355435,454100000.0,454100000.0,4.887,16256000000,1032000000,-137000000.0,426000000,35.798,1966000000
10,MON2,ARQ,2015-09-30,2015-10-29,2015-08-31,2021-03-16,-2801000000,21920000000,,10625000000,11295000000,,14.901,-266000000.0,3701000000,3701000000,1359000000.0,-492000000.0,2.052,2.134,9044000000,615000000,8429000000,9044000000,417000000,178000000.0,0,0.021,0.54,-552000000.0,-374000000.0,-0.159,-374000000.0,-552000000.0,-682000000.0,-1.01,-0.99,-1.01,6990000000,,6990000000,46568937382.0,13.0,10.762,2872000000.0,6.122,1.0,996000000.0,0.423,5393000000,130000000.0,16693000000,,3496000000,47000000,47000000,0,14915000000,5177000000,9738000000,41225937382.0,2522000000.0,0.0,-130000000.0,75000000.0,-229000000.0,-287000000.0,-260000000.0,-19000000.0,3138000000.0,-69000000.0,-495000000.0,-495000000.0,-495000000.0,23000000.0,3000000.0,-0.21,1556000000.0,-560000000.0,908000000,-0.535,5.898,17.816,19.326,4973000000,0.0,93.73,2.748,2.98,2481000000,10374000000.0,2355000000.0,2355000000.0,422000000.0,,,,,16000000.0,741000000.0,1.0,439837164,469100000.0,472700000.0,5.02,16527000000,1020000000,-187000000.0,574000000,35.231,5448000000
11,MON2,ARQ,2015-06-30,2015-06-25,2015-05-31,2021-03-16,-2504000000,22259000000,,10589000000,11670000000,,17.635,-190000000.0,1179000000,1179000000,1843000000.0,1155000000.0,2.585,1.667,8983000000,587000000,8396000000,8983000000,438000000,176000000.0,0,0.018,0.0,1638000000.0,1814000000.0,0.396,1814000000.0,1638000000.0,1542000000.0,2.41,2.39,2.41,8338000000,,8338000000,58002652044.0,14.0,12.198,-1738000000.0,-3.676,1.0,2736000000.0,0.598,5585000000,96000000.0,20381000000,,3625000000,28000000,28000000,0,13899000000,4097000000,9802000000,50198652044.0,-1553000000.0,0.0,-213000000.0,668000000.0,-234000000.0,263000000.0,-227000000.0,-28000000.0,-1548000000.0,-41000000.0,1141000000.0,1141000000.0,1141000000.0,0.0,14000000.0,0.249,1092000000.0,1644000000.0,698000000,0.0,6.02,18.921,19.059,4864000000,0.0,107.3,3.286,3.321,4894000000,11350000000.0,4579000000.0,4579000000.0,374000000.0,,,,,23000000.0,718000000.0,1.0,467834595,472800000.0,477200000.0,9.685,16674000000,1021000000,401000000.0,875000000,35.266,6492000000
12,MON2,ARQ,2015-03-31,2015-04-02,2015-02-28,2021-03-16,-2203000000,22402000000,,10699000000,11703000000,,15.844,-164000000.0,2732000000,2732000000,2158000000.0,1419000000.0,1.955,1.924,8240000000,346000000,7894000000,8240000000,1079000000,180000000.0,0,0.016,0.49,2067000000.0,2247000000.0,0.432,2247000000.0,2067000000.0,1975000000.0,2.95,2.92,2.95,7659000000,,7659000000,60878761455.0,17.0,13.973,5000000.0,0.01,1.0,3039000000.0,0.585,5655000000,92000000.0,16783000000,,3978000000,0,0,0,14734000000,5472000000,9262000000,55370761455.0,-404000000.0,-8000000.0,-196000000.0,59000000.0,-237000000.0,-299000000.0,-152000000.0,40000000.0,169000000.0,-122000000.0,1425000000.0,1425000000.0,1425000000.0,0.0,-6000000.0,0.274,1019000000.0,2020000000.0,829000000,0.166,7.23,23.363,23.93,4869000000,0.0,116.3,3.704,3.761,3086000000,10207000000.0,5197000000.0,5197000000.0,372000000.0,,,,,13000000.0,647000000.0,1.0,476102850,483400000.0,488100000.0,10.751,16747000000,1002000000,550000000.0,1017000000,34.644,5227000000
13,MON2,ARQ,2014-12-31,2015-01-08,2014-11-30,2021-03-16,-1589000000,23374000000,,11398000000,11976000000,,15.297,-347000000.0,3136000000,3136000000,1459000000.0,243000000.0,1.629,2.151,8165000000,636000000,7529000000,8165000000,2574000000,182000000.0,0,0.015,0.49,458000000.0,640000000.0,0.223,640000000.0,458000000.0,343000000.0,0.5,0.5,0.5,7410000000,,7410000000,62631845944.0,16.0,13.435,1002000000.0,2.069,1.0,1411000000.0,0.492,5760000000,115000000.0,15644000000,,4300000000,40000000,40000000,0,15942000000,6999000000,8943000000,57602845944.0,769000000.0,0.0,-296000000.0,424000000.0,-238000000.0,-107000000.0,-380000000.0,-30000000.0,1349000000.0,-93000000.0,243000000.0,243000000.0,243000000.0,0.0,0.0,0.085,992000000.0,419000000.0,933000000,0.98,7.774,22.028,23.417,4985000000,0.0,119.19,3.697,3.705,3136000000,9255000000.0,2870000000.0,2870000000.0,412000000.0,,,,,15000000.0,580000000.0,1.0,483285896,484400000.0,489400000.0,5.925,17614000000,1005000000,100000000.0,576000000,36.363,4399000000
14,MON2,ARQ,2014-09-30,2014-10-29,2014-08-31,2021-03-16,-1114000000,21981000000,,9675000000,12306000000,,15.719,-317000000.0,2367000000,2367000000,1397000000.0,-163000000.0,1.893,1.786,7761000000,233000000,7528000000,7761000000,485000000,184000000.0,0,0.016,0.49,-130000000.0,54000000.0,0.021,54000000.0,-130000000.0,-243000000.0,-0.23,-0.23,-0.23,7875000000,,7875000000,59697346384.0,15.0,12.549,2366000000.0,4.723,1.0,1233000000.0,0.469,5873000000,113000000.0,16390000000,,3597000000,40000000,40000000,0,14067000000,5112000000,8955000000,54303346384.0,469000000.0,0.0,-6168000000.0,4485000000.0,-225000000.0,-1839000000.0,-361000000.0,-40000000.0,2683000000.0,-14000000.0,-156000000.0,-156000000.0,-156000000.0,13000000.0,-7000000.0,-0.059,1390000000.0,-157000000.0,1193000000,-2.13,6.896,19.819,21.246,5082000000,0.0,112.18,3.425,3.674,2923000000,9012000000.0,2630000000.0,2630000000.0,485000000.0,,,,,16000000.0,905000000.0,1.0,484073332,501000000.0,506000000.0,5.25,16108000000,1085000000,-87000000.0,608000000,32.152,4563000000
15,MON2,ARQ,2014-06-30,2014-06-25,2014-05-31,2021-03-16,-1031000000,23281000000,,11237000000,12044000000,,27.965,-217000000.0,1898000000,1898000000,1919000000.0,880000000.0,2.859,0.575,3211000000,162000000,3049000000,3211000000,394000000,175000000.0,0,0.013,0.0,1241000000.0,1416000000.0,0.333,1416000000.0,1241000000.0,1199000000.0,1.64,1.62,1.64,14662000000,,14662000000,67794751364.0,17.0,14.871,-1692000000.0,-3.227,1.0,2331000000.0,0.548,5951000000,42000000.0,14712000000,,3552000000,0,0,0,8431000000,3931000000,4500000000,66481751364.0,-1907000000.0,0.0,-150000000.0,26000000.0,-226000000.0,-273000000.0,-178000000.0,45000000.0,-1475000000.0,19000000.0,858000000.0,858000000.0,858000000.0,0.0,22000000.0,0.202,1082000000.0,1249000000.0,787000000,0.0,4.534,25.116,25.045,4878000000,0.0,126.73,4.309,4.307,5141000000,9633000000.0,4250000000.0,4250000000.0,427000000.0,,,,,11000000.0,655000000.0,1.0,524593635,524300000.0,529800000.0,8.106,17330000000,1047000000,341000000.0,869000000,33.054,7306000000
16,MON2,ARQ,2014-03-31,2014-04-03,2014-02-28,2021-03-16,-1196000000,23457000000,,11550000000,11907000000,,26.063,-168000000.0,3805000000,3805000000,2385000000.0,1672000000.0,2.287,0.703,3155000000,104000000,3051000000,3155000000,957000000,170000000.0,0,0.014,0.43,2382000000.0,2552000000.0,0.438,2552000000.0,2382000000.0,2342000000.0,3.18,3.15,3.18,13678000000,,13678000000,60698951251.0,16.0,13.39,-20000000.0,-0.038,1.0,3447000000.0,0.591,5972000000,40000000.0,11784000000,,3692000000,45000000,45000000,0,9616000000,5051000000,4565000000,61348951251.0,-691000000.0,-5000000.0,-203000000.0,-137000000.0,-225000000.0,-493000000.0,-315000000.0,204000000.0,148000000.0,-31000000.0,1670000000.0,1670000000.0,1670000000.0,0.0,2000000.0,0.286,1029000000.0,2418000000.0,878000000,0.135,4.485,22.739,22.859,4735000000,0.0,117.04,3.977,3.982,3314000000,8775000000.0,5832000000.0,5832000000.0,404000000.0,,,,,9000000.0,625000000.0,1.0,524170807,524800000.0,530300000.0,11.113,17485000000,1050000000,672000000.0,1137000000,33.317,6499000000
17,MON2,ARQ,2013-12-31,2014-01-08,2013-11-30,2021-03-16,-1176000000,24077000000,,12496000000,11581000000,,23.86,-303000000.0,4496000000,4496000000,1580000000.0,373000000.0,1.866,0.902,3319000000,262000000,3057000000,3319000000,2979000000,162000000.0,0,0.014,0.43,573000000.0,735000000.0,0.234,735000000.0,573000000.0,520000000.0,0.7,0.69,0.7,12572000000,,12572000000,59304542026.0,16.0,13.938,1395000000.0,2.648,1.0,1563000000.0,0.497,5692000000,53000000.0,10510000000,,3873000000,249000000,249000000,0,11338000000,6698000000,4640000000,60481542026.0,828000000.0,-917000000.0,-561000000.0,1109000000.0,-228000000.0,346000000.0,-1241000000.0,-7000000.0,1698000000.0,25000000.0,368000000.0,368000000.0,368000000.0,0.0,5000000.0,0.117,998000000.0,565000000.0,855000000,0.614,4.811,24.087,24.413,4686000000,0.0,115.23,4.015,4.03,3210000000,7556000000.0,3143000000.0,3143000000.0,409000000.0,,,,,12000000.0,589000000.0,1.0,524876699,526900000.0,532600000.0,5.965,18385000000,1115000000,152000000.0,645000000,34.893,5798000000
18,MON2,ARQ,2013-09-30,2013-10-23,2013-08-31,2021-03-16,-1278000000,20664000000,,10077000000,10587000000,,23.638,-282000000.0,3668000000,3668000000,1278000000.0,-239000000.0,2.324,0.632,2112000000,51000000,2061000000,2112000000,655000000,158000000.0,0,0.014,0.805,-302000000.0,-144000000.0,-0.065,-144000000.0,-302000000.0,-351000000.0,-0.46,-0.45,-0.46,12559000000,,12559000000,55034665973.0,15.0,13.154,1672000000.0,3.147,1.0,924000000.0,0.42,4746000000,49000000.0,10026000000,,2947000000,254000000,254000000,0,7936000000,4336000000,3600000000,56590665973.0,747000000.0,-45000000.0,-517000000.0,-29000000.0,-200000000.0,-746000000.0,-390000000.0,-111000000.0,1954000000.0,-71000000.0,-249000000.0,-249000000.0,-249000000.0,0.0,10000000.0,-0.113,1213000000.0,-289000000.0,1007000000,-1.75,4.506,22.8,23.144,4654000000,0.0,107.62,3.808,3.865,2700000000,7188000000.0,2202000000.0,2202000000.0,436000000.0,,,,,18000000.0,777000000.0,1.0,525837818,531300000.0,536700000.0,4.145,15918000000,1033000000,-102000000.0,560000000,29.96,5741000000
19,MON2,ARQ,2013-06-30,2013-06-27,2013-05-31,2021-03-16,-1122000000,21679000000,,11141000000,10538000000,,25.967,-198000000.0,2921000000,2921000000,1986000000.0,932000000.0,2.921,0.548,2223000000,169000000,2054000000,2223000000,489000000,152000000.0,0,0.014,0.0,1238000000.0,1390000000.0,0.327,1390000000.0,1238000000.0,1201000000.0,1.7,1.68,1.7,13869000000,,13869000000,51946547226.0,14.0,12.26,-1269000000.0,-2.376,1.0,2262000000.0,0.532,4735000000,37000000.0,12432000000,,2884000000,143000000,143000000,0,7601000000,3814000000,3787000000,52644547226.0,-1522000000.0,-41000000.0,-251000000.0,28000000.0,-200000000.0,-317000000.0,-86000000.0,167000000.0,-1071000000.0,-48000000.0,909000000.0,909000000.0,909000000.0,0.0,23000000.0,0.214,1024000000.0,1238000000.0,745000000,0.0,3.796,21.041,21.1,4467000000,0.0,98.75,3.567,3.574,4664000000,7865000000.0,4248000000.0,4248000000.0,392000000.0,,,,,1000000.0,632000000.0,1.0,533109339,534100000.0,540000000.0,7.954,16944000000,1092000000,292000000.0,841000000,31.724,7327000000
20,MON2,ARQ,2013-03-31,2013-04-04,2013-02-28,2021-03-16,-944000000,22079000000,,11534000000,10545000000,,24.757,-128000000.0,4443000000,4443000000,2402000000.0,1483000000.0,2.449,0.651,2206000000,152000000,2054000000,2206000000,943000000,153000000.0,0,0.013,0.375,2121000000.0,2274000000.0,0.416,2274000000.0,2121000000.0,2086000000.0,2.78,2.74,2.78,13240000000,,13240000000,54211325029.0,15.0,12.494,160000000.0,0.299,1.0,3070000000.0,0.561,4739000000,35000000.0,10394000000,,3095000000,310000000,310000000,0,8621000000,4709000000,3912000000,56448325029.0,-194000000.0,-79000000.0,-300000000.0,59000000.0,-201000000.0,-306000000.0,-205000000.0,0.0,288000000.0,29000000.0,1483000000.0,1483000000.0,1483000000.0,0.0,0.0,0.271,958000000.0,2112000000.0,758000000,0.135,4.263,22.312,22.308,4400000000,0.0,105.74,3.833,3.84,3112000000,6956000000.0,5472000000.0,5472000000.0,360000000.0,,,,,-7000000.0,598000000.0,1.0,533840789,534800000.0,540900000.0,10.232,17340000000,1200000000,603000000.0,840000000,32.423,6825000000
21,MON2,ARQ,2012-12-31,2013-01-08,2012-11-30,2021-03-16,-988000000,22537000000,,12060000000,10477000000,,22.923,-133000000.0,4637000000,4637000000,1542000000.0,349000000.0,1.957,0.822,2080000000,26000000,2054000000,2080000000,3061000000,152000000.0,0,0.014,0.375,512000000.0,664000000.0,0.226,664000000.0,512000000.0,461000000.0,0.63,0.63,0.63,12259000000,,12259000000,50220611134.0,15.0,12.496,1436000000.0,2.685,1.0,1397000000.0,0.475,4657000000,51000000.0,9162000000,,3571000000,310000000,310000000,0,10072000000,6161000000,3911000000,52777611134.0,1354000000.0,0.0,-27000000.0,69000000.0,-201000000.0,-116000000.0,-96000000.0,-8000000.0,1569000000.0,-3000000.0,339000000.0,339000000.0,339000000.0,0.0,10000000.0,0.115,888000000.0,509000000.0,793000000,0.595,4.305,23.374,23.286,4348000000,0.0,98.5,3.769,3.762,3158000000,5876000000.0,2939000000.0,2939000000.0,346000000.0,,,,,9000000.0,542000000.0,1.0,535813311,534800000.0,540400000.0,5.496,17880000000,1065000000,122000000.0,382000000,33.433,5899000000
22,MON2,ARQ,2012-09-30,2012-10-19,2012-08-31,2021-03-16,-1036000000,20224000000,,9658000000,10566000000,,22.167,-270000000.0,3283000000,3283000000,1217000000.0,-219000000.0,2.288,0.692,2074000000,36000000,2038000000,2074000000,641000000,156000000.0,0,0.014,0.675,-247000000.0,-91000000.0,-0.043,-91000000.0,-247000000.0,-299000000.0,-0.43,-0.42,-0.43,11833000000,,11833000000,46204504691.0,15.0,12.292,1928000000.0,3.612,1.0,881000000.0,0.42,4672000000,52000000.0,10122000000,,2839000000,302000000,302000000,0,8188000000,4221000000,3967000000,47413504691.0,1567000000.0,-209000000.0,-9000000.0,-23000000.0,-160000000.0,-144000000.0,-492000000.0,0.0,2198000000.0,5000000.0,-229000000.0,-229000000.0,-229000000.0,0.0,10000000.0,-0.109,1137000000.0,-256000000.0,808000000,-1.57,4.007,23.185,23.157,4365000000,0.0,88.69,3.511,3.508,2893000000,5537000000.0,2098000000.0,2098000000.0,438000000.0,,,,,9000000.0,709000000.0,1.0,534598091,533800000.0,540200000.0,3.93,15552000000,1085000000,-70000000.0,388000000,29.135,5437000000
23,MON2,ARQ,2012-06-30,2012-06-29,2012-05-31,2021-03-16,-1176000000,19984000000,,9783000000,10201000000,,22.663,-137000000.0,1716000000,1716000000,1856000000.0,966000000.0,2.285,0.627,2172000000,634000000,1538000000,2172000000,629000000,155000000.0,0,0.014,0.0,1337000000.0,1492000000.0,0.354,1492000000.0,1337000000.0,1298000000.0,1.76,1.74,1.76,12077000000,,12077000000,44573605967.0,13.0,11.307,-956000000.0,-1.794,1.0,2363000000.0,0.56,4463000000,39000000.0,11695000000,,2514000000,302000000,302000000,0,7571000000,4282000000,3289000000,44117605967.0,-1407000000.0,0.0,-124000000.0,-82000000.0,-160000000.0,-349000000.0,-140000000.0,0.0,-819000000.0,-99000000.0,937000000.0,937000000.0,937000000.0,0.0,29000000.0,0.222,1013000000.0,1350000000.0,615000000,0.0,3.653,20.406,20.339,4164000000,0.0,82.78,3.231,3.231,4777000000,6122000000.0,4219000000.0,4219000000.0,375000000.0,,,,,23000000.0,638000000.0,1.0,532950060,532900000.0,538800000.0,7.917,15521000000,1254000000,361000000.0,744000000,29.126,5501000000
24,MON2,ARQ,2012-03-31,2012-04-05,2012-02-29,2021-03-16,-533000000,20721000000,,10024000000,10697000000,,22.444,-101000000.0,3123000000,3123000000,2043000000.0,1212000000.0,1.93,0.711,2148000000,610000000,1538000000,2148000000,1139000000,156000000.0,0,0.015,0.3,1798000000.0,1954000000.0,0.412,1954000000.0,1798000000.0,1751000000.0,2.27,2.24,2.27,11994000000,,11994000000,41177037177.0,14.0,11.438,461000000.0,0.863,1.0,2705000000.0,0.57,4654000000,47000000.0,9899000000,,2862000000,302000000,302000000,0,8525000000,5193000000,3332000000,42152037177.0,116000000.0,0.0,-273000000.0,4000000.0,-161000000.0,-332000000.0,-148000000.0,0.0,562000000.0,34000000.0,1211000000.0,1211000000.0,1211000000.0,0.0,1000000.0,0.255,896000000.0,1809000000.0,690000000,0.132,3.514,21.989,21.95,4259000000,0.0,79.02,3.232,3.238,3374000000,5190000000.0,4748000000.0,4748000000.0,353000000.0,,,,,29000000.0,543000000.0,1.0,533435044,534400000.0,540500000.0,8.885,16067000000,1335000000,540000000.0,705000000,30.065,4831000000
25,MON2,ARQ,2011-12-31,2012-01-06,2011-11-30,2021-03-16,-760000000,20423000000,,9734000000,10689000000,,20.622,-138000000.0,3007000000,3007000000,1343000000.0,134000000.0,1.663,0.835,2064000000,522000000,1542000000,2064000000,2316000000,155000000.0,0,0.015,0.3,249000000.0,404000000.0,0.166,404000000.0,249000000.0,196000000.0,0.24,0.23,0.24,11041000000,,11041000000,40556717694.0,15.0,12.339,972000000.0,1.815,1.0,1096000000.0,0.449,4648000000,53000000.0,8979000000,,3136000000,302000000,302000000,0,9223000000,5853000000,3370000000,41499717694.0,435000000.0,-113000000.0,-26000000.0,-162000000.0,-161000000.0,-340000000.0,-254000000.0,0.0,1110000000.0,-81000000.0,126000000.0,126000000.0,126000000.0,0.0,8000000.0,0.052,851000000.0,245000000.0,751000000,1.25,3.759,24.072,23.997,4230000000,0.0,77.51,3.34,3.34,3036000000,4300000000.0,2439000000.0,2439000000.0,351000000.0,,,,,17000000.0,500000000.0,1.0,535411143,535400000.0,541400000.0,4.555,15775000000,1316000000,70000000.0,289000000,29.464,3881000000
26,MON2,ARQ,2011-09-30,2011-12-01,2011-08-31,2021-03-16,-116000000,19844000000,,8809000000,11035000000,,21.567,-214000000.0,2572000000,2572000000,1275000000.0,-98000000.0,1.863,0.704,2221000000,678000000,1543000000,2221000000,710000000,156000000.0,0,0.016,0.3,-64000000.0,92000000.0,0.041,92000000.0,-64000000.0,-109000000.0,-0.2,-0.21,-0.2,11545000000,,11545000000,38840945974.0,16.0,12.533,1656000000.0,3.094,1.0,972000000.0,0.433,4674000000,45000000.0,10090000000,,2591000000,302000000,302000000,0,8128000000,4729000000,3399000000,39191945974.0,1498000000.0,0.0,-16000000.0,89000000.0,-150000000.0,-98000000.0,-268000000.0,-52000000.0,1870000000.0,-6000000.0,-112000000.0,-112000000.0,-112000000.0,3000000.0,14000000.0,-0.05,1042000000.0,-70000000.0,933000000,-1.5,3.395,24.388,24.4,4394000000,0.0,73.2,3.315,3.322,3221000000,4174000000.0,2247000000.0,2247000000.0,403000000.0,,,,,9000000.0,647000000.0,1.0,535409098,535300000.0,540900000.0,4.198,15170000000,1319000000,3000000.0,269000000,28.339,4080000000
27,MON2,ARQ,2011-09-30,2011-11-14,2011-08-31,2021-03-16,-116000000,19844000000,,8809000000,11035000000,,21.567,-214000000.0,2572000000,2572000000,1275000000.0,-98000000.0,1.863,0.704,2221000000,678000000,1543000000,2221000000,710000000,156000000.0,0,0.015,0.3,-64000000.0,92000000.0,0.041,92000000.0,-64000000.0,-109000000.0,-0.2,-0.21,-0.2,11545000000,,11545000000,39478082800.0,16.0,12.739,1656000000.0,3.094,1.0,972000000.0,0.433,4674000000,45000000.0,10090000000,,2591000000,302000000,302000000,0,8128000000,4729000000,3399000000,39829082800.0,1498000000.0,0.0,-16000000.0,89000000.0,-150000000.0,-98000000.0,-268000000.0,-52000000.0,1870000000.0,-6000000.0,-112000000.0,-112000000.0,-112000000.0,3000000.0,14000000.0,-0.05,1042000000.0,-70000000.0,933000000,-1.5,3.45,24.785,24.797,4394000000,0.0,74.39,3.369,3.376,3221000000,4174000000.0,2247000000.0,2247000000.0,403000000.0,,,,,9000000.0,647000000.0,1.0,535409098,535300000.0,540900000.0,4.198,15170000000,1319000000,3000000.0,269000000,28.339,4080000000
28,MON2,ARQ,2011-06-30,2011-06-30,2011-05-31,2021-03-16,-200000000,20086000000,,8987000000,11099000000,,22.146,-109000000.0,1074000000,1074000000,1635000000.0,700000000.0,2.417,0.676,2243000000,216000000,2027000000,2243000000,675000000,147000000.0,0,0.015,0.0,985000000.0,1132000000.0,0.315,1132000000.0,985000000.0,950000000.0,1.27,1.26,1.27,11859000000,,11859000000,39958682195.0,17.0,13.578,-606000000.0,-1.132,1.0,1955000000.0,0.545,4699000000,35000000.0,12838000000,,2826000000,250000000,250000000,0,8016000000,3718000000,4298000000,38789682195.0,-763000000.0,0.0,-105000000.0,87000000.0,-150000000.0,-98000000.0,-183000000.0,-70000000.0,-497000000.0,15000000.0,680000000.0,680000000.0,680000000.0,0.0,20000000.0,0.189,952000000.0,1003000000.0,630000000,0.0,3.271,24.865,24.842,4270000000,0.0,72.54,3.372,3.377,4793000000,4610000000.0,3590000000.0,3590000000.0,360000000.0,,,,,23000000.0,591000000.0,1.0,534735073,535500000.0,541200000.0,6.704,15387000000,1469000000,270000000.0,478000000,28.734,5269000000
29,MON2,ARQ,2011-03-31,2011-04-07,2011-02-28,2021-03-16,-441000000,19649000000,,8692000000,10957000000,,20.513,-92000000.0,1837000000,1837000000,1821000000.0,1029000000.0,1.923,0.774,2138000000,409000000,1729000000,2138000000,1294000000,155000000.0,0,0.016,0.28,1484000000.0,1639000000.0,0.397,1639000000.0,1484000000.0,1445000000.0,1.9,1.88,1.9,11001000000,,11001000000,36731478084.0,19.0,14.576,725000000.0,1.352,1.0,2308000000.0,0.559,4673000000,39000000.0,10756000000,,3090000000,180000000,180000000,0,8515000000,4521000000,3994000000,36430478084.0,105000000.0,-99000000.0,-114000000.0,-66000000.0,-151000000.0,-328000000.0,-400000000.0,-180000000.0,817000000.0,16000000.0,1017000000.0,1017000000.0,1017000000.0,0.0,12000000.0,0.246,823000000.0,1485000000.0,637000000,0.147,3.312,28.822,28.801,4222000000,0.0,67.97,3.35,3.352,3456000000,3929000000.0,4129000000.0,4129000000.0,320000000.0,,,,,18000000.0,502000000.0,1.0,535978786,536300000.0,542400000.0,7.699,14976000000,1489000000,428000000.0,427000000,27.925,4171000000
30,MON2,ARQ,2010-12-31,2011-01-07,2010-11-30,2021-03-16,-707000000,18814000000,,8056000000,10758000000,,18.71,-125000000.0,1732000000,1732000000,1012000000.0,12000000.0,1.777,0.853,2122000000,394000000,1728000000,2122000000,1739000000,155000000.0,0,0.015,0.28,55000000.0,210000000.0,0.115,210000000.0,55000000.0,12000000.0,0.01,0.01,0.01,10077000000,,10077000000,38919733418.0,23.0,16.783,499000000.0,0.926,1.0,818000000.0,0.447,4470000000,43000000.0,10200000000,,3331000000,0,0,0,8591000000,4534000000,4057000000,38529733418.0,247000000.0,77000000.0,-267000000.0,70000000.0,-151000000.0,-340000000.0,-124000000.0,0.0,624000000.0,10000000.0,6000000.0,6000000.0,6000000.0,0.0,6000000.0,0.003,760000000.0,58000000.0,690000000,28.0,3.824,33.977,34.349,4222000000,0.0,71.79,3.623,3.636,2916000000,3214000000.0,1830000000.0,1830000000.0,303000000.0,,,,,18000000.0,450000000.0,1.0,536700563,538600000.0,544500000.0,3.398,14344000000,1500000000,6000000.0,208000000,26.632,3522000000
31,MON2,ARQ,2010-09-30,2010-10-27,2010-08-31,2021-03-16,-897000000,17867000000,,7122000000,10745000000,,18.678,-195000000.0,1485000000,1485000000,1092000000.0,-139000000.0,2.011,0.765,2103000000,241000000,1862000000,2103000000,614000000,156000000.0,0,0.018,0.545,-194000000.0,-38000000.0,-0.019,-38000000.0,-194000000.0,-241000000.0,-0.26,-0.26,-0.26,10099000000,,10099000000,32935645655.0,20.0,14.684,1741000000.0,3.22,1.0,861000000.0,0.441,4467000000,47000000.0,10477000000,,2739000000,0,0,0,7724000000,3541000000,4183000000,32317645655.0,1010000000.0,0.0,-34000000.0,-547000000.0,-143000000.0,-715000000.0,-220000000.0,-25000000.0,1936000000.0,9000000.0,-143000000.0,-143000000.0,-143000000.0,5000000.0,4000000.0,-0.073,1053000000.0,-192000000.0,835000000,-2.096,3.2,29.141,29.534,4227000000,0.0,60.25,3.077,3.119,2820000000,3208000000.0,1953000000.0,1953000000.0,357000000.0,,,,,27000000.0,564000000.0,1.0,536392459,540700000.0,546900000.0,3.612,13400000000,1525000000,-98000000.0,203000000,24.783,3581000000
32,MON2,ARQ,2010-06-30,2010-07-02,2010-05-31,2021-03-16,-851000000,18338000000,,7900000000,10438000000,,19.466,-218000000.0,475000000,475000000,1575000000.0,397000000.0,2.132,0.73,2701000000,839000000,1862000000,2701000000,623000000,152000000.0,0,0.017,0.0,557000000.0,709000000.0,0.239,709000000.0,557000000.0,522000000.0,0.71,0.7,0.71,10574000000,,10574000000,27378556729.0,17.0,12.669,-1012000000.0,-1.863,1.0,1387000000.0,0.468,4446000000,35000000.0,12413000000,,2847000000,0,0,0,7721000000,3705000000,4016000000,25152556729.0,-1132000000.0,-34000000.0,-374000000.0,447000000.0,-144000000.0,-64000000.0,-269000000.0,-6000000.0,-794000000.0,-5000000.0,384000000.0,384000000.0,384000000.0,0.0,13000000.0,0.13,828000000.0,559000000.0,573000000,0.0,2.379,24.684,24.624,4103000000,0.0,46.54,2.412,2.424,4416000000,3644000000.0,2962000000.0,2962000000.0,302000000.0,,,,,11000000.0,492000000.0,1.0,540450295,543200000.0,549900000.0,5.453,13892000000,1410000000,138000000.0,281000000,25.574,4195000000
33,MON2,ARQ,2010-03-31,2010-04-08,2010-02-28,2021-03-16,-674000000,18246000000,,8245000000,10001000000,,19.606,-150000000.0,1607000000,1607000000,1791000000.0,889000000.0,2.241,0.701,1840000000,114000000,1726000000,1840000000,1045000000,150000000.0,0,0.015,0.265,1288000000.0,1438000000.0,0.37,1438000000.0,1288000000.0,1247000000.0,1.63,1.6,1.63,10701000000,,10701000000,37800102396.0,18.0,14.428,1520000000.0,2.785,1.0,2099000000.0,0.54,4539000000,41000000.0,10261000000,,3199000000,0,0,0,7505000000,3679000000,3826000000,37567102396.0,1136000000.0,-3000000.0,-60000000.0,-176000000.0,-145000000.0,-372000000.0,-148000000.0,-6000000.0,1670000000.0,-14000000.0,887000000.0,887000000.0,887000000.0,0.0,2000000.0,0.228,821000000.0,1278000000.0,673000000,0.163,3.511,28.267,28.106,3687000000,0.0,68.86,3.535,3.537,3195000000,3260000000.0,3890000000.0,3890000000.0,279000000.0,,,,,10000000.0,512000000.0,1.0,545557688,545800000.0,553400000.0,7.127,13707000000,1370000000,360000000.0,406000000,25.114,4566000000
34,MON2,ARQ,2009-12-31,2010-01-08,2009-11-30,2021-03-16,-485000000,17606000000,,7431000000,10175000000,,18.853,-192000000.0,471000000,471000000,958000000.0,-19000000.0,2.216,0.706,2005000000,281000000,1724000000,2005000000,834000000,144000000.0,0,0.012,0.265,-10000000.0,134000000.0,0.079,134000000.0,-10000000.0,-49000000.0,-0.03,-0.03,-0.03,10286000000,,10286000000,48816628878.0,21.0,16.98,-1606000000.0,-2.944,1.0,739000000.0,0.435,4642000000,39000000.0,11144000000,,3560000000,0,0,0,7263000000,3354000000,3909000000,47282628878.0,-1485000000.0,-20000000.0,-64000000.0,294000000.0,-145000000.0,113000000.0,-197000000.0,-2000000.0,-1414000000.0,13000000.0,-19000000.0,-19000000.0,-19000000.0,0.0,0.0,-0.011,777000000.0,-38000000.0,765000000,-8.833,4.597,30.823,30.727,3720000000,0.0,86.65,4.389,4.389,3216000000,2663000000.0,1697000000.0,1697000000.0,267000000.0,,,,,11000000.0,496000000.0,1.0,545673732,545600000.0,545600000.0,3.11,12964000000,1378000000,-30000000.0,211000000,23.761,4077000000
35,MON2,ARQ,2009-09-30,2009-10-27,2009-08-31,2021-03-16,-744000000,17877000000,,7883000000,9994000000,,18.45,-255000000.0,1956000000,1956000000,1022000000.0,-233000000.0,2.099,0.778,1803000000,79000000,1724000000,1803000000,707000000,144000000.0,0,0.015,0.265,-264000000.0,-120000000.0,-0.064,-120000000.0,-264000000.0,-312000000.0,-0.42,-0.41,-0.42,10056000000,,10056000000,38693071418.0,13.0,10.656,1545000000.0,2.835,1.0,857000000.0,0.456,4589000000,48000000.0,9379000000,,2934000000,0,0,0,7821000000,3756000000,4065000000,38846071418.0,1377000000.0,-49000000.0,-88000000.0,-79000000.0,-144000000.0,-297000000.0,-135000000.0,15000000.0,1800000000.0,9000000.0,-233000000.0,-233000000.0,-233000000.0,0.0,0.0,-0.124,1109000000.0,-252000000.0,983000000,-0.631,3.863,18.419,18.464,3609000000,0.0,71.27,3.313,3.313,2767000000,2682000000.0,1879000000.0,1879000000.0,286000000.0,,,,,19000000.0,461000000.0,1.0,545055022,545055022.0,,3.447,13288000000,1405000000,-79000000.0,232000000,24.379,4127000000
36,MON2,ARQ,2009-06-30,2009-06-26,2009-05-31,2021-03-16,-586000000,17970000000,,7999000000,9971000000,,19.731,-200000000.0,579000000,579000000,1327000000.0,694000000.0,2.294,0.669,1825000000,120000000,1705000000,1825000000,724000000,134000000.0,0,0.013,0.0,1034000000.0,1168000000.0,0.37,1168000000.0,1034000000.0,1002000000.0,1.27,1.25,1.27,10767000000,,10767000000,42326052204.0,13.0,11.464,-1259000000.0,-2.307,1.0,1834000000.0,0.58,4573000000,32000000.0,11156000000,,3169000000,0,0,0,7203000000,3487000000,3716000000,41080052204.0,-1425000000.0,-7000000.0,-36000000.0,-17000000.0,-144000000.0,-172000000.0,-229000000.0,15000000.0,-1059000000.0,35000000.0,694000000.0,694000000.0,694000000.0,0.0,0.0,0.22,799000000.0,1035000000.0,711000000,0.0,3.815,18.931,19.003,3435000000,0.0,75.25,3.498,3.497,4267000000,3204000000.0,3161000000.0,3161000000.0,295000000.0,,,,,19000000.0,504000000.0,1.0,545914315,545700000.0,554400000.0,5.793,13397000000,1297000000,308000000.0,613000000,24.55,4512000000
37,MON2,ARQ,2009-03-31,2009-04-03,2009-02-28,2021-03-16,-1036000000,17993000000,,8470000000,9523000000,,17.57,-197000000.0,2004000000,2004000000,1514000000.0,1092000000.0,1.821,0.873,1814000000,110000000,1704000000,1814000000,1540000000,135000000.0,0,0.012,0.265,1558000000.0,1693000000.0,0.42,1693000000.0,1558000000.0,1532000000.0,2.0,1.97,2.0,9604000000,,9604000000,44157532536.0,14.0,11.642,1184000000.0,2.166,1.0,2521000000.0,0.625,4446000000,26000000.0,8706000000,,3112000000,0,0,0,8389000000,4651000000,3738000000,44347532536.0,662000000.0,-271000000.0,-199000000.0,-24000000.0,-132000000.0,-338000000.0,-369000000.0,102000000.0,1381000000.0,-12000000.0,1092000000.0,1092000000.0,1092000000.0,-1000000.0,0.0,0.271,949000000.0,1572000000.0,761000000,0.133,4.618,19.391,19.487,3202000000,0.0,81.26,3.644,3.649,3331000000,2510000000.0,4035000000.0,4035000000.0,265000000.0,,,,,22000000.0,522000000.0,1.0,545748616,546600000.0,555200000.0,7.382,13547000000,1229000000,440000000.0,679000000,24.784,3819000000
38,MON2,ARQ,2008-12-31,2009-01-08,2008-11-30,2021-03-16,-891000000,16909000000,,7489000000,9420000000,,16.567,-264000000.0,1342000000,1342000000,1099000000.0,556000000.0,1.911,0.862,1825000000,70000000,1755000000,1825000000,1149000000,135000000.0,0,0.011,0.24,755000000.0,890000000.0,0.336,890000000.0,755000000.0,732000000.0,1.01,1.0,1.01,9082000000,,9082000000,45932358965.0,14.0,11.617,-150000000.0,-0.274,1.0,1550000000.0,0.585,4427000000,23000000.0,9047000000,,3012000000,0,0,0,7827000000,3918000000,3909000000,45449358965.0,-271000000.0,298000000.0,-75000000.0,-63000000.0,-132000000.0,-258000000.0,10000000.0,-7000000.0,114000000.0,-137000000.0,556000000.0,556000000.0,556000000.0,-10000000.0,0.0,0.21,802000000.0,748000000.0,804000000,0.238,5.004,19.557,19.631,3153000000,0.0,83.04,3.814,3.821,3055000000,1694000000.0,2649000000.0,2649000000.0,252000000.0,,,,,21000000.0,550000000.0,1.0,547318870,548200000.0,557400000.0,4.832,12482000000,1148000000,176000000.0,288000000,22.769,3571000000
39,MON2,ARQ,2008-09-30,2008-10-24,2008-08-31,2021-03-16,-78000000,17991000000,,7609000000,10382000000,,17.108,-388000000.0,1613000000,1613000000,975000000.0,-172000000.0,1.714,0.919,1816000000,24000000,1792000000,1816000000,1433000000,150000000.0,0,0.012,0.48,-209000000.0,-59000000.0,-0.031,-59000000.0,-209000000.0,-220000000.0,-0.32,-0.31,-0.32,9374000000,,9374000000,39627402221.0,13.0,10.989,1086000000.0,1.982,1.0,924000000.0,0.487,4663000000,11000000.0,9092000000,,2453000000,0,0,0,8617000000,4439000000,4178000000,39424402221.0,-101000000.0,-894000000.0,-216000000.0,101000000.0,-131000000.0,-195000000.0,-1377000000.0,-132000000.0,1474000000.0,-3000000.0,-172000000.0,-172000000.0,-172000000.0,-17000000.0,0.0,-0.091,1164000000.0,-240000000.0,1090000000,-1.5,4.206,19.478,19.499,3323000000,0.0,71.95,3.469,3.469,3445000000,1138000000.0,1899000000.0,1899000000.0,308000000.0,,,,,-11000000.0,695000000.0,1.0,547941657,547941657.0,,3.466,13328000000,1338000000,-48000000.0,365000000,24.324,3170000000
40,MON2,ARQ,2008-06-30,2008-06-27,2008-05-31,2021-03-16,174000000,17292000000,,8127000000,9165000000,,18.599,-216000000.0,1714000000,1714000000,1619000000.0,811000000.0,2.472,0.693,1713000000,10000000,1703000000,1713000000,957000000,142000000.0,0,0.005,0.0,1127000000.0,1269000000.0,0.354,1269000000.0,1127000000.0,1096000000.0,1.48,1.45,1.48,10211000000,,10211000000,70586242049.0,24.0,20.053,-768000000.0,-1.399,1.0,1969000000.0,0.549,4144000000,31000000.0,9859000000,,2206000000,0,0,0,7081000000,3288000000,3793000000,70587242049.0,-571000000.0,-10000000.0,-24000000.0,296000000.0,-96000000.0,235000000.0,-246000000.0,0.0,-552000000.0,-8000000.0,811000000.0,811000000.0,811000000.0,0.0,0.0,0.226,875000000.0,1094000000.0,788000000,0.0,6.913,35.542,35.355,2962000000,0.0,128.34,6.394,6.383,4379000000,1574000000.0,3588000000.0,3588000000.0,251000000.0,,,,,-20000000.0,622000000.0,1.0,550001886,549000000.0,560000000.0,6.536,13148000000,1156000000,285000000.0,134000000,23.949,4839000000
41,MON2,ARQ,2008-03-31,2008-04-04,2008-02-29,2021-03-16,131000000,16593000000,,7676000000,8917000000,,16.975,-160000000.0,2285000000,2285000000,1550000000.0,1129000000.0,1.878,0.784,1415000000,260000000,1155000000,1415000000,1474000000,138000000.0,0,0.005,0.175,1716000000.0,1854000000.0,0.491,1854000000.0,1716000000.0,1684000000.0,2.06,2.02,2.06,9299000000,,9299000000,64598111159.0,24.0,20.124,721000000.0,1.316,1.0,2229000000.0,0.59,4150000000,32000000.0,7486000000,,2248000000,0,0,0,7294000000,4087000000,3207000000,65468111159.0,668000000.0,-11000000.0,-72000000.0,-50000000.0,-96000000.0,-95000000.0,-148000000.0,7000000.0,881000000.0,30000000.0,1129000000.0,1129000000.0,1129000000.0,0.0,0.0,0.299,755000000.0,1474000000.0,709000000,0.085,7.04,37.518,37.281,2813000000,0.0,119.3,6.36,6.349,3291000000,763000000.0,3779000000.0,3779000000.0,221000000.0,,,,,-51000000.0,534000000.0,1.0,548768744,547800000.0,559200000.0,6.899,12443000000,1130000000,555000000.0,234000000,22.714,3589000000
42,MON2,ARQ,2007-12-31,2008-01-08,2007-11-30,2021-03-16,-97000000,15313000000,,6562000000,8751000000,,14.755,-154000000.0,1617000000,1617000000,1044000000.0,256000000.0,1.59,0.9,1414000000,261000000,1153000000,1414000000,1751000000,143000000.0,0,0.005,0.175,399000000.0,542000000.0,0.258,542000000.0,399000000.0,363000000.0,0.47,0.46,0.47,8059000000,,8059000000,65567171589.0,37.0,28.056,842000000.0,1.542,1.0,1055000000.0,0.503,4142000000,36000000.0,6841000000,,2241000000,0,0,0,7254000000,4127000000,3127000000,65770171589.0,751000000.0,-92000000.0,-49000000.0,22000000.0,-96000000.0,-47000000.0,-256000000.0,-26000000.0,996000000.0,58000000.0,256000000.0,256000000.0,256000000.0,0.0,0.0,0.122,662000000.0,393000000.0,673000000,0.372,8.161,56.747,56.084,2726000000,0.0,120.02,7.204,7.18,2730000000,-174000000.0,2099000000.0,2099000000.0,200000000.0,,,,,-26000000.0,461000000.0,1.0,547993431,546200000.0,557700000.0,3.843,11171000000,1227000000,107000000.0,80000000,20.452,2435000000
43,MON2,ARQ,2007-09-30,2007-10-26,2007-08-31,2021-03-16,-377000000,12983000000,,5084000000,7899000000,,13.734,-212000000.0,866000000,866000000,920000000.0,-210000000.0,1.653,0.73,1420000000,270000000,1150000000,1420000000,260000000,141000000.0,0,0.006,0.3,-286000000.0,-145000000.0,-0.092,-145000000.0,-286000000.0,-329000000.0,-0.38,-0.38,-0.38,7503000000,,7503000000,52060968142.0,34.0,25.26,1553000000.0,2.843,1.0,653000000.0,0.415,4040000000,43000000.0,6422000000,,1719000000,0,0,0,5480000000,3075000000,2405000000,51506968142.0,-128000000.0,-1237000000.0,-96000000.0,-262000000.0,-67000000.0,-379000000.0,-1501000000.0,-59000000.0,1765000000.0,-13000000.0,-210000000.0,-210000000.0,-210000000.0,-74000000.0,0.0,-0.134,1008000000.0,-355000000.0,649000000,-0.789,6.865,51.87,51.519,2656000000,0.0,94.28,6.015,6.015,1906000000,-405000000.0,1573000000.0,1573000000.0,226000000.0,,,,,-15000000.0,596000000.0,1.0,546319136,546319136.0,,2.879,8943000000,1179000000,-119000000.0,150000000,16.37,2009000000
44,MON2,ARQ,2007-06-30,2007-06-29,2007-05-31,2021-03-16,-348000000,13472000000,,7009000000,6463000000,,14.566,-115000000.0,994000000,994000000,1339000000.0,570000000.0,2.246,0.699,1711000000,561000000,1150000000,1711000000,90000000,129000000.0,0,0.007,0.0,830000000.0,959000000.0,0.337,959000000.0,830000000.0,801000000.0,1.05,1.03,1.05,7930000000,,7930000000,37557437088.0,23.0,17.452,-546000000.0,-1.003,1.0,1503000000.0,0.529,2685000000,29000000.0,8383000000,,1664000000,0,0,0,5542000000,3121000000,2421000000,36840437088.0,-571000000.0,-63000000.0,-30000000.0,64000000.0,-69000000.0,-4000000.0,-180000000.0,0.0,-431000000.0,44000000.0,570000000.0,570000000.0,570000000.0,-5000000.0,0.0,0.201,684000000.0,819000000.0,493000000,0.0,4.646,34.788,34.547,2467000000,0.0,67.54,4.392,4.383,3836000000,-32000000.0,2842000000.0,2842000000.0,190000000.0,,,,,4000000.0,487000000.0,1.0,545461017,544400000.0,555200000.0,5.22,10787000000,1082000000,231000000.0,364000000,19.814,3888000000
45,MON2,ARQ,2007-03-31,2007-04-06,2007-02-28,2021-03-16,-523000000,12533000000,,6296000000,6237000000,,13.188,-90000000.0,1565000000,1565000000,1166000000.0,543000000.0,2.46,0.748,1636000000,55000000,1581000000,1636000000,418000000,129000000.0,0,0.008,0.125,852000000.0,981000000.0,0.375,981000000.0,852000000.0,818000000.0,1.0,0.98,1.0,7169000000,,7169000000,31392936023.0,23.0,16.779,-170000000.0,-0.313,1.0,1450000000.0,0.554,2758000000,34000000.0,7287000000,,1888000000,0,0,0,5364000000,2559000000,2805000000,31321936023.0,-277000000.0,-62000000.0,-15000000.0,-7000000.0,-68000000.0,-44000000.0,-163000000.0,0.0,-80000000.0,10000000.0,543000000.0,543000000.0,543000000.0,0.0,0.0,0.208,623000000.0,827000000.0,547000000,0.125,4.369,38.058,37.862,2410000000,0.0,57.55,3.968,3.963,2398000000,-602000000.0,2616000000.0,2616000000.0,190000000.0,,,,,-5000000.0,433000000.0,1.0,544256056,543600000.0,554300000.0,4.812,9775000000,1002000000,275000000.0,370000000,17.982,3737000000
46,MON2,ARQ,2006-12-31,2007-01-09,2006-11-30,2021-03-16,-571000000,12140000000,,5953000000,6187000000,,12.265,-92000000.0,1842000000,1842000000,859000000.0,90000000.0,2.22,0.823,1622000000,42000000,1580000000,1622000000,709000000,128000000.0,0,0.008,0.125,133000000.0,261000000.0,0.17,261000000.0,133000000.0,100000000.0,0.17,0.16,0.17,6661000000,,6661000000,27064030667.0,23.0,16.071,508000000.0,0.935,1.0,680000000.0,0.442,2722000000,33000000.0,6517000000,,1954000000,0,0,0,5479000000,2681000000,2798000000,27284030667.0,382000000.0,0.0,-56000000.0,-73000000.0,-54000000.0,-156000000.0,-67000000.0,22000000.0,600000000.0,5000000.0,90000000.0,90000000.0,90000000.0,0.0,0.0,0.058,566000000.0,114000000.0,477000000,0.735,4.096,37.894,37.603,2397000000,0.0,50.2,3.649,3.646,1689000000,-1009000000.0,1539000000.0,1539000000.0,182000000.0,,,,,6000000.0,384000000.0,1.0,543506587,543100000.0,553600000.0,2.834,9418000000,1001000000,10000000.0,188000000,17.341,3272000000
47,MON2,ARQ,2006-09-30,2006-11-02,2006-08-31,2021-03-16,-623000000,11728000000,,5461000000,6267000000,,12.01,-136000000.0,1460000000,1460000000,911000000.0,-144000000.0,2.396,0.797,1667000000,28000000,1639000000,1667000000,0,133000000.0,0,0.009,0.1,-182000000.0,-49000000.0,-0.035,-49000000.0,-182000000.0,-216000000.0,-0.265,-0.26,-0.265,6525000000,,6525000000,24204587104.0,21.0,14.39,1354000000.0,2.492,1.0,480000000.0,0.345,2751000000,34000000.0,6905000000,,1688000000,22000000,22000000,0,5203000000,2279000000,2924000000,23997587104.0,865000000.0,-73000000.0,-27000000.0,-355000000.0,-53000000.0,-411000000.0,-217000000.0,0.0,1490000000.0,3000000.0,-144000000.0,-144000000.0,-144000000.0,3000000.0,0.0,-0.104,668000000.0,-188000000.0,514000000,-0.377,3.678,34.83,34.508,2418000000,0.0,44.17,3.268,3.268,1799000000,-1099000000.0,1391000000.0,1391000000.0,193000000.0,,,,,-1000000.0,428000000.0,1.0,543300591,543300591.0,,2.56,8977000000,1015000000,-72000000.0,234000000,16.523,3182000000
48,MON2,ARQ,2006-06-30,2006-06-30,2006-05-31,2021-03-16,-811000000,12109000000,,5991000000,6118000000,,12.142,-77000000.0,595000000,595000000,1154000000.0,334000000.0,2.175,0.841,2042000000,666000000,1376000000,2042000000,50000000,127000000.0,0,0.009,0.0,551000000.0,678000000.0,0.289,678000000.0,551000000.0,516000000.0,0.615,0.605,0.615,6576000000,,6576000000,24296287149.0,21.0,14.217,-224000000.0,-0.414,1.0,1194000000.0,0.509,2706000000,35000000.0,8095000000,,1700000000,22000000,22000000,0,5533000000,2755000000,2778000000,22849287149.0,14000000.0,-6000000.0,-87000000.0,161000000.0,-54000000.0,103000000.0,58000000.0,150000000.0,-147000000.0,0.0,334000000.0,334000000.0,334000000.0,0.0,0.0,0.142,619000000.0,575000000.0,454000000,0.0,3.475,32.273,32.257,2331000000,0.0,42.095,3.165,3.158,3249000000,-847000000.0,2348000000.0,2348000000.0,191000000.0,,,,,-31000000.0,430000000.0,1.0,542802878,541600000.0,552200000.0,4.335,9403000000,921000000,182000000.0,284000000,17.362,3236000000
49,MON2,ARQ,2006-03-31,2006-04-06,2006-02-28,2021-03-16,-787000000,11603000000,,5464000000,6139000000,,11.534,-101000000.0,581000000,581000000,960000000.0,440000000.0,2.061,0.866,1944000000,566000000,1378000000,1944000000,357000000,126000000.0,0,0.009,0.1,668000000.0,794000000.0,0.361,794000000.0,668000000.0,635000000.0,0.815,0.8,0.815,6219000000,,6219000000,24632309734.0,29.0,18.085,-543000000.0,-1.007,1.0,1240000000.0,0.564,2727000000,33000000.0,7588000000,,1856000000,171000000,171000000,0,5384000000,2651000000,2733000000,23269309734.0,-425000000.0,-126000000.0,0.0,340000000.0,-54000000.0,348000000.0,-331000000.0,-3000000.0,-442000000.0,0.0,440000000.0,440000000.0,440000000.0,0.0,0.0,0.2,566000000.0,674000000.0,379000000,0.123,3.742,55.272,55.128,2353000000,0.0,43.0,3.366,3.353,2401000000,-1181000000.0,2200000000.0,2200000000.0,173000000.0,,,,,-6000000.0,393000000.0,1.0,541146738,539200000.0,550600000.0,4.08,8876000000,931000000,195000000.0,163000000,16.461,2813000000
50,MON2,ARQ,2005-12-31,2006-01-09,2005-11-30,2021-03-16,-860000000,11336000000,,5440000000,5896000000,,10.719,-56000000.0,1006000000,1006000000,771000000.0,59000000.0,1.925,0.97,1600000000,155000000,1445000000,1600000000,703000000,133000000.0,0,0.009,0.1,126000000.0,259000000.0,0.184,259000000.0,126000000.0,94000000.0,0.11,0.11,0.11,5754000000,,5754000000,22545455292.0,31.0,18.315,717000000.0,1.336,1.0,634000000.0,0.451,2568000000,32000000.0,6536000000,,1890000000,168000000,168000000,0,5582000000,2826000000,2756000000,21951455292.0,481000000.0,-53000000.0,0.0,-147000000.0,-46000000.0,-157000000.0,-135000000.0,-18000000.0,773000000.0,0.0,59000000.0,59000000.0,59000000.0,0.0,0.0,0.042,518000000.0,116000000.0,370000000,0.909,3.815,62.01,61.271,2355000000,0.0,40.745,3.314,3.302,1751000000,-1513000000.0,1405000000.0,1405000000.0,168000000.0,,,,,3000000.0,350000000.0,1.0,538752124,536800000.0,547200000.0,2.617,8768000000,1046000000,35000000.0,171000000,16.334,2614000000
51,MON2,ARQ,2005-09-30,2005-11-08,2005-08-31,2021-03-16,-889000000,10579000000,,4644000000,5935000000,,10.453,-137000000.0,525000000,525000000,781000000.0,-125000000.0,2.151,0.885,1740000000,282000000,1458000000,1740000000,0,140000000.0,0,0.011,0.085,-162000000.0,-22000000.0,-0.017,-22000000.0,-162000000.0,-199000000.0,-0.235,-0.23,-0.235,5613000000,,5613000000,18161714814.0,38.0,18.879,1067000000.0,1.987,1.0,486000000.0,0.384,2401000000,37000000.0,7234000000,,1664000000,150000000,150000000,0,4966000000,2159000000,2807000000,16946714814.0,58000000.0,-35000000.0,-85000000.0,-739000000.0,-45000000.0,-850000000.0,-296000000.0,-150000000.0,1204000000.0,0.0,-125000000.0,-125000000.0,-125000000.0,-4000000.0,0.0,-0.099,640000000.0,-154000000.0,369000000,-0.362,3.019,66.458,65.75,2378000000,0.0,31.56,2.693,2.693,1843000000,-1572000000.0,1267000000.0,1267000000.0,187000000.0,,,,,27000000.0,423000000.0,1.0,536968150,536968150.0,,2.36,8178000000,1054000000,-74000000.0,208000000,15.23,2485000000
52,MON2,ARQ,2005-06-30,2005-07-11,2005-05-31,2021-03-16,-898000000,11677000000,,5862000000,5815000000,,10.905,-61000000.0,467000000,467000000,1035000000.0,47000000.0,1.654,0.998,2474000000,1412000000,1062000000,2474000000,40000000,127000000.0,0,0.01,0.085,204000000.0,331000000.0,0.162,331000000.0,204000000.0,175000000.0,0.09,0.085,0.09,5845000000,,5845000000,19033151455.0,32.0,18.11,19000000.0,0.035,1.0,1007000000.0,0.493,2430000000,29000000.0,7710000000,,1683000000,0,0,0,5832000000,3544000000,2288000000,17026151455.0,-629000000.0,-1333000000.0,-75000000.0,779000000.0,-45000000.0,709000000.0,-1418000000.0,0.0,80000000.0,0.0,47000000.0,47000000.0,47000000.0,-6000000.0,0.0,0.023,776000000.0,231000000.0,392000000,0.944,2.913,50.373,49.906,2367000000,0.0,31.69,2.7,2.693,3188000000,-1356000000.0,2042000000.0,2042000000.0,155000000.0,,,,,67000000.0,352000000.0,1.0,537272056,536000000.0,547600000.0,3.81,9247000000,903000000,128000000.0,343000000,17.252,2318000000
53,MON2,ARQ,2005-03-31,2005-04-11,2005-02-28,2021-03-16,-902000000,9843000000,,5276000000,4567000000,,10.938,-44000000.0,1096000000,1096000000,893000000.0,373000000.0,2.915,0.688,1161000000,99000000,1062000000,1161000000,237000000,112000000.0,0,0.01,0.085,551000000.0,663000000.0,0.347,663000000.0,551000000.0,527000000.0,0.7,0.685,0.7,5830000000,,5830000000,16844860919.0,23.0,14.251,-360000000.0,-0.675,1.0,1016000000.0,0.532,1315000000,24000000.0,6783000000,,1379000000,0,0,0,4013000000,1810000000,2203000000,16779860919.0,-457000000.0,-15000000.0,-39000000.0,-147000000.0,-46000000.0,-187000000.0,46000000.0,99000000.0,-316000000.0,0.0,373000000.0,373000000.0,373000000.0,-2000000.0,0.0,0.195,448000000.0,568000000.0,360000000,0.121,2.878,30.902,30.672,2057000000,0.0,31.285,2.823,2.805,2281000000,-1357000000.0,1909000000.0,1909000000.0,127000000.0,,,,,0.0,303000000.0,1.0,536354832,533000000.0,545800000.0,3.582,8528000000,1068000000,154000000.0,172000000,16.0,3466000000
54,MON2,ARQ,2004-12-31,2005-01-10,2004-11-30,2021-03-16,-986000000,9999000000,,5373000000,4626000000,,10.178,-39000000.0,1553000000,1553000000,598000000.0,-40000000.0,2.235,0.856,1309000000,239000000,1070000000,1309000000,549000000,109000000.0,0,0.011,0.085,-119000000.0,-10000000.0,-0.009,-10000000.0,-119000000.0,-144000000.0,-0.075,-0.075,-0.075,5386000000,,5386000000,14259930999.0,32.0,15.862,730000000.0,1.379,1.0,500000000.0,0.455,1339000000,25000000.0,6012000000,,1452000000,100000000,100000000,0,4613000000,2404000000,2209000000,14503930999.0,516000000.0,-158000000.0,-35000000.0,-225000000.0,-38000000.0,-254000000.0,1000000.0,201000000.0,769000000.0,0.0,-40000000.0,-40000000.0,-40000000.0,-86000000.0,0.0,-0.036,403000000.0,97000000.0,373000000,-1.133,2.693,44.765,44.648,2084000000,0.0,27.235,2.624,2.608,1718000000,-1685000000.0,1098000000.0,1098000000.0,132000000.0,,,,,0.0,260000000.0,1.0,532547494,529200000.0,529200000.0,2.075,8660000000,460000000,-104000000.0,0,16.364,2969000000
55,MON2,ARQ,2004-09-30,2004-11-03,2004-08-31,2021-03-16,-1132000000,9164000000,,4931000000,4233000000,,9.943,-62000000.0,1037000000,1037000000,746000000.0,-42000000.0,2.603,0.743,1508000000,433000000,1075000000,1508000000,16000000,112000000.0,0,0.013,0.072,-45000000.0,67000000.0,0.053,67000000.0,-45000000.0,-68000000.0,-0.08,-0.08,-0.08,5258000000,,5258000000,11612556375.0,24.0,12.341,1087000000.0,2.056,1.0,512000000.0,0.407,1174000000,23000000.0,6567000000,,1154000000,300000000,300000000,0,3906000000,1894000000,2012000000,11141556375.0,710000000.0,0.0,-133000000.0,25000000.0,-38000000.0,-117000000.0,-322000000.0,-300000000.0,1149000000.0,0.0,-42000000.0,-42000000.0,-42000000.0,5000000.0,0.0,-0.033,523000000.0,-11000000.0,326000000,-0.9,2.119,41.729,41.723,2087000000,0.0,21.07,2.042,2.042,1979000000,-1645000000.0,1258000000.0,1258000000.0,141000000.0,,,,,37000000.0,302000000.0,1.0,528787678,528787678.0,,2.379,7990000000,397000000,-26000000.0,0,15.11,3037000000
56,MON2,ARQ,2004-06-30,2004-07-14,2004-05-31,2021-03-16,-1127000000,9297000000,,5000000000,4297000000,,10.207,-55000000.0,327000000,327000000,840000000.0,252000000.0,2.746,0.713,1473000000,401000000,1072000000,1473000000,0,112000000.0,0,0.015,0.072,350000000.0,462000000.0,0.275,462000000.0,350000000.0,326000000.0,0.475,0.465,0.475,5426000000,,5426000000,10831068528.0,,,-160000000.0,-0.301,1.0,839000000.0,0.5,1198000000,24000000.0,7424000000,,1196000000,0,0,0,3871000000,1821000000,2050000000,9685068528.0,29000000.0,0.0,-27000000.0,-53000000.0,-35000000.0,-72000000.0,206000000.0,250000000.0,-105000000.0,0.0,252000000.0,252000000.0,252000000.0,-23000000.0,0.0,0.15,463000000.0,376000000.0,333000000,0.152,1.785,,,2130000000,0.0,18.135,,,3128000000,-1565000000.0,1679000000.0,1679000000.0,128000000.0,,,,,0.0,291000000.0,1.0,534053958,531600000.0,541400000.0,3.158,8099000000,239000000,74000000.0,0,15.235,3179000000
57,MON2,ARQ,2004-03-31,2004-04-14,2004-02-29,2021-03-16,-1048000000,8963000000,,4716000000,4247000000,,10.026,-49000000.0,298000000,298000000,744000000.0,154000000.0,3.08,0.691,1539000000,365000000,1174000000,1539000000,0,114000000.0,0,0.014,0.065,266000000.0,380000000.0,0.255,380000000.0,266000000.0,243000000.0,0.29,0.285,0.29,5300000000,,5300000000,10804581533.0,57.0,14.986,-493000000.0,-0.933,1.0,748000000.0,0.501,1231000000,23000000.0,7442000000,,1316000000,250000000,250000000,0,3663000000,1531000000,2132000000,9563581533.0,-738000000.0,0.0,-51000000.0,23000000.0,-34000000.0,27000000.0,-321000000.0,-250000000.0,-444000000.0,0.0,154000000.0,154000000.0,154000000.0,2000000.0,0.0,0.103,451000000.0,297000000.0,316000000,0.224,1.804,281.282,277.0,2198000000,0.0,18.005,1.623,1.615,2504000000,-1744000000.0,1492000000.0,1492000000.0,126000000.0,,,,,0.0,275000000.0,1.0,531162540,528600000.0,537600000.0,2.823,7732000000,247000000,89000000.0,0,14.627,3185000000
58,MON2,ARQ,2003-12-31,2004-01-14,2003-11-30,2021-03-16,-1097000000,9183000000,,4856000000,4327000000,,9.678,-44000000.0,1036000000,1036000000,560000000.0,-97000000.0,2.689,0.81,1510000000,288000000,1222000000,1510000000,0,114000000.0,0,0.018,0.065,-82000000.0,32000000.0,0.031,32000000.0,-82000000.0,-103000000.0,-0.185,-0.185,-0.185,5073000000,,5073000000,8193049921.0,,,617000000.0,1.177,1.0,468000000.0,0.455,1232000000,21000000.0,6619000000,,1373000000,0,0,0,4110000000,1806000000,2304000000,7719049921.0,755000000.0,0.0,-55000000.0,-19000000.0,-34000000.0,-81000000.0,175000000.0,230000000.0,661000000.0,0.0,-97000000.0,-97000000.0,-97000000.0,20000000.0,0.0,-0.094,509000000.0,-41000000.0,290000000,-0.351,1.522,,,2228000000,0.0,14.535,,,2010000000,-1863000000.0,1028000000.0,1028000000.0,116000000.0,,,,,0.0,277000000.0,1.0,531066386,524200000.0,524200000.0,1.961,7951000000,315000000,-6000000.0,0,15.168,3050000000
59,MON2,ARQ,2003-09-30,2003-11-25,2003-08-31,2021-03-16,-1168000000,9461000000,,4962000000,4499000000,,9.84,,281000000,281000000,,,2.552,0.835,1527000000,269000000,1258000000,1527000000,17000000,,0,,0.065,,,,,,,,,,5156000000,,5156000000,8450877378.0,,,,,1.0,,,1339000000,,7424000000,,1230000000,230000000,230000000,0,4305000000,1944000000,2361000000,7204877378.0,,,,,,,,,,,,,,,,,,,290000000,,1.397,,,2280000000,,13.75,,,2733000000,-1733000000.0,,,,,,,,,,1.0,523991082,523991082.0,,,8122000000,430000000,,0,15.5,3018000000
60,MON2,ARQ,2003-06-30,2003-08-13,2003-06-30,2021-03-16,-1039000000,9713000000,,5201000000,4512000000,,10.784,-40000000.0,311000000,311000000,788000000.0,295000000.0,2.736,0.722,1443000000,340000000,1103000000,1443000000,0,113000000.0,0,0.022,0.065,458000000.0,571000000.0,0.339,571000000.0,458000000.0,437000000.0,0.565,0.56,0.565,5640000000,,5640000000,6893261902.0,15.0,,535000000.0,1.023,1.0,894000000.0,0.532,1373000000,21000000.0,7571000000,,1247000000,230000000,230000000,0,4073000000,1901000000,2172000000,5761261902.0,231000000.0,-248000000.0,0.0,-271000000.0,-32000000.0,-306000000.0,-38000000.0,250000000.0,575000000.0,0.0,295000000.0,295000000.0,295000000.0,0.0,0.0,0.175,413000000.0,481000000.0,312000000,0.115,1.022,22.953,22.917,2322000000,0.0,11.0,1.219,1.217,3052000000,-1355000000.0,1682000000.0,1682000000.0,125000000.0,,,,,0.0,276000000.0,1.0,523751082,523000000.0,524800000.0,3.216,8340000000,297000000,142000000.0,0,15.946,3300000000
61,MON2,ARQ,2003-03-31,2003-05-14,2003-03-31,2021-03-16,-1175000000,9195000000,,4769000000,4426000000,,10.017,-36000000.0,80000000,80000000,614000000.0,60000000.0,2.334,0.756,1696000000,847000000,849000000,1696000000,0,112000000.0,0,0.025,0.06,112000000.0,224000000.0,0.195,224000000.0,112000000.0,95000000.0,0.115,0.115,0.115,5237000000,,5237000000,6575152728.0,29.0,,-749000000.0,-1.433,1.0,533000000.0,0.465,1372000000,17000000.0,7396000000,,1336000000,251000000,251000000,0,3958000000,2043000000,1915000000,4959152728.0,-348000000.0,-11000000.0,0.0,443000000.0,-31000000.0,412000000.0,-47000000.0,0.0,-713000000.0,0.0,60000000.0,60000000.0,60000000.0,0.0,0.0,0.052,392000000.0,141000000.0,298000000,0.522,0.947,48.147,48.641,2311000000,0.0,9.485,1.078,1.078,2738000000,-1616000000.0,1147000000.0,1147000000.0,116000000.0,,,,,0.0,274000000.0,1.0,522841616,522800000.0,522800000.0,2.194,7823000000,293000000,35000000.0,0,14.964,2726000000
62,MON2,ARQ,2002-12-31,2003-03-13,2002-12-31,2021-03-16,-1202000000,8890000000,,4424000000,4466000000,,9.907,-66000000.0,428000000,428000000,663000000.0,61000000.0,2.444,0.716,1244000000,393000000,851000000,1244000000,148000000,112000000.0,0,0.029,0.06,105000000.0,217000000.0,0.178,217000000.0,105000000.0,105000000.0,0.115,0.11,0.115,5180000000,,5180000000,5150348707.0,-3.0,-4.678,841000000.0,1.609,1.0,557000000.0,0.457,1400000000,0.0,6496000000,,1272000000,250000000,250000000,0,3710000000,1810000000,1900000000,4334348707.0,292000000.0,-270000000.0,0.0,-247000000.0,-32000000.0,-279000000.0,-336000000.0,0.0,907000000.0,0.0,61000000.0,61000000.0,61000000.0,0.0,0.0,0.05,425000000.0,132000000.0,275000000,0.522,0.837,-2.56,-2.551,2339000000,0.0,8.29,0.928,0.928,2141000000,-1645000000.0,1220000000.0,1220000000.0,141000000.0,,,,,0.0,231000000.0,1.0,522840616,522840616.0,,2.333,7490000000,260000000,44000000.0,0,14.326,2614000000
63,MON2,ARQ,2002-09-30,2002-11-14,2002-09-30,2021-03-16,-1259000000,8599000000,,4189000000,4410000000,,9.751,-48000000.0,136000000,136000000,478000000.0,-165000000.0,3.062,0.687,1490000000,356000000,1134000000,1490000000,0,,0,0.028,0.06,-227000000.0,,,,-227000000.0,-248000000.0,-0.315,-0.315,-0.315,5096000000,,5096000000,5800546814.0,-276.0,,,,1.0,201000000.0,0.296,1408000000,21000000.0,7177000000,,1353000000,0,0,0,3503000000,1368000000,2135000000,4446546814.0,-141000000.0,-17000000.0,0.0,-609000000.0,-31000000.0,-640000000.0,-49000000.0,0.0,,0.0,-165000000.0,-165000000.0,-165000000.0,0.0,0.0,-0.243,424000000.0,-223000000.0,300000000,-0.19,0.873,-123.515,-113.4,2330000000,0.0,8.505,0.954,0.953,2422000000,-1674000000.0,679000000.0,679000000.0,130000000.0,,,,,,260000000.0,1.0,522815616,522600000.0,522600000.0,1.299,7191000000,227000000,-83000000.0,0,13.76,2821000000
64,MON2,ARQ,2002-06-30,2002-08-13,2002-06-30,2021-03-16,-837000000,9844000000,,5239000000,4605000000,,10.936,13000000.0,277000000,277000000,735000000.0,147000000.0,2.124,0.723,2102000000,1221000000,881000000,2102000000,0,,0,0.03,0.06,235000000.0,,,,235000000.0,215000000.0,0.28,0.28,0.28,5713000000,,5713000000,5955612424.0,41.0,,,,1.0,818000000.0,0.527,1428000000,20000000.0,7774000000,,1239000000,16000000,16000000,0,4131000000,2467000000,1664000000,4130612424.0,60000000.0,-43000000.0,0.0,-419000000.0,-31000000.0,-424000000.0,-35000000.0,0.0,,0.0,147000000.0,147000000.0,147000000.0,0.0,0.0,0.095,595000000.0,223000000.0,358000000,0.214,0.723,49.174,51.0,2477000000,0.0,7.905,0.84,0.84,3411000000,-1478000000.0,1553000000.0,1553000000.0,137000000.0,,,,,,237000000.0,1.0,522531616,522400000.0,528600000.0,2.973,8416000000,253000000,68000000.0,0,16.11,2772000000
65,MON2,ARQ,2002-03-31,2002-05-15,2002-03-31,2021-03-16,-725000000,11868000000,,5314000000,6554000000,,14.474,-51000000.0,217000000,217000000,617000000.0,86000000.0,1.95,0.584,2530000000,1645000000,885000000,2530000000,0,,0,0.016,0.06,144000000.0,,,,144000000.0,130000000.0,0.165,0.165,0.165,7492000000,,7492000000,10282940670.0,18.0,,,,1.0,604000000.0,0.495,3396000000,14000000.0,8060000000,,1387000000,11000000,11000000,0,4376000000,2725000000,1651000000,7969940670.0,-90000000.0,-17000000.0,0.0,819000000.0,-31000000.0,825000000.0,-49000000.0,0.0,,0.0,86000000.0,86000000.0,86000000.0,0.0,0.0,0.07,417000000.0,187000000.0,328000000,0.364,1.064,24.448,24.238,2591000000,0.0,15.27,1.482,1.47,3422000000,229000000.0,1221000000.0,1221000000.0,119000000.0,,,,,,298000000.0,1.0,521934556,517600000.0,526800000.0,2.359,8472000000,240000000,44000000.0,0,16.368,2589000000
66,MON2,ARQ,2001-12-31,2002-03-05,2001-12-31,2021-03-16,-716000000,11429000000,,4797000000,6632000000,,14.493,-80000000.0,307000000,307000000,744000000.0,-104000000.0,2.018,0.527,1710000000,817000000,893000000,1710000000,0,,0,0.015,0.06,-173000000.0,,,,-173000000.0,-173000000.0,-0.205,-0.195,-0.205,7483000000,,7483000000,9516859046.0,18.0,8.747,,,1.0,465000000.0,0.385,3439000000,0.0,7016000000,,1357000000,30000000,30000000,0,3946000000,2377000000,1569000000,8113859046.0,127000000.0,11000000.0,0.0,-510000000.0,-31000000.0,-541000000.0,-87000000.0,0.0,,0.0,-104000000.0,-104000000.0,-104000000.0,0.0,0.0,-0.086,521000000.0,-56000000.0,544000000,-0.293,1.084,27.505,27.57,2627000000,0.0,15.715,1.486,1.486,2800000000,173000000.0,1209000000.0,1209000000.0,150000000.0,,,,,,280000000.0,1.0,516313016,516313016.0,,2.342,7990000000,251000000,-69000000.0,0,15.475,2420000000
67,MON2,ARQ,2001-09-30,2001-11-13,2001-09-30,2021-03-16,-840000000,11699000000,,5185000000,6514000000,,14.142,-87000000.0,180000000,180000000,552000000.0,-45000000.0,1.856,0.603,2216000000,1295000000,921000000,2216000000,0,,0,0.015,0.06,-61000000.0,,,,-61000000.0,-77000000.0,-0.085,-0.085,-0.085,7300000000,,7300000000,10005772880.0,16.0,,,,1.0,384000000.0,0.41,3407000000,16000000.0,7534000000,,1325000000,7000000,7000000,0,4399000000,2794000000,1605000000,7969772880.0,-56000000.0,-12000000.0,0.0,-171000000.0,-31000000.0,-202000000.0,-99000000.0,0.0,,0.0,-45000000.0,-45000000.0,-45000000.0,0.0,0.0,-0.048,454000000.0,-70000000.0,392000000,-0.706,1.092,23.101,,2602000000,0.0,15.44,1.462,1.462,3399000000,310000000.0,936000000.0,936000000.0,140000000.0,,,,,,275000000.0,1.0,516177000,516200000.0,527200000.0,1.813,8292000000,198000000,-32000000.0,0,16.064,2391000000
68,MON2,ARQ,2001-06-30,2001-08-14,2001-06-30,2021-03-16,-717000000,12302000000,,5645000000,6657000000,,14.529,-89000000.0,236000000,236000000,822000000.0,389000000.0,1.788,0.64,2391000000,1489000000,902000000,2391000000,0,,0,0.009,0.06,657000000.0,,,,657000000.0,623000000.0,0.755,0.735,0.755,7500000000,,7500000000,11182760830.0,18.0,,,,1.0,1189000000.0,0.591,3476000000,34000000.0,7823000000,,1130000000,11000000,11000000,0,4802000000,3158000000,1644000000,9027760830.0,69000000.0,-63000000.0,0.0,-173000000.0,-31000000.0,-204000000.0,-159000000.0,0.0,,0.0,389000000.0,389000000.0,389000000.0,0.0,0.0,0.193,515000000.0,674000000.0,533000000,0.079,1.204,27.863,,2622000000,0.0,17.49,1.635,1.636,3957000000,385000000.0,2011000000.0,2011000000.0,136000000.0,,,,,,318000000.0,1.0,516167000,516200000.0,527000000.0,3.896,8826000000,210000000,234000000.0,0,17.098,2487000000
69,MON2,ARQ,2001-03-31,2001-05-15,2001-03-31,2021-03-16,-649000000,11978000000,,5245000000,6733000000,,14.016,-116000000.0,167000000,167000000,699000000.0,55000000.0,1.718,0.656,2718000000,1777000000,941000000,2718000000,0,,0,0.006,0.06,107000000.0,,,,107000000.0,88000000.0,0.105,0.105,0.105,7232000000,,7232000000,11474576480.0,,,,,1.0,607000000.0,0.465,3531000000,19000000.0,7945000000,,1232000000,160000000,160000000,0,4746000000,3053000000,1693000000,8923576480.0,36000000.0,-17000000.0,0.0,963000000.0,-23000000.0,940000000.0,-88000000.0,0.0,,0.0,55000000.0,55000000.0,55000000.0,0.0,0.0,0.042,496000000.0,111000000.0,393000000,0.571,1.234,,,2608000000,0.0,17.29,,,3364000000,26000000.0,1306000000.0,1306000000.0,134000000.0,,,,,,310000000.0,1.0,516112000,516000000.0,526200000.0,2.531,8447000000,232000000,33000000.0,0,16.37,2192000000
70,MON2,ARQ,2000-12-31,2001-03-26,2000-12-31,2021-03-16,-479000000,11726000000,,4973000000,6753000000,,14.225,-135000000.0,131000000,131000000,735000000.0,-54000000.0,1.804,0.597,1755000000,793000000,962000000,1755000000,0,546000000.0,0,0.003,0.045,-90000000.0,456000000.0,0.38,456000000.0,-90000000.0,-64000000.0,,,,7341000000,,7341000000,10397122000.0,21.0,10.016,807000000.0,1.564,1.0,465000000.0,0.388,3606000000,-26000000.0,6987000000,,1253000000,205000000,205000000,0,4385000000,2757000000,1628000000,8773122000.0,-87000000.0,-38000000.0,723000000.0,-1183000000.0,0.0,-651000000.0,-378000000.0,0.0,942000000.0,0.0,-54000000.0,-54000000.0,-54000000.0,0.0,0.0,-0.045,457000000.0,8000000.0,687000000,,1.195,58.88,58.621,2659000000,0.0,17.0,1.597,1.597,3059000000,2000000.0,1200000000.0,1200000000.0,157000000.0,,,,,0.0,265000000.0,1.0,516066000,516066000.0,,2.325,8120000000,225000000,-10000000.0,0,15.734,2216000000
71,MON2,ARQ,2000-09-30,2000-11-30,2000-09-30,2021-03-16,-396000000,12133000000,,5158000000,6975000000,,12.917,-122000000.0,218000000,218000000,549000000.0,-66000000.0,1.436,0.82,3019000000,2025000000,994000000,3019000000,0,-275000000.0,0,0.0,0.0,-40000000.0,-315000000.0,-0.314,-315000000.0,-40000000.0,-107000000.0,,,,6666000000,,6666000000,9267306980.0,,,429000000.0,0.831,1.0,454000000.0,0.453,3675000000,67000000.0,7666000000,,1356000000,0,0,0,5467000000,3593000000,1874000000,6466306980.0,177000000.0,-11000000.0,0.0,-423000000.0,0.0,-241000000.0,-133000000.0,0.0,551000000.0,0.0,-66000000.0,-66000000.0,-66000000.0,0.0,0.0,-0.066,502000000.0,-48000000.0,434000000,,0.97,,,2599000000,0.0,12.53,,,3301000000,-13000000.0,1003000000.0,1003000000.0,140000000.0,,,,,0.0,300000000.0,1.0,516066000,516066000.0,,1.944,8458000000,219000000,-41000000.0,0,16.389,1565000000
72,MON2,ARQ,2000-06-30,2000-10-17,2000-06-30,2021-03-16,-324000000,12351000000,,5221000000,7130000000,,9.692,,41000000,41000000,,,1.58,1.499,5557000000,1912000000,3645000000,5557000000,0,,0,,0.0,,,,,,,,,,4943000000,,4943000000,,,,,,1.0,,,3777000000,,10786000000,,1222000000,0,0,0,7408000000,3304000000,4104000000,,,,,,,,,,,,,,,,,,,,332000000,,,,,2585000000,,,,,3701000000,,,,,,,,,,,1.0,510000000,510000000.0,,,8574000000,152000000,,0,16.812,1917000000
73,MON2,ARQ,1999-12-31,2000-10-11,1999-12-31,2021-03-16,-281000000,11101000000,,4027000000,7074000000,,9.108,,26000000,26000000,,,2.363,1.39,4367000000,89000000,4278000000,4367000000,0,,0,,0.0,,,,,,,,,,4645000000,,4645000000,,,,,,1.0,,,4016000000,,9722000000,,1440000000,0,0,0,6456000000,1704000000,4752000000,,,,,,,,,,,,,,,,,,,,466000000,,,,,2219000000,,,,,2378000000,,,,,,,,,,,1.0,510000000,510000000.0,,,7085000000,130000000,,0,13.892,2323000000
0,MON2,ART,2018-03-31,2018-04-05,2018-02-28,2021-03-16,-2445000000,22687000000,22228500000.0,10056000000,12631000000,0.656,17.583,-1358000000.0,2409000000,2409000000,6589000000.0,2503000000.0,1.407,1.924,7847000000,1212000000,6635000000,7847000000,1800000000,757000000.0,0,0.018,2.16,3435000000.0,4192000000.0,0.287,4192000000.0,3435000000.0,2992000000.0,5.65,5.58,5.65,7754000000,6831250000.0,7754000000,57531574665.0,17.0,13.724,1961000000.0,4.447,1.0,8004000000.0,0.548,5077000000,443000000.0,15899000000,16192000000.0,4015000000,0,0,0,14921000000,7149000000,7772000000,52093574665.0,128000000.0,-4000000.0,0.0,-1334000000.0,-949000000.0,-2186000000.0,-1035000000.0,7000000.0,3319000000.0,30000000.0,2491000000.0,2491000000.0,2491000000.0,13000000.0,12000000.0,0.171,4765000000.0,3239000000.0,888000000,0.382,6.718,20.913,20.894,6109000000,0.0,118.05,3.57,3.567,3350000000,13290000000.0,14593000000.0,14593000000.0,1632000000.0,0.112,0.365,0.212,0.235,127000000.0,3043000000.0,1.0,441283987,441000000.0,445500000.0,33.091,17610000000,495000000,501000000.0,339000000,39.932,2907000000
1,MON2,ART,2017-12-31,2018-01-05,2017-11-30,2021-03-16,-2495000000,23136000000,21900000000.0,10560000000,12576000000,0.669,14.995,-1341000000.0,3102000000,3102000000,6658000000.0,2409000000.0,1.279,2.503,8117000000,1168000000,6949000000,8117000000,3230000000,747000000.0,0,0.018,2.16,3465000000.0,4212000000.0,0.288,4212000000.0,3465000000.0,3025000000.0,5.46,5.4,5.46,6601000000,6277750000.0,6601000000,57300779318.0,17.0,13.604,1714000000.0,3.894,1.0,7990000000.0,0.545,5081000000,440000000.0,14812000000,16190250000.0,4033000000,0,0,0,16521000000,8258000000,8263000000,52285779318.0,973000000.0,-4000000.0,0.0,-276000000.0,-949000000.0,-1133000000.0,-990000000.0,57000000.0,3055000000.0,41000000.0,2400000000.0,2400000000.0,2400000000.0,13000000.0,9000000.0,0.164,4783000000.0,3207000000.0,1269000000,0.396,7.921,21.786,21.722,5959000000,0.0,118.6,3.569,3.564,3158000000,12241000000.0,14648000000.0,14648000000.0,1619000000.0,0.11,0.382,0.214,0.237,128000000.0,3048000000.0,1.0,440858173,440200000.0,445300000.0,33.276,18055000000,534000000,625000000.0,332000000,41.015,2302000000
2,MON2,ART,2017-09-30,2017-10-27,2017-08-31,2021-03-16,-2427000000,21333000000,21355750000.0,8651000000,12682000000,0.686,14.672,-1240000000.0,1856000000,1856000000,6703000000.0,2273000000.0,1.352,2.311,8124000000,870000000,7254000000,8124000000,841000000,748000000.0,0,0.018,2.16,3338000000.0,4086000000.0,0.279,4086000000.0,3338000000.0,2886000000.0,5.15,5.09,5.15,6438000000,5728000000.0,6438000000,59761100233.0,18.0,14.626,1986000000.0,4.526,1.0,7937000000.0,0.542,5112000000,452000000.0,16091000000,16205000000.0,3340000000,8000000,8000000,0,14875000000,6398000000,8477000000,53493100233.0,180000000.0,-11000000.0,0.0,-1097000000.0,-948000000.0,-1966000000.0,-1107000000.0,50000000.0,3226000000.0,27000000.0,2260000000.0,2260000000.0,2260000000.0,0.0,13000000.0,0.154,4725000000.0,3212000000.0,1174000000,0.419,8.309,23.67,23.596,5930000000,0.0,121.52,3.654,3.642,3109000000,12072000000.0,14640000000.0,14640000000.0,1607000000.0,0.106,0.395,0.206,0.228,126000000.0,2969000000.0,1.0,440199969,438800000.0,443800000.0,33.364,16221000000,564000000,626000000.0,250000000,36.967,2253000000
3,MON2,ART,2017-06-30,2017-06-29,2017-05-31,2021-03-16,-2735000000,21758000000,20956500000.0,10018000000,11740000000,0.693,14.876,-1105000000.0,1614000000,1614000000,6781000000.0,2043000000.0,1.44,2.329,9857000000,2611000000,7246000000,9857000000,569000000,734000000.0,0,0.018,2.16,3286000000.0,4020000000.0,0.277,4020000000.0,3286000000.0,2844000000.0,4.73,4.65,4.73,6532000000,5252000000.0,6532000000,60083117894.0,18.0,14.946,1758000000.0,4.004,1.0,7735000000.0,0.533,5077000000,442000000.0,17966000000,15988750000.0,3189000000,6000000,6000000,0,15210000000,6958000000,8252000000,51840117894.0,409000000.0,-11000000.0,0.0,-638000000.0,-949000000.0,-1513000000.0,-977000000.0,2000000.0,2863000000.0,36000000.0,2049000000.0,2049000000.0,2049000000.0,15000000.0,-6000000.0,0.141,4725000000.0,3010000000.0,790000000,0.457,7.936,25.3,24.947,5500000000,0.0,118.0,3.571,3.569,4793000000,12527000000.0,14516000000.0,14516000000.0,1589000000.0,0.098,0.39,0.206,0.226,108000000.0,3006000000.0,1.0,439323033,439100000.0,443400000.0,33.059,16681000000,534000000,795000000.0,365000000,37.989,3060000000
4,MON2,ART,2017-03-31,2017-04-06,2017-02-28,2021-03-16,-2817000000,21373000000,20599000000.0,9882000000,11491000000,0.703,12.628,-977000000.0,2281000000,2281000000,6746000000.0,1911000000.0,1.356,2.855,9171000000,1611000000,7560000000,9171000000,1434000000,735000000.0,0,0.019,2.16,3413000000.0,4148000000.0,0.287,4148000000.0,3413000000.0,2971000000.0,4.44,4.38,4.44,5540000000,4896500000.0,5540000000,57791686588.0,17.0,13.932,1759000000.0,4.01,1.0,7729000000.0,0.534,5082000000,442000000.0,15892000000,16070750000.0,3621000000,10000000,10000000,0,15819000000,7289000000,8530000000,50901686588.0,1231000000.0,-9000000.0,0.0,130000000.0,-948000000.0,-734000000.0,-819000000.0,0.0,2736000000.0,48000000.0,1923000000.0,1923000000.0,1923000000.0,15000000.0,-12000000.0,0.133,4634000000.0,3095000000.0,832000000,0.486,9.188,26.47,26.126,5335000000,0.0,116.0,3.517,3.516,3431000000,11685000000.0,14475000000.0,14475000000.0,1559000000.0,0.093,0.393,0.212,0.236,96000000.0,2946000000.0,1.0,438807643,438700000.0,442300000.0,32.995,16291000000,527000000,1048000000.0,380000000,37.135,2593000000
5,MON2,ART,2016-12-31,2017-01-06,2016-11-30,2021-03-16,-3015000000,20959000000,20109000000.0,9652000000,11307000000,0.693,10.048,-914000000.0,2129000000,2129000000,6558000000.0,1605000000.0,1.287,3.758,8617000000,570000000,8047000000,8617000000,2938000000,735000000.0,0,0.02,2.16,2954000000.0,3689000000.0,0.265,3689000000.0,2954000000.0,2511000000.0,3.73,3.7,3.73,4402000000,4549500000.0,4402000000,53908933227.0,18.0,14.613,1774000000.0,4.049,1.0,7375000000.0,0.529,5076000000,443000000.0,14871000000,16166750000.0,3839000000,60000000,60000000,0,16542000000,7500000000,9042000000,47420933227.0,-148000000.0,-9000000.0,-1000000.0,-1109000000.0,-947000000.0,-1983000000.0,-855000000.0,-15000000.0,2688000000.0,2000000.0,1618000000.0,1618000000.0,1618000000.0,15000000.0,-13000000.0,0.116,4481000000.0,2894000000.0,1167000000,0.579,10.773,29.308,28.989,5217000000,0.0,108.13,3.403,3.4,3152000000,10792000000.0,13933000000.0,13933000000.0,1518000000.0,0.08,0.356,0.183,0.212,96000000.0,2875000000.0,1.0,438554825,438100000.0,441700000.0,31.803,15883000000,487000000,893000000.0,220000000,36.254,2152000000
6,MON2,ART,2016-09-30,2016-10-19,2016-08-31,2021-03-16,-2808000000,19736000000,20230750000.0,8157000000,11579000000,0.667,10.242,-923000000.0,1676000000,1676000000,6485000000.0,1313000000.0,1.212,3.35,9040000000,1587000000,7453000000,9040000000,603000000,727000000.0,0,0.021,2.16,2467000000.0,3194000000.0,0.237,3194000000.0,2467000000.0,2031000000.0,3.02,2.99,3.02,4534000000,4338750000.0,4534000000,52252836162.0,21.0,16.36,1665000000.0,3.761,1.0,7017000000.0,0.52,5145000000,436000000.0,15226000000,16250250000.0,3241000000,60000000,60000000,0,15191000000,6729000000,8462000000,44888836162.0,-2025000000.0,-2000000.0,-3001000000.0,156000000.0,-964000000.0,-3742000000.0,-864000000.0,-15000000.0,2588000000.0,-7000000.0,1336000000.0,1336000000.0,1336000000.0,0.0,-23000000.0,0.099,4642000000.0,2375000000.0,1129000000,0.715,9.9,33.599,33.937,5231000000,0.0,102.49,3.325,3.36,2782000000,10763000000.0,13502000000.0,13502000000.0,1512000000.0,0.066,0.308,0.152,0.183,95000000.0,2833000000.0,1.0,437982595,442700000.0,447100000.0,30.499,14591000000,613000000,695000000.0,109000000,32.959,1428000000
7,MON2,ART,2016-06-30,2016-06-30,2016-05-31,2021-03-16,-2859000000,20328000000,20776750000.0,9055000000,11273000000,0.64,11.691,-932000000.0,1205000000,1205000000,6420000000.0,1026000000.0,1.465,2.977,10505000000,2557000000,7948000000,10505000000,455000000,720000000.0,0,0.016,1.62,2003000000.0,2723000000.0,0.205,2723000000.0,2003000000.0,1541000000.0,2.47,2.49,2.47,5110000000,4952750000.0,5110000000,54549686074.0,27.0,20.033,2621000000.0,5.996,1.0,6875000000.0,0.517,5154000000,462000000.0,18294000000,16617000000.0,3370000000,11000000,11000000,0,15214000000,6180000000,9034000000,45249686074.0,26000000.0,-2000000.0,-3131000000.0,1515000000.0,-956000000.0,-2520000000.0,-899000000.0,16000000.0,3553000000.0,-108000000.0,1032000000.0,1032000000.0,1032000000.0,23000000.0,-6000000.0,0.078,4795000000.0,2080000000.0,673000000,0.656,8.855,43.847,41.866,4994000000,0.0,103.41,3.404,3.4,4068000000,11426000000.0,13295000000.0,13295000000.0,1513000000.0,0.05,0.208,0.121,0.151,91000000.0,2599000000.0,1.0,437575535,437100000.0,440300000.0,30.416,15174000000,451000000,509000000.0,249000000,34.715,2875000000
8,MON2,ART,2016-03-31,2016-04-07,2016-02-29,2021-03-16,-3051000000,19413000000,21259500000.0,8483000000,10930000000,0.644,9.466,-945000000.0,1050000000,1050000000,6454000000.0,1466000000.0,1.428,3.676,9028000000,1083000000,7945000000,9028000000,1205000000,718000000.0,0,0.025,2.11,2341000000.0,3059000000.0,0.224,3059000000.0,2341000000.0,1883000000.0,3.25,3.25,3.25,4152000000,5759750000.0,4152000000,45590353639.0,19.0,14.904,2034000000.0,4.637,1.0,7231000000.0,0.528,5176000000,458000000.0,16276000000,17138750000.0,3704000000,12000000,12000000,0,15262000000,5939000000,9323000000,37612353639.0,-1682000000.0,0.0,-3344000000.0,724000000.0,-954000000.0,-3526000000.0,-970000000.0,-12000000.0,2979000000.0,-165000000.0,1456000000.0,1456000000.0,1456000000.0,23000000.0,10000000.0,0.106,4756000000.0,2475000000.0,654000000,0.649,9.059,25.833,26.492,4892000000,0.0,86.1,2.748,2.759,2562000000,10709000000.0,13685000000.0,13685000000.0,1500000000.0,0.068,0.253,0.137,0.171,100000000.0,2588000000.0,1.0,436844990,438600000.0,441700000.0,31.202,14237000000,996000000,427000000.0,625000000,32.46,2544000000
9,MON2,ART,2015-12-31,2016-01-07,2015-11-30,2021-03-16,-3018000000,21446000000,22006750000.0,10467000000,10979000000,0.652,7.837,-946000000.0,2277000000,2277000000,6678000000.0,1825000000.0,1.231,5.023,9727000000,1788000000,7939000000,9727000000,3191000000,715000000.0,0,0.022,2.06,2892000000.0,3607000000.0,0.251,3607000000.0,2892000000.0,2445000000.0,3.79,3.76,3.79,3559000000,6636500000.0,3559000000,48658461607.0,17.0,13.49,2176000000.0,4.792,1.0,7672000000.0,0.535,5190000000,447000000.0,15205000000,17265500000.0,3872000000,47000000,47000000,0,17878000000,8501000000,9377000000,41208461607.0,-859000000.0,-8000000.0,-3539000000.0,1639000000.0,-954000000.0,-2737000000.0,-975000000.0,-7000000.0,3122000000.0,-269000000.0,1818000000.0,1818000000.0,1818000000.0,23000000.0,7000000.0,0.127,4840000000.0,2832000000.0,834000000,0.544,11.579,22.667,24.691,4870000000,0.0,93.58,2.872,2.961,3141000000,10121000000.0,14350000000.0,14350000000.0,1532000000.0,0.083,0.274,0.168,0.202,83000000.0,2649000000.0,1.0,440355435,454100000.0,454100000.0,31.601,16256000000,1032000000,627000000.0,426000000,35.798,1966000000
10,MON2,ART,2015-09-30,2015-10-29,2015-08-31,2021-03-16,-2801000000,21920000000,22488750000.0,10625000000,11295000000,0.667,14.657,-967000000.0,3701000000,3701000000,6819000000.0,2325000000.0,2.052,2.134,9044000000,615000000,8429000000,9044000000,417000000,716000000.0,0,0.021,2.01,3611000000.0,4327000000.0,0.288,4327000000.0,3611000000.0,3178000000.0,4.85,4.81,4.85,6990000000,7599250000.0,6990000000,46568937382.0,13.0,10.762,2141000000.0,4.489,1.0,8182000000.0,0.545,5393000000,433000000.0,16693000000,17375250000.0,3496000000,47000000,47000000,0,14915000000,5177000000,9738000000,41225937382.0,1334000000.0,-8000000.0,-835000000.0,1226000000.0,-938000000.0,-430000000.0,-1019000000.0,-37000000.0,3108000000.0,-325000000.0,2314000000.0,2314000000.0,2314000000.0,0.0,11000000.0,0.154,4659000000.0,3523000000.0,908000000,0.414,5.898,17.816,19.326,4973000000,0.0,93.73,2.748,2.98,2481000000,10374000000.0,15001000000.0,15001000000.0,1580000000.0,0.103,0.305,0.208,0.241,67000000.0,2686000000.0,1.0,439837164,476900000.0,481400000.0,31.455,16527000000,1020000000,864000000.0,574000000,34.655,5448000000
11,MON2,ART,2015-06-30,2015-06-25,2015-05-31,2021-03-16,-2504000000,22259000000,22504000000.0,10589000000,11670000000,0.679,17.635,-1018000000.0,1179000000,1179000000,6857000000.0,2654000000.0,2.585,1.667,8983000000,587000000,8396000000,8983000000,438000000,722000000.0,0,0.018,1.9,4033000000.0,4755000000.0,0.311,4755000000.0,4033000000.0,3617000000.0,5.63,5.58,5.63,8338000000,7820500000.0,8338000000,58002652044.0,14.0,12.198,1635000000.0,3.458,1.0,8419000000.0,0.551,5585000000,416000000.0,20381000000,17299500000.0,3625000000,28000000,28000000,0,13899000000,4097000000,9802000000,50198652044.0,-719000000.0,-8000000.0,-6873000000.0,5636000000.0,-934000000.0,-1982000000.0,-1120000000.0,-58000000.0,2653000000.0,-270000000.0,2653000000.0,2653000000.0,2653000000.0,13000000.0,1000000.0,0.174,4493000000.0,3926000000.0,698000000,0.337,6.02,18.921,19.059,4864000000,0.0,107.3,3.286,3.321,4894000000,11350000000.0,15276000000.0,15276000000.0,1643000000.0,0.118,0.339,0.233,0.264,67000000.0,2850000000.0,1.0,467834595,472800000.0,477200000.0,32.31,16674000000,1021000000,964000000.0,875000000,35.266,6492000000
12,MON2,ART,2015-03-31,2015-04-02,2015-02-28,2021-03-16,-2203000000,22402000000,22759500000.0,10699000000,11703000000,0.657,15.844,-1045000000.0,2732000000,2732000000,6933000000.0,2379000000.0,1.955,1.924,8240000000,346000000,7894000000,8240000000,1079000000,721000000.0,0,0.016,1.9,3636000000.0,4357000000.0,0.291,4357000000.0,3636000000.0,3274000000.0,4.86,4.81,4.86,7659000000,9401500000.0,7659000000,60878761455.0,17.0,13.973,1681000000.0,3.477,1.0,8014000000.0,0.536,5655000000,362000000.0,16783000000,15882250000.0,3978000000,0,0,0,14734000000,5472000000,9262000000,55370761455.0,-1073000000.0,-8000000.0,-6810000000.0,4994000000.0,-926000000.0,-2518000000.0,-1071000000.0,15000000.0,2726000000.0,-210000000.0,2370000000.0,2370000000.0,2370000000.0,13000000.0,9000000.0,0.159,4483000000.0,3531000000.0,829000000,0.391,7.23,23.363,23.93,4869000000,0.0,116.3,3.704,3.761,3086000000,10207000000.0,14947000000.0,14947000000.0,1696000000.0,0.104,0.252,0.229,0.243,55000000.0,2787000000.0,1.0,476102850,483400000.0,488100000.0,30.921,16747000000,1002000000,904000000.0,1017000000,34.644,5227000000
13,MON2,ART,2014-12-31,2015-01-08,2014-11-30,2021-03-16,-1589000000,23374000000,23023250000.0,11398000000,11976000000,0.677,15.297,-1049000000.0,3136000000,3136000000,7160000000.0,2632000000.0,1.629,2.151,8165000000,636000000,7529000000,8165000000,2574000000,711000000.0,0,0.015,1.84,3951000000.0,4662000000.0,0.299,4662000000.0,3951000000.0,3641000000.0,5.09,5.04,5.09,7410000000,10906250000.0,7410000000,62631845944.0,16.0,13.435,1656000000.0,3.419,1.0,8422000000.0,0.54,5760000000,310000000.0,15644000000,14632500000.0,4300000000,40000000,40000000,0,15942000000,6999000000,8943000000,57602845944.0,-1360000000.0,-5000000.0,-6817000000.0,4798000000.0,-914000000.0,-2712000000.0,-1234000000.0,179000000.0,2705000000.0,-119000000.0,2615000000.0,2615000000.0,2615000000.0,13000000.0,17000000.0,0.168,4493000000.0,3929000000.0,933000000,0.361,7.774,22.028,23.417,4985000000,0.0,119.19,3.697,3.705,3136000000,9255000000.0,15582000000.0,15582000000.0,1728000000.0,0.114,0.24,0.27,0.254,51000000.0,2765000000.0,1.0,483285896,484400000.0,489400000.0,32.168,17614000000,1005000000,1026000000.0,576000000,36.363,4399000000
14,MON2,ART,2014-09-30,2014-10-29,2014-08-31,2021-03-16,-1114000000,21981000000,23199000000.0,9675000000,12306000000,0.683,15.165,-1005000000.0,2367000000,2367000000,7281000000.0,2762000000.0,1.893,1.786,7761000000,233000000,7528000000,7761000000,485000000,691000000.0,0,0.016,1.78,4066000000.0,4757000000.0,0.3,4757000000.0,4066000000.0,3818000000.0,5.28,5.22,5.28,7875000000,12196750000.0,7875000000,59697346384.0,15.0,12.549,2049000000.0,3.946,1.0,8574000000.0,0.541,5873000000,248000000.0,16390000000,13349000000.0,3597000000,40000000,40000000,0,14067000000,5112000000,8955000000,54303346384.0,-1301000000.0,-922000000.0,-7082000000.0,5483000000.0,-904000000.0,-2259000000.0,-2095000000.0,202000000.0,3054000000.0,-1000000.0,2740000000.0,2740000000.0,2740000000.0,0.0,22000000.0,0.173,4499000000.0,4075000000.0,1193000000,0.337,6.896,19.819,21.246,5082000000,0.0,112.18,3.425,3.674,2923000000,9012000000.0,15855000000.0,15855000000.0,1725000000.0,0.118,0.225,0.305,0.256,48000000.0,2774000000.0,1.0,484073332,519300000.0,524900000.0,30.531,16108000000,1085000000,1078000000.0,608000000,31.019,4563000000
15,MON2,ART,2014-06-30,2014-06-25,2014-05-31,2021-03-16,-1031000000,23281000000,22869750000.0,11237000000,12044000000,0.675,27.965,-970000000.0,1898000000,1898000000,7162000000.0,2686000000.0,2.859,0.575,3211000000,162000000,3049000000,3211000000,394000000,665000000.0,0,0.013,1.665,3894000000.0,4559000000.0,0.296,4559000000.0,3894000000.0,3710000000.0,5.06,5.01,5.06,14662000000,13367750000.0,14662000000,67794751364.0,17.0,14.871,1355000000.0,2.584,1.0,8265000000.0,0.536,5951000000,184000000.0,14712000000,11758000000.0,3552000000,0,0,0,8431000000,3931000000,4500000000,66481751364.0,-1023000000.0,-967000000.0,-1431000000.0,969000000.0,-879000000.0,-1166000000.0,-2124000000.0,131000000.0,2325000000.0,-58000000.0,2647000000.0,2647000000.0,2647000000.0,0.0,39000000.0,0.172,4322000000.0,3943000000.0,787000000,0.329,4.534,25.116,25.045,4878000000,0.0,126.73,4.309,4.307,5141000000,9633000000.0,15427000000.0,15427000000.0,1676000000.0,0.116,0.198,0.331,0.252,50000000.0,2646000000.0,1.0,524593635,524300000.0,529800000.0,29.424,17330000000,1047000000,1063000000.0,869000000,33.054,7306000000
16,MON2,ART,2014-03-31,2014-04-03,2014-02-28,2021-03-16,-1196000000,23457000000,22469250000.0,11550000000,11907000000,0.686,26.063,-951000000.0,3805000000,3805000000,7229000000.0,2738000000.0,2.287,0.703,3155000000,104000000,3051000000,3155000000,957000000,642000000.0,0,0.014,1.665,3891000000.0,4533000000.0,0.294,4533000000.0,3891000000.0,3712000000.0,5.12,5.07,5.12,13678000000,13169500000.0,13678000000,60698951251.0,16.0,13.39,1778000000.0,3.388,1.0,8196000000.0,0.531,5972000000,179000000.0,11784000000,11188000000.0,3692000000,45000000,45000000,0,9616000000,5051000000,4565000000,61348951251.0,-638000000.0,-1008000000.0,-1532000000.0,971000000.0,-853000000.0,-1210000000.0,-2032000000.0,253000000.0,2729000000.0,-125000000.0,2698000000.0,2698000000.0,2698000000.0,0.0,40000000.0,0.175,4264000000.0,3932000000.0,878000000,0.325,4.485,22.739,22.859,4735000000,0.0,117.04,3.977,3.982,3314000000,8775000000.0,15425000000.0,15425000000.0,1641000000.0,0.12,0.205,0.348,0.252,40000000.0,2623000000.0,1.0,524170807,524800000.0,530300000.0,29.392,17485000000,1050000000,1014000000.0,1137000000,33.317,6499000000
17,MON2,ART,2013-12-31,2014-01-08,2013-11-30,2021-03-16,-1176000000,24077000000,22124750000.0,12496000000,11581000000,0.681,23.86,-911000000.0,4496000000,4496000000,7246000000.0,2549000000.0,1.866,0.902,3319000000,262000000,3057000000,3319000000,2979000000,625000000.0,0,0.014,1.61,3630000000.0,4255000000.0,0.282,4255000000.0,3630000000.0,3456000000.0,4.72,4.66,4.72,12572000000,13060000000.0,12572000000,59304542026.0,16.0,13.938,1958000000.0,3.716,1.0,7819000000.0,0.519,5692000000,174000000.0,10510000000,10840500000.0,3873000000,249000000,249000000,0,11338000000,6698000000,4640000000,60481542026.0,-141000000.0,-1082000000.0,-1629000000.0,1167000000.0,-829000000.0,-1023000000.0,-1922000000.0,49000000.0,2869000000.0,-65000000.0,2511000000.0,2511000000.0,2511000000.0,0.0,38000000.0,0.167,4193000000.0,3626000000.0,855000000,0.341,4.811,24.087,24.413,4686000000,0.0,115.23,4.015,4.03,3210000000,7556000000.0,15065000000.0,15065000000.0,1597000000.0,0.113,0.192,0.335,0.241,24000000.0,2596000000.0,1.0,524876699,526900000.0,532600000.0,28.592,18385000000,1115000000,945000000.0,645000000,34.893,5798000000
18,MON2,ART,2013-09-30,2013-10-23,2013-08-31,2021-03-16,-1278000000,20664000000,21739750000.0,10077000000,10587000000,0.684,23.532,-741000000.0,3668000000,3668000000,7208000000.0,2525000000.0,2.324,0.632,2112000000,51000000,2061000000,2112000000,655000000,615000000.0,0,0.014,1.555,3569000000.0,4184000000.0,0.282,4184000000.0,3569000000.0,3397000000.0,4.65,4.6,4.65,12559000000,12981750000.0,12559000000,55034665973.0,15.0,13.154,1999000000.0,3.746,1.0,7653000000.0,0.515,4746000000,172000000.0,10026000000,10503500000.0,2947000000,254000000,254000000,0,7936000000,4336000000,3600000000,56590665973.0,385000000.0,-165000000.0,-1095000000.0,127000000.0,-802000000.0,-1485000000.0,-777000000.0,48000000.0,2740000000.0,-93000000.0,2482000000.0,2482000000.0,2482000000.0,0.0,43000000.0,0.167,4083000000.0,3570000000.0,1007000000,0.334,4.506,22.8,23.144,4654000000,0.0,107.62,3.808,3.865,2700000000,7188000000.0,14861000000.0,14861000000.0,1533000000.0,0.114,0.191,0.34,0.24,21000000.0,2550000000.0,1.0,525837818,533700000.0,539700000.0,27.845,15918000000,1033000000,915000000.0,560000000,29.826,5741000000
19,MON2,ART,2013-06-30,2013-06-27,2013-05-31,2021-03-16,-1122000000,21679000000,21629750000.0,11141000000,10538000000,0.682,25.967,-729000000.0,2921000000,2921000000,7147000000.0,2545000000.0,2.921,0.548,2223000000,169000000,2054000000,2223000000,489000000,613000000.0,0,0.014,1.425,3624000000.0,4237000000.0,0.287,4237000000.0,3624000000.0,3449000000.0,4.68,4.63,4.68,13869000000,12800250000.0,13869000000,51946547226.0,14.0,12.26,2255000000.0,4.222,1.0,7610000000.0,0.516,4735000000,175000000.0,12432000000,10527500000.0,2884000000,143000000,143000000,0,7601000000,3814000000,3787000000,52644547226.0,1205000000.0,-329000000.0,-587000000.0,133000000.0,-762000000.0,-883000000.0,-879000000.0,159000000.0,2984000000.0,-17000000.0,2502000000.0,2502000000.0,2502000000.0,0.0,43000000.0,0.17,4007000000.0,3603000000.0,745000000,0.304,3.796,21.041,21.1,4467000000,0.0,98.75,3.567,3.574,4664000000,7865000000.0,14757000000.0,14757000000.0,1536000000.0,0.116,0.195,0.344,0.246,12000000.0,2481000000.0,1.0,533109339,534100000.0,540000000.0,27.63,16944000000,1092000000,947000000.0,841000000,31.724,7327000000
20,MON2,ART,2013-03-31,2013-04-04,2013-02-28,2021-03-16,-944000000,22079000000,21206000000.0,11534000000,10545000000,0.695,24.757,-668000000.0,4443000000,4443000000,7017000000.0,2579000000.0,2.449,0.651,2206000000,152000000,2054000000,2206000000,943000000,616000000.0,0,0.013,1.425,3723000000.0,4339000000.0,0.295,4339000000.0,3723000000.0,3546000000.0,4.74,4.69,4.74,13240000000,12352250000.0,13240000000,54211325029.0,15.0,12.494,2568000000.0,4.802,1.0,7711000000.0,0.524,4739000000,177000000.0,10394000000,10343250000.0,3095000000,310000000,310000000,0,8621000000,4709000000,3912000000,56448325029.0,1320000000.0,-288000000.0,-460000000.0,23000000.0,-722000000.0,-915000000.0,-933000000.0,-8000000.0,3236000000.0,-68000000.0,2530000000.0,2530000000.0,2530000000.0,0.0,49000000.0,0.172,3996000000.0,3715000000.0,758000000,0.301,4.263,22.312,22.308,4400000000,0.0,105.74,3.833,3.84,3112000000,6956000000.0,14728000000.0,14728000000.0,1519000000.0,0.119,0.205,0.36,0.253,34000000.0,2487000000.0,1.0,533840789,534800000.0,540900000.0,27.539,17340000000,1200000000,1016000000.0,840000000,32.423,6825000000
21,MON2,ART,2012-12-31,2013-01-08,2012-11-30,2021-03-16,-988000000,22537000000,20866500000.0,12060000000,10477000000,0.671,22.923,-641000000.0,4637000000,4637000000,6658000000.0,2308000000.0,1.957,0.822,2080000000,26000000,2054000000,2080000000,3061000000,619000000.0,0,0.014,1.35,3400000000.0,4019000000.0,0.287,4019000000.0,3400000000.0,3211000000.0,4.23,4.19,4.23,12259000000,12040750000.0,12259000000,50220611134.0,15.0,12.496,2869000000.0,5.365,1.0,7346000000.0,0.525,4657000000,189000000.0,9162000000,10219500000.0,3571000000,310000000,310000000,0,10072000000,6161000000,3911000000,52777611134.0,1630000000.0,-209000000.0,-433000000.0,-32000000.0,-682000000.0,-941000000.0,-876000000.0,-8000000.0,3510000000.0,-63000000.0,2258000000.0,2258000000.0,2258000000.0,0.0,50000000.0,0.161,3934000000.0,3412000000.0,793000000,0.319,4.305,23.374,23.286,4348000000,0.0,98.5,3.769,3.762,3158000000,5876000000.0,14004000000.0,14004000000.0,1512000000.0,0.108,0.188,0.333,0.243,70000000.0,2432000000.0,1.0,535813311,534800000.0,540400000.0,26.185,17880000000,1065000000,953000000.0,382000000,33.433,5899000000
22,MON2,ART,2012-09-30,2012-10-19,2012-08-31,2021-03-16,-1036000000,20224000000,20338000000.0,9658000000,10566000000,0.664,22.155,-646000000.0,3283000000,3283000000,6459000000.0,2093000000.0,2.288,0.692,2074000000,36000000,2038000000,2074000000,641000000,622000000.0,0,0.014,1.275,3137000000.0,3759000000.0,0.278,3759000000.0,3137000000.0,2946000000.0,3.83,3.79,3.83,11833000000,11736250000.0,11833000000,46204504691.0,15.0,12.292,2405000000.0,4.503,1.0,7045000000.0,0.522,4672000000,191000000.0,10122000000,10173750000.0,2839000000,302000000,302000000,0,8188000000,4221000000,3967000000,47413504691.0,711000000.0,-322000000.0,-432000000.0,-263000000.0,-642000000.0,-1165000000.0,-1034000000.0,0.0,3051000000.0,-141000000.0,2045000000.0,2045000000.0,2045000000.0,0.0,48000000.0,0.151,3897000000.0,3148000000.0,808000000,0.333,4.007,23.185,23.157,4365000000,0.0,88.69,3.511,3.508,2893000000,5537000000.0,13504000000.0,13504000000.0,1517000000.0,0.101,0.174,0.308,0.232,78000000.0,2390000000.0,1.0,534598091,534100000.0,540200000.0,25.284,15552000000,1085000000,901000000.0,388000000,29.118,5437000000
23,MON2,ART,2012-06-30,2012-06-29,2012-05-31,2021-03-16,-1176000000,19984000000,20243000000.0,9783000000,10201000000,0.674,22.663,-590000000.0,1716000000,1716000000,6517000000.0,2214000000.0,2.285,0.627,2172000000,634000000,1538000000,2172000000,629000000,622000000.0,0,0.014,1.18,3320000000.0,3942000000.0,0.289,3942000000.0,3320000000.0,3136000000.0,4.07,4.0,4.07,12077000000,11664250000.0,12077000000,44573605967.0,13.0,11.307,2133000000.0,4.003,1.0,7136000000.0,0.523,4463000000,184000000.0,11695000000,10165750000.0,2514000000,302000000,302000000,0,7571000000,4282000000,3289000000,44117605967.0,642000000.0,-113000000.0,-439000000.0,-151000000.0,-632000000.0,-1119000000.0,-810000000.0,-52000000.0,2723000000.0,-152000000.0,2162000000.0,2162000000.0,2162000000.0,3000000.0,52000000.0,0.158,3802000000.0,3334000000.0,615000000,0.29,3.653,20.406,20.339,4164000000,0.0,82.78,3.231,3.231,4777000000,6122000000.0,13653000000.0,13653000000.0,1482000000.0,0.107,0.185,0.327,0.243,78000000.0,2328000000.0,1.0,532950060,532900000.0,538800000.0,25.62,15521000000,1254000000,974000000.0,744000000,29.126,5501000000
24,MON2,ART,2012-03-31,2012-04-05,2012-02-29,2021-03-16,-533000000,20721000000,20268500000.0,10024000000,10697000000,0.643,22.444,-562000000.0,3123000000,3123000000,6296000000.0,1960000000.0,1.93,0.711,2148000000,610000000,1538000000,2148000000,1139000000,614000000.0,0,0.015,1.18,2986000000.0,3600000000.0,0.276,3600000000.0,2986000000.0,2806000000.0,3.6,3.54,3.6,11994000000,11609750000.0,11994000000,41177037177.0,14.0,11.438,2483000000.0,4.646,1.0,6746000000.0,0.517,4654000000,180000000.0,9899000000,10451500000.0,2862000000,302000000,302000000,0,8525000000,5193000000,3332000000,42152037177.0,1286000000.0,-113000000.0,-420000000.0,18000000.0,-622000000.0,-868000000.0,-853000000.0,-122000000.0,3045000000.0,-38000000.0,1917000000.0,1917000000.0,1917000000.0,3000000.0,43000000.0,0.147,3741000000.0,3005000000.0,690000000,0.328,3.514,21.989,21.95,4259000000,0.0,79.02,3.232,3.238,3374000000,5190000000.0,13042000000.0,13042000000.0,1467000000.0,0.095,0.165,0.286,0.229,78000000.0,2281000000.0,1.0,533435044,534400000.0,540500000.0,24.405,16067000000,1335000000,889000000.0,705000000,30.065,4831000000
25,MON2,ART,2011-12-31,2012-01-06,2011-11-30,2021-03-16,-760000000,20423000000,20000500000.0,9734000000,10689000000,0.621,20.622,-553000000.0,3007000000,3007000000,6074000000.0,1778000000.0,1.663,0.835,2064000000,522000000,1542000000,2064000000,2316000000,613000000.0,0,0.015,1.16,2674000000.0,3287000000.0,0.265,3287000000.0,2674000000.0,2502000000.0,3.23,3.18,3.23,11041000000,11361500000.0,11041000000,40556717694.0,15.0,12.339,2747000000.0,5.131,1.0,6351000000.0,0.511,4648000000,172000000.0,8979000000,10665750000.0,3136000000,302000000,302000000,0,9223000000,5853000000,3370000000,41499717694.0,1275000000.0,-212000000.0,-261000000.0,-52000000.0,-612000000.0,-864000000.0,-1105000000.0,-302000000.0,3300000000.0,-56000000.0,1724000000.0,1724000000.0,1724000000.0,3000000.0,54000000.0,0.139,3668000000.0,2683000000.0,751000000,0.359,3.759,24.072,23.997,4230000000,0.0,77.51,3.34,3.34,3036000000,4300000000.0,12425000000.0,12425000000.0,1434000000.0,0.086,0.152,0.251,0.215,67000000.0,2240000000.0,1.0,535411143,535400000.0,541400000.0,23.207,15775000000,1316000000,778000000.0,289000000,29.464,3881000000
26,MON2,ART,2011-09-30,2011-12-01,2011-08-31,2021-03-16,-116000000,19844000000,19598250000.0,8809000000,11035000000,0.603,21.519,-540000000.0,2572000000,2572000000,5743000000.0,1659000000.0,1.863,0.704,2221000000,678000000,1543000000,2221000000,710000000,613000000.0,0,0.016,1.14,2486000000.0,3099000000.0,0.262,3099000000.0,2486000000.0,2324000000.0,3.0,2.96,3.0,11545000000,11120500000.0,11545000000,38840945974.0,16.0,12.533,2274000000.0,4.239,1.0,6079000000.0,0.514,4674000000,162000000.0,10090000000,10971000000.0,2591000000,302000000,302000000,0,8128000000,4729000000,3399000000,39191945974.0,1087000000.0,-22000000.0,-502000000.0,180000000.0,-602000000.0,-864000000.0,-975000000.0,-302000000.0,2814000000.0,35000000.0,1607000000.0,1607000000.0,1607000000.0,0.0,52000000.0,0.136,3577000000.0,2502000000.0,933000000,0.38,3.395,24.388,24.4,4394000000,0.0,73.2,3.315,3.322,3221000000,4174000000.0,11822000000.0,11822000000.0,1386000000.0,0.082,0.145,0.227,0.21,68000000.0,2190000000.0,1.0,535409098,536500000.0,542400000.0,22.035,15170000000,1319000000,717000000.0,269000000,28.276,4080000000
27,MON2,ART,2011-09-30,2011-11-14,2011-08-31,2021-03-16,-116000000,19844000000,19598250000.0,8809000000,11035000000,0.603,21.519,-540000000.0,2572000000,2572000000,5743000000.0,1659000000.0,1.863,0.704,2221000000,678000000,1543000000,2221000000,710000000,613000000.0,0,0.015,1.14,2486000000.0,3099000000.0,0.262,3099000000.0,2486000000.0,2324000000.0,3.0,2.96,3.0,11545000000,11120500000.0,11545000000,39478082800.0,16.0,12.739,2274000000.0,4.239,1.0,6079000000.0,0.514,4674000000,162000000.0,10090000000,10971000000.0,2591000000,302000000,302000000,0,8128000000,4729000000,3399000000,39829082800.0,1087000000.0,-22000000.0,-502000000.0,180000000.0,-602000000.0,-864000000.0,-975000000.0,-302000000.0,2814000000.0,35000000.0,1607000000.0,1607000000.0,1607000000.0,0.0,52000000.0,0.136,3577000000.0,2502000000.0,933000000,0.38,3.45,24.785,24.797,4394000000,0.0,74.39,3.369,3.376,3221000000,4174000000.0,11822000000.0,11822000000.0,1386000000.0,0.082,0.145,0.227,0.21,68000000.0,2190000000.0,1.0,535409098,536500000.0,542400000.0,22.035,15170000000,1319000000,717000000.0,269000000,28.276,4080000000
28,MON2,ART,2011-06-30,2011-06-30,2011-05-31,2021-03-16,-200000000,20086000000,19104000000.0,8987000000,11099000000,0.602,22.146,-521000000.0,1074000000,1074000000,5560000000.0,1602000000.0,2.417,0.676,2243000000,216000000,2027000000,2243000000,675000000,613000000.0,0,0.015,1.105,2330000000.0,2943000000.0,0.256,2943000000.0,2330000000.0,2166000000.0,2.92,2.89,2.92,11859000000,10759000000.0,11859000000,39958682195.0,17.0,13.578,2359000000.0,4.405,1.0,5942000000.0,0.517,4699000000,164000000.0,12838000000,11067750000.0,2826000000,250000000,250000000,0,8016000000,3718000000,4298000000,38789682195.0,599000000.0,-22000000.0,-520000000.0,-456000000.0,-595000000.0,-1481000000.0,-927000000.0,-275000000.0,2880000000.0,50000000.0,1560000000.0,1560000000.0,1560000000.0,5000000.0,42000000.0,0.136,3588000000.0,2354000000.0,630000000,0.378,3.271,24.865,24.842,4270000000,0.0,72.54,3.372,3.377,4793000000,4610000000.0,11502000000.0,11502000000.0,1340000000.0,0.082,0.145,0.211,0.203,86000000.0,2107000000.0,1.0,534735073,535500000.0,541200000.0,21.479,15387000000,1469000000,606000000.0,478000000,28.734,5269000000
29,MON2,ART,2011-03-31,2011-04-07,2011-02-28,2021-03-16,-441000000,19649000000,18667000000.0,8692000000,10957000000,0.583,20.513,-630000000.0,1837000000,1837000000,5500000000.0,1299000000.0,1.923,0.774,2138000000,409000000,1729000000,2138000000,1294000000,618000000.0,0,0.016,1.105,1902000000.0,2520000000.0,0.232,2520000000.0,1902000000.0,1738000000.0,2.36,2.33,2.36,11001000000,10437750000.0,11001000000,36731478084.0,19.0,14.576,1953000000.0,3.642,1.0,5374000000.0,0.494,4673000000,164000000.0,10756000000,10961500000.0,3090000000,180000000,180000000,0,8515000000,4521000000,3994000000,36430478084.0,230000000.0,-56000000.0,-789000000.0,-96000000.0,-589000000.0,-1447000000.0,-1013000000.0,-211000000.0,2583000000.0,30000000.0,1264000000.0,1264000000.0,1264000000.0,5000000.0,35000000.0,0.116,3464000000.0,1910000000.0,637000000,0.468,3.312,28.822,28.801,4222000000,0.0,67.97,3.35,3.352,3456000000,3929000000.0,10874000000.0,10874000000.0,1282000000.0,0.068,0.121,0.174,0.175,74000000.0,2008000000.0,1.0,535978786,536300000.0,542400000.0,20.276,14976000000,1489000000,474000000.0,427000000,27.925,4171000000
30,MON2,ART,2010-12-31,2011-01-07,2010-11-30,2021-03-16,-707000000,18814000000,18316250000.0,8056000000,10758000000,0.581,18.71,-688000000.0,1732000000,1732000000,5470000000.0,1159000000.0,1.777,0.853,2122000000,394000000,1728000000,2122000000,1739000000,613000000.0,0,0.015,1.09,1706000000.0,2319000000.0,0.218,2319000000.0,1706000000.0,1540000000.0,2.09,2.05,2.09,10077000000,10362750000.0,10077000000,38919733418.0,23.0,16.783,2748000000.0,5.102,1.0,5165000000.0,0.486,4470000000,166000000.0,10200000000,10837750000.0,3331000000,0,0,0,8591000000,4534000000,4057000000,38529733418.0,1261000000.0,40000000.0,-735000000.0,-206000000.0,-583000000.0,-1491000000.0,-761000000.0,-37000000.0,3436000000.0,0.0,1134000000.0,1134000000.0,1134000000.0,5000000.0,25000000.0,0.107,3462000000.0,1703000000.0,690000000,0.522,3.824,33.977,34.349,4222000000,0.0,71.79,3.623,3.636,2916000000,3214000000.0,10635000000.0,10635000000.0,1241000000.0,0.062,0.109,0.157,0.16,66000000.0,2018000000.0,1.0,536700563,538600000.0,544500000.0,19.746,14344000000,1500000000,406000000.0,208000000,26.632,3522000000
31,MON2,ART,2010-09-30,2010-10-27,2010-08-31,2021-03-16,-897000000,17867000000,18014250000.0,7122000000,10745000000,0.583,18.575,-755000000.0,1485000000,1485000000,5416000000.0,1128000000.0,2.011,0.765,2103000000,241000000,1862000000,2103000000,614000000,602000000.0,0,0.018,1.075,1641000000.0,2243000000.0,0.214,2243000000.0,1641000000.0,1479000000.0,2.04,2.01,2.04,10099000000,10415000000.0,10099000000,32935645655.0,20.0,14.684,643000000.0,1.183,1.0,5086000000.0,0.484,4467000000,162000000.0,10477000000,11073750000.0,2739000000,0,0,0,7724000000,3541000000,4183000000,32317645655.0,-471000000.0,-57000000.0,-532000000.0,18000000.0,-577000000.0,-1038000000.0,-834000000.0,-39000000.0,1398000000.0,3000000.0,1109000000.0,1109000000.0,1109000000.0,0.0,19000000.0,0.106,3479000000.0,1607000000.0,835000000,0.527,3.2,29.141,29.534,4227000000,0.0,60.25,3.077,3.119,2820000000,3208000000.0,10502000000.0,10502000000.0,1205000000.0,0.062,0.106,0.148,0.156,59000000.0,2064000000.0,1.0,536392459,543700000.0,550800000.0,19.316,13400000000,1525000000,370000000.0,203000000,24.646,3581000000
32,MON2,ART,2010-06-30,2010-07-02,2010-05-31,2021-03-16,-851000000,18338000000,18016750000.0,7900000000,10438000000,0.579,19.466,-815000000.0,475000000,475000000,5346000000.0,1034000000.0,2.132,0.73,2701000000,839000000,1862000000,2701000000,623000000,590000000.0,0,0.017,0.795,1571000000.0,2161000000.0,0.207,2161000000.0,1571000000.0,1408000000.0,1.89,1.86,1.89,10574000000,10404250000.0,10574000000,27378556729.0,17.0,12.669,447000000.0,0.823,1.0,5082000000.0,0.487,4446000000,163000000.0,12413000000,10799250000.0,2847000000,0,0,0,7721000000,3705000000,4016000000,25152556729.0,-104000000.0,-106000000.0,-586000000.0,486000000.0,-578000000.0,-620000000.0,-749000000.0,1000000.0,1262000000.0,3000000.0,1019000000.0,1019000000.0,1019000000.0,0.0,15000000.0,0.098,3535000000.0,1547000000.0,573000000,0.421,2.379,24.684,24.624,4103000000,0.0,46.54,2.412,2.424,4416000000,3644000000.0,10428000000.0,10428000000.0,1134000000.0,0.057,0.098,0.145,0.151,51000000.0,1961000000.0,1.0,540450295,543200000.0,,19.197,13892000000,1410000000,389000000.0,281000000,25.574,4195000000
33,MON2,ART,2010-03-31,2010-04-08,2010-02-28,2021-03-16,-674000000,18246000000,17924750000.0,8245000000,10001000000,0.593,19.606,-797000000.0,1607000000,1607000000,5098000000.0,1331000000.0,2.241,0.701,1840000000,114000000,1726000000,1840000000,1045000000,572000000.0,0,0.015,1.06,2048000000.0,2620000000.0,0.247,2620000000.0,2048000000.0,1888000000.0,2.45,2.41,2.45,10701000000,10452500000.0,10701000000,37800102396.0,18.0,14.428,200000000.0,0.366,1.0,5529000000.0,0.52,4539000000,160000000.0,10261000000,10485000000.0,3199000000,0,0,0,7505000000,3679000000,3826000000,37567102396.0,-397000000.0,-79000000.0,-248000000.0,22000000.0,-578000000.0,-728000000.0,-709000000.0,22000000.0,997000000.0,43000000.0,1329000000.0,1329000000.0,1329000000.0,0.0,2000000.0,0.125,3506000000.0,2023000000.0,673000000,0.433,3.511,28.267,28.106,3687000000,0.0,68.86,3.535,3.537,3195000000,3260000000.0,10627000000.0,10627000000.0,1127000000.0,0.074,0.127,0.195,0.193,59000000.0,1973000000.0,1.0,545557688,545800000.0,,19.471,13707000000,1370000000,559000000.0,406000000,25.114,4566000000
34,MON2,ART,2009-12-31,2010-01-08,2009-11-30,2021-03-16,-485000000,17606000000,17861500000.0,7431000000,10175000000,0.603,18.853,-844000000.0,471000000,471000000,4821000000.0,1534000000.0,2.216,0.706,2005000000,281000000,1724000000,2005000000,834000000,557000000.0,0,0.012,1.06,2318000000.0,2875000000.0,0.267,2875000000.0,2318000000.0,2173000000.0,2.82,2.78,2.82,10286000000,10178250000.0,10286000000,48816628878.0,21.0,16.98,-136000000.0,-0.249,1.0,5951000000.0,0.552,4642000000,145000000.0,11144000000,10096250000.0,3560000000,0,0,0,7263000000,3354000000,3909000000,47282628878.0,-871000000.0,-347000000.0,-387000000.0,174000000.0,-565000000.0,-694000000.0,-930000000.0,130000000.0,708000000.0,45000000.0,1534000000.0,1534000000.0,1534000000.0,-1000000.0,0.0,0.142,3634000000.0,2317000000.0,765000000,0.376,4.597,30.823,30.727,3720000000,0.0,86.65,4.389,4.389,3216000000,2663000000.0,10772000000.0,10772000000.0,1113000000.0,0.086,0.151,0.23,0.215,71000000.0,1983000000.0,1.0,545673732,545600000.0,,19.743,12964000000,1378000000,639000000.0,211000000,23.761,4077000000
35,MON2,ART,2009-09-30,2009-10-27,2009-08-31,2021-03-16,-744000000,17877000000,17687250000.0,7883000000,9994000000,0.663,18.45,-916000000.0,1956000000,1956000000,4962000000.0,2109000000.0,2.099,0.778,1803000000,79000000,1724000000,1803000000,707000000,548000000.0,0,0.015,1.035,3083000000.0,3631000000.0,0.31,3631000000.0,3083000000.0,2954000000.0,3.86,3.8,3.86,10056000000,9877250000.0,10056000000,38693071418.0,13.0,10.656,1320000000.0,2.422,1.0,6762000000.0,0.577,4589000000,129000000.0,9379000000,9572000000.0,2934000000,0,0,0,7821000000,3756000000,4065000000,38846071418.0,343000000.0,-29000000.0,-398000000.0,-183000000.0,-552000000.0,-1065000000.0,-723000000.0,125000000.0,2236000000.0,-105000000.0,2109000000.0,2109000000.0,2109000000.0,-11000000.0,0.0,0.18,3659000000.0,3103000000.0,983000000,0.268,3.863,18.419,18.464,3609000000,0.0,71.27,3.313,3.313,2767000000,2682000000.0,11724000000.0,11724000000.0,1098000000.0,0.119,0.214,0.322,0.263,81000000.0,2037000000.0,1.0,545055022,545055022.0,,21.51,13288000000,1405000000,845000000.0,232000000,24.379,4127000000
36,MON2,ART,2009-06-30,2009-06-26,2009-05-31,2021-03-16,-586000000,17970000000,17715750000.0,7999000000,9971000000,0.663,19.731,-1049000000.0,579000000,579000000,4915000000.0,2170000000.0,2.294,0.669,1825000000,120000000,1705000000,1825000000,724000000,554000000.0,0,0.013,0.985,3138000000.0,3692000000.0,0.314,3692000000.0,3138000000.0,3046000000.0,3.96,3.91,3.96,10767000000,9706750000.0,10767000000,42326052204.0,13.0,11.464,861000000.0,1.578,1.0,6829000000.0,0.581,4573000000,92000000.0,11156000000,9500250000.0,3169000000,0,0,0,7203000000,3487000000,3716000000,41080052204.0,-1135000000.0,-874000000.0,-526000000.0,-3000000.0,-539000000.0,-963000000.0,-1965000000.0,-22000000.0,1910000000.0,-117000000.0,2170000000.0,2170000000.0,2170000000.0,-28000000.0,0.0,0.185,3714000000.0,3115000000.0,711000000,0.249,3.815,18.931,19.003,3435000000,0.0,75.25,3.498,3.497,4267000000,3204000000.0,11744000000.0,11744000000.0,1120000000.0,0.122,0.224,0.33,0.267,51000000.0,2271000000.0,1.0,545914315,545700000.0,,21.521,13397000000,1297000000,876000000.0,613000000,24.55,4512000000
37,MON2,ART,2009-03-31,2009-04-03,2009-02-28,2021-03-16,-1036000000,17993000000,17546250000.0,8470000000,9523000000,0.694,17.57,-1065000000.0,2004000000,2004000000,5207000000.0,2287000000.0,1.821,0.873,1814000000,110000000,1704000000,1814000000,1540000000,562000000.0,0,0.012,0.985,3231000000.0,3793000000.0,0.312,3793000000.0,3231000000.0,3140000000.0,4.17,4.11,4.17,9604000000,9567750000.0,9604000000,44157532536.0,14.0,11.642,1352000000.0,2.473,1.0,6964000000.0,0.572,4446000000,91000000.0,8706000000,9176000000.0,3112000000,0,0,0,8389000000,4651000000,3738000000,44347532536.0,-281000000.0,-877000000.0,-514000000.0,310000000.0,-491000000.0,-556000000.0,-1982000000.0,-37000000.0,2417000000.0,-160000000.0,2287000000.0,2287000000.0,2287000000.0,-28000000.0,0.0,0.188,3790000000.0,3174000000.0,761000000,0.236,4.618,19.391,19.487,3202000000,0.0,81.26,3.644,3.649,3331000000,2510000000.0,12171000000.0,12171000000.0,1076000000.0,0.13,0.239,0.352,0.265,12000000.0,2389000000.0,1.0,545748616,546600000.0,,22.267,13547000000,1229000000,853000000.0,679000000,24.784,3819000000
38,MON2,ART,2008-12-31,2009-01-08,2008-11-30,2021-03-16,-891000000,16909000000,17196250000.0,7489000000,9420000000,0.693,16.567,-1028000000.0,1342000000,1342000000,5243000000.0,2324000000.0,1.911,0.862,1825000000,70000000,1755000000,1825000000,1149000000,565000000.0,0,0.011,0.895,3389000000.0,3954000000.0,0.332,3954000000.0,3389000000.0,3292000000.0,4.23,4.16,4.23,9082000000,9491500000.0,9082000000,45932358965.0,14.0,11.617,889000000.0,1.622,1.0,6672000000.0,0.56,4427000000,97000000.0,9047000000,8871000000.0,3012000000,0,0,0,7827000000,3918000000,3909000000,45449358965.0,-275000000.0,-617000000.0,-387000000.0,284000000.0,-455000000.0,-313000000.0,-1761000000.0,-132000000.0,1917000000.0,-118000000.0,2324000000.0,2324000000.0,2324000000.0,-27000000.0,0.0,0.195,3596000000.0,3076000000.0,804000000,0.212,5.004,19.557,19.631,3153000000,0.0,83.04,3.814,3.821,3055000000,1694000000.0,11915000000.0,11915000000.0,1032000000.0,0.135,0.245,0.382,0.284,-61000000.0,2401000000.0,1.0,547318870,548200000.0,,21.735,12482000000,1148000000,968000000.0,288000000,22.769,3571000000
39,MON2,ART,2008-09-30,2008-10-24,2008-08-31,2021-03-16,-78000000,17991000000,16797250000.0,7609000000,10382000000,0.677,17.108,-918000000.0,1613000000,1613000000,5188000000.0,2024000000.0,1.714,0.919,1816000000,24000000,1792000000,1816000000,1433000000,573000000.0,0,0.012,0.83,3033000000.0,3606000000.0,0.317,3606000000.0,3033000000.0,2923000000.0,3.69,3.62,3.69,9374000000,9235750000.0,9374000000,39627402221.0,13.0,10.989,1881000000.0,3.433,1.0,6177000000.0,0.544,4663000000,110000000.0,9092000000,8319500000.0,2453000000,0,0,0,8617000000,4439000000,4178000000,39424402221.0,747000000.0,-1007000000.0,-361000000.0,369000000.0,-419000000.0,-102000000.0,-2027000000.0,-151000000.0,2799000000.0,77000000.0,2024000000.0,2024000000.0,2024000000.0,-17000000.0,0.0,0.178,3456000000.0,2721000000.0,1090000000,0.225,4.206,19.478,19.499,3323000000,0.0,71.95,3.469,3.469,3445000000,1138000000.0,11365000000.0,11365000000.0,980000000.0,0.12,0.219,0.365,0.267,-108000000.0,2312000000.0,1.0,547941657,547941657.0,,20.741,13328000000,1338000000,899000000.0,365000000,24.324,3170000000
40,MON2,ART,2008-06-30,2008-06-27,2008-05-31,2021-03-16,174000000,17292000000,15545250000.0,8127000000,9165000000,0.71,18.599,-742000000.0,1714000000,1714000000,5133000000.0,1986000000.0,2.472,0.693,1713000000,10000000,1703000000,1713000000,957000000,564000000.0,0,0.005,0.65,2956000000.0,3520000000.0,0.319,3520000000.0,2956000000.0,2814000000.0,3.63,3.55,3.63,10211000000,8768000000.0,10211000000,70586242049.0,24.0,20.053,2348000000.0,4.277,1.0,5906000000.0,0.535,4144000000,142000000.0,9859000000,7652000000.0,2206000000,0,0,0,7081000000,3288000000,3793000000,70587242049.0,720000000.0,-1350000000.0,-241000000.0,6000000.0,-355000000.0,-286000000.0,-2151000000.0,-78000000.0,3090000000.0,67000000.0,1986000000.0,1986000000.0,1986000000.0,-74000000.0,0.0,0.18,3300000000.0,2606000000.0,788000000,0.179,6.913,35.542,35.355,2962000000,0.0,128.34,6.394,6.383,4379000000,1574000000.0,11039000000.0,11039000000.0,898000000.0,0.128,0.227,0.386,0.268,-112000000.0,2213000000.0,1.0,550001886,549000000.0,,20.107,13148000000,1156000000,828000000.0,134000000,23.949,4839000000
41,MON2,ART,2008-03-31,2008-04-04,2008-02-29,2021-03-16,131000000,16593000000,14590250000.0,7676000000,8917000000,0.705,16.975,-641000000.0,2285000000,2285000000,4853000000.0,1745000000.0,1.878,0.784,1415000000,260000000,1155000000,1415000000,1474000000,551000000.0,0,0.005,0.65,2659000000.0,3210000000.0,0.312,3210000000.0,2659000000.0,2519000000.0,3.2,3.13,3.2,9299000000,8197750000.0,9299000000,64598111159.0,24.0,20.124,2570000000.0,4.691,1.0,5440000000.0,0.529,4150000000,140000000.0,7486000000,7283000000.0,2248000000,0,0,0,7294000000,4087000000,3207000000,65468111159.0,720000000.0,-1403000000.0,-247000000.0,-226000000.0,-328000000.0,-525000000.0,-2085000000.0,-78000000.0,3211000000.0,119000000.0,1745000000.0,1745000000.0,1745000000.0,-79000000.0,0.0,0.17,3109000000.0,2331000000.0,709000000,0.203,7.04,37.518,37.281,2813000000,0.0,119.3,6.36,6.349,3291000000,763000000.0,10293000000.0,10293000000.0,837000000.0,0.12,0.213,0.365,0.258,-88000000.0,2078000000.0,1.0,548768744,547800000.0,,18.79,12443000000,1130000000,774000000.0,234000000,22.714,3589000000
42,MON2,ART,2007-12-31,2008-01-08,2007-11-30,2021-03-16,-97000000,15313000000,13575250000.0,6562000000,8751000000,0.673,14.755,-571000000.0,1617000000,1617000000,4469000000.0,1159000000.0,1.59,0.9,1414000000,261000000,1153000000,1414000000,1751000000,542000000.0,0,0.005,0.6,1795000000.0,2337000000.0,0.256,2337000000.0,1795000000.0,1653000000.0,2.14,2.09,2.14,8059000000,7665250000.0,8059000000,65567171589.0,37.0,28.056,1679000000.0,3.074,1.0,4661000000.0,0.511,4142000000,142000000.0,6841000000,7233250000.0,2241000000,0,0,0,7254000000,4127000000,3127000000,65770171589.0,-225000000.0,-1454000000.0,-190000000.0,-183000000.0,-300000000.0,-474000000.0,-2100000000.0,-85000000.0,2250000000.0,99000000.0,1159000000.0,1159000000.0,1159000000.0,-79000000.0,0.0,0.127,2977000000.0,1684000000.0,673000000,0.28,8.161,56.747,56.084,2726000000,0.0,120.02,7.204,7.18,2730000000,-174000000.0,9130000000.0,9130000000.0,806000000.0,0.085,0.151,0.248,0.197,-42000000.0,1977000000.0,1.0,547993431,546200000.0,,16.715,11171000000,1227000000,494000000.0,80000000,20.452,2435000000
43,MON2,ART,2007-09-30,2007-10-26,2007-08-31,2021-03-16,-377000000,12983000000,12782000000.0,5084000000,7899000000,0.67,13.734,-509000000.0,866000000,866000000,4277000000.0,993000000.0,1.653,0.73,1420000000,270000000,1150000000,1420000000,260000000,527000000.0,0,0.006,0.55,1534000000.0,2061000000.0,0.241,2061000000.0,1534000000.0,1395000000.0,1.83,1.79,1.83,7503000000,7315750000.0,7503000000,52060968142.0,34.0,25.26,1345000000.0,2.462,1.0,4286000000.0,0.501,4040000000,139000000.0,6422000000,7152250000.0,1719000000,0,0,0,5480000000,3075000000,2405000000,51506968142.0,-594000000.0,-1362000000.0,-197000000.0,-278000000.0,-258000000.0,-583000000.0,-1911000000.0,-37000000.0,1854000000.0,46000000.0,993000000.0,993000000.0,993000000.0,-71000000.0,0.0,0.116,2868000000.0,1418000000.0,649000000,0.301,6.865,51.87,51.519,2656000000,0.0,94.28,6.015,6.015,1906000000,-405000000.0,8563000000.0,8563000000.0,780000000.0,0.078,0.136,0.214,0.179,-10000000.0,1895000000.0,1.0,546319136,546319136.0,,15.674,8943000000,1179000000,402000000.0,150000000,16.37,2009000000
44,MON2,ART,2007-06-30,2007-06-29,2007-05-31,2021-03-16,-348000000,13472000000,12468250000.0,7009000000,6463000000,0.673,14.566,-433000000.0,994000000,994000000,4275000000.0,1059000000.0,2.246,0.699,1711000000,561000000,1150000000,1711000000,90000000,519000000.0,0,0.007,0.45,1633000000.0,2152000000.0,0.257,2152000000.0,1633000000.0,1503000000.0,1.955,1.91,1.955,7930000000,7071250000.0,7930000000,37557437088.0,23.0,17.452,1146000000.0,2.105,1.0,4113000000.0,0.49,2685000000,130000000.0,8383000000,7273000000.0,1664000000,0,0,0,5542000000,3121000000,2421000000,36840437088.0,399000000.0,-198000000.0,-128000000.0,-371000000.0,-244000000.0,-615000000.0,-627000000.0,22000000.0,1579000000.0,62000000.0,1059000000.0,1059000000.0,1059000000.0,-2000000.0,0.0,0.126,2541000000.0,1572000000.0,493000000,0.23,4.646,34.788,34.547,2467000000,0.0,67.54,4.392,4.383,3836000000,-32000000.0,8388000000.0,8388000000.0,755000000.0,0.085,0.15,0.225,0.195,4000000.0,1732000000.0,1.0,545461017,544400000.0,,15.408,10787000000,1082000000,444000000.0,364000000,19.814,3888000000
45,MON2,ART,2007-03-31,2007-04-06,2007-02-28,2021-03-16,-523000000,12533000000,12127500000.0,6296000000,6237000000,0.651,13.188,-395000000.0,1565000000,1565000000,4090000000.0,823000000.0,2.46,0.748,1636000000,55000000,1581000000,1636000000,418000000,517000000.0,0,0.008,0.45,1354000000.0,1871000000.0,0.237,1871000000.0,1354000000.0,1218000000.0,1.52,1.485,1.52,7169000000,6732750000.0,7169000000,31392936023.0,23.0,16.779,1468000000.0,2.701,1.0,3804000000.0,0.482,2758000000,136000000.0,7287000000,7201000000.0,1888000000,0,0,0,5364000000,2559000000,2805000000,31321936023.0,984000000.0,-141000000.0,-185000000.0,-274000000.0,-229000000.0,-508000000.0,-389000000.0,172000000.0,1863000000.0,18000000.0,823000000.0,823000000.0,823000000.0,3000000.0,0.0,0.104,2476000000.0,1328000000.0,547000000,0.296,4.369,38.058,37.862,2410000000,0.0,57.55,3.968,3.963,2398000000,-602000000.0,7894000000.0,7894000000.0,756000000.0,0.068,0.122,0.188,0.172,-31000000.0,1675000000.0,1.0,544256056,543600000.0,,14.522,9775000000,1002000000,395000000.0,370000000,17.982,3737000000
46,MON2,ART,2006-12-31,2007-01-09,2006-11-30,2021-03-16,-571000000,12140000000,11895000000.0,5953000000,6187000000,0.629,12.265,-406000000.0,1842000000,1842000000,3884000000.0,720000000.0,2.22,0.823,1622000000,42000000,1580000000,1622000000,709000000,514000000.0,0,0.008,0.425,1170000000.0,1684000000.0,0.225,1684000000.0,1170000000.0,1035000000.0,1.335,1.305,1.335,6661000000,6495250000.0,6661000000,27064030667.0,23.0,16.071,1095000000.0,2.016,1.0,3594000000.0,0.481,2722000000,135000000.0,6517000000,7276250000.0,1954000000,0,0,0,5479000000,2681000000,2798000000,27284030667.0,836000000.0,-205000000.0,-170000000.0,73000000.0,-215000000.0,-116000000.0,-557000000.0,169000000.0,1501000000.0,8000000.0,720000000.0,720000000.0,720000000.0,3000000.0,0.0,0.096,2419000000.0,1175000000.0,477000000,0.318,4.096,37.894,37.603,2397000000,0.0,50.2,3.649,3.646,1689000000,-1009000000.0,7478000000.0,7478000000.0,739000000.0,0.061,0.111,0.161,0.156,-32000000.0,1635000000.0,1.0,543506587,543100000.0,,13.769,9418000000,1001000000,315000000.0,188000000,17.341,3272000000
47,MON2,ART,2006-09-30,2006-11-02,2006-08-31,2021-03-16,-623000000,11728000000,11694000000.0,5461000000,6267000000,0.628,12.01,-370000000.0,1460000000,1460000000,3796000000.0,689000000.0,2.396,0.797,1667000000,28000000,1639000000,1667000000,0,519000000.0,0,0.009,0.4,1163000000.0,1682000000.0,0.229,1682000000.0,1163000000.0,1029000000.0,1.28,1.25,1.28,6525000000,6268500000.0,6525000000,24204587104.0,21.0,14.39,1304000000.0,2.4,1.0,3548000000.0,0.483,2751000000,134000000.0,6905000000,7281000000.0,1688000000,22000000,22000000,0,5203000000,2279000000,2924000000,23997587104.0,935000000.0,-258000000.0,-114000000.0,-1000000.0,-207000000.0,-117000000.0,-625000000.0,129000000.0,1674000000.0,3000000.0,689000000.0,689000000.0,689000000.0,3000000.0,0.0,0.094,2371000000.0,1177000000.0,514000000,0.312,3.678,34.83,34.508,2418000000,0.0,44.17,3.268,3.268,1799000000,-1099000000.0,7344000000.0,7344000000.0,725000000.0,0.059,0.11,0.16,0.158,-35000000.0,1601000000.0,1.0,543300591,543300591.0,,13.517,8977000000,1015000000,340000000.0,234000000,16.523,3182000000
48,MON2,ART,2006-06-30,2006-06-30,2006-05-31,2021-03-16,-811000000,12109000000,11406750000.0,5991000000,6118000000,0.633,12.142,-371000000.0,595000000,595000000,3666000000.0,708000000.0,2.175,0.841,2042000000,666000000,1376000000,2042000000,50000000,526000000.0,0,0.009,0.37,1183000000.0,1709000000.0,0.237,1709000000.0,1183000000.0,1046000000.0,1.305,1.285,1.305,6576000000,6040500000.0,6576000000,24296287149.0,21.0,14.217,1017000000.0,1.878,1.0,3554000000.0,0.492,2706000000,137000000.0,8095000000,7363250000.0,1700000000,22000000,22000000,0,5533000000,2755000000,2778000000,22849287149.0,128000000.0,-220000000.0,-172000000.0,-385000000.0,-199000000.0,-556000000.0,-704000000.0,-21000000.0,1388000000.0,0.0,708000000.0,708000000.0,708000000.0,-4000000.0,0.0,0.098,2343000000.0,1211000000.0,454000000,0.284,3.475,32.273,32.257,2331000000,0.0,42.095,3.165,3.158,3249000000,-847000000.0,7220000000.0,7220000000.0,719000000.0,0.062,0.117,0.161,0.164,-7000000.0,1596000000.0,1.0,542802878,541600000.0,,13.331,9403000000,921000000,338000000.0,284000000,17.362,3236000000
49,MON2,ART,2006-03-31,2006-04-06,2006-02-28,2021-03-16,-787000000,11603000000,11298750000.0,5464000000,6139000000,0.612,11.534,-355000000.0,581000000,581000000,3547000000.0,421000000.0,2.061,0.866,1944000000,566000000,1378000000,1944000000,357000000,526000000.0,0,0.009,0.37,836000000.0,1362000000.0,0.197,1362000000.0,836000000.0,705000000.0,0.78,0.765,0.78,6219000000,5857750000.0,6219000000,24632309734.0,29.0,18.085,1260000000.0,2.337,1.0,3367000000.0,0.487,2727000000,131000000.0,7588000000,7267000000.0,1856000000,171000000,171000000,0,5384000000,2651000000,2733000000,23269309734.0,-515000000.0,-1547000000.0,-160000000.0,233000000.0,-190000000.0,50000000.0,-2180000000.0,-171000000.0,1615000000.0,0.0,421000000.0,421000000.0,421000000.0,-10000000.0,0.0,0.061,2500000000.0,867000000.0,379000000,0.474,3.742,55.272,55.128,2353000000,0.0,43.0,3.366,3.353,2401000000,-1181000000.0,6914000000.0,6914000000.0,683000000.0,0.037,0.072,0.115,0.121,91000000.0,1518000000.0,1.0,541146738,539200000.0,,12.823,8876000000,931000000,284000000.0,163000000,16.461,2813000000
50,MON2,ART,2005-12-31,2006-01-09,2005-11-30,2021-03-16,-860000000,11336000000,10858750000.0,5440000000,5896000000,0.61,10.719,-298000000.0,1006000000,1006000000,3480000000.0,354000000.0,1.925,0.97,1600000000,155000000,1445000000,1600000000,703000000,512000000.0,0,0.009,0.355,719000000.0,1231000000.0,0.186,1231000000.0,719000000.0,597000000.0,0.665,0.65,0.665,5754000000,5760500000.0,5754000000,22545455292.0,31.0,18.315,1443000000.0,2.688,1.0,3143000000.0,0.475,2568000000,122000000.0,6536000000,7065750000.0,1890000000,168000000,168000000,0,5582000000,2826000000,2756000000,21951455292.0,-547000000.0,-1436000000.0,-199000000.0,-254000000.0,-182000000.0,-485000000.0,-1803000000.0,-69000000.0,1741000000.0,0.0,354000000.0,354000000.0,354000000.0,-12000000.0,0.0,0.053,2382000000.0,761000000.0,370000000,0.534,3.815,62.01,61.271,2355000000,0.0,40.745,3.314,3.302,1751000000,-1513000000.0,6623000000.0,6623000000.0,637000000.0,0.033,0.061,0.102,0.109,97000000.0,1428000000.0,1.0,538752124,536800000.0,,12.338,8768000000,1046000000,243000000.0,171000000,16.334,2614000000
51,MON2,ART,2005-09-30,2005-11-08,2005-08-31,2021-03-16,-889000000,10579000000,10524500000.0,4644000000,5935000000,0.598,10.453,-281000000.0,525000000,525000000,3290000000.0,255000000.0,2.151,0.885,1740000000,282000000,1458000000,1740000000,0,488000000.0,0,0.011,0.34,474000000.0,962000000.0,0.153,962000000.0,474000000.0,359000000.0,0.48,0.47,0.48,5613000000,5668500000.0,5613000000,18161714814.0,38.0,18.879,1456000000.0,2.712,1.0,3004000000.0,0.477,2401000000,115000000.0,7234000000,6934750000.0,1664000000,150000000,150000000,0,4966000000,2159000000,2807000000,16946714814.0,-512000000.0,-1541000000.0,-234000000.0,-332000000.0,-174000000.0,-582000000.0,-1667000000.0,150000000.0,1737000000.0,0.0,255000000.0,255000000.0,255000000.0,-98000000.0,0.0,0.041,2262000000.0,742000000.0,369000000,0.708,3.019,66.458,65.75,2378000000,0.0,31.56,2.693,2.693,1843000000,-1572000000.0,6294000000.0,6294000000.0,588000000.0,0.024,0.045,0.068,0.075,94000000.0,1334000000.0,1.0,536968150,536968150.0,,11.721,8178000000,1054000000,104000000.0,208000000,15.23,2485000000
52,MON2,ART,2005-06-30,2005-07-11,2005-05-31,2021-03-16,-898000000,11677000000,10170750000.0,5862000000,5815000000,0.62,10.905,-206000000.0,467000000,467000000,3272000000.0,338000000.0,1.654,0.998,2474000000,1412000000,1062000000,2474000000,40000000,460000000.0,0,0.01,0.328,591000000.0,1051000000.0,0.167,1051000000.0,591000000.0,490000000.0,0.635,0.615,0.635,5845000000,5579750000.0,5845000000,19033151455.0,32.0,18.11,1476000000.0,2.754,1.0,3035000000.0,0.481,2430000000,101000000.0,7710000000,6768000000.0,1683000000,0,0,0,5832000000,3544000000,2288000000,17026151455.0,140000000.0,-1506000000.0,-282000000.0,432000000.0,-167000000.0,151000000.0,-1693000000.0,0.0,1682000000.0,0.0,338000000.0,338000000.0,338000000.0,-89000000.0,0.0,0.054,2150000000.0,885000000.0,392000000,0.517,2.913,50.373,49.906,2367000000,0.0,31.69,2.7,2.693,3188000000,-1356000000.0,6307000000.0,6307000000.0,555000000.0,0.033,0.061,0.087,0.094,104000000.0,1217000000.0,1.0,537272056,536000000.0,,11.767,9247000000,903000000,152000000.0,343000000,17.252,2318000000
53,MON2,ART,2005-03-31,2005-04-11,2005-02-28,2021-03-16,-902000000,9843000000,9575750000.0,5276000000,4567000000,0.621,10.938,-200000000.0,1096000000,1096000000,3077000000.0,543000000.0,2.915,0.688,1161000000,99000000,1062000000,1161000000,237000000,445000000.0,0,0.01,0.315,737000000.0,1182000000.0,0.199,1182000000.0,737000000.0,641000000.0,1.02,0.995,1.02,5830000000,5475000000.0,5830000000,16844860919.0,23.0,14.251,1297000000.0,2.433,1.0,2867000000.0,0.482,1315000000,96000000.0,6783000000,6696500000.0,1379000000,0,0,0,4013000000,1810000000,2203000000,16779860919.0,798000000.0,-173000000.0,-234000000.0,-400000000.0,-157000000.0,-630000000.0,-69000000.0,250000000.0,1497000000.0,0.0,543000000.0,543000000.0,543000000.0,-106000000.0,0.0,0.091,1837000000.0,1030000000.0,360000000,0.309,2.878,30.902,30.672,2057000000,0.0,31.285,2.823,2.805,2281000000,-1357000000.0,5944000000.0,5944000000.0,528000000.0,0.057,0.099,0.11,0.124,37000000.0,1156000000.0,1.0,536354832,533000000.0,,11.152,8528000000,1068000000,98000000.0,172000000,16.0,3466000000
54,MON2,ART,2004-12-31,2005-01-10,2004-11-30,2021-03-16,-986000000,9999000000,9355750000.0,5373000000,4626000000,0.591,10.178,-205000000.0,1553000000,1553000000,2928000000.0,324000000.0,2.235,0.856,1309000000,239000000,1070000000,1309000000,549000000,447000000.0,0,0.011,0.295,452000000.0,899000000.0,0.163,899000000.0,452000000.0,357000000.0,0.61,0.595,0.61,5386000000,5342500000.0,5386000000,14259930999.0,32.0,15.862,1164000000.0,2.2,1.0,2599000000.0,0.47,1339000000,95000000.0,6012000000,6861250000.0,1452000000,100000000,100000000,0,4613000000,2404000000,2209000000,14503930999.0,517000000.0,-158000000.0,-246000000.0,-230000000.0,-145000000.0,-416000000.0,-436000000.0,-99000000.0,1369000000.0,0.0,324000000.0,324000000.0,324000000.0,-102000000.0,0.0,0.059,1840000000.0,759000000.0,373000000,0.484,2.693,44.765,44.648,2084000000,0.0,27.235,2.624,2.608,1718000000,-1685000000.0,5527000000.0,5527000000.0,527000000.0,0.035,0.061,0.066,0.082,37000000.0,1128000000.0,1.0,532547494,529200000.0,,10.444,8660000000,460000000,33000000.0,0,16.364,2969000000
55,MON2,ART,2004-09-30,2004-11-03,2004-08-31,2021-03-16,-1132000000,9164000000,9151750000.0,4931000000,4233000000,0.596,9.943,-210000000.0,1037000000,1037000000,2890000000.0,267000000.0,2.603,0.743,1508000000,433000000,1075000000,1508000000,16000000,452000000.0,0,0.013,0.275,489000000.0,941000000.0,0.172,941000000.0,489000000.0,398000000.0,0.505,0.495,0.505,5258000000,5264250000.0,5258000000,11612556375.0,24.0,12.341,1051000000.0,1.988,1.0,2567000000.0,0.47,1174000000,91000000.0,6567000000,7013000000.0,1154000000,300000000,300000000,0,3906000000,1894000000,2012000000,11141556375.0,756000000.0,0.0,-266000000.0,-24000000.0,-141000000.0,-243000000.0,-262000000.0,-70000000.0,1261000000.0,0.0,267000000.0,267000000.0,267000000.0,4000000.0,0.0,0.049,1946000000.0,621000000.0,326000000,0.545,2.119,41.729,41.723,2087000000,0.0,21.07,2.042,2.042,1979000000,-1645000000.0,5457000000.0,5457000000.0,511000000.0,0.029,0.051,0.07,0.09,37000000.0,1145000000.0,1.0,528787678,528787678.0,,10.32,7990000000,397000000,131000000.0,0,15.11,3037000000
56,MON2,ART,2004-06-30,2004-07-14,2004-05-31,2021-03-16,-1127000000,9297000000,9226000000.0,5000000000,4297000000,,10.207,,327000000,327000000,,,2.746,0.713,1473000000,401000000,1072000000,1473000000,0,,0,0.015,0.268,,,,,,,,,,5426000000,5238750000.0,5426000000,10831068528.0,,,,,1.0,,,1198000000,,7424000000,7227250000.0,1196000000,0,0,0,3871000000,1821000000,2050000000,9685068528.0,,,,,,,,,,,,,,,,,,,333000000,,1.785,,,2130000000,,18.135,,,3128000000,-1565000000.0,,,,,,,,,,1.0,534053958,531600000.0,,,8099000000,239000000,,0,15.235,3179000000
57,MON2,ART,2004-03-31,2004-04-14,2004-02-29,2021-03-16,-1048000000,8963000000,,4716000000,4247000000,,10.026,-202000000.0,298000000,298000000,3100000000.0,34000000.0,3.08,0.691,1539000000,365000000,1174000000,1539000000,0,530000000.0,0,0.014,0.26,191000000.0,721000000.0,0.122,721000000.0,191000000.0,90000000.0,0.065,0.06,0.065,5300000000,,5300000000,10804581533.0,57.0,14.986,-199000000.0,-0.376,1.0,2793000000.0,0.474,1231000000,101000000.0,7442000000,,1316000000,250000000,250000000,0,3663000000,1531000000,2132000000,9563581533.0,-130000000.0,0.0,-106000000.0,275000000.0,-164000000.0,137000000.0,-270000000.0,0.0,3000000.0,0.0,34000000.0,34000000.0,34000000.0,22000000.0,0.0,0.006,2066000000.0,727000000.0,316000000,4.0,1.804,281.282,277.0,2198000000,0.0,18.005,1.623,1.615,2504000000,-1744000000.0,5893000000.0,5893000000.0,572000000.0,,,,0.032,2000000.0,1293000000.0,1.0,531162540,528600000.0,,11.148,7732000000,247000000,56000000.0,0,14.627,3185000000
58,MON2,ART,2003-12-31,2004-01-14,2003-11-30,2021-03-16,-1097000000,9183000000,,4856000000,4327000000,,9.678,,1036000000,1036000000,,,2.689,0.81,1510000000,288000000,1222000000,1510000000,0,,0,0.018,0.255,,,,,,,,,,5073000000,,5073000000,8193049921.0,,,,,1.0,,,1232000000,,6619000000,,1373000000,0,0,0,4110000000,1806000000,2304000000,7719049921.0,,,,,,,,,,,,,,,,,,,290000000,,1.522,,,2228000000,,14.535,,,2010000000,-1863000000.0,,,,,,,,,,1.0,531066386,524200000.0,,,7951000000,315000000,,0,15.168,3050000000
59,MON2,ART,2003-09-30,2003-11-25,2003-08-31,2021-03-16,-1168000000,9461000000,,4962000000,4499000000,,,,281000000,281000000,,,2.552,0.835,1527000000,269000000,1258000000,1527000000,17000000,,0,,,,,,,,,,,,5156000000,,5156000000,8450877378.0,,,,,1.0,,,1339000000,,7424000000,,1230000000,230000000,230000000,0,4305000000,1944000000,2361000000,7204877378.0,,,,,,,,,,,,,,,,,,,290000000,,1.397,,,2280000000,,13.75,,,2733000000,-1733000000.0,,,,,,,,,,1.0,523991082,,,,8122000000,430000000,,0,,3018000000
60,MON2,ART,2003-06-30,2003-08-13,2003-06-30,2021-03-16,-1039000000,9713000000,9099250000.0,5201000000,4512000000,0.52,10.784,-190000000.0,311000000,311000000,2543000000.0,251000000.0,2.736,0.722,1443000000,340000000,1103000000,1443000000,0,,0,0.022,0.245,448000000.0,,,,448000000.0,389000000.0,0.48,0.47,0.48,5640000000,5288250000.0,5640000000,6893261902.0,15.0,,,,1.0,2185000000.0,0.462,1373000000,59000000.0,7571000000,7160000000.0,1247000000,230000000,230000000,0,4073000000,1901000000,2172000000,5761261902.0,34000000.0,-546000000.0,0.0,-684000000.0,-126000000.0,-813000000.0,-470000000.0,250000000.0,,0.0,251000000.0,251000000.0,251000000.0,0.0,0.0,0.053,1654000000.0,531000000.0,312000000,0.51,1.022,22.953,22.917,2322000000,0.0,11.0,1.219,1.217,3052000000,-1355000000.0,4728000000.0,4728000000.0,512000000.0,0.028,0.047,0.063,0.095,,1041000000.0,1.0,523751082,523000000.0,,9.04,8340000000,297000000,138000000.0,0,15.946,3300000000
61,MON2,ART,2003-03-31,2003-05-14,2003-03-31,2021-03-16,-1175000000,9195000000,9132000000.0,4769000000,4426000000,0.504,10.017,-137000000.0,80000000,80000000,2490000000.0,103000000.0,2.334,0.756,1696000000,847000000,849000000,1696000000,0,,0,0.025,0.24,225000000.0,,,,225000000.0,167000000.0,0.195,0.19,0.195,5237000000,5306500000.0,5237000000,6575152728.0,29.0,,,,1.0,2109000000.0,0.459,1372000000,58000000.0,7396000000,7210750000.0,1336000000,251000000,251000000,0,3958000000,2043000000,1915000000,4959152728.0,-137000000.0,-341000000.0,0.0,-832000000.0,-125000000.0,-931000000.0,-467000000.0,0.0,,0.0,103000000.0,103000000.0,103000000.0,0.0,0.0,0.022,1836000000.0,273000000.0,298000000,1.231,0.947,48.147,48.641,2311000000,0.0,9.485,1.078,1.078,2738000000,-1616000000.0,4599000000.0,4599000000.0,524000000.0,0.011,0.019,0.031,0.049,,1002000000.0,1.0,522841616,522800000.0,,8.797,7823000000,293000000,64000000.0,0,14.964,2726000000
62,MON2,ART,2002-12-31,2003-03-13,2002-12-31,2021-03-16,-1202000000,8890000000,9800250000.0,4424000000,4466000000,0.477,9.907,-152000000.0,428000000,428000000,2493000000.0,-1693000000.0,2.444,0.716,1244000000,393000000,851000000,1244000000,148000000,460000000.0,0,0.029,0.24,-1561000000.0,-1101000000.0,-0.236,-1101000000.0,-1561000000.0,-1620000000.0,-3.25,-3.225,-3.25,5180000000,5870250000.0,5180000000,5150348707.0,-3.0,-4.678,956000000.0,1.828,1.0,2180000000.0,0.467,1400000000,59000000.0,6496000000,7376750000.0,1272000000,250000000,250000000,0,3710000000,1810000000,1900000000,4334348707.0,121000000.0,-347000000.0,0.0,-456000000.0,-125000000.0,-518000000.0,-469000000.0,0.0,1108000000.0,0.0,-1693000000.0,-1693000000.0,-1693000000.0,0.0,0.0,-0.362,1861000000.0,319000000.0,275000000,-0.074,0.837,-2.56,-2.551,2339000000,0.0,8.29,0.928,0.928,2141000000,-1645000000.0,4673000000.0,4673000000.0,527000000.0,-0.173,-0.288,-0.212,-0.334,11000000.0,1023000000.0,1.0,522840616,522840616.0,,8.938,7490000000,260000000,73000000.0,0,14.326,2614000000
63,MON2,ART,2002-09-30,2002-11-14,2002-09-30,2021-03-16,-1259000000,8599000000,10435000000.0,4189000000,4410000000,0.447,9.751,-166000000.0,136000000,136000000,2574000000.0,-36000000.0,3.062,0.687,1490000000,356000000,1134000000,1490000000,0,,0,0.028,0.24,-21000000.0,,,,-21000000.0,-76000000.0,-0.075,-0.065,-0.075,5096000000,6446000000.0,5096000000,5800546814.0,-276.0,,,,1.0,2088000000.0,0.448,1408000000,55000000.0,7177000000,7506750000.0,1353000000,0,0,0,3503000000,1368000000,2135000000,4446546814.0,-44000000.0,-66000000.0,0.0,-719000000.0,-124000000.0,-780000000.0,-220000000.0,0.0,,0.0,-36000000.0,-36000000.0,-36000000.0,0.0,0.0,-0.008,1957000000.0,131000000.0,300000000,-3.2,0.873,-123.515,-113.4,2330000000,0.0,8.505,0.954,0.953,2422000000,-1674000000.0,4662000000.0,4662000000.0,536000000.0,-0.003,-0.006,-0.003,-0.005,,1075000000.0,1.0,522815616,522600000.0,,8.921,7191000000,227000000,-40000000.0,0,13.76,2821000000
64,MON2,ART,2002-06-30,2002-08-13,2002-06-30,2021-03-16,-837000000,9844000000,11210000000.0,5239000000,4605000000,0.439,10.936,-205000000.0,277000000,277000000,2648000000.0,84000000.0,2.124,0.723,2102000000,1221000000,881000000,2102000000,0,,0,0.03,0.24,145000000.0,,,,145000000.0,95000000.0,0.155,0.165,0.155,5713000000,6997000000.0,5713000000,5955612424.0,41.0,,,,1.0,2271000000.0,0.462,1428000000,50000000.0,7774000000,7596000000.0,1239000000,16000000,16000000,0,4131000000,2467000000,1664000000,4130612424.0,41000000.0,-61000000.0,0.0,-281000000.0,-124000000.0,-342000000.0,-270000000.0,0.0,,0.0,84000000.0,84000000.0,84000000.0,0.0,0.0,0.017,1987000000.0,284000000.0,358000000,1.548,0.723,49.174,51.0,2477000000,0.0,7.905,0.84,0.84,3411000000,-1478000000.0,4919000000.0,4919000000.0,546000000.0,0.007,0.012,0.019,0.029,,1090000000.0,1.0,522531616,522400000.0,,9.416,8416000000,253000000,11000000.0,0,16.11,2772000000
65,MON2,ART,2002-03-31,2002-05-15,2002-03-31,2021-03-16,-725000000,11868000000,11824500000.0,5314000000,6554000000,0.455,14.474,-307000000.0,217000000,217000000,2735000000.0,326000000.0,1.95,0.584,2530000000,1645000000,885000000,2530000000,0,,0,0.016,0.24,567000000.0,,,,567000000.0,503000000.0,0.63,0.62,0.63,7492000000,7443750000.0,7492000000,10282940670.0,18.0,,,,1.0,2642000000.0,0.491,3396000000,64000000.0,8060000000,7608250000.0,1387000000,11000000,11000000,0,4376000000,2725000000,1651000000,7969940670.0,50000000.0,-81000000.0,0.0,-35000000.0,-124000000.0,-122000000.0,-394000000.0,0.0,,0.0,326000000.0,326000000.0,326000000.0,0.0,0.0,0.061,1907000000.0,735000000.0,328000000,0.381,1.064,24.448,24.238,2591000000,0.0,15.27,1.482,1.47,3422000000,229000000.0,5377000000.0,5377000000.0,545000000.0,0.028,0.044,0.075,0.105,,1171000000.0,1.0,521934556,517600000.0,,10.388,8472000000,240000000,177000000.0,0,16.368,2589000000
66,MON2,ART,2001-12-31,2002-03-05,2001-12-31,2021-03-16,-716000000,11429000000,11852000000.0,4797000000,6632000000,0.461,14.493,-372000000.0,307000000,307000000,2817000000.0,295000000.0,2.018,0.527,1710000000,817000000,893000000,1710000000,0,554000000.0,0,0.015,0.24,534000000.0,1088000000.0,0.199,1088000000.0,534000000.0,461000000.0,0.57,0.56,0.57,7483000000,7378750000.0,7483000000,9516859046.0,18.0,8.747,244000000.0,0.473,1.0,2645000000.0,0.484,3439000000,73000000.0,7016000000,7579500000.0,1357000000,30000000,30000000,0,3946000000,2377000000,1569000000,8113859046.0,176000000.0,-81000000.0,0.0,109000000.0,-116000000.0,-7000000.0,-433000000.0,0.0,616000000.0,0.0,295000000.0,295000000.0,295000000.0,0.0,0.0,0.054,1986000000.0,659000000.0,544000000,0.421,1.084,27.505,27.57,2627000000,0.0,15.715,1.486,1.486,2800000000,173000000.0,5462000000.0,5462000000.0,560000000.0,0.025,0.04,0.07,0.098,0.0,1183000000.0,1.0,516313016,516313016.0,,10.579,7990000000,251000000,166000000.0,0,15.475,2420000000
67,MON2,ART,2001-09-30,2001-11-13,2001-09-30,2021-03-16,-840000000,11699000000,11926250000.0,5185000000,6514000000,0.457,14.142,-427000000.0,180000000,180000000,2808000000.0,345000000.0,1.856,0.603,2216000000,1295000000,921000000,2216000000,0,,0,0.015,0.225,613000000.0,,,,613000000.0,570000000.0,,,,7300000000,7343250000.0,7300000000,10005772880.0,16.0,,,,1.0,2645000000.0,0.485,3407000000,43000000.0,7534000000,7572250000.0,1325000000,7000000,7000000,0,4399000000,2794000000,1605000000,7969772880.0,-38000000.0,-130000000.0,723000000.0,-564000000.0,-85000000.0,-117000000.0,-724000000.0,0.0,,0.0,345000000.0,345000000.0,345000000.0,0.0,0.0,0.063,1922000000.0,723000000.0,392000000,,1.092,23.101,,2602000000,0.0,15.44,1.462,1.462,3399000000,310000000.0,5453000000.0,5453000000.0,567000000.0,0.029,0.047,0.081,0.112,,1168000000.0,1.0,516177000,516200000.0,,10.564,8292000000,198000000,225000000.0,0,16.064,2391000000
68,MON2,ART,2001-06-30,2001-08-14,2001-06-30,2021-03-16,-717000000,12302000000,12034750000.0,5645000000,6657000000,0.459,14.529,-462000000.0,236000000,236000000,2805000000.0,324000000.0,1.788,0.64,2391000000,1489000000,902000000,2391000000,0,,0,0.009,0.165,634000000.0,,,,634000000.0,540000000.0,,,,7500000000,7184750000.0,7500000000,11182760830.0,18.0,,,,1.0,2715000000.0,0.492,3476000000,94000000.0,7823000000,7605250000.0,1130000000,11000000,11000000,0,4802000000,3158000000,1644000000,9027760830.0,195000000.0,-129000000.0,723000000.0,-816000000.0,-54000000.0,-156000000.0,-758000000.0,0.0,,0.0,324000000.0,324000000.0,324000000.0,0.0,0.0,0.059,1970000000.0,745000000.0,533000000,,1.204,27.863,,2622000000,0.0,17.49,1.635,1.636,3957000000,385000000.0,5520000000.0,5520000000.0,567000000.0,0.027,0.045,0.083,0.115,,1193000000.0,1.0,516167000,516200000.0,,10.694,8826000000,210000000,216000000.0,0,17.098,2487000000
69,MON2,ART,2001-03-31,2001-05-15,2001-03-31,2021-03-16,-649000000,11978000000,12047000000.0,5245000000,6733000000,,14.016,,167000000,167000000,,,1.718,0.656,2718000000,1777000000,941000000,2718000000,0,,0,0.006,0.105,,,,,,,,,,7232000000,6545500000.0,7232000000,11474576480.0,,,,,1.0,,,3531000000,,7945000000,8346000000.0,1232000000,160000000,160000000,0,4746000000,3053000000,1693000000,8923576480.0,,,,,,,,,,,,,,,,,,,393000000,,1.234,,,2608000000,,17.29,,,3364000000,26000000.0,,,,,,,,,,1.0,516112000,516000000.0,,,8447000000,232000000,,0,16.37,2192000000
70,MON2,ART,2000-12-31,2001-03-26,2000-12-31,2021-03-16,-479000000,11726000000,11413500000.0,4973000000,6753000000,0.481,14.225,-582000000.0,131000000,131000000,2770000000.0,149000000.0,1.804,0.597,1755000000,793000000,962000000,1755000000,0,546000000.0,0,0.003,0.045,492000000.0,1038000000.0,0.189,1038000000.0,492000000.0,308000000.0,0.29,0.29,0.29,7341000000,5993000000.0,7341000000,10397122000.0,21.0,10.016,89000000.0,0.172,1.0,2723000000.0,0.496,3606000000,184000000.0,6987000000,8354500000.0,1253000000,205000000,205000000,0,4385000000,2757000000,1628000000,8773122000.0,105000000.0,-148000000.0,723000000.0,-416000000.0,0.0,369000000.0,-935000000.0,0.0,671000000.0,0.0,149000000.0,149000000.0,149000000.0,0.0,0.0,0.027,2156000000.0,567000000.0,687000000,0.155,1.195,58.88,58.621,2659000000,0.0,17.0,1.597,1.597,3059000000,2000000.0,5493000000.0,5493000000.0,588000000.0,0.013,0.025,0.059,0.09,0.0,1253000000.0,1.0,516066000,516066000.0,,10.644,8120000000,225000000,159000000.0,0,15.734,2216000000
71,MON2,ART,2000-09-30,2000-11-30,2000-09-30,2021-03-16,-396000000,12133000000,,5158000000,6975000000,,12.917,,218000000,218000000,,,1.436,0.82,3019000000,2025000000,994000000,3019000000,0,,0,0.0,0.0,,,,,,,,,,6666000000,,6666000000,9267306980.0,,,,,1.0,,,3675000000,,7666000000,,1356000000,0,0,0,5467000000,3593000000,1874000000,6466306980.0,,,,,,,,,,,,,,,,,,,434000000,,0.97,,,2599000000,,12.53,,,3301000000,-13000000.0,,,,,,,,,,1.0,516066000,516066000.0,,,8458000000,219000000,,0,16.389,1565000000
72,MON2,ART,2000-06-30,2000-10-17,2000-06-30,2021-03-16,-324000000,12351000000,,5221000000,7130000000,,,,41000000,41000000,,,1.58,1.499,5557000000,1912000000,3645000000,5557000000,0,,0,,,,,,,,,,,,4943000000,,4943000000,,,,,,1.0,,,3777000000,,10786000000,,1222000000,0,0,0,7408000000,3304000000,4104000000,,,,,,,,,,,,,,,,,,,,332000000,,,,,2585000000,,,,,3701000000,,,,,,,,,,,1.0,510000000,,,,8574000000,152000000,,0,,1917000000
73,MON2,ART,1999-12-31,2000-10-11,1999-12-31,2021-03-16,-281000000,11101000000,,4027000000,7074000000,,9.108,-307000000.0,26000000,26000000,2556000000.0,150000000.0,2.363,1.39,4367000000,89000000,4278000000,4367000000,0,547000000.0,0,,0.0,506000000.0,1053000000.0,0.201,1053000000.0,506000000.0,263000000.0,,,,4645000000,,4645000000,,,,-187000000.0,-0.367,1.0,2692000000.0,0.513,4016000000,243000000.0,9722000000,,1440000000,0,0,0,6456000000,1704000000,4752000000,,-11000000.0,-108000000.0,0.0,-343000000.0,0.0,284000000.0,-415000000.0,0.0,120000000.0,0.0,150000000.0,150000000.0,150000000.0,0.0,0.0,0.029,2082000000.0,610000000.0,466000000,,,,,2219000000,0.0,,,,2378000000,,5248000000.0,5248000000.0,695000000.0,,,,0.096,0.0,1237000000.0,1.0,510000000,510000000.0,,10.29,7085000000,130000000,113000000.0,0,13.892,2323000000
