None,ticker,dimension,calendardate,datekey,reportperiod,lastupdated,accoci,assets,assetsavg,assetsc,assetsnc,assetturnover,bvps,capex,cashneq,cashnequsd,cor,consolinc,currentratio,de,debt,debtc,debtnc,debtusd,deferredrev,depamor,deposits,divyield,dps,ebit,ebitda,ebitdamargin,ebitdausd,ebitusd,ebt,eps,epsdil,epsusd,equity,equityavg,equityusd,ev,evebit,evebitda,fcf,fcfps,fxusd,gp,grossmargin,intangibles,intexp,invcap,invcapavg,inventory,investments,investmentsc,investmentsnc,liabilities,liabilitiesc,liabilitiesnc,marketcap,ncf,ncfbus,ncfcommon,ncfdebt,ncfdiv,ncff,ncfi,ncfinv,ncfo,ncfx,netinc,netinccmn,netinccmnusd,netincdis,netincnci,netmargin,opex,opinc,payables,payoutratio,pb,pe,pe1,ppnenet,prefdivis,price,ps,ps1,receivables,retearn,revenue,revenueusd,rnd,roa,roe,roic,ros,sbcomp,sgna,sharefactor,sharesbas,shareswa,shareswadil,sps,tangibles,taxassets,taxexp,taxliabilities,tbvps,workingcapital
0,MON2,MRY,2017-12-31,2017-08-31,2017-08-31,2021-03-16,-2427000000.0,21333000000.0,21355750000.0,8651000000.0,12682000000.0,0.686,14.672,-1240000000.0,1856000000.0,1856000000.0,6703000000.0,2273000000.0,1.352,2.311,8124000000.0,870000000.0,7254000000.0,8124000000.0,841000000.0,748000000.0,0.0,0.018,2.16,3338000000.0,4086000000.0,0.279,4086000000.0,3338000000.0,2886000000.0,5.15,5.09,5.15,6438000000.0,5728000000.0,6438000000.0,59731659468.0,18.0,14.619,1986000000.0,4.526,1.0,7937000000.0,0.542,5112000000.0,452000000.0,16091000000.0,16205000000.0,3340000000.0,0.0,0.0,0.0,14875000000.0,6398000000.0,8477000000.0,51488659468.0,180000000.0,-11000000.0,0.0,-1097000000.0,-948000000.0,-1966000000.0,-1107000000.0,50000000.0,3226000000.0,27000000.0,2260000000.0,2260000000.0,2260000000.0,0.0,13000000.0,0.154,4725000000.0,3212000000.0,1174000000.0,0.419,7.998,22.783,22.757,5930000000.0,0.0,117.2,3.517,3.513,3109000000.0,12072000000.0,14640000000.0,14640000000.0,1607000000.0,0.106,0.395,0.206,0.228,126000000.0,2969000000.0,1.0,439323033.0,438800000.0,443800000.0,33.364,16221000000.0,564000000.0,626000000.0,250000000.0,36.967,2253000000.0
1,MON2,MRY,2016-12-31,2016-08-31,2016-08-31,2021-03-16,-2808000000.0,19736000000.0,20230750000.0,8157000000.0,11579000000.0,0.667,10.242,-923000000.0,1676000000.0,1676000000.0,6485000000.0,1313000000.0,1.212,3.35,9040000000.0,1587000000.0,7453000000.0,9040000000.0,603000000.0,727000000.0,0.0,0.02,2.16,2467000000.0,3194000000.0,0.237,3194000000.0,2467000000.0,2031000000.0,3.02,2.99,3.02,4534000000.0,4338750000.0,4534000000.0,55901794478.0,23.0,17.502,1665000000.0,3.761,1.0,7017000000.0,0.52,5145000000.0,436000000.0,15226000000.0,16250250000.0,3241000000.0,60000000.0,60000000.0,0.0,15191000000.0,6729000000.0,8462000000.0,46601794478.0,-2025000000.0,-2000000.0,-3001000000.0,156000000.0,-964000000.0,-3742000000.0,-864000000.0,-15000000.0,2588000000.0,-7000000.0,1336000000.0,1336000000.0,1336000000.0,0.0,-23000000.0,0.099,4642000000.0,2375000000.0,1129000000.0,0.715,10.278,34.882,35.265,5231000000.0,0.0,106.5,3.451,3.492,2782000000.0,10763000000.0,13502000000.0,13502000000.0,1512000000.0,0.066,0.308,0.152,0.183,95000000.0,2833000000.0,1.0,437575535.0,442700000.0,447100000.0,30.499,14591000000.0,613000000.0,695000000.0,109000000.0,32.959,1428000000.0
2,MON2,MRY,2015-12-31,2015-08-31,2015-08-31,2021-03-16,-2801000000.0,21920000000.0,22488750000.0,10625000000.0,11295000000.0,0.667,14.657,-967000000.0,3701000000.0,3701000000.0,6819000000.0,2325000000.0,2.052,2.134,9044000000.0,615000000.0,8429000000.0,9044000000.0,417000000.0,716000000.0,0.0,0.02,1.96,3611000000.0,4327000000.0,0.288,4327000000.0,3611000000.0,3178000000.0,4.85,4.81,4.85,6990000000.0,7599250000.0,6990000000.0,53488048202.0,15.0,12.361,2141000000.0,4.489,1.0,8182000000.0,0.545,5393000000.0,433000000.0,16693000000.0,17375250000.0,3496000000.0,47000000.0,47000000.0,0.0,14915000000.0,5177000000.0,9738000000.0,45684048202.0,1334000000.0,-8000000.0,-835000000.0,1226000000.0,-938000000.0,-430000000.0,-1019000000.0,-37000000.0,3108000000.0,-325000000.0,2314000000.0,2314000000.0,2314000000.0,0.0,11000000.0,0.154,4659000000.0,3523000000.0,908000000.0,0.404,6.536,19.742,20.134,4973000000.0,0.0,97.65,3.045,3.104,2481000000.0,10374000000.0,15001000000.0,15001000000.0,1580000000.0,0.103,0.305,0.208,0.241,67000000.0,2686000000.0,1.0,467834595.0,476900000.0,481400000.0,31.455,16527000000.0,1020000000.0,864000000.0,574000000.0,34.655,5448000000.0
3,MON2,MRY,2014-12-31,2014-08-31,2014-08-31,2021-03-16,-1114000000.0,21918000000.0,23183250000.0,9675000000.0,12243000000.0,0.684,15.165,-1005000000.0,2367000000.0,2367000000.0,7281000000.0,2762000000.0,1.893,1.778,7698000000.0,233000000.0,7465000000.0,7698000000.0,485000000.0,691000000.0,0.0,0.015,1.72,4066000000.0,4757000000.0,0.3,4757000000.0,4066000000.0,3818000000.0,5.28,5.22,5.28,7875000000.0,12196750000.0,7875000000.0,61982253888.0,15.0,13.03,2049000000.0,3.946,1.0,8574000000.0,0.541,5873000000.0,248000000.0,16264000000.0,13317500000.0,3597000000.0,40000000.0,40000000.0,0.0,14004000000.0,5112000000.0,8892000000.0,60669253888.0,-1301000000.0,-922000000.0,-7082000000.0,5483000000.0,-904000000.0,-2259000000.0,-2095000000.0,202000000.0,3054000000.0,-1000000.0,2740000000.0,2740000000.0,2740000000.0,0.0,22000000.0,0.173,4499000000.0,4075000000.0,1193000000.0,0.326,7.704,22.142,21.903,5082000000.0,0.0,115.65,3.827,3.788,2923000000.0,9012000000.0,15855000000.0,15855000000.0,1725000000.0,0.118,0.225,0.305,0.256,48000000.0,2774000000.0,1.0,524593635.0,519300000.0,524900000.0,30.531,16045000000.0,1085000000.0,1078000000.0,608000000.0,30.897,4563000000.0
4,MON2,MRY,2013-12-31,2013-08-31,2013-08-31,2021-03-16,-1278000000.0,20664000000.0,21739750000.0,10077000000.0,10587000000.0,0.684,23.532,-741000000.0,3668000000.0,3668000000.0,7208000000.0,2525000000.0,2.324,0.632,2112000000.0,51000000.0,2061000000.0,2112000000.0,655000000.0,615000000.0,0.0,0.015,1.5,3569000000.0,4184000000.0,0.282,4184000000.0,3569000000.0,3397000000.0,4.65,4.6,4.65,12559000000.0,12981750000.0,12559000000.0,51488073195.0,14.0,12.306,1999000000.0,3.746,1.0,7653000000.0,0.515,4746000000.0,172000000.0,10026000000.0,10503500000.0,2947000000.0,254000000.0,254000000.0,0.0,7936000000.0,4336000000.0,3600000000.0,52186073195.0,385000000.0,-165000000.0,-1095000000.0,127000000.0,-802000000.0,-1485000000.0,-777000000.0,48000000.0,2740000000.0,-93000000.0,2482000000.0,2482000000.0,2482000000.0,0.0,43000000.0,0.167,4083000000.0,3570000000.0,1007000000.0,0.323,4.155,21.026,21.052,4654000000.0,0.0,97.89,3.512,3.516,2700000000.0,7188000000.0,14861000000.0,14861000000.0,1533000000.0,0.114,0.191,0.34,0.24,21000000.0,2550000000.0,1.0,533109339.0,533700000.0,539700000.0,27.845,15918000000.0,1033000000.0,915000000.0,560000000.0,29.826,5741000000.0
5,MON2,MRY,2012-12-31,2012-08-31,2012-08-31,2021-03-16,-1036000000.0,20224000000.0,20338000000.0,9658000000.0,10566000000.0,0.664,22.155,-646000000.0,3283000000.0,3283000000.0,6459000000.0,2093000000.0,2.288,0.692,2074000000.0,36000000.0,2038000000.0,2074000000.0,641000000.0,622000000.0,0.0,0.014,1.2,3137000000.0,3759000000.0,0.278,3759000000.0,3137000000.0,2946000000.0,3.83,3.79,3.83,11833000000.0,11736250000.0,11833000000.0,46881279727.0,15.0,12.472,2405000000.0,4.503,1.0,7045000000.0,0.522,4672000000.0,191000000.0,10122000000.0,10173750000.0,2839000000.0,302000000.0,302000000.0,0.0,8188000000.0,4221000000.0,3967000000.0,46425279727.0,711000000.0,-322000000.0,-432000000.0,-263000000.0,-642000000.0,-1165000000.0,-1034000000.0,0.0,3051000000.0,-141000000.0,2045000000.0,2045000000.0,2045000000.0,0.0,48000000.0,0.151,3897000000.0,3148000000.0,808000000.0,0.313,3.923,22.702,22.744,4365000000.0,0.0,87.11,3.438,3.445,2893000000.0,5537000000.0,13504000000.0,13504000000.0,1517000000.0,0.101,0.174,0.308,0.232,78000000.0,2380000000.0,1.0,532950060.0,534100000.0,540200000.0,25.284,15552000000.0,1085000000.0,901000000.0,388000000.0,29.118,5437000000.0
6,MON2,MRY,2011-12-31,2011-08-31,2011-08-31,2021-03-16,-116000000.0,19844000000.0,19561000000.0,8809000000.0,11035000000.0,0.604,21.519,-540000000.0,2572000000.0,2572000000.0,5743000000.0,1659000000.0,1.863,0.704,2221000000.0,678000000.0,1543000000.0,2221000000.0,710000000.0,613000000.0,0.0,0.016,1.12,2486000000.0,3099000000.0,0.262,3099000000.0,2486000000.0,2324000000.0,3.0,2.96,3.0,11545000000.0,11103750000.0,11545000000.0,38028288582.0,15.0,12.271,2274000000.0,4.239,1.0,6079000000.0,0.514,4674000000.0,162000000.0,10090000000.0,10952250000.0,2591000000.0,302000000.0,302000000.0,0.0,8128000000.0,4729000000.0,3399000000.0,36859288582.0,1087000000.0,-22000000.0,-502000000.0,180000000.0,-602000000.0,-864000000.0,-975000000.0,-302000000.0,2814000000.0,35000000.0,1607000000.0,1607000000.0,1607000000.0,0.0,52000000.0,0.136,3577000000.0,2502000000.0,933000000.0,0.373,3.193,22.937,22.977,4394000000.0,0.0,68.93,3.118,3.128,3221000000.0,4174000000.0,11822000000.0,11822000000.0,1386000000.0,0.082,0.145,0.227,0.21,68000000.0,2190000000.0,1.0,534735073.0,536500000.0,542400000.0,22.035,15170000000.0,1319000000.0,717000000.0,269000000.0,28.276,4080000000.0
7,MON2,MRY,2010-12-31,2010-08-31,2010-08-31,2021-03-16,-897000000.0,17852000000.0,18010500000.0,7050000000.0,10802000000.0,0.582,18.519,-755000000.0,1485000000.0,1485000000.0,5416000000.0,1115000000.0,1.983,0.769,2103000000.0,241000000.0,1862000000.0,2103000000.0,614000000.0,602000000.0,0.0,0.02,1.06,1637000000.0,2239000000.0,0.214,2239000000.0,1637000000.0,1475000000.0,2.02,1.99,2.02,10069000000.0,10407500000.0,10069000000.0,30680708032.0,19.0,13.703,643000000.0,1.183,1.0,5067000000.0,0.483,4467000000.0,162000000.0,10447000000.0,11066250000.0,2649000000.0,0.0,0.0,0.0,7739000000.0,3556000000.0,4183000000.0,28454708032.0,-471000000.0,-57000000.0,-532000000.0,18000000.0,-577000000.0,-1038000000.0,-834000000.0,-39000000.0,1398000000.0,3000000.0,1096000000.0,1096000000.0,1096000000.0,0.0,19000000.0,0.105,3464000000.0,1603000000.0,835000000.0,0.525,2.826,25.962,26.064,4227000000.0,0.0,52.65,2.714,2.731,2820000000.0,3178000000.0,10483000000.0,10483000000.0,1205000000.0,0.061,0.105,0.148,0.156,59000000.0,2049000000.0,1.0,540450295.0,543700000.0,550800000.0,19.281,13385000000.0,1543000000.0,379000000.0,203000000.0,24.618,3494000000.0
8,MON2,MRY,2009-12-31,2009-08-31,2009-08-31,2021-03-16,-744000000.0,17831000000.0,17675750000.0,7783000000.0,10048000000.0,0.661,18.349,-916000000.0,1956000000.0,1956000000.0,4965000000.0,2116000000.0,2.088,0.769,1803000000.0,79000000.0,1724000000.0,1803000000.0,707000000.0,548000000.0,0.0,0.012,1.01,3034000000.0,3582000000.0,0.307,3582000000.0,3034000000.0,2905000000.0,3.82,3.77,3.82,10039000000.0,9873000000.0,10039000000.0,47037292742.0,16.0,13.132,1330000000.0,2.431,1.0,6720000000.0,0.575,4589000000.0,129000000.0,9362000000.0,9567750000.0,2851000000.0,0.0,0.0,0.0,7723000000.0,3727000000.0,3996000000.0,45791292742.0,343000000.0,-29000000.0,-398000000.0,-183000000.0,-552000000.0,-1075000000.0,-723000000.0,125000000.0,2246000000.0,-105000000.0,2092000000.0,2092000000.0,2092000000.0,0.0,24000000.0,0.179,3659000000.0,3061000000.0,983000000.0,0.264,4.561,21.889,21.958,3609000000.0,0.0,83.88,3.919,3.927,2732000000.0,2665000000.0,11685000000.0,11685000000.0,1098000000.0,0.118,0.212,0.317,0.26,81000000.0,2037000000.0,1.0,545914315.0,547100000.0,555600000.0,21.358,13242000000.0,1436000000.0,813000000.0,200000000.0,24.204,4056000000.0
9,MON2,MRY,2008-12-31,2008-08-31,2008-08-31,2021-03-16,-78000000.0,17991000000.0,16797250000.0,7609000000.0,10382000000.0,0.677,17.078,-918000000.0,1613000000.0,1613000000.0,5188000000.0,2044000000.0,1.714,0.919,1816000000.0,24000000.0,1792000000.0,1816000000.0,1433000000.0,573000000.0,0.0,0.007,0.765,3033000000.0,3606000000.0,0.317,3606000000.0,3033000000.0,2923000000.0,3.69,3.62,3.69,9374000000.0,9235750000.0,9374000000.0,62836715476.0,21.0,17.426,1919000000.0,3.496,1.0,6177000000.0,0.544,4663000000.0,110000000.0,9092000000.0,8319500000.0,2453000000.0,0.0,0.0,0.0,8617000000.0,4439000000.0,4178000000.0,62837715476.0,747000000.0,-1022000000.0,-361000000.0,369000000.0,-419000000.0,-125000000.0,-2042000000.0,-151000000.0,2837000000.0,77000000.0,2024000000.0,2024000000.0,2024000000.0,0.0,20000000.0,0.178,3456000000.0,2721000000.0,1090000000.0,0.207,6.703,31.046,30.962,3323000000.0,0.0,114.25,5.529,5.518,3445000000.0,1138000000.0,11365000000.0,11365000000.0,980000000.0,0.12,0.219,0.365,0.267,-108000000.0,2312000000.0,1.0,550001886.0,548900000.0,559700000.0,20.705,13328000000.0,1338000000.0,899000000.0,365000000.0,24.281,3170000000.0
10,MON2,MRY,2007-12-31,2007-08-31,2007-08-31,2021-03-16,-377000000.0,12983000000.0,12782000000.0,5084000000.0,7899000000.0,0.653,13.755,-509000000.0,866000000.0,866000000.0,4119000000.0,993000000.0,1.653,0.73,1420000000.0,270000000.0,1150000000.0,1420000000.0,260000000.0,527000000.0,0.0,0.007,0.475,1532000000.0,2059000000.0,0.247,2059000000.0,1532000000.0,1396000000.0,1.83,1.79,1.83,7503000000.0,7315750000.0,7503000000.0,38757451326.0,25.0,18.823,1345000000.0,2.466,1.0,4230000000.0,0.507,4040000000.0,136000000.0,6422000000.0,7152250000.0,1719000000.0,0.0,0.0,0.0,5480000000.0,3075000000.0,2405000000.0,38040451326.0,-594000000.0,-1362000000.0,-197000000.0,-278000000.0,-258000000.0,-583000000.0,-1911000000.0,-37000000.0,1854000000.0,46000000.0,993000000.0,993000000.0,993000000.0,-80000000.0,0.0,0.119,2821000000.0,1409000000.0,649000000.0,0.26,5.07,38.309,38.109,2656000000.0,0.0,69.74,4.556,4.556,1985000000.0,-405000000.0,8349000000.0,8349000000.0,770000000.0,0.078,0.136,0.214,0.183,-10000000.0,1858000000.0,1.0,545461017.0,545461017.0,,15.306,8943000000.0,1179000000.0,403000000.0,233000000.0,16.395,2009000000.0
11,MON2,MRY,2006-12-31,2006-08-31,2006-08-31,2021-03-16,-623000000.0,11728000000.0,11694000000.0,5461000000.0,6267000000.0,0.604,12.021,-370000000.0,1460000000.0,1460000000.0,3622000000.0,689000000.0,2.396,0.797,1667000000.0,28000000.0,1639000000.0,1667000000.0,120000000.0,519000000.0,0.0,0.008,0.385,1152000000.0,1671000000.0,0.237,1671000000.0,1152000000.0,1019000000.0,1.28,1.25,1.28,6525000000.0,6268500000.0,6525000000.0,27197568532.0,24.0,16.276,1304000000.0,2.402,1.0,3443000000.0,0.487,2751000000.0,133000000.0,6905000000.0,7281000000.0,1688000000.0,0.0,0.0,0.0,5203000000.0,2279000000.0,2924000000.0,25750568532.0,935000000.0,-258000000.0,-114000000.0,-1000000.0,-207000000.0,-117000000.0,-625000000.0,129000000.0,1674000000.0,3000000.0,689000000.0,689000000.0,689000000.0,-24000000.0,0.0,0.098,2304000000.0,1139000000.0,514000000.0,0.301,3.946,37.374,37.062,2418000000.0,0.0,47.44,3.645,3.645,1799000000.0,-1099000000.0,7065000000.0,7065000000.0,700000000.0,0.059,0.11,0.158,0.163,-35000000.0,1604000000.0,1.0,542802878.0,542802878.0,,13.016,8977000000.0,1015000000.0,330000000.0,234000000.0,16.538,3182000000.0
12,MON2,MRY,2005-12-31,2005-08-31,2005-08-31,2021-03-16,-889000000.0,10579000000.0,10524500000.0,4644000000.0,5935000000.0,0.596,10.447,-281000000.0,525000000.0,525000000.0,3280000000.0,255000000.0,2.151,0.885,1584000000.0,126000000.0,1458000000.0,1584000000.0,0.0,488000000.0,0.0,0.01,0.328,474000000.0,962000000.0,0.153,962000000.0,474000000.0,359000000.0,0.48,0.47,0.48,5613000000.0,5668500000.0,5613000000.0,19156724028.0,40.0,19.913,1456000000.0,2.71,1.0,2995000000.0,0.477,2401000000.0,115000000.0,7078000000.0,6895750000.0,1664000000.0,150000000.0,150000000.0,0.0,4966000000.0,2159000000.0,2807000000.0,17149724028.0,-512000000.0,-1541000000.0,-234000000.0,-332000000.0,-174000000.0,-582000000.0,-1667000000.0,150000000.0,1737000000.0,0.0,255000000.0,255000000.0,255000000.0,-62000000.0,0.0,0.041,2217000000.0,778000000.0,525000000.0,0.683,3.055,67.254,66.5,2378000000.0,0.0,31.92,2.733,2.733,1843000000.0,-1572000000.0,6275000000.0,6275000000.0,583000000.0,0.024,0.045,0.069,0.076,94000000.0,1404000000.0,1.0,537272056.0,537272056.0,,11.679,8178000000.0,1054000000.0,104000000.0,208000000.0,15.221,2485000000.0
13,MON2,MRY,2004-12-31,2004-08-31,2004-08-31,2021-03-16,-1132000000.0,9164000000.0,9151750000.0,4931000000.0,4233000000.0,0.593,9.845,-210000000.0,1037000000.0,1037000000.0,2896000000.0,267000000.0,2.603,0.743,1508000000.0,433000000.0,1075000000.0,1508000000.0,0.0,452000000.0,0.0,0.015,0.268,486000000.0,938000000.0,0.173,938000000.0,486000000.0,395000000.0,0.5,0.5,0.5,5258000000.0,5264250000.0,5258000000.0,10919187431.0,22.0,11.641,1051000000.0,1.968,1.0,2527000000.0,0.466,1174000000.0,91000000.0,6567000000.0,7013000000.0,1154000000.0,300000000.0,300000000.0,0.0,3906000000.0,1894000000.0,2012000000.0,9773187431.0,756000000.0,0.0,-266000000.0,-24000000.0,-141000000.0,-243000000.0,-262000000.0,-70000000.0,1261000000.0,0.0,267000000.0,267000000.0,267000000.0,-1000000.0,0.0,0.049,1924000000.0,603000000.0,326000000.0,0.536,1.859,36.604,36.6,2087000000.0,0.0,18.3,1.802,1.802,1979000000.0,-1645000000.0,5423000000.0,5423000000.0,509000000.0,0.029,0.051,0.069,0.09,37000000.0,1128000000.0,1.0,534053958.0,534053958.0,,10.154,7990000000.0,872000000.0,128000000.0,122000000.0,14.961,3037000000.0
14,MON2,MRY,2002-12-31,2002-12-31,2002-12-31,2021-03-16,-1202000000.0,8949000000.0,9815000000.0,4406000000.0,4543000000.0,0.476,9.908,-224000000.0,428000000.0,428000000.0,2528000000.0,-1693000000.0,2.357,0.728,1244000000.0,393000000.0,851000000.0,1244000000.0,148000000.0,460000000.0,0.0,0.025,0.24,-1527000000.0,-1067000000.0,-0.228,-1067000000.0,-1527000000.0,-1608000000.0,-3.25,-3.225,-3.25,5180000000.0,5870250000.0,5180000000.0,6386100304.0,-4.0,-5.985,884000000.0,1.691,1.0,2146000000.0,0.459,1400000000.0,81000000.0,6496000000.0,7376750000.0,1254000000.0,250000000.0,250000000.0,0.0,3769000000.0,1869000000.0,1900000000.0,5032100304.0,121000000.0,0.0,0.0,-446000000.0,-125000000.0,-518000000.0,-469000000.0,-250000000.0,1108000000.0,0.0,-1693000000.0,-1693000000.0,-1693000000.0,17000000.0,0.0,-0.362,1802000000.0,344000000.0,275000000.0,-0.074,0.971,-2.972,-2.962,2339000000.0,0.0,9.625,1.077,1.077,2141000000.0,-1645000000.0,4674000000.0,4674000000.0,503000000.0,-0.172,-0.288,-0.207,-0.327,11000000.0,996000000.0,1.0,522815616.0,522815616.0,,8.94,7549000000.0,260000000.0,85000000.0,0.0,14.439,2537000000.0
15,MON2,MRY,2001-12-31,2001-12-31,2001-12-31,2021-03-16,-716000000.0,11429000000.0,11852000000.0,4797000000.0,6632000000.0,0.459,14.497,-382000000.0,307000000.0,307000000.0,2808000000.0,295000000.0,2.018,0.527,1710000000.0,817000000.0,893000000.0,1710000000.0,72000000.0,554000000.0,0.0,0.013,0.225,563000000.0,1117000000.0,0.205,1117000000.0,563000000.0,464000000.0,0.57,0.56,0.57,7483000000.0,7378750000.0,7483000000.0,10759391300.0,19.0,9.632,234000000.0,0.453,1.0,2632000000.0,0.484,3439000000.0,99000000.0,7016000000.0,7579500000.0,1357000000.0,30000000.0,30000000.0,0.0,3946000000.0,2377000000.0,1569000000.0,8723391300.0,176000000.0,0.0,0.0,109000000.0,-116000000.0,-7000000.0,-433000000.0,0.0,616000000.0,0.0,295000000.0,295000000.0,295000000.0,26000000.0,0.0,0.054,1942000000.0,690000000.0,544000000.0,0.395,1.166,29.571,29.649,2627000000.0,0.0,16.9,1.604,1.604,2800000000.0,173000000.0,5440000000.0,5440000000.0,544000000.0,0.025,0.04,0.074,0.103,0.0,1130000000.0,1.0,516177000.0,516177000.0,,10.539,7990000000.0,251000000.0,169000000.0,0.0,15.479,2420000000.0
16,MON2,MRY,2000-12-31,2000-12-31,2000-12-31,2021-03-16,-479000000.0,11726000000.0,11413500000.0,4973000000.0,6753000000.0,0.481,14.225,-582000000.0,131000000.0,131000000.0,2770000000.0,149000000.0,1.804,0.597,1755000000.0,793000000.0,962000000.0,1755000000.0,0.0,546000000.0,0.0,0.0,0.0,522000000.0,1068000000.0,0.194,1068000000.0,522000000.0,308000000.0,0.29,0.29,0.29,7341000000.0,5993000000.0,7341000000.0,9783372980.0,19.0,9.16,89000000.0,0.172,1.0,2723000000.0,0.496,3606000000.0,214000000.0,6987000000.0,8354500000.0,1253000000.0,205000000.0,205000000.0,0.0,4385000000.0,2757000000.0,1628000000.0,6982372980.0,105000000.0,0.0,723000000.0,-416000000.0,0.0,369000000.0,-935000000.0,0.0,671000000.0,0.0,149000000.0,149000000.0,149000000.0,0.0,0.0,0.027,2156000000.0,567000000.0,687000000.0,0.0,0.951,46.862,46.655,2659000000.0,0.0,13.53,1.271,1.271,3059000000.0,2000000.0,5493000000.0,5493000000.0,588000000.0,0.013,0.025,0.062,0.095,0.0,1195000000.0,1.0,516066000.0,516066000.0,,10.644,8120000000.0,225000000.0,159000000.0,0.0,15.734,2216000000.0
17,MON2,MRY,1999-12-31,1999-12-31,1999-12-31,2021-03-16,-281000000.0,11101000000.0,10996000000.0,4027000000.0,7074000000.0,0.477,9.108,-307000000.0,26000000.0,26000000.0,2556000000.0,150000000.0,2.363,1.39,4367000000.0,89000000.0,4278000000.0,4367000000.0,0.0,547000000.0,0.0,,0.0,506000000.0,1053000000.0,0.201,1053000000.0,506000000.0,263000000.0,0.29,0.29,0.29,4645000000.0,4385000000.0,4645000000.0,,,,-187000000.0,-0.367,1.0,2692000000.0,0.513,4016000000.0,243000000.0,9722000000.0,9427500000.0,1440000000.0,0.0,0.0,0.0,6456000000.0,1704000000.0,4752000000.0,,-11000000.0,-108000000.0,0.0,-343000000.0,0.0,284000000.0,-415000000.0,0.0,120000000.0,0.0,150000000.0,150000000.0,150000000.0,0.0,0.0,0.029,2082000000.0,610000000.0,466000000.0,0.0,,,,2219000000.0,0.0,,,,2378000000.0,,5248000000.0,5248000000.0,695000000.0,0.014,0.034,0.054,0.096,0.0,1237000000.0,1.0,510000000.0,510000000.0,,10.29,7085000000.0,130000000.0,113000000.0,0.0,13.892,2323000000.0
18,MON2,MRY,1998-12-31,1998-12-31,1998-12-31,2021-03-16,-24000000.0,10891000000.0,,3748000000.0,7143000000.0,,,-432000000.0,37000000.0,37000000.0,2149000000.0,-125000000.0,2.005,1.64,4710000000.0,322000000.0,4388000000.0,4710000000.0,0.0,368000000.0,0.0,,0.0,34000000.0,402000000.0,0.09,402000000.0,34000000.0,-60000000.0,-0.24,-0.24,-0.24,4125000000.0,,4125000000.0,,,,-960000000.0,,1.0,2299000000.0,0.517,4562000000.0,94000000.0,9133000000.0,,1400000000.0,0.0,0.0,0.0,6766000000.0,1869000000.0,4897000000.0,,1000000.0,-4112000000.0,0.0,3207000000.0,0.0,5073000000.0,-4544000000.0,0.0,-528000000.0,0.0,-125000000.0,-125000000.0,-125000000.0,0.0,0.0,-0.028,2244000000.0,55000000.0,572000000.0,0.0,,,,1849000000.0,0.0,,,,2039000000.0,,4448000000.0,4448000000.0,536000000.0,,,,0.008,0.0,1135000000.0,1.0,,,,,6329000000.0,212000000.0,65000000.0,0.0,,1879000000.0
19,MON2,MRY,1997-12-31,1997-12-31,1997-12-31,2021-03-16,,,,,,,,-280000000.0,,,1729000000.0,31000000.0,,,,,,,,245000000.0,,,0.0,21000000.0,266000000.0,0.072,266000000.0,21000000.0,1000000.0,,,,,,,,,,-32000000.0,,1.0,1944000000.0,0.529,,20000000.0,,,,,,,,,,,-49000000.0,-1598000000.0,0.0,1390000000.0,0.0,1581000000.0,-1878000000.0,0.0,248000000.0,0.0,31000000.0,31000000.0,31000000.0,0.0,0.0,0.008,1931000000.0,13000000.0,,,,,,,0.0,,,,,,3673000000.0,3673000000.0,409000000.0,,,,0.006,0.0,869000000.0,1.0,,,,,,,-30000000.0,,,
0,MON2,MRQ,2018-03-31,2018-02-28,2018-02-28,2021-03-16,-2445000000.0,22687000000.0,,10056000000.0,12631000000.0,,17.583,-243000000.0,2409000000.0,2409000000.0,2053000000.0,1460000000.0,1.407,1.924,7847000000.0,1212000000.0,6635000000.0,7847000000.0,1800000000.0,193000000.0,0.0,0.018,0.54,1945000000.0,2138000000.0,0.426,2138000000.0,1945000000.0,1840000000.0,3.31,3.27,3.31,7754000000.0,,7754000000.0,59403672803.0,17.0,14.171,95000000.0,0.215,1.0,2966000000.0,0.591,5077000000.0,105000000.0,15899000000.0,,4015000000.0,0.0,0.0,0.0,14921000000.0,7149000000.0,7772000000.0,54388672803.0,-693000000.0,0.0,0.0,-675000000.0,-238000000.0,-892000000.0,-156000000.0,0.0,338000000.0,17000000.0,1459000000.0,1459000000.0,1459000000.0,0.0,1000000.0,0.291,1070000000.0,1896000000.0,888000000.0,0.163,7.014,21.834,21.835,6109000000.0,0.0,123.37,3.727,3.728,3350000000.0,13290000000.0,5019000000.0,5019000000.0,394000000.0,,,,,29000000.0,652000000.0,1.0,440858173.0,441000000.0,445500000.0,11.381,17610000000.0,495000000.0,381000000.0,339000000.0,39.932,2907000000.0
1,MON2,MRQ,2017-12-31,2017-11-30,2017-11-30,2021-03-16,-2495000000.0,23136000000.0,,10560000000.0,12576000000.0,,14.995,-418000000.0,3102000000.0,3102000000.0,1346000000.0,171000000.0,1.279,2.503,8117000000.0,1168000000.0,6949000000.0,8117000000.0,3230000000.0,188000000.0,0.0,0.018,0.54,353000000.0,541000000.0,0.204,541000000.0,353000000.0,229000000.0,0.38,0.38,0.38,6601000000.0,,6601000000.0,58361264331.0,17.0,13.856,874000000.0,1.985,1.0,1312000000.0,0.494,5081000000.0,124000000.0,14812000000.0,,4033000000.0,0.0,0.0,0.0,16521000000.0,8258000000.0,8263000000.0,52093264331.0,1246000000.0,0.0,0.0,393000000.0,-238000000.0,178000000.0,-210000000.0,7000000.0,1292000000.0,-14000000.0,169000000.0,169000000.0,169000000.0,0.0,2000000.0,0.064,1070000000.0,242000000.0,1269000000.0,1.421,7.892,21.706,21.674,5959000000.0,0.0,118.34,3.556,3.556,3158000000.0,12241000000.0,2658000000.0,2658000000.0,382000000.0,,,,,34000000.0,664000000.0,1.0,440199969.0,440200000.0,445300000.0,6.038,18055000000.0,534000000.0,60000000.0,332000000.0,41.015,2302000000.0
2,MON2,MRQ,2017-09-30,2017-08-31,2017-08-31,2021-03-16,-2427000000.0,21333000000.0,,8651000000.0,12682000000.0,,14.652,-392000000.0,1856000000.0,1856000000.0,1346000000.0,25000000.0,1.352,2.311,8124000000.0,870000000.0,7254000000.0,8124000000.0,841000000.0,199000000.0,0.0,0.018,0.54,-36000000.0,163000000.0,0.061,163000000.0,-36000000.0,-150000000.0,0.04,0.03,0.04,6438000000.0,,6438000000.0,59731659468.0,18.0,14.619,2144000000.0,4.879,1.0,1340000000.0,0.499,5112000000.0,114000000.0,16091000000.0,,3340000000.0,0.0,0.0,0.0,14875000000.0,6398000000.0,8477000000.0,51488659468.0,242000000.0,0.0,0.0,-1743000000.0,-236000000.0,-1962000000.0,-355000000.0,-2000000.0,2536000000.0,23000000.0,20000000.0,20000000.0,20000000.0,13000000.0,5000000.0,0.007,1403000000.0,-63000000.0,1174000000.0,13.5,7.998,22.783,22.757,5930000000.0,0.0,117.2,3.517,3.513,3109000000.0,12072000000.0,2686000000.0,2686000000.0,439000000.0,,,,,38000000.0,938000000.0,1.0,439323033.0,439400000.0,446200000.0,6.113,16221000000.0,564000000.0,-170000000.0,250000000.0,36.916,2253000000.0
3,MON2,MRQ,2017-06-30,2017-05-31,2017-05-31,2021-03-16,-2735000000.0,21758000000.0,,10018000000.0,11740000000.0,,14.876,-305000000.0,1614000000.0,1614000000.0,1844000000.0,847000000.0,1.44,2.329,9857000000.0,2611000000.0,7246000000.0,9857000000.0,569000000.0,177000000.0,0.0,0.018,0.54,1173000000.0,1350000000.0,0.319,1350000000.0,1173000000.0,1073000000.0,1.92,1.9,1.92,6532000000.0,,6532000000.0,58414793441.0,18.0,14.531,-1152000000.0,-2.624,1.0,2386000000.0,0.564,5077000000.0,100000000.0,17966000000.0,,3189000000.0,6000000.0,6000000.0,0.0,15210000000.0,6958000000.0,8252000000.0,51524793441.0,-667000000.0,-4000000.0,0.0,691000000.0,-237000000.0,490000000.0,-314000000.0,2000000.0,-847000000.0,4000000.0,843000000.0,843000000.0,843000000.0,0.0,4000000.0,0.199,1222000000.0,1164000000.0,790000000.0,0.281,7.888,25.146,24.983,5500000000.0,0.0,117.42,3.55,3.552,4793000000.0,12527000000.0,4230000000.0,4230000000.0,417000000.0,,,,,26000000.0,789000000.0,1.0,438807643.0,439100000.0,443400000.0,9.633,16681000000.0,534000000.0,230000000.0,365000000.0,37.989,3060000000.0
4,MON2,MRQ,2017-03-31,2017-02-28,2017-02-28,2021-03-16,-2817000000.0,21373000000.0,,9882000000.0,11491000000.0,,12.628,-226000000.0,2281000000.0,2281000000.0,2122000000.0,1366000000.0,1.356,2.855,9171000000.0,1611000000.0,7560000000.0,9171000000.0,1434000000.0,183000000.0,0.0,0.019,0.54,1975000000.0,2158000000.0,0.425,2158000000.0,1975000000.0,1873000000.0,3.12,3.09,3.12,5540000000.0,,5540000000.0,56408695730.0,17.0,13.599,-152000000.0,-0.346,1.0,2952000000.0,0.582,5082000000.0,102000000.0,15892000000.0,,3621000000.0,10000000.0,10000000.0,0.0,15819000000.0,7289000000.0,8530000000.0,49920695730.0,152000000.0,0.0,0.0,383000000.0,-238000000.0,161000000.0,-111000000.0,50000000.0,74000000.0,28000000.0,1368000000.0,1368000000.0,1368000000.0,0.0,-2000000.0,0.27,1088000000.0,1864000000.0,832000000.0,0.173,9.011,25.96,25.753,5335000000.0,0.0,113.83,3.449,3.45,3431000000.0,11685000000.0,5074000000.0,5074000000.0,381000000.0,,,,,30000000.0,657000000.0,1.0,438554825.0,438700000.0,442300000.0,11.566,16291000000.0,527000000.0,505000000.0,380000000.0,37.135,2593000000.0
5,MON2,MRQ,2016-12-31,2016-11-30,2016-11-30,2021-03-16,-3015000000.0,20959000000.0,,9652000000.0,11307000000.0,,10.048,-317000000.0,2129000000.0,2129000000.0,1391000000.0,35000000.0,1.287,3.758,8617000000.0,570000000.0,8047000000.0,8617000000.0,2938000000.0,189000000.0,0.0,0.021,0.54,226000000.0,415000000.0,0.157,415000000.0,226000000.0,90000000.0,0.07,0.07,0.07,4402000000.0,,4402000000.0,52349192332.0,18.0,14.191,1146000000.0,2.616,1.0,1259000000.0,0.475,5076000000.0,136000000.0,14871000000.0,,3839000000.0,60000000.0,60000000.0,0.0,16542000000.0,7500000000.0,9042000000.0,44985192332.0,453000000.0,-7000000.0,0.0,-428000000.0,-237000000.0,-655000000.0,-327000000.0,0.0,1463000000.0,-28000000.0,29000000.0,29000000.0,29000000.0,0.0,6000000.0,0.011,1012000000.0,247000000.0,1167000000.0,7.714,10.219,27.803,27.61,5217000000.0,0.0,102.71,3.229,3.23,3152000000.0,10792000000.0,2650000000.0,2650000000.0,370000000.0,,,,,32000000.0,585000000.0,1.0,437982595.0,438100000.0,441700000.0,6.049,15883000000.0,487000000.0,61000000.0,220000000.0,36.254,2152000000.0
6,MON2,MRQ,2016-09-30,2016-08-31,2016-08-31,2021-03-16,-2808000000.0,19736000000.0,,8157000000.0,11579000000.0,,10.347,-257000000.0,1676000000.0,1676000000.0,1424000000.0,-205000000.0,1.212,3.35,9040000000.0,1587000000.0,7453000000.0,9040000000.0,603000000.0,185000000.0,0.0,0.02,0.54,-88000000.0,97000000.0,0.038,97000000.0,-88000000.0,-192000000.0,-0.41,-0.41,-0.41,4534000000.0,,4534000000.0,55901794478.0,23.0,17.502,1916000000.0,4.372,1.0,1138000000.0,0.444,5145000000.0,104000000.0,15226000000.0,,3241000000.0,60000000.0,60000000.0,0.0,15191000000.0,6729000000.0,8462000000.0,46601794478.0,471000000.0,0.0,0.0,-1284000000.0,-237000000.0,-1509000000.0,-225000000.0,-50000000.0,2173000000.0,32000000.0,-191000000.0,-191000000.0,-191000000.0,15000000.0,-14000000.0,-0.075,1403000000.0,-265000000.0,1129000000.0,-1.317,10.278,34.882,35.265,5231000000.0,0.0,106.5,3.451,3.492,2782000000.0,10763000000.0,2562000000.0,2562000000.0,421000000.0,,,,,20000000.0,975000000.0,1.0,437575535.0,438200000.0,443800000.0,5.847,14591000000.0,613000000.0,-1000000.0,109000000.0,33.298,1428000000.0
7,MON2,MRQ,2016-06-30,2016-05-31,2016-05-31,2021-03-16,-2859000000.0,20328000000.0,,9055000000.0,11273000000.0,,11.691,-177000000.0,1205000000.0,1205000000.0,1809000000.0,715000000.0,1.465,2.977,10505000000.0,2557000000.0,7948000000.0,10505000000.0,455000000.0,178000000.0,0.0,0.019,0.54,1300000000.0,1478000000.0,0.353,1478000000.0,1300000000.0,1200000000.0,1.64,1.63,1.64,5110000000.0,,5110000000.0,57109956025.0,29.0,20.973,-1151000000.0,-2.633,1.0,2380000000.0,0.568,5154000000.0,100000000.0,18294000000.0,,3370000000.0,11000000.0,11000000.0,0.0,15214000000.0,6180000000.0,9034000000.0,49131956025.0,155000000.0,-2000000.0,0.0,1459000000.0,-236000000.0,1269000000.0,-156000000.0,0.0,-974000000.0,16000000.0,717000000.0,717000000.0,717000000.0,0.0,-2000000.0,0.171,1131000000.0,1249000000.0,673000000.0,0.329,9.615,47.608,44.106,4994000000.0,0.0,112.47,3.696,3.698,4068000000.0,11426000000.0,4189000000.0,4189000000.0,387000000.0,,,,,14000000.0,729000000.0,1.0,436844990.0,437100000.0,440300000.0,9.584,15174000000.0,451000000.0,483000000.0,249000000.0,34.715,2875000000.0
8,MON2,MRQ,2016-03-31,2016-02-29,2016-02-29,2021-03-16,-3051000000.0,19413000000.0,,8483000000.0,10930000000.0,,9.466,-163000000.0,1050000000.0,1050000000.0,1934000000.0,1060000000.0,1.428,3.676,9028000000.0,1083000000.0,7945000000.0,9028000000.0,1205000000.0,183000000.0,0.0,0.023,0.54,1516000000.0,1699000000.0,0.375,1699000000.0,1516000000.0,1413000000.0,2.42,2.41,2.42,4152000000.0,,4152000000.0,47077585596.0,20.0,15.39,-137000000.0,-0.312,1.0,2598000000.0,0.573,5176000000.0,103000000.0,16276000000.0,,3704000000.0,12000000.0,12000000.0,0.0,15262000000.0,5939000000.0,9323000000.0,39627585596.0,-1227000000.0,0.0,-1000000.0,-856000000.0,-237000000.0,-1088000000.0,-147000000.0,35000000.0,26000000.0,-18000000.0,1063000000.0,1063000000.0,1063000000.0,0.0,-3000000.0,0.235,935000000.0,1663000000.0,654000000.0,0.223,9.544,27.217,27.27,4892000000.0,0.0,89.99,2.896,2.884,2562000000.0,10709000000.0,4532000000.0,4532000000.0,340000000.0,,,,,30000000.0,586000000.0,1.0,440355435.0,438600000.0,441700000.0,10.333,14237000000.0,996000000.0,350000000.0,625000000.0,32.46,2544000000.0
9,MON2,MRQ,2015-12-31,2015-11-30,2015-11-30,2021-03-16,-3018000000.0,21446000000.0,,10467000000.0,10979000000.0,,7.837,-326000000.0,2277000000.0,2277000000.0,1318000000.0,-257000000.0,1.231,5.023,9727000000.0,1788000000.0,7939000000.0,9727000000.0,3191000000.0,181000000.0,0.0,0.021,0.54,-261000000.0,-80000000.0,-0.036,-80000000.0,-261000000.0,-390000000.0,-0.56,-0.56,-0.56,3559000000.0,,3559000000.0,47197904526.0,16.0,13.085,1037000000.0,2.284,1.0,901000000.0,0.406,5190000000.0,129000000.0,15205000000.0,,3872000000.0,47000000.0,47000000.0,0.0,17878000000.0,8501000000.0,9377000000.0,41854904526.0,-1424000000.0,0.0,-3000000000.0,837000000.0,-254000000.0,-2414000000.0,-336000000.0,0.0,1363000000.0,-37000000.0,-253000000.0,-253000000.0,-253000000.0,0.0,-4000000.0,-0.114,1173000000.0,-272000000.0,834000000.0,-0.964,11.76,23.022,25.042,4870000000.0,0.0,95.16,2.917,3.011,3141000000.0,10121000000.0,2219000000.0,2219000000.0,364000000.0,,,,,31000000.0,543000000.0,1.0,439837164.0,454100000.0,454100000.0,4.887,16256000000.0,1032000000.0,-137000000.0,426000000.0,35.798,1966000000.0
10,MON2,MRQ,2015-09-30,2015-08-31,2015-08-31,2021-03-16,-2801000000.0,21920000000.0,,10625000000.0,11295000000.0,,14.901,-266000000.0,3701000000.0,3701000000.0,1359000000.0,-492000000.0,2.052,2.134,9044000000.0,615000000.0,8429000000.0,9044000000.0,417000000.0,178000000.0,0.0,0.02,0.49,-552000000.0,-374000000.0,-0.159,-374000000.0,-552000000.0,-682000000.0,-0.95,-0.99,-0.95,6990000000.0,,6990000000.0,53488048202.0,15.0,12.361,2872000000.0,6.122,1.0,996000000.0,0.423,5393000000.0,130000000.0,16693000000.0,,3496000000.0,47000000.0,47000000.0,0.0,14915000000.0,5177000000.0,9738000000.0,45684048202.0,2522000000.0,0.0,-130000000.0,75000000.0,-229000000.0,-287000000.0,-260000000.0,-19000000.0,3138000000.0,-69000000.0,-495000000.0,-495000000.0,-495000000.0,23000000.0,3000000.0,-0.21,1556000000.0,-560000000.0,908000000.0,-0.516,6.536,19.742,20.134,4973000000.0,0.0,97.65,3.045,3.104,2481000000.0,10374000000.0,2355000000.0,2355000000.0,422000000.0,,,,,16000000.0,741000000.0,1.0,467834595.0,469100000.0,472700000.0,5.02,16527000000.0,1020000000.0,-187000000.0,574000000.0,35.231,5448000000.0
11,MON2,MRQ,2015-06-30,2015-05-31,2015-05-31,2021-03-16,-2504000000.0,22259000000.0,,10589000000.0,11670000000.0,,17.635,-190000000.0,1179000000.0,1179000000.0,1843000000.0,1155000000.0,2.585,1.667,8983000000.0,587000000.0,8396000000.0,8983000000.0,438000000.0,176000000.0,0.0,0.016,0.49,1638000000.0,1814000000.0,0.396,1814000000.0,1638000000.0,1542000000.0,2.39,2.39,2.39,8338000000.0,,8338000000.0,61202511393.0,15.0,12.871,-1738000000.0,-3.676,1.0,2736000000.0,0.598,5585000000.0,96000000.0,20381000000.0,,3625000000.0,28000000.0,28000000.0,0.0,13899000000.0,4097000000.0,9802000000.0,55694511393.0,-1553000000.0,0.0,-213000000.0,668000000.0,-234000000.0,263000000.0,-227000000.0,-28000000.0,-1548000000.0,-41000000.0,1141000000.0,1141000000.0,1141000000.0,0.0,14000000.0,0.249,1092000000.0,1644000000.0,698000000.0,0.205,6.68,20.993,20.964,4864000000.0,0.0,116.98,3.646,3.621,4894000000.0,11350000000.0,4579000000.0,4579000000.0,374000000.0,,,,,23000000.0,718000000.0,1.0,476102850.0,472800000.0,477200000.0,9.685,16674000000.0,1021000000.0,401000000.0,875000000.0,35.266,6492000000.0
12,MON2,MRQ,2015-03-31,2015-02-28,2015-02-28,2021-03-16,-2203000000.0,22402000000.0,,10699000000.0,11703000000.0,,15.844,-164000000.0,2732000000.0,2732000000.0,2158000000.0,1419000000.0,1.955,1.924,8240000000.0,346000000.0,7894000000.0,8240000000.0,1079000000.0,180000000.0,0.0,0.015,0.49,2067000000.0,2247000000.0,0.432,2247000000.0,2067000000.0,1975000000.0,2.92,2.92,2.92,7659000000.0,,7659000000.0,63231120455.0,17.0,14.513,5000000.0,0.01,1.0,3039000000.0,0.585,5655000000.0,92000000.0,16783000000.0,,3978000000.0,0.0,0.0,0.0,14734000000.0,5472000000.0,9262000000.0,58202120455.0,-404000000.0,-8000000.0,-196000000.0,59000000.0,-237000000.0,-299000000.0,-152000000.0,40000000.0,169000000.0,-122000000.0,1425000000.0,1425000000.0,1425000000.0,0.0,-6000000.0,0.274,1019000000.0,2020000000.0,829000000.0,0.168,7.599,24.558,24.934,4869000000.0,0.0,120.43,3.894,3.895,3086000000.0,10207000000.0,5197000000.0,5197000000.0,372000000.0,,,,,13000000.0,647000000.0,1.0,483285896.0,483400000.0,488100000.0,10.751,16747000000.0,1002000000.0,550000000.0,1017000000.0,34.644,5227000000.0
13,MON2,MRQ,2014-12-31,2014-11-30,2014-11-30,2021-03-16,-1589000000.0,23374000000.0,,11398000000.0,11976000000.0,,15.297,-347000000.0,3136000000.0,3136000000.0,1459000000.0,243000000.0,1.629,2.151,8165000000.0,636000000.0,7529000000.0,8165000000.0,2574000000.0,182000000.0,0.0,0.015,0.49,458000000.0,640000000.0,0.223,640000000.0,458000000.0,343000000.0,0.5,0.5,0.5,7410000000.0,,7410000000.0,63439233240.0,16.0,13.608,1002000000.0,2.069,1.0,1411000000.0,0.492,5760000000.0,115000000.0,15644000000.0,,4300000000.0,40000000.0,40000000.0,0.0,15942000000.0,6999000000.0,8943000000.0,58045233240.0,769000000.0,0.0,-296000000.0,424000000.0,-238000000.0,-107000000.0,-380000000.0,-30000000.0,1349000000.0,-93000000.0,243000000.0,243000000.0,243000000.0,0.0,0.0,0.085,992000000.0,419000000.0,933000000.0,0.98,7.833,22.197,23.558,4985000000.0,0.0,119.91,3.725,3.728,3136000000.0,9255000000.0,2870000000.0,2870000000.0,412000000.0,,,,,15000000.0,580000000.0,1.0,484073332.0,484400000.0,489400000.0,5.925,17614000000.0,1005000000.0,100000000.0,576000000.0,36.363,4399000000.0
14,MON2,MRQ,2014-09-30,2014-08-31,2014-08-31,2021-03-16,-1114000000.0,21918000000.0,,9675000000.0,12243000000.0,,15.719,-317000000.0,2367000000.0,2367000000.0,1397000000.0,-163000000.0,1.893,1.778,7698000000.0,233000000.0,7465000000.0,7698000000.0,485000000.0,184000000.0,0.0,0.015,0.43,-130000000.0,54000000.0,0.021,54000000.0,-130000000.0,-243000000.0,-0.23,-0.23,-0.23,7875000000.0,,7875000000.0,61982253888.0,15.0,13.03,2366000000.0,4.723,1.0,1233000000.0,0.469,5873000000.0,113000000.0,16264000000.0,,3597000000.0,40000000.0,40000000.0,0.0,14004000000.0,5112000000.0,8892000000.0,60669253888.0,469000000.0,0.0,-6168000000.0,4485000000.0,-225000000.0,-1839000000.0,-361000000.0,-40000000.0,2683000000.0,-14000000.0,-156000000.0,-156000000.0,-156000000.0,13000000.0,-7000000.0,-0.059,1390000000.0,-157000000.0,1193000000.0,-1.87,7.704,22.142,21.903,5082000000.0,0.0,115.65,3.827,3.788,2923000000.0,9012000000.0,2630000000.0,2630000000.0,485000000.0,,,,,16000000.0,905000000.0,1.0,524593635.0,501000000.0,506000000.0,5.25,16045000000.0,1085000000.0,-87000000.0,608000000.0,32.026,4563000000.0
15,MON2,MRQ,2014-06-30,2014-05-31,2014-05-31,2021-03-16,-1031000000.0,23281000000.0,,11237000000.0,12044000000.0,,27.965,-217000000.0,1898000000.0,1898000000.0,1919000000.0,880000000.0,2.859,0.575,3211000000.0,162000000.0,3049000000.0,3211000000.0,394000000.0,175000000.0,0.0,0.014,0.43,1241000000.0,1416000000.0,0.333,1416000000.0,1241000000.0,1199000000.0,1.64,1.62,1.64,14662000000.0,,14662000000.0,63220212833.0,16.0,13.867,-1692000000.0,-3.227,1.0,2331000000.0,0.548,5951000000.0,42000000.0,14712000000.0,,3552000000.0,0.0,0.0,0.0,8431000000.0,3931000000.0,4500000000.0,63870212833.0,-1907000000.0,0.0,-150000000.0,26000000.0,-226000000.0,-273000000.0,-178000000.0,45000000.0,-1475000000.0,19000000.0,858000000.0,858000000.0,858000000.0,0.0,22000000.0,0.202,1082000000.0,1249000000.0,787000000.0,0.262,4.356,24.129,24.081,4878000000.0,0.0,121.85,4.14,4.141,5141000000.0,9633000000.0,4250000000.0,4250000000.0,427000000.0,,,,,11000000.0,655000000.0,1.0,524170807.0,524300000.0,529800000.0,8.106,17330000000.0,1047000000.0,341000000.0,869000000.0,33.054,7306000000.0
16,MON2,MRQ,2014-03-31,2014-02-28,2014-02-28,2021-03-16,-1196000000.0,23457000000.0,,11550000000.0,11907000000.0,,26.063,-168000000.0,3805000000.0,3805000000.0,2385000000.0,1672000000.0,2.287,0.703,3155000000.0,104000000.0,3051000000.0,3155000000.0,957000000.0,170000000.0,0.0,0.015,0.43,2382000000.0,2552000000.0,0.438,2552000000.0,2382000000.0,2342000000.0,3.18,3.15,3.18,13678000000.0,,13678000000.0,56569934424.0,15.0,12.48,-20000000.0,-0.038,1.0,3447000000.0,0.591,5972000000.0,40000000.0,11784000000.0,,3692000000.0,45000000.0,45000000.0,0.0,9616000000.0,5051000000.0,4565000000.0,57746934424.0,-691000000.0,-5000000.0,-203000000.0,-137000000.0,-225000000.0,-493000000.0,-315000000.0,204000000.0,148000000.0,-31000000.0,1670000000.0,1670000000.0,1670000000.0,0.0,2000000.0,0.286,1029000000.0,2418000000.0,878000000.0,0.135,4.222,21.404,21.488,4735000000.0,0.0,110.02,3.744,3.743,3314000000.0,8775000000.0,5832000000.0,5832000000.0,404000000.0,,,,,9000000.0,625000000.0,1.0,524876699.0,524800000.0,530300000.0,11.113,17485000000.0,1050000000.0,672000000.0,1137000000.0,33.317,6499000000.0
17,MON2,MRQ,2013-12-31,2013-11-30,2013-11-30,2021-03-16,-1176000000.0,24077000000.0,,12496000000.0,11581000000.0,,23.86,-303000000.0,4496000000.0,4496000000.0,1580000000.0,373000000.0,1.866,0.902,3319000000.0,262000000.0,3057000000.0,3319000000.0,2979000000.0,162000000.0,0.0,0.014,0.43,573000000.0,735000000.0,0.234,735000000.0,573000000.0,520000000.0,0.7,0.69,0.7,12572000000.0,,12572000000.0,58037199914.0,16.0,13.64,1395000000.0,2.648,1.0,1563000000.0,0.497,5692000000.0,53000000.0,10510000000.0,,3873000000.0,249000000.0,249000000.0,0.0,11338000000.0,6698000000.0,4640000000.0,59593199914.0,828000000.0,-917000000.0,-561000000.0,1109000000.0,-228000000.0,346000000.0,-1241000000.0,-7000000.0,1698000000.0,25000000.0,368000000.0,368000000.0,368000000.0,0.0,5000000.0,0.117,998000000.0,565000000.0,855000000.0,0.614,4.74,23.733,24.011,4686000000.0,0.0,113.33,3.956,3.964,3210000000.0,7556000000.0,3143000000.0,3143000000.0,409000000.0,,,,,12000000.0,589000000.0,1.0,525837818.0,526900000.0,532600000.0,5.965,18385000000.0,1115000000.0,152000000.0,645000000.0,34.893,5798000000.0
18,MON2,MRQ,2013-09-30,2013-08-31,2013-08-31,2021-03-16,-1278000000.0,20664000000.0,,10077000000.0,10587000000.0,,23.638,-282000000.0,3668000000.0,3668000000.0,1278000000.0,-239000000.0,2.324,0.632,2112000000.0,51000000.0,2061000000.0,2112000000.0,655000000.0,158000000.0,0.0,0.015,0.375,-302000000.0,-144000000.0,-0.065,-144000000.0,-302000000.0,-351000000.0,-0.46,-0.45,-0.46,12559000000.0,,12559000000.0,51488073195.0,14.0,12.306,1672000000.0,3.147,1.0,924000000.0,0.42,4746000000.0,49000000.0,10026000000.0,,2947000000.0,254000000.0,254000000.0,0.0,7936000000.0,4336000000.0,3600000000.0,52186073195.0,747000000.0,-45000000.0,-517000000.0,-29000000.0,-200000000.0,-746000000.0,-390000000.0,-111000000.0,1954000000.0,-71000000.0,-249000000.0,-249000000.0,-249000000.0,11000000.0,10000000.0,-0.113,1213000000.0,-289000000.0,1007000000.0,-0.815,4.155,21.026,21.052,4654000000.0,0.0,97.89,3.512,3.516,2700000000.0,7188000000.0,2202000000.0,2202000000.0,436000000.0,,,,,18000000.0,777000000.0,1.0,533109339.0,531300000.0,536700000.0,4.145,15918000000.0,1033000000.0,-102000000.0,560000000.0,29.96,5741000000.0
19,MON2,MRQ,2013-06-30,2013-05-31,2013-05-31,2021-03-16,-1122000000.0,21679000000.0,,11141000000.0,10538000000.0,,25.967,-198000000.0,2921000000.0,2921000000.0,1986000000.0,932000000.0,2.921,0.548,2223000000.0,169000000.0,2054000000.0,2223000000.0,489000000.0,152000000.0,0.0,0.014,0.375,1238000000.0,1390000000.0,0.327,1390000000.0,1238000000.0,1201000000.0,1.7,1.68,1.7,13869000000.0,,13869000000.0,51488737005.0,14.0,12.152,-1269000000.0,-2.376,1.0,2262000000.0,0.532,4735000000.0,37000000.0,12432000000.0,,2884000000.0,143000000.0,143000000.0,0.0,7601000000.0,3814000000.0,3787000000.0,53725737005.0,-1522000000.0,-41000000.0,-251000000.0,28000000.0,-200000000.0,-317000000.0,-86000000.0,167000000.0,-1071000000.0,-48000000.0,909000000.0,909000000.0,909000000.0,0.0,23000000.0,0.214,1024000000.0,1238000000.0,745000000.0,0.221,3.874,21.473,21.504,4467000000.0,0.0,100.64,3.641,3.642,4664000000.0,7865000000.0,4248000000.0,4248000000.0,392000000.0,,,,,1000000.0,632000000.0,1.0,533840789.0,534100000.0,540000000.0,7.954,16944000000.0,1092000000.0,292000000.0,841000000.0,31.724,7327000000.0
20,MON2,MRQ,2013-03-31,2013-02-28,2013-02-28,2021-03-16,-944000000.0,22079000000.0,,11534000000.0,10545000000.0,,24.757,-128000000.0,4443000000.0,4443000000.0,2402000000.0,1483000000.0,2.449,0.651,2206000000.0,152000000.0,2054000000.0,2206000000.0,943000000.0,153000000.0,0.0,0.013,0.375,2121000000.0,2274000000.0,0.416,2274000000.0,2121000000.0,2086000000.0,2.78,2.74,2.78,13240000000.0,,13240000000.0,51576218810.0,14.0,11.887,160000000.0,0.299,1.0,3070000000.0,0.561,4739000000.0,35000000.0,10394000000.0,,3095000000.0,310000000.0,310000000.0,0.0,8621000000.0,4709000000.0,3912000000.0,54133218810.0,-194000000.0,-79000000.0,-300000000.0,59000000.0,-201000000.0,-306000000.0,-205000000.0,0.0,288000000.0,29000000.0,1483000000.0,1483000000.0,1483000000.0,0.0,0.0,0.271,958000000.0,2112000000.0,758000000.0,0.135,4.089,21.397,21.314,4400000000.0,0.0,101.03,3.676,3.669,3112000000.0,6956000000.0,5472000000.0,5472000000.0,360000000.0,,,,,-7000000.0,598000000.0,1.0,535813311.0,534800000.0,540900000.0,10.232,17340000000.0,1200000000.0,603000000.0,840000000.0,32.423,6825000000.0
21,MON2,MRQ,2012-12-31,2012-11-30,2012-11-30,2021-03-16,-988000000.0,22537000000.0,,12060000000.0,10477000000.0,,22.923,-133000000.0,4637000000.0,4637000000.0,1542000000.0,349000000.0,1.957,0.822,2080000000.0,26000000.0,2054000000.0,2080000000.0,3061000000.0,152000000.0,0.0,0.014,0.375,512000000.0,664000000.0,0.226,664000000.0,512000000.0,461000000.0,0.63,0.63,0.63,12259000000.0,,12259000000.0,47754839155.0,14.0,11.882,1436000000.0,2.685,1.0,1397000000.0,0.475,4657000000.0,51000000.0,9162000000.0,,3571000000.0,310000000.0,310000000.0,0.0,10072000000.0,6161000000.0,3911000000.0,48963839155.0,1354000000.0,0.0,-27000000.0,69000000.0,-201000000.0,-116000000.0,-96000000.0,-8000000.0,1569000000.0,-3000000.0,339000000.0,339000000.0,339000000.0,0.0,10000000.0,0.115,888000000.0,509000000.0,793000000.0,0.595,3.994,21.685,21.652,4348000000.0,0.0,91.59,3.496,3.498,3158000000.0,5876000000.0,2939000000.0,2939000000.0,346000000.0,,,,,9000000.0,542000000.0,1.0,534598091.0,534800000.0,540400000.0,5.496,17880000000.0,1065000000.0,122000000.0,382000000.0,33.433,5899000000.0
22,MON2,MRQ,2012-09-30,2012-08-31,2012-08-31,2021-03-16,-1036000000.0,20224000000.0,,9658000000.0,10566000000.0,,22.167,-270000000.0,3283000000.0,3283000000.0,1217000000.0,-219000000.0,2.288,0.692,2074000000.0,36000000.0,2038000000.0,2074000000.0,641000000.0,156000000.0,0.0,0.014,0.3,-247000000.0,-91000000.0,-0.043,-91000000.0,-247000000.0,-299000000.0,-0.43,-0.42,-0.43,11833000000.0,,11833000000.0,46881279727.0,15.0,12.472,1928000000.0,3.612,1.0,881000000.0,0.42,4672000000.0,52000000.0,10122000000.0,,2839000000.0,302000000.0,302000000.0,0.0,8188000000.0,4221000000.0,3967000000.0,46425279727.0,1567000000.0,-209000000.0,-9000000.0,-23000000.0,-160000000.0,-144000000.0,-492000000.0,0.0,2198000000.0,5000000.0,-229000000.0,-229000000.0,-229000000.0,0.0,10000000.0,-0.109,1137000000.0,-256000000.0,808000000.0,-0.698,3.923,22.702,22.744,4365000000.0,0.0,87.11,3.438,3.445,2893000000.0,5537000000.0,2098000000.0,2098000000.0,438000000.0,,,,,9000000.0,699000000.0,1.0,532950060.0,533800000.0,540200000.0,3.93,15552000000.0,1085000000.0,-70000000.0,388000000.0,29.135,5437000000.0
23,MON2,MRQ,2012-06-30,2012-05-31,2012-05-31,2021-03-16,-1176000000.0,19984000000.0,,9783000000.0,10201000000.0,,22.663,-137000000.0,1716000000.0,1716000000.0,1856000000.0,966000000.0,2.285,0.627,2172000000.0,634000000.0,1538000000.0,2172000000.0,629000000.0,155000000.0,0.0,0.015,0.3,1337000000.0,1492000000.0,0.354,1492000000.0,1337000000.0,1298000000.0,1.76,1.74,1.76,12077000000.0,,12077000000.0,40206185397.0,12.0,10.199,-956000000.0,-1.794,1.0,2363000000.0,0.56,4463000000.0,39000000.0,11695000000.0,,2514000000.0,302000000.0,302000000.0,0.0,7571000000.0,4282000000.0,3289000000.0,41181185397.0,-1407000000.0,0.0,-124000000.0,-82000000.0,-160000000.0,-349000000.0,-140000000.0,0.0,-819000000.0,-99000000.0,937000000.0,937000000.0,937000000.0,0.0,29000000.0,0.222,1013000000.0,1350000000.0,615000000.0,0.17,3.41,19.048,18.968,4164000000.0,0.0,77.2,3.016,3.013,4777000000.0,6122000000.0,4219000000.0,4219000000.0,375000000.0,,,,,23000000.0,638000000.0,1.0,533435044.0,532900000.0,538800000.0,7.917,15521000000.0,1254000000.0,361000000.0,744000000.0,29.126,5501000000.0
24,MON2,MRQ,2012-03-31,2012-02-29,2012-02-29,2021-03-16,-533000000.0,20721000000.0,,10024000000.0,10697000000.0,,22.444,-101000000.0,3123000000.0,3123000000.0,2043000000.0,1212000000.0,1.93,0.711,2148000000.0,610000000.0,1538000000.0,2148000000.0,1139000000.0,156000000.0,0.0,0.015,0.3,1798000000.0,1954000000.0,0.412,1954000000.0,1798000000.0,1751000000.0,2.27,2.24,2.27,11994000000.0,,11994000000.0,40487114245.0,14.0,11.246,461000000.0,0.863,1.0,2705000000.0,0.57,4654000000.0,47000000.0,9899000000.0,,2862000000.0,302000000.0,302000000.0,0.0,8525000000.0,5193000000.0,3332000000.0,41430114245.0,116000000.0,0.0,-273000000.0,4000000.0,-161000000.0,-332000000.0,-148000000.0,0.0,562000000.0,34000000.0,1211000000.0,1211000000.0,1211000000.0,0.0,1000000.0,0.255,896000000.0,1809000000.0,690000000.0,0.132,3.454,21.612,21.494,4259000000.0,0.0,77.38,3.177,3.171,3374000000.0,5190000000.0,4748000000.0,4748000000.0,353000000.0,,,,,29000000.0,543000000.0,1.0,535411143.0,534400000.0,540500000.0,8.885,16067000000.0,1335000000.0,540000000.0,705000000.0,30.065,4831000000.0
25,MON2,MRQ,2011-12-31,2011-11-30,2011-11-30,2021-03-16,-760000000.0,20423000000.0,,9734000000.0,10689000000.0,,20.622,-138000000.0,3007000000.0,3007000000.0,1343000000.0,134000000.0,1.663,0.835,2064000000.0,522000000.0,1542000000.0,2064000000.0,2316000000.0,155000000.0,0.0,0.016,0.3,249000000.0,404000000.0,0.166,404000000.0,249000000.0,196000000.0,0.24,0.23,0.24,11041000000.0,,11041000000.0,38974798248.0,15.0,11.857,972000000.0,1.815,1.0,1096000000.0,0.449,4648000000.0,53000000.0,8979000000.0,,3136000000.0,302000000.0,302000000.0,0.0,9223000000.0,5853000000.0,3370000000.0,39325798248.0,435000000.0,-113000000.0,-26000000.0,-162000000.0,-161000000.0,-340000000.0,-254000000.0,0.0,1110000000.0,-81000000.0,126000000.0,126000000.0,126000000.0,0.0,8000000.0,0.052,851000000.0,245000000.0,751000000.0,1.25,3.562,22.811,22.74,4230000000.0,0.0,73.45,3.165,3.165,3036000000.0,4300000000.0,2439000000.0,2439000000.0,351000000.0,,,,,17000000.0,500000000.0,1.0,535409098.0,535400000.0,541400000.0,4.555,15775000000.0,1316000000.0,70000000.0,289000000.0,29.464,3881000000.0
26,MON2,MRQ,2011-09-30,2011-08-31,2011-08-31,2021-03-16,-116000000.0,19844000000.0,,8809000000.0,11035000000.0,,21.567,-214000000.0,2572000000.0,2572000000.0,1275000000.0,-98000000.0,1.863,0.704,2221000000.0,678000000.0,1543000000.0,2221000000.0,710000000.0,156000000.0,0.0,0.016,0.28,-64000000.0,92000000.0,0.041,92000000.0,-64000000.0,-109000000.0,-0.2,-0.21,-0.2,11545000000.0,,11545000000.0,38028288582.0,15.0,12.271,1656000000.0,3.094,1.0,972000000.0,0.433,4674000000.0,45000000.0,10090000000.0,,2591000000.0,302000000.0,302000000.0,0.0,8128000000.0,4729000000.0,3399000000.0,36859288582.0,1498000000.0,0.0,-16000000.0,89000000.0,-150000000.0,-98000000.0,-268000000.0,-52000000.0,1870000000.0,-6000000.0,-112000000.0,-112000000.0,-112000000.0,0.0,14000000.0,-0.05,1042000000.0,-70000000.0,933000000.0,-1.4,3.193,22.937,22.977,4394000000.0,0.0,68.93,3.118,3.128,3221000000.0,4174000000.0,2247000000.0,2247000000.0,403000000.0,,,,,9000000.0,647000000.0,1.0,534735073.0,535300000.0,540900000.0,4.198,15170000000.0,1319000000.0,3000000.0,269000000.0,28.339,4080000000.0
27,MON2,MRQ,2011-06-30,2011-05-31,2011-05-31,2021-03-16,-200000000.0,20008000000.0,,8855000000.0,11153000000.0,,22.12,-109000000.0,1074000000.0,1074000000.0,1635000000.0,712000000.0,2.418,0.671,2243000000.0,216000000.0,2027000000.0,2243000000.0,675000000.0,147000000.0,0.0,0.016,0.28,1003000000.0,1150000000.0,0.319,1150000000.0,1003000000.0,968000000.0,1.29,1.28,1.29,11845000000.0,,11845000000.0,38376932957.0,17.0,13.125,-606000000.0,-1.132,1.0,1973000000.0,0.547,4699000000.0,35000000.0,12816000000.0,,2703000000.0,250000000.0,250000000.0,0.0,7952000000.0,3662000000.0,4290000000.0,38075932957.0,-763000000.0,0.0,-105000000.0,87000000.0,-150000000.0,-98000000.0,-183000000.0,-70000000.0,-497000000.0,15000000.0,692000000.0,692000000.0,692000000.0,0.0,20000000.0,0.192,952000000.0,1021000000.0,630000000.0,0.217,3.215,24.597,24.497,4270000000.0,0.0,71.04,3.319,3.316,4776000000.0,4596000000.0,3608000000.0,3608000000.0,360000000.0,,,,,23000000.0,591000000.0,1.0,535978786.0,535500000.0,541200000.0,6.738,15309000000.0,1477000000.0,276000000.0,461000000.0,28.588,5193000000.0
28,MON2,MRQ,2011-03-31,2011-02-28,2011-02-28,2021-03-16,-441000000.0,19603000000.0,,8589000000.0,11014000000.0,,20.464,-92000000.0,1837000000.0,1837000000.0,1821000000.0,1030000000.0,1.908,0.774,2138000000.0,409000000.0,1729000000.0,2138000000.0,1294000000.0,155000000.0,0.0,0.015,0.28,1486000000.0,1641000000.0,0.397,1641000000.0,1486000000.0,1447000000.0,1.9,1.88,1.9,10975000000.0,,10975000000.0,38973403474.0,20.0,15.411,725000000.0,1.352,1.0,2310000000.0,0.559,4673000000.0,39000000.0,10730000000.0,,2980000000.0,180000000.0,180000000.0,0.0,8495000000.0,4501000000.0,3994000000.0,38583403474.0,105000000.0,-99000000.0,-114000000.0,-66000000.0,-151000000.0,-328000000.0,-400000000.0,-180000000.0,817000000.0,16000000.0,1018000000.0,1018000000.0,1018000000.0,0.0,12000000.0,0.246,823000000.0,1487000000.0,637000000.0,0.147,3.516,30.646,30.591,4222000000.0,0.0,71.89,3.55,3.548,3447000000.0,3903000000.0,4131000000.0,4131000000.0,320000000.0,,,,,18000000.0,502000000.0,1.0,536700563.0,536300000.0,542400000.0,7.703,14930000000.0,1505000000.0,429000000.0,418000000.0,27.839,4088000000.0
29,MON2,MRQ,2010-12-31,2010-11-30,2010-11-30,2021-03-16,-707000000.0,18789000000.0,,7977000000.0,10812000000.0,,18.659,-125000000.0,1732000000.0,1732000000.0,1012000000.0,15000000.0,1.759,0.855,2122000000.0,394000000.0,1728000000.0,2122000000.0,1739000000.0,155000000.0,0.0,0.018,0.28,61000000.0,216000000.0,0.118,216000000.0,61000000.0,18000000.0,0.02,0.02,0.02,10050000000.0,,10050000000.0,32758636143.0,19.0,14.157,499000000.0,0.926,1.0,824000000.0,0.449,4470000000.0,43000000.0,10173000000.0,,3236000000.0,0.0,0.0,0.0,8593000000.0,4536000000.0,4057000000.0,32140636143.0,247000000.0,77000000.0,-267000000.0,70000000.0,-151000000.0,-340000000.0,-124000000.0,0.0,624000000.0,10000000.0,9000000.0,9000000.0,9000000.0,0.0,6000000.0,0.005,760000000.0,64000000.0,690000000.0,14.0,3.198,28.519,28.947,4222000000.0,0.0,59.92,3.028,3.04,2916000000.0,3187000000.0,1836000000.0,1836000000.0,303000000.0,,,,,18000000.0,450000000.0,1.0,536392459.0,538600000.0,544500000.0,3.409,14319000000.0,1516000000.0,9000000.0,208000000.0,26.586,3441000000.0
30,MON2,MRQ,2010-09-30,2010-08-31,2010-08-31,2021-03-16,-897000000.0,17852000000.0,,7050000000.0,10802000000.0,,18.622,-186000000.0,1485000000.0,1485000000.0,1092000000.0,-167000000.0,1.983,0.769,2103000000.0,241000000.0,1862000000.0,2103000000.0,614000000.0,156000000.0,0.0,0.02,0.265,-239000000.0,-83000000.0,-0.044,-83000000.0,-239000000.0,-286000000.0,-0.31,-0.3,-0.31,10069000000.0,,10069000000.0,30680708032.0,19.0,13.703,1741000000.0,3.22,1.0,806000000.0,0.425,4467000000.0,47000000.0,10447000000.0,,2649000000.0,0.0,0.0,0.0,7739000000.0,3556000000.0,4183000000.0,28454708032.0,1010000000.0,0.0,-34000000.0,-547000000.0,-143000000.0,-715000000.0,-211000000.0,-25000000.0,1927000000.0,9000000.0,-171000000.0,-171000000.0,-171000000.0,5000000.0,4000000.0,-0.09,1043000000.0,-237000000.0,835000000.0,-0.855,2.826,25.962,26.064,4227000000.0,0.0,52.65,2.714,2.731,2820000000.0,3178000000.0,1898000000.0,1898000000.0,357000000.0,,,,,27000000.0,554000000.0,1.0,540450295.0,540700000.0,546900000.0,3.51,13385000000.0,1543000000.0,-115000000.0,203000000.0,24.755,3494000000.0
31,MON2,MRQ,2010-06-30,2010-05-31,2010-05-31,2021-03-16,-851000000.0,18338000000.0,,7900000000.0,10438000000.0,,19.466,-227000000.0,475000000.0,475000000.0,1575000000.0,416000000.0,2.132,0.73,2701000000.0,839000000.0,1862000000.0,2701000000.0,623000000.0,152000000.0,0.0,0.021,0.265,603000000.0,755000000.0,0.251,755000000.0,603000000.0,568000000.0,0.74,0.73,0.74,10574000000.0,,10574000000.0,27985519589.0,18.0,12.998,-1012000000.0,-1.863,1.0,1428000000.0,0.476,4446000000.0,35000000.0,12413000000.0,,2847000000.0,0.0,0.0,0.0,7721000000.0,3705000000.0,4016000000.0,27752519589.0,-1132000000.0,-34000000.0,-374000000.0,447000000.0,-144000000.0,-64000000.0,-278000000.0,-6000000.0,-785000000.0,-5000000.0,403000000.0,403000000.0,403000000.0,0.0,13000000.0,0.134,823000000.0,605000000.0,573000000.0,0.358,2.625,27.289,27.349,4103000000.0,0.0,50.87,2.662,2.651,4416000000.0,3644000000.0,3003000000.0,3003000000.0,302000000.0,,,,,11000000.0,487000000.0,1.0,545557688.0,543200000.0,549900000.0,5.528,13892000000.0,1410000000.0,165000000.0,281000000.0,25.574,4195000000.0
32,MON2,MRQ,2010-03-31,2010-02-28,2010-02-28,2021-03-16,-674000000.0,18246000000.0,,8245000000.0,10001000000.0,,19.606,-150000000.0,1607000000.0,1607000000.0,1791000000.0,888000000.0,2.241,0.701,1840000000.0,114000000.0,1726000000.0,1840000000.0,1045000000.0,150000000.0,0.0,0.015,0.265,1276000000.0,1426000000.0,0.368,1426000000.0,1276000000.0,1235000000.0,1.62,1.6,1.62,10701000000.0,,10701000000.0,40085849166.0,20.0,15.622,1509000000.0,2.765,1.0,2087000000.0,0.538,4539000000.0,41000000.0,10261000000.0,,3199000000.0,0.0,0.0,0.0,7505000000.0,3679000000.0,3826000000.0,38551849166.0,1136000000.0,-3000000.0,-60000000.0,-176000000.0,-145000000.0,-361000000.0,-148000000.0,-6000000.0,1659000000.0,-14000000.0,886000000.0,886000000.0,886000000.0,0.0,2000000.0,0.228,821000000.0,1266000000.0,673000000.0,0.164,3.603,29.474,29.561,3687000000.0,0.0,70.65,3.643,3.644,3195000000.0,3260000000.0,3878000000.0,3878000000.0,279000000.0,,,,,10000000.0,512000000.0,1.0,545673732.0,545800000.0,553400000.0,7.105,13707000000.0,1370000000.0,349000000.0,406000000.0,25.114,4566000000.0
33,MON2,MRQ,2009-12-31,2009-11-30,2009-11-30,2021-03-16,-485000000.0,17606000000.0,,7431000000.0,10175000000.0,,18.853,-192000000.0,471000000.0,471000000.0,958000000.0,-22000000.0,2.216,0.706,2005000000.0,281000000.0,1724000000.0,2005000000.0,834000000.0,144000000.0,0.0,0.013,0.265,-3000000.0,141000000.0,0.083,141000000.0,-3000000.0,-42000000.0,-0.04,-0.04,-0.04,10286000000.0,,10286000000.0,43860193026.0,19.0,15.482,-1595000000.0,-2.923,1.0,746000000.0,0.438,4642000000.0,39000000.0,11144000000.0,,3560000000.0,0.0,0.0,0.0,7263000000.0,3354000000.0,3909000000.0,44013193026.0,-1485000000.0,-20000000.0,-64000000.0,294000000.0,-145000000.0,102000000.0,-197000000.0,-2000000.0,-1403000000.0,13000000.0,-22000000.0,-22000000.0,-22000000.0,0.0,0.0,-0.013,777000000.0,-31000000.0,765000000.0,-6.625,4.279,29.071,29.152,3720000000.0,0.0,80.75,4.098,4.102,3216000000.0,2663000000.0,1704000000.0,1704000000.0,267000000.0,,,,,11000000.0,496000000.0,1.0,545055022.0,545600000.0,545600000.0,3.123,12964000000.0,1378000000.0,-20000000.0,211000000.0,23.761,4077000000.0
34,MON2,MRQ,2009-09-30,2009-08-31,2009-08-31,2021-03-16,-744000000.0,17831000000.0,,7783000000.0,10048000000.0,,18.39,-255000000.0,1956000000.0,1956000000.0,1025000000.0,-240000000.0,2.088,0.769,1803000000.0,79000000.0,1724000000.0,1803000000.0,707000000.0,144000000.0,0.0,0.012,0.265,-313000000.0,-169000000.0,-0.092,-169000000.0,-313000000.0,-361000000.0,-0.46,-0.44,-0.46,10039000000.0,,10039000000.0,47037292742.0,16.0,13.132,1548000000.0,2.836,1.0,815000000.0,0.443,4589000000.0,48000000.0,9362000000.0,,2851000000.0,0.0,0.0,0.0,7723000000.0,3727000000.0,3996000000.0,45791292742.0,1377000000.0,-49000000.0,-88000000.0,-79000000.0,-144000000.0,-300000000.0,-135000000.0,15000000.0,1803000000.0,9000000.0,-250000000.0,-250000000.0,-250000000.0,11000000.0,10000000.0,-0.136,1109000000.0,-294000000.0,983000000.0,-0.576,4.561,21.889,21.958,3609000000.0,0.0,83.88,3.919,3.927,2732000000.0,2665000000.0,1840000000.0,1840000000.0,286000000.0,,,,,19000000.0,461000000.0,1.0,545914315.0,545900000.0,554700000.0,3.371,13242000000.0,1436000000.0,-111000000.0,200000000.0,24.257,4056000000.0
35,MON2,MRQ,2009-06-30,2009-05-31,2009-05-31,2021-03-16,-586000000.0,17970000000.0,,7999000000.0,9971000000.0,,19.705,-200000000.0,579000000.0,579000000.0,1327000000.0,705000000.0,2.294,0.669,1825000000.0,120000000.0,1705000000.0,1825000000.0,724000000.0,134000000.0,0.0,0.012,0.265,1034000000.0,1168000000.0,0.37,1168000000.0,1034000000.0,1002000000.0,1.27,1.25,1.27,10767000000.0,,10767000000.0,44643248804.0,14.0,12.079,-1257000000.0,-2.301,1.0,1834000000.0,0.58,4573000000.0,32000000.0,11156000000.0,,3169000000.0,0.0,0.0,0.0,7203000000.0,3487000000.0,3716000000.0,44833248804.0,-1425000000.0,-7000000.0,-36000000.0,-17000000.0,-144000000.0,-174000000.0,-229000000.0,15000000.0,-1057000000.0,35000000.0,694000000.0,694000000.0,694000000.0,0.0,11000000.0,0.22,799000000.0,1035000000.0,711000000.0,0.209,4.164,20.66,20.745,3435000000.0,0.0,82.15,3.769,3.773,4267000000.0,3204000000.0,3161000000.0,3161000000.0,295000000.0,,,,,19000000.0,504000000.0,1.0,545748616.0,546400000.0,554600000.0,5.785,13397000000.0,1297000000.0,308000000.0,613000000.0,24.519,4512000000.0
36,MON2,MRQ,2009-03-31,2009-02-28,2009-02-28,2021-03-16,-1036000000.0,17993000000.0,,8470000000.0,9523000000.0,,17.551,-197000000.0,2004000000.0,2004000000.0,1514000000.0,1093000000.0,1.821,0.873,1814000000.0,110000000.0,1704000000.0,1814000000.0,1540000000.0,135000000.0,0.0,0.012,0.24,1558000000.0,1693000000.0,0.42,1693000000.0,1558000000.0,1532000000.0,2.0,1.97,2.0,9604000000.0,,9604000000.0,42227010215.0,13.0,11.112,1189000000.0,2.173,1.0,2521000000.0,0.625,4446000000.0,26000000.0,8706000000.0,,3112000000.0,0.0,0.0,0.0,8389000000.0,4651000000.0,3738000000.0,41744010215.0,662000000.0,-271000000.0,-199000000.0,-24000000.0,-132000000.0,-343000000.0,-369000000.0,102000000.0,1386000000.0,-12000000.0,1092000000.0,1092000000.0,1092000000.0,-1000000.0,1000000.0,0.271,949000000.0,1572000000.0,761000000.0,0.12,4.347,18.253,18.29,3202000000.0,0.0,76.27,3.401,3.401,3331000000.0,2510000000.0,4035000000.0,4035000000.0,265000000.0,,,,,22000000.0,522000000.0,1.0,547318870.0,547200000.0,555500000.0,7.374,13547000000.0,1229000000.0,440000000.0,679000000.0,24.757,3819000000.0
37,MON2,MRQ,2008-12-31,2008-11-30,2008-11-30,2021-03-16,-891000000.0,16909000000.0,,7489000000.0,9420000000.0,,16.549,-264000000.0,1342000000.0,1342000000.0,1099000000.0,558000000.0,1.911,0.862,1825000000.0,70000000.0,1755000000.0,1825000000.0,1149000000.0,135000000.0,0.0,0.01,0.24,755000000.0,890000000.0,0.336,890000000.0,755000000.0,732000000.0,1.01,1.0,1.01,9082000000.0,,9082000000.0,43599979234.0,13.0,11.016,-150000000.0,-0.273,1.0,1550000000.0,0.585,4427000000.0,23000000.0,9047000000.0,,3012000000.0,0.0,0.0,0.0,7827000000.0,3918000000.0,3909000000.0,43396979234.0,-271000000.0,298000000.0,-75000000.0,-63000000.0,-132000000.0,-258000000.0,10000000.0,-7000000.0,114000000.0,-137000000.0,556000000.0,556000000.0,556000000.0,0.0,2000000.0,0.21,802000000.0,748000000.0,804000000.0,0.238,4.778,18.673,18.723,3153000000.0,0.0,79.2,3.627,3.633,3055000000.0,1694000000.0,2649000000.0,2649000000.0,252000000.0,,,,,21000000.0,550000000.0,1.0,547941657.0,548800000.0,557600000.0,4.827,12482000000.0,1148000000.0,176000000.0,288000000.0,22.744,3571000000.0
38,MON2,MRQ,2008-09-30,2008-08-31,2008-08-31,2021-03-16,-78000000.0,17991000000.0,,7609000000.0,10382000000.0,,16.957,-388000000.0,1613000000.0,1613000000.0,1091000000.0,-152000000.0,1.714,0.919,1816000000.0,24000000.0,1792000000.0,1816000000.0,1433000000.0,150000000.0,0.0,0.007,0.24,-205000000.0,-55000000.0,-0.027,-55000000.0,-205000000.0,-218000000.0,-0.32,-0.31,-0.32,9374000000.0,,9374000000.0,62836715476.0,21.0,17.426,1124000000.0,2.033,1.0,960000000.0,0.468,4663000000.0,13000000.0,9092000000.0,,2453000000.0,0.0,0.0,0.0,8617000000.0,4439000000.0,4178000000.0,62837715476.0,-101000000.0,-909000000.0,-216000000.0,101000000.0,-131000000.0,-218000000.0,-1392000000.0,-132000000.0,1512000000.0,-3000000.0,-172000000.0,-172000000.0,-172000000.0,10000000.0,20000000.0,-0.084,1186000000.0,-226000000.0,1090000000.0,-0.75,6.703,31.046,30.962,3323000000.0,0.0,114.25,5.529,5.518,3445000000.0,1138000000.0,2051000000.0,2051000000.0,314000000.0,,,,,-11000000.0,711000000.0,1.0,550001886.0,552800000.0,562100000.0,3.71,13328000000.0,1338000000.0,-46000000.0,365000000.0,24.11,3170000000.0
39,MON2,MRQ,2008-06-30,2008-05-31,2008-05-31,2021-03-16,174000000.0,17292000000.0,,8127000000.0,9165000000.0,,18.599,-216000000.0,1714000000.0,1714000000.0,1571000000.0,811000000.0,2.472,0.693,1713000000.0,10000000.0,1703000000.0,1713000000.0,957000000.0,142000000.0,0.0,0.005,0.175,1130000000.0,1272000000.0,0.36,1272000000.0,1130000000.0,1099000000.0,1.48,1.45,1.48,10211000000.0,,10211000000.0,69043137986.0,23.0,19.648,-768000000.0,-1.399,1.0,1967000000.0,0.556,4144000000.0,31000000.0,9859000000.0,,2206000000.0,0.0,0.0,0.0,7081000000.0,3288000000.0,3793000000.0,69913137986.0,-571000000.0,-10000000.0,-24000000.0,296000000.0,-96000000.0,235000000.0,-246000000.0,0.0,-552000000.0,-8000000.0,811000000.0,811000000.0,811000000.0,4000000.0,0.0,0.229,866000000.0,1101000000.0,788000000.0,0.118,6.847,35.203,35.096,2962000000.0,0.0,127.4,6.55,6.553,4379000000.0,1574000000.0,3538000000.0,3538000000.0,248000000.0,,,,,-20000000.0,616000000.0,1.0,548768744.0,549000000.0,560000000.0,6.444,13148000000.0,1156000000.0,288000000.0,134000000.0,23.949,4839000000.0
40,MON2,MRQ,2008-03-31,2008-02-29,2008-02-29,2021-03-16,131000000.0,16593000000.0,,7676000000.0,8917000000.0,,16.975,-160000000.0,2285000000.0,2285000000.0,1516000000.0,1129000000.0,1.878,0.784,1415000000.0,260000000.0,1155000000.0,1415000000.0,1474000000.0,138000000.0,0.0,0.005,0.175,1713000000.0,1851000000.0,0.497,1851000000.0,1713000000.0,1681000000.0,2.06,2.02,2.06,9299000000.0,,9299000000.0,63188880098.0,24.0,19.74,721000000.0,1.316,1.0,2211000000.0,0.593,4150000000.0,32000000.0,7486000000.0,,2248000000.0,0.0,0.0,0.0,7294000000.0,4087000000.0,3207000000.0,63391880098.0,668000000.0,-11000000.0,-72000000.0,-50000000.0,-96000000.0,-95000000.0,-148000000.0,7000000.0,881000000.0,30000000.0,1129000000.0,1129000000.0,1129000000.0,-8000000.0,0.0,0.303,748000000.0,1463000000.0,709000000.0,0.085,6.817,36.328,36.15,2813000000.0,0.0,115.68,6.354,6.352,3291000000.0,763000000.0,3727000000.0,3727000000.0,219000000.0,,,,,-51000000.0,529000000.0,1.0,547993431.0,547800000.0,559200000.0,6.804,12443000000.0,1130000000.0,552000000.0,234000000.0,22.714,3589000000.0
41,MON2,MRQ,2007-12-31,2007-11-30,2007-11-30,2021-03-16,-97000000.0,15313000000.0,,6562000000.0,8751000000.0,,14.755,-154000000.0,1617000000.0,1617000000.0,1010000000.0,256000000.0,1.59,0.9,1414000000.0,261000000.0,1153000000.0,1414000000.0,1751000000.0,143000000.0,0.0,0.006,0.175,395000000.0,538000000.0,0.263,538000000.0,395000000.0,361000000.0,0.47,0.46,0.47,8059000000.0,,8059000000.0,54841732544.0,31.0,23.507,842000000.0,1.542,1.0,1039000000.0,0.507,4142000000.0,34000000.0,6841000000.0,,2241000000.0,0.0,0.0,0.0,7254000000.0,4127000000.0,3127000000.0,54287732544.0,751000000.0,-92000000.0,-49000000.0,22000000.0,-96000000.0,-47000000.0,-256000000.0,-26000000.0,996000000.0,58000000.0,256000000.0,256000000.0,256000000.0,-6000000.0,0.0,0.125,656000000.0,383000000.0,673000000.0,0.372,6.736,46.84,46.435,2726000000.0,0.0,99.37,6.128,6.127,2730000000.0,-174000000.0,2049000000.0,2049000000.0,199000000.0,,,,,-26000000.0,456000000.0,1.0,546319136.0,546200000.0,557700000.0,3.751,11171000000.0,1227000000.0,105000000.0,80000000.0,20.452,2435000000.0
42,MON2,MRQ,2007-09-30,2007-08-31,2007-08-31,2021-03-16,-377000000.0,12983000000.0,,5084000000.0,7899000000.0,,13.755,-212000000.0,866000000.0,866000000.0,762000000.0,-210000000.0,1.653,0.73,1420000000.0,270000000.0,1150000000.0,1420000000.0,260000000.0,141000000.0,0.0,0.007,0.125,-288000000.0,-147000000.0,-0.108,-147000000.0,-288000000.0,-328000000.0,-0.38,-0.38,-0.38,7503000000.0,,7503000000.0,38757451326.0,25.0,18.823,1553000000.0,2.847,1.0,597000000.0,0.439,4040000000.0,40000000.0,6422000000.0,,1719000000.0,0.0,0.0,0.0,5480000000.0,3075000000.0,2405000000.0,38040451326.0,-128000000.0,-1237000000.0,-96000000.0,-262000000.0,-67000000.0,-379000000.0,-1501000000.0,-59000000.0,1765000000.0,-13000000.0,-210000000.0,-210000000.0,-210000000.0,-83000000.0,0.0,-0.155,961000000.0,-364000000.0,649000000.0,-0.329,5.07,38.309,38.109,2656000000.0,0.0,69.74,4.556,4.556,1985000000.0,-405000000.0,1359000000.0,1359000000.0,216000000.0,,,,,-15000000.0,559000000.0,1.0,545461017.0,545461017.0,,2.491,8943000000.0,1179000000.0,-118000000.0,233000000.0,16.395,2009000000.0
43,MON2,MRQ,2007-06-30,2007-05-31,2007-05-31,2021-03-16,-348000000.0,13472000000.0,,7009000000.0,6463000000.0,,14.566,-115000000.0,994000000.0,994000000.0,1339000000.0,570000000.0,2.246,0.699,1711000000.0,561000000.0,1150000000.0,1711000000.0,90000000.0,129000000.0,0.0,0.007,0.125,830000000.0,959000000.0,0.337,959000000.0,830000000.0,801000000.0,1.05,1.03,1.05,7930000000.0,,7930000000.0,33597173050.0,21.0,15.619,-546000000.0,-1.003,1.0,1503000000.0,0.529,2685000000.0,29000000.0,8383000000.0,,1664000000.0,0.0,0.0,0.0,5542000000.0,3121000000.0,2421000000.0,33526173050.0,-571000000.0,-63000000.0,-30000000.0,64000000.0,-69000000.0,-4000000.0,-180000000.0,0.0,-431000000.0,44000000.0,570000000.0,570000000.0,570000000.0,-5000000.0,0.0,0.201,684000000.0,819000000.0,493000000.0,0.119,4.228,31.658,31.429,2467000000.0,0.0,61.6,4.113,4.114,3836000000.0,-32000000.0,2842000000.0,2842000000.0,190000000.0,,,,,4000000.0,487000000.0,1.0,544256056.0,544400000.0,555200000.0,5.22,10787000000.0,1082000000.0,231000000.0,364000000.0,19.814,3888000000.0
44,MON2,MRQ,2007-03-31,2007-02-28,2007-02-28,2021-03-16,-523000000.0,12533000000.0,,6296000000.0,6237000000.0,,13.188,-90000000.0,1565000000.0,1565000000.0,1161000000.0,543000000.0,2.46,0.748,1636000000.0,55000000.0,1581000000.0,1636000000.0,418000000.0,129000000.0,0.0,0.008,0.125,854000000.0,983000000.0,0.377,983000000.0,854000000.0,820000000.0,1.0,0.98,1.0,7169000000.0,,7169000000.0,28428232201.0,21.0,15.268,-170000000.0,-0.313,1.0,1448000000.0,0.555,2758000000.0,34000000.0,7287000000.0,,1888000000.0,0.0,0.0,0.0,5364000000.0,2559000000.0,2805000000.0,28648232201.0,-277000000.0,-62000000.0,-15000000.0,-7000000.0,-68000000.0,-44000000.0,-163000000.0,0.0,-80000000.0,10000000.0,543000000.0,543000000.0,543000000.0,3000000.0,0.0,0.208,616000000.0,832000000.0,547000000.0,0.125,3.996,34.81,34.451,2410000000.0,0.0,52.71,3.761,3.761,2398000000.0,-602000000.0,2609000000.0,2609000000.0,186000000.0,,,,,-5000000.0,430000000.0,1.0,543506587.0,543600000.0,554300000.0,4.799,9775000000.0,1002000000.0,277000000.0,370000000.0,17.982,3737000000.0
45,MON2,MRQ,2006-12-31,2006-11-30,2006-11-30,2021-03-16,-571000000.0,12140000000.0,,5953000000.0,6187000000.0,,12.265,-92000000.0,1842000000.0,1842000000.0,857000000.0,90000000.0,2.22,0.823,1622000000.0,42000000.0,1580000000.0,1622000000.0,709000000.0,128000000.0,0.0,0.008,0.1,136000000.0,264000000.0,0.172,264000000.0,136000000.0,103000000.0,0.17,0.16,0.17,6661000000.0,,6661000000.0,26323459409.0,23.0,15.734,508000000.0,0.935,1.0,682000000.0,0.443,2722000000.0,33000000.0,6517000000.0,,1954000000.0,0.0,0.0,0.0,5479000000.0,2681000000.0,2798000000.0,26116459409.0,382000000.0,0.0,-56000000.0,-73000000.0,-54000000.0,-156000000.0,-67000000.0,22000000.0,600000000.0,5000000.0,90000000.0,90000000.0,90000000.0,5000000.0,0.0,0.058,560000000.0,122000000.0,477000000.0,0.588,3.921,36.273,35.607,2397000000.0,0.0,48.07,3.623,3.621,1689000000.0,-1009000000.0,1539000000.0,1539000000.0,178000000.0,,,,,6000000.0,382000000.0,1.0,543300591.0,543100000.0,553600000.0,2.834,9418000000.0,1001000000.0,13000000.0,188000000.0,17.341,3272000000.0
46,MON2,MRQ,2006-09-30,2006-08-31,2006-08-31,2021-03-16,-623000000.0,11728000000.0,,5461000000.0,6267000000.0,,12.021,-136000000.0,1460000000.0,1460000000.0,757000000.0,-144000000.0,2.396,0.797,1667000000.0,28000000.0,1639000000.0,1667000000.0,120000000.0,133000000.0,0.0,0.008,0.1,-188000000.0,-55000000.0,-0.047,-55000000.0,-188000000.0,-221000000.0,-0.26,-0.26,-0.26,6525000000.0,,6525000000.0,27197568532.0,24.0,16.276,1354000000.0,2.494,1.0,404000000.0,0.348,2751000000.0,33000000.0,6905000000.0,,1688000000.0,0.0,0.0,0.0,5203000000.0,2279000000.0,2924000000.0,25750568532.0,865000000.0,-73000000.0,-27000000.0,-355000000.0,-53000000.0,-411000000.0,-217000000.0,0.0,1490000000.0,3000000.0,-144000000.0,-144000000.0,-144000000.0,-17000000.0,0.0,-0.124,618000000.0,-214000000.0,514000000.0,-0.385,3.946,37.374,37.062,2418000000.0,0.0,47.44,3.645,3.645,1799000000.0,-1099000000.0,1161000000.0,1161000000.0,179000000.0,,,,,-1000000.0,437000000.0,1.0,542802878.0,542802878.0,,2.139,8977000000.0,1015000000.0,-77000000.0,234000000.0,16.538,3182000000.0
47,MON2,MRQ,2006-06-30,2006-05-31,2006-05-31,2021-03-16,-811000000.0,12109000000.0,,5991000000.0,6118000000.0,,12.142,-77000000.0,595000000.0,595000000.0,1140000000.0,334000000.0,2.175,0.841,2042000000.0,666000000.0,1376000000.0,2042000000.0,50000000.0,127000000.0,0.0,0.009,0.1,543000000.0,670000000.0,0.29,670000000.0,543000000.0,508000000.0,0.62,0.6,0.62,6576000000.0,,6576000000.0,24134454735.0,21.0,14.188,-224000000.0,-0.414,1.0,1169000000.0,0.506,2706000000.0,35000000.0,8095000000.0,,1700000000.0,22000000.0,22000000.0,0.0,5533000000.0,2755000000.0,2778000000.0,22771454735.0,14000000.0,-6000000.0,-87000000.0,161000000.0,-54000000.0,103000000.0,58000000.0,150000000.0,-147000000.0,0.0,334000000.0,334000000.0,334000000.0,-12000000.0,0.0,0.145,614000000.0,555000000.0,454000000.0,0.161,3.463,32.163,32.0,2331000000.0,0.0,42.08,3.176,3.179,3249000000.0,-847000000.0,2309000000.0,2309000000.0,187000000.0,,,,,-31000000.0,429000000.0,1.0,541146738.0,541600000.0,552300000.0,4.263,9403000000.0,921000000.0,174000000.0,284000000.0,17.362,3236000000.0
48,MON2,MRQ,2006-03-31,2006-02-28,2006-02-28,2021-03-16,-787000000.0,11603000000.0,,5464000000.0,6139000000.0,,11.536,-101000000.0,581000000.0,581000000.0,960000000.0,440000000.0,2.061,0.866,1944000000.0,566000000.0,1378000000.0,1944000000.0,357000000.0,126000000.0,0.0,0.008,0.1,668000000.0,794000000.0,0.361,794000000.0,668000000.0,635000000.0,0.82,0.8,0.82,6219000000.0,,6219000000.0,23189264081.0,28.0,17.026,-543000000.0,-1.007,1.0,1240000000.0,0.564,2727000000.0,33000000.0,7588000000.0,,1856000000.0,171000000.0,171000000.0,0.0,5384000000.0,2651000000.0,2733000000.0,22595264081.0,-425000000.0,-126000000.0,0.0,340000000.0,-54000000.0,348000000.0,-331000000.0,-3000000.0,-442000000.0,0.0,440000000.0,440000000.0,440000000.0,0.0,0.0,0.2,566000000.0,674000000.0,379000000.0,0.122,3.633,53.67,53.427,2353000000.0,0.0,41.94,3.275,3.277,2401000000.0,-1181000000.0,2200000000.0,2200000000.0,173000000.0,,,,,-6000000.0,393000000.0,1.0,538752124.0,539100000.0,550500000.0,4.081,8876000000.0,931000000.0,195000000.0,163000000.0,16.464,2813000000.0
49,MON2,MRQ,2005-12-31,2005-11-30,2005-11-30,2021-03-16,-860000000.0,11336000000.0,,5440000000.0,5896000000.0,,10.719,-56000000.0,1006000000.0,1006000000.0,771000000.0,59000000.0,1.925,0.97,1600000000.0,155000000.0,1445000000.0,1600000000.0,703000000.0,133000000.0,0.0,0.009,0.085,126000000.0,259000000.0,0.184,259000000.0,126000000.0,94000000.0,0.11,0.11,0.11,5754000000.0,,5754000000.0,20886828175.0,29.0,16.967,717000000.0,1.336,1.0,634000000.0,0.451,2568000000.0,32000000.0,6536000000.0,,1890000000.0,168000000.0,168000000.0,0.0,5582000000.0,2826000000.0,2756000000.0,19671828175.0,481000000.0,-53000000.0,0.0,-147000000.0,-46000000.0,-157000000.0,-135000000.0,-18000000.0,773000000.0,0.0,59000000.0,59000000.0,59000000.0,0.0,0.0,0.042,518000000.0,116000000.0,370000000.0,0.773,3.419,55.57,55.09,2355000000.0,0.0,36.635,2.977,2.976,1751000000.0,-1513000000.0,1405000000.0,1405000000.0,168000000.0,,,,,3000000.0,350000000.0,1.0,536968150.0,536800000.0,547300000.0,2.617,8768000000.0,1046000000.0,35000000.0,171000000.0,16.334,2614000000.0
50,MON2,MRQ,2005-09-30,2005-08-31,2005-08-31,2021-03-16,-889000000.0,10579000000.0,,4644000000.0,5935000000.0,,10.447,-137000000.0,525000000.0,525000000.0,771000000.0,-125000000.0,2.151,0.885,1584000000.0,126000000.0,1458000000.0,1584000000.0,0.0,140000000.0,0.0,0.01,0.085,-162000000.0,-22000000.0,-0.018,-22000000.0,-162000000.0,-199000000.0,-0.235,-0.23,-0.235,5613000000.0,,5613000000.0,19156724028.0,40.0,19.913,1067000000.0,1.986,1.0,484000000.0,0.386,2401000000.0,37000000.0,7078000000.0,,1664000000.0,150000000.0,150000000.0,0.0,4966000000.0,2159000000.0,2807000000.0,17149724028.0,58000000.0,-35000000.0,-85000000.0,-739000000.0,-45000000.0,-850000000.0,-296000000.0,-150000000.0,1204000000.0,0.0,-125000000.0,-125000000.0,-125000000.0,32000000.0,0.0,-0.1,595000000.0,-111000000.0,525000000.0,-0.362,3.055,67.254,66.5,2378000000.0,0.0,31.92,2.733,2.733,1843000000.0,-1572000000.0,1255000000.0,1255000000.0,182000000.0,,,,,27000000.0,457000000.0,1.0,537272056.0,537272056.0,,2.336,8178000000.0,1054000000.0,-74000000.0,208000000.0,15.221,2485000000.0
51,MON2,MRQ,2005-06-30,2005-05-31,2005-05-31,2021-03-16,-898000000.0,11677000000.0,,5862000000.0,5815000000.0,,10.905,-61000000.0,467000000.0,467000000.0,1035000000.0,47000000.0,1.654,0.998,2474000000.0,1412000000.0,1062000000.0,2474000000.0,40000000.0,127000000.0,0.0,0.011,0.085,204000000.0,331000000.0,0.162,331000000.0,204000000.0,175000000.0,0.09,0.085,0.09,5845000000.0,,5845000000.0,15351112712.0,26.0,14.62,19000000.0,0.035,1.0,1005000000.0,0.493,2430000000.0,29000000.0,7710000000.0,,1683000000.0,0.0,0.0,0.0,5832000000.0,3544000000.0,2288000000.0,15286112712.0,-629000000.0,-1333000000.0,-75000000.0,779000000.0,-45000000.0,709000000.0,-1418000000.0,0.0,80000000.0,0.0,47000000.0,47000000.0,47000000.0,-6000000.0,0.0,0.023,776000000.0,229000000.0,392000000.0,0.944,2.615,45.225,45.238,2367000000.0,0.0,28.5,2.448,2.446,3188000000.0,-1356000000.0,2040000000.0,2040000000.0,155000000.0,,,,,32000000.0,367000000.0,1.0,536354832.0,536000000.0,547600000.0,3.806,9247000000.0,903000000.0,128000000.0,343000000.0,17.252,2318000000.0
52,MON2,MRQ,2005-03-31,2005-02-28,2005-02-28,2021-03-16,-902000000.0,9843000000.0,,5276000000.0,4567000000.0,,10.938,-44000000.0,1096000000.0,1096000000.0,893000000.0,373000000.0,2.915,0.688,1161000000.0,99000000.0,1062000000.0,1161000000.0,237000000.0,112000000.0,0.0,0.01,0.085,551000000.0,663000000.0,0.347,663000000.0,551000000.0,527000000.0,0.7,0.685,0.7,5830000000.0,,5830000000.0,15407570849.0,21.0,13.057,-360000000.0,-0.675,1.0,1015000000.0,0.532,1315000000.0,24000000.0,6783000000.0,,1379000000.0,0.0,0.0,0.0,4013000000.0,1810000000.0,2203000000.0,15651570849.0,-457000000.0,-15000000.0,-39000000.0,-147000000.0,-46000000.0,-187000000.0,46000000.0,99000000.0,-316000000.0,0.0,373000000.0,373000000.0,373000000.0,-2000000.0,0.0,0.195,448000000.0,567000000.0,360000000.0,0.121,2.685,28.824,28.956,2057000000.0,0.0,29.39,2.661,2.663,2281000000.0,-1357000000.0,1908000000.0,1908000000.0,127000000.0,,,,,23000000.0,314000000.0,1.0,532547494.0,533000000.0,545800000.0,3.58,8528000000.0,1068000000.0,154000000.0,172000000.0,16.0,3466000000.0
53,MON2,MRQ,2004-12-31,2004-11-30,2004-11-30,2021-03-16,-986000000.0,9999000000.0,,5373000000.0,4626000000.0,,10.178,-39000000.0,1553000000.0,1553000000.0,581000000.0,-40000000.0,2.235,0.856,1309000000.0,239000000.0,1070000000.0,1309000000.0,549000000.0,109000000.0,0.0,0.012,0.072,-119000000.0,-10000000.0,-0.009,-10000000.0,-119000000.0,-144000000.0,-0.075,-0.075,-0.075,5386000000.0,,5386000000.0,12638404471.0,28.0,14.105,730000000.0,1.379,1.0,491000000.0,0.458,1339000000.0,25000000.0,6012000000.0,,1452000000.0,100000000.0,100000000.0,0.0,4613000000.0,2404000000.0,2209000000.0,12167404471.0,516000000.0,-158000000.0,-35000000.0,-225000000.0,-38000000.0,-254000000.0,1000000.0,201000000.0,769000000.0,0.0,-40000000.0,-40000000.0,-40000000.0,-86000000.0,0.0,-0.037,398000000.0,93000000.0,373000000.0,-0.96,2.259,37.554,38.033,2084000000.0,0.0,23.01,2.224,2.225,1718000000.0,-1685000000.0,1072000000.0,1072000000.0,119000000.0,,,,,12000000.0,266000000.0,1.0,528787678.0,529200000.0,529200000.0,2.026,8660000000.0,460000000.0,-104000000.0,0.0,16.364,2969000000.0
54,MON2,MRQ,2004-09-30,2004-08-31,2004-08-31,2021-03-16,-1132000000.0,9164000000.0,,4931000000.0,4233000000.0,,9.845,-62000000.0,1037000000.0,1037000000.0,731000000.0,-42000000.0,2.603,0.743,1508000000.0,433000000.0,1075000000.0,1508000000.0,0.0,112000000.0,0.0,0.015,0.072,-46000000.0,66000000.0,0.054,66000000.0,-46000000.0,-69000000.0,-0.085,-0.075,-0.085,5258000000.0,,5258000000.0,10919187431.0,22.0,11.641,1087000000.0,2.035,1.0,494000000.0,0.403,1174000000.0,23000000.0,6567000000.0,,1154000000.0,300000000.0,300000000.0,0.0,3906000000.0,1894000000.0,2012000000.0,9773187431.0,710000000.0,0.0,-133000000.0,25000000.0,-38000000.0,-117000000.0,-322000000.0,-300000000.0,1149000000.0,0.0,-42000000.0,-42000000.0,-42000000.0,5000000.0,0.0,-0.034,515000000.0,-21000000.0,326000000.0,-0.847,1.859,36.604,36.6,2087000000.0,0.0,18.3,1.802,1.802,1979000000.0,-1645000000.0,1225000000.0,1225000000.0,140000000.0,,,,,9000000.0,299000000.0,1.0,534053958.0,534053958.0,,2.294,7990000000.0,872000000.0,-27000000.0,122000000.0,14.961,3037000000.0
55,MON2,MRQ,2004-06-30,2004-05-31,2004-05-31,2021-03-16,-1127000000.0,9297000000.0,,5000000000.0,4297000000.0,,10.207,-45000000.0,327000000.0,327000000.0,848000000.0,252000000.0,2.746,0.713,1473000000.0,401000000.0,1072000000.0,1473000000.0,0.0,112000000.0,0.0,0.015,0.065,349000000.0,461000000.0,0.275,461000000.0,349000000.0,325000000.0,0.475,0.465,0.475,5426000000.0,,5426000000.0,10403553815.0,151.0,21.539,-150000000.0,-0.282,1.0,829000000.0,0.494,1198000000.0,24000000.0,7424000000.0,,1196000000.0,0.0,0.0,0.0,3871000000.0,1821000000.0,2050000000.0,9162553815.0,29000000.0,0.0,-27000000.0,-53000000.0,-35000000.0,-72000000.0,206000000.0,250000000.0,-105000000.0,0.0,252000000.0,252000000.0,252000000.0,-26000000.0,0.0,0.15,458000000.0,371000000.0,333000000.0,0.137,1.689,763.546,1725.0,2130000000.0,0.0,17.25,1.901,1.903,3128000000.0,-1565000000.0,1677000000.0,1677000000.0,128000000.0,,,,,28000000.0,285000000.0,1.0,531162540.0,531600000.0,541400000.0,3.155,8099000000.0,239000000.0,73000000.0,0.0,15.235,3179000000.0
56,MON2,MRQ,2004-03-31,2004-02-29,2004-02-29,2021-03-16,-1048000000.0,8963000000.0,,4716000000.0,4247000000.0,,10.026,-52000000.0,298000000.0,298000000.0,755000000.0,154000000.0,3.08,0.691,1539000000.0,365000000.0,1174000000.0,1539000000.0,0.0,114000000.0,0.0,0.015,0.065,265000000.0,379000000.0,0.253,379000000.0,265000000.0,242000000.0,0.29,0.285,0.29,5300000000.0,,5300000000.0,9247216697.0,4624.0,22.176,-496000000.0,-0.938,1.0,743000000.0,0.496,1231000000.0,23000000.0,7442000000.0,,1316000000.0,250000000.0,250000000.0,0.0,3663000000.0,1531000000.0,2132000000.0,8773216697.0,-738000000.0,0.0,-51000000.0,23000000.0,-34000000.0,27000000.0,-321000000.0,-250000000.0,-444000000.0,0.0,154000000.0,154000000.0,154000000.0,2000000.0,0.0,0.103,447000000.0,296000000.0,316000000.0,0.224,1.655,-132.928,-127.077,2198000000.0,0.0,16.52,1.903,1.894,2504000000.0,-1744000000.0,1498000000.0,1498000000.0,125000000.0,,,,,0.0,272000000.0,1.0,531066386.0,528600000.0,537600000.0,2.834,7732000000.0,247000000.0,88000000.0,0.0,14.627,3185000000.0
57,MON2,MRQ,2003-12-31,2003-11-30,2003-11-30,2021-03-16,-1097000000.0,9183000000.0,,4856000000.0,4327000000.0,,9.678,-51000000.0,1036000000.0,1036000000.0,560000000.0,-97000000.0,2.689,0.81,1510000000.0,288000000.0,1222000000.0,1510000000.0,0.0,114000000.0,0.0,0.018,0.065,-82000000.0,32000000.0,0.031,32000000.0,-82000000.0,-103000000.0,-0.185,-0.185,-0.185,5073000000.0,,5073000000.0,8351319072.0,-121.0,24.067,610000000.0,1.164,1.0,468000000.0,0.455,1232000000.0,21000000.0,6619000000.0,,1373000000.0,0.0,0.0,0.0,4110000000.0,1806000000.0,2304000000.0,7105319072.0,755000000.0,0.0,-55000000.0,-19000000.0,-34000000.0,-81000000.0,175000000.0,230000000.0,661000000.0,0.0,-97000000.0,-97000000.0,-97000000.0,20000000.0,0.0,-0.094,509000000.0,-41000000.0,290000000.0,-0.351,1.401,-59.211,-58.957,2228000000.0,0.0,13.56,1.613,1.613,2010000000.0,-1863000000.0,1028000000.0,1028000000.0,116000000.0,,,,,0.0,277000000.0,1.0,523991082.0,524200000.0,524200000.0,1.961,7951000000.0,315000000.0,-6000000.0,0.0,15.168,3050000000.0
58,MON2,MRQ,2003-09-30,2003-08-31,2003-08-31,2021-03-16,-1168000000.0,9536000000.0,,4939000000.0,4597000000.0,,9.844,-17000000.0,281000000.0,281000000.0,430000000.0,-297000000.0,2.446,0.849,1527000000.0,269000000.0,1258000000.0,1527000000.0,17000000.0,74000000.0,0.0,0.019,0.065,-463000000.0,-389000000.0,-0.63,-389000000.0,-463000000.0,-477000000.0,-0.57,-0.565,-0.57,5156000000.0,,5156000000.0,7864820159.0,874.0,18.726,-56000000.0,-0.107,1.0,187000000.0,0.303,1339000000.0,14000000.0,7424000000.0,,1207000000.0,230000000.0,230000000.0,0.0,4380000000.0,2019000000.0,2361000000.0,6732820159.0,54000000.0,0.0,0.0,102000000.0,-33000000.0,91000000.0,2000000.0,20000000.0,-39000000.0,0.0,-297000000.0,-297000000.0,-297000000.0,3000000.0,0.0,-0.481,235000000.0,-48000000.0,290000000.0,-0.114,1.306,-164.215,-160.688,2280000000.0,0.0,12.855,1.594,1.594,2733000000.0,-1733000000.0,617000000.0,617000000.0,68000000.0,,,,,2000000.0,184000000.0,1.0,523751082.0,523751082.0,,1.178,8197000000.0,430000000.0,-180000000.0,0.0,15.651,2920000000.0
59,MON2,MRQ,2003-06-30,2003-05-31,2003-05-31,2021-03-16,,,,,,,,-44000000.0,,,742000000.0,174000000.0,,,,,,,,113000000.0,,0.024,0.06,282000000.0,395000000.0,0.269,395000000.0,282000000.0,261000000.0,0.335,0.33,0.335,,,,6857487200.0,,,-291000000.0,-0.557,1.0,726000000.0,0.495,,21000000.0,,,,,,,,,,5241487200.0,41000000.0,0.0,0.0,127000000.0,-31000000.0,95000000.0,193000000.0,250000000.0,-247000000.0,0.0,174000000.0,174000000.0,174000000.0,5000000.0,0.0,0.119,421000000.0,305000000.0,,0.179,,,,,0.0,10.025,,,,,1468000000.0,1468000000.0,117000000.0,,,,,0.0,299000000.0,1.0,522841616.0,522800000.0,523400000.0,2.808,,,87000000.0,,,
60,MON2,MRQ,2003-03-31,2003-02-28,2003-02-28,2021-03-16,,,,,,,,-53000000.0,,,654000000.0,100000000.0,,,,,,,,115000000.0,,0.029,0.06,194000000.0,309000000.0,0.239,309000000.0,194000000.0,172000000.0,0.19,0.19,0.19,,,,5646316207.0,,,19000000.0,0.036,1.0,639000000.0,0.494,,22000000.0,,,,,,,,,,4292316207.0,-242000000.0,0.0,0.0,42000000.0,-32000000.0,5000000.0,-319000000.0,-250000000.0,72000000.0,0.0,100000000.0,100000000.0,100000000.0,3000000.0,0.0,0.077,413000000.0,226000000.0,,0.316,,,,,0.0,8.21,,,,,1293000000.0,1293000000.0,127000000.0,,,,,0.0,241000000.0,1.0,522815616.0,522800000.0,522800000.0,2.473,,,72000000.0,,,
61,MON2,MRQ,2002-12-31,2002-12-31,2002-12-31,2021-03-16,-1202000000.0,8949000000.0,,4406000000.0,4543000000.0,,9.908,-138000000.0,428000000.0,428000000.0,698000000.0,61000000.0,2.357,0.728,1244000000.0,393000000.0,851000000.0,1244000000.0,148000000.0,112000000.0,0.0,0.025,0.06,139000000.0,251000000.0,0.206,251000000.0,139000000.0,117000000.0,0.115,0.11,0.115,5180000000.0,,5180000000.0,6386100304.0,-4.0,-5.985,769000000.0,1.471,1.0,523000000.0,0.428,1400000000.0,22000000.0,6496000000.0,,1254000000.0,250000000.0,250000000.0,0.0,3769000000.0,1869000000.0,1900000000.0,5032100304.0,292000000.0,77000000.0,0.0,-237000000.0,-32000000.0,-279000000.0,-336000000.0,-250000000.0,907000000.0,0.0,61000000.0,61000000.0,61000000.0,17000000.0,0.0,0.05,366000000.0,157000000.0,275000000.0,0.522,0.971,-2.972,-2.962,2339000000.0,0.0,9.625,1.077,1.077,2141000000.0,-1645000000.0,1221000000.0,1221000000.0,117000000.0,,,,,0.0,204000000.0,1.0,522815616.0,522815616.0,,2.335,7549000000.0,260000000.0,56000000.0,0.0,14.439,2537000000.0
62,MON2,MRQ,2002-09-30,2002-09-30,2002-09-30,2021-03-16,-1259000000.0,8599000000.0,,4189000000.0,4410000000.0,,9.751,-48000000.0,136000000.0,136000000.0,478000000.0,-165000000.0,3.062,0.687,1490000000.0,356000000.0,1134000000.0,1490000000.0,0.0,,0.0,0.031,0.06,-227000000.0,,,,-227000000.0,-248000000.0,-0.315,-0.315,-0.315,5096000000.0,,5096000000.0,5819754204.0,-3.0,,,,1.0,201000000.0,0.296,1408000000.0,21000000.0,7177000000.0,,1353000000.0,0.0,0.0,0.0,3503000000.0,1368000000.0,2135000000.0,3994754204.0,-141000000.0,-17000000.0,0.0,-609000000.0,-31000000.0,-640000000.0,-49000000.0,0.0,,0.0,-165000000.0,-165000000.0,-165000000.0,0.0,0.0,-0.243,424000000.0,-223000000.0,300000000.0,-0.19,0.784,-2.15,-2.127,2330000000.0,0.0,7.645,0.861,0.861,2422000000.0,-1674000000.0,679000000.0,679000000.0,130000000.0,,,,,,260000000.0,1.0,522531616.0,522600000.0,522600000.0,1.299,7191000000.0,227000000.0,-83000000.0,0.0,13.76,2821000000.0
63,MON2,MRQ,2002-06-30,2002-06-30,2002-06-30,2021-03-16,-837000000.0,9844000000.0,,5239000000.0,4605000000.0,,10.936,13000000.0,277000000.0,277000000.0,735000000.0,147000000.0,2.124,0.723,2102000000.0,1221000000.0,881000000.0,2102000000.0,0.0,119000000.0,0.0,0.027,0.06,235000000.0,354000000.0,0.228,354000000.0,235000000.0,215000000.0,0.28,0.28,0.28,5713000000.0,,5713000000.0,6958217548.0,-4.0,,532000000.0,1.018,1.0,818000000.0,0.527,1428000000.0,20000000.0,7774000000.0,,1239000000.0,16000000.0,16000000.0,0.0,4131000000.0,2467000000.0,1664000000.0,4645217548.0,60000000.0,-43000000.0,0.0,-419000000.0,-31000000.0,-424000000.0,-35000000.0,0.0,519000000.0,0.0,147000000.0,147000000.0,147000000.0,0.0,0.0,0.095,595000000.0,223000000.0,358000000.0,0.214,0.813,-2.673,-2.645,2477000000.0,0.0,8.9,0.949,0.949,3411000000.0,-1478000000.0,1553000000.0,1553000000.0,137000000.0,,,,,11000000.0,237000000.0,1.0,521934556.0,522400000.0,528600000.0,2.973,8416000000.0,253000000.0,68000000.0,0.0,16.11,2772000000.0
64,MON2,MRQ,2002-03-31,2002-03-31,2002-03-31,2021-03-16,-725000000.0,11868000000.0,,5314000000.0,6554000000.0,,14.474,-51000000.0,217000000.0,217000000.0,617000000.0,-1736000000.0,1.95,0.584,2530000000.0,1645000000.0,885000000.0,2530000000.0,0.0,110000000.0,0.0,0.015,0.06,-1678000000.0,-1568000000.0,-1.284,-1568000000.0,-1678000000.0,-1692000000.0,-3.355,-3.295,-3.355,7492000000.0,,7492000000.0,9558164088.0,-8.0,,-917000000.0,-1.772,1.0,604000000.0,0.495,3396000000.0,14000000.0,8060000000.0,,1387000000.0,11000000.0,11000000.0,0.0,4376000000.0,2725000000.0,1651000000.0,8155164088.0,-90000000.0,-17000000.0,0.0,819000000.0,-31000000.0,825000000.0,-49000000.0,0.0,-866000000.0,0.0,-1736000000.0,-1736000000.0,-1736000000.0,0.0,0.0,-1.422,417000000.0,187000000.0,328000000.0,-0.018,1.089,-5.451,-5.465,2591000000.0,0.0,15.795,1.523,1.527,3422000000.0,229000000.0,1221000000.0,1221000000.0,119000000.0,,,,,0.0,295000000.0,1.0,516313016.0,517600000.0,526800000.0,2.359,8472000000.0,240000000.0,44000000.0,0.0,16.368,2589000000.0
65,MON2,MRQ,2001-12-31,2001-12-31,2001-12-31,2021-03-16,-716000000.0,11429000000.0,,4797000000.0,6632000000.0,,14.497,-90000000.0,307000000.0,307000000.0,735000000.0,-104000000.0,2.018,0.527,1710000000.0,817000000.0,893000000.0,1710000000.0,72000000.0,140000000.0,0.0,0.013,0.06,-142000000.0,-2000000.0,-0.002,-2000000.0,-142000000.0,-168000000.0,-0.205,-0.195,-0.205,7483000000.0,,7483000000.0,10759391300.0,19.0,9.632,665000000.0,1.288,1.0,452000000.0,0.381,3439000000.0,26000000.0,7016000000.0,,1357000000.0,30000000.0,30000000.0,0.0,3946000000.0,2377000000.0,1569000000.0,8723391300.0,127000000.0,92000000.0,0.0,-510000000.0,-31000000.0,-541000000.0,-87000000.0,0.0,755000000.0,0.0,-104000000.0,-104000000.0,-104000000.0,26000000.0,0.0,-0.088,477000000.0,-25000000.0,544000000.0,-0.293,1.166,29.571,29.649,2627000000.0,0.0,16.9,1.604,1.604,2800000000.0,173000000.0,1187000000.0,1187000000.0,134000000.0,,,,,0.0,256000000.0,1.0,516177000.0,516177000.0,,2.3,7990000000.0,251000000.0,-64000000.0,0.0,15.479,2420000000.0
66,MON2,MRQ,2001-09-30,2001-09-30,2001-09-30,2021-03-16,-840000000.0,11699000000.0,,5185000000.0,6514000000.0,,14.142,-87000000.0,180000000.0,180000000.0,552000000.0,-45000000.0,1.856,0.603,2216000000.0,1295000000.0,921000000.0,2216000000.0,0.0,,0.0,0.01,0.06,-61000000.0,,,,-61000000.0,-77000000.0,-0.085,-0.085,-0.085,7300000000.0,,7300000000.0,10860156455.0,17.0,,,,1.0,384000000.0,0.41,3407000000.0,16000000.0,7534000000.0,,1325000000.0,7000000.0,7000000.0,0.0,4399000000.0,2794000000.0,1605000000.0,8705156455.0,-56000000.0,-12000000.0,0.0,-171000000.0,-31000000.0,-202000000.0,-99000000.0,0.0,,0.0,-45000000.0,-45000000.0,-45000000.0,0.0,0.0,-0.048,454000000.0,-70000000.0,392000000.0,-0.706,1.192,25.087,24.985,2602000000.0,0.0,16.865,1.608,1.609,3399000000.0,310000000.0,936000000.0,936000000.0,140000000.0,,,,,,252000000.0,1.0,516167000.0,516200000.0,516200000.0,1.813,8292000000.0,198000000.0,-32000000.0,0.0,16.064,2391000000.0
67,MON2,MRQ,2001-06-30,2001-06-30,2001-06-30,2021-03-16,-717000000.0,12302000000.0,,5645000000.0,6657000000.0,,14.529,-89000000.0,236000000.0,236000000.0,822000000.0,389000000.0,1.788,0.64,2391000000.0,1489000000.0,902000000.0,2391000000.0,0.0,,0.0,0.006,0.06,655000000.0,,,,655000000.0,621000000.0,0.755,0.735,0.755,7500000000.0,,7500000000.0,12099072000.0,19.0,,,,1.0,1189000000.0,0.591,3476000000.0,34000000.0,7823000000.0,,1130000000.0,11000000.0,11000000.0,0.0,4802000000.0,3158000000.0,1644000000.0,9548072000.0,69000000.0,-63000000.0,0.0,-173000000.0,-31000000.0,-204000000.0,-159000000.0,0.0,,0.0,389000000.0,389000000.0,389000000.0,0.0,0.0,0.193,515000000.0,674000000.0,533000000.0,0.079,1.273,29.11,29.134,2622000000.0,0.0,18.5,1.742,1.742,3957000000.0,385000000.0,2011000000.0,2011000000.0,136000000.0,,,,,,315000000.0,1.0,516112000.0,516200000.0,527000000.0,3.896,8826000000.0,210000000.0,232000000.0,0.0,17.098,2487000000.0
68,MON2,MRQ,2001-03-31,2001-03-31,2001-03-31,2021-03-16,-649000000.0,11978000000.0,,5245000000.0,6733000000.0,,14.016,-116000000.0,167000000.0,167000000.0,699000000.0,55000000.0,1.718,0.656,2718000000.0,1777000000.0,941000000.0,2718000000.0,0.0,,0.0,0.003,0.045,107000000.0,,,,107000000.0,88000000.0,0.105,0.105,0.105,7232000000.0,,7232000000.0,10773850180.0,21.0,,,,1.0,607000000.0,0.465,3531000000.0,19000000.0,7945000000.0,,1232000000.0,160000000.0,160000000.0,0.0,4746000000.0,3053000000.0,1693000000.0,9149850180.0,36000000.0,-17000000.0,0.0,963000000.0,-23000000.0,940000000.0,-88000000.0,0.0,,0.0,55000000.0,55000000.0,55000000.0,0.0,0.0,0.042,496000000.0,111000000.0,393000000.0,0.429,1.265,48.93,49.25,2608000000.0,0.0,17.73,1.67,1.67,3364000000.0,26000000.0,1306000000.0,1306000000.0,134000000.0,,,,,,310000000.0,1.0,516066000.0,516000000.0,526200000.0,2.531,8447000000.0,232000000.0,33000000.0,0.0,16.37,2192000000.0
69,MON2,MRQ,2000-12-31,2000-12-31,2000-12-31,2021-03-16,-479000000.0,11726000000.0,,4973000000.0,6753000000.0,,14.225,-135000000.0,131000000.0,131000000.0,732000000.0,-52000000.0,1.804,0.597,1755000000.0,793000000.0,962000000.0,1755000000.0,0.0,546000000.0,0.0,0.0,0.0,-72000000.0,474000000.0,0.409,474000000.0,-72000000.0,-76000000.0,-0.1,-0.1,-0.1,7341000000.0,,7341000000.0,9783372980.0,19.0,9.16,807000000.0,1.564,1.0,427000000.0,0.368,3606000000.0,4000000.0,6987000000.0,,1253000000.0,205000000.0,205000000.0,0.0,4385000000.0,2757000000.0,1628000000.0,6982372980.0,-87000000.0,110000000.0,723000000.0,-1183000000.0,0.0,-460000000.0,-378000000.0,0.0,942000000.0,0.0,-52000000.0,-52000000.0,-52000000.0,0.0,0.0,-0.045,492000000.0,-65000000.0,687000000.0,0.0,0.951,46.862,46.655,2659000000.0,0.0,13.53,1.271,1.271,3059000000.0,2000000.0,1159000000.0,1159000000.0,157000000.0,,,,,0.0,207000000.0,1.0,516066000.0,516066000.0,,2.246,8120000000.0,225000000.0,-24000000.0,0.0,15.734,2216000000.0
70,MON2,MRQ,2000-09-30,2000-09-30,2000-09-30,2021-03-16,-396000000.0,12133000000.0,,5158000000.0,6975000000.0,,12.919,-122000000.0,218000000.0,218000000.0,549000000.0,-64000000.0,1.436,0.82,3019000000.0,2025000000.0,994000000.0,3019000000.0,0.0,-275000000.0,0.0,,0.0,-37000000.0,-312000000.0,-0.31,-312000000.0,-37000000.0,-104000000.0,-0.125,-0.125,-0.125,6666000000.0,,6666000000.0,,,,429000000.0,0.831,1.0,457000000.0,0.454,3675000000.0,67000000.0,7666000000.0,,1356000000.0,0.0,0.0,0.0,5467000000.0,3593000000.0,1874000000.0,,177000000.0,-11000000.0,0.0,-423000000.0,0.0,-432000000.0,-133000000.0,0.0,551000000.0,0.0,-64000000.0,-64000000.0,-64000000.0,0.0,0.0,-0.064,495000000.0,-38000000.0,434000000.0,0.0,,,,2599000000.0,0.0,,,,3301000000.0,-13000000.0,1006000000.0,1006000000.0,140000000.0,,,,,0.0,300000000.0,1.0,510000000.0,516000000.0,516000000.0,1.95,8458000000.0,219000000.0,-40000000.0,0.0,16.391,1565000000.0
71,MON2,MRQ,2000-06-30,2000-06-30,2000-06-30,2021-03-16,-324000000.0,12351000000.0,,5221000000.0,7130000000.0,,9.579,-179000000.0,41000000.0,41000000.0,801000000.0,248000000.0,1.58,1.499,5557000000.0,1912000000.0,3645000000.0,5557000000.0,0.0,,0.0,,0.0,520000000.0,,,,520000000.0,444000000.0,0.48,0.48,0.48,4943000000.0,,4943000000.0,,,,,,1.0,1206000000.0,0.601,3777000000.0,76000000.0,10786000000.0,,1222000000.0,0.0,0.0,0.0,7408000000.0,3304000000.0,4104000000.0,,11000000.0,-61000000.0,0.0,214000000.0,0.0,285000000.0,-240000000.0,0.0,,0.0,248000000.0,248000000.0,248000000.0,0.0,0.0,0.124,676000000.0,530000000.0,332000000.0,0.0,,,,2585000000.0,0.0,,,,3701000000.0,,2007000000.0,2007000000.0,146000000.0,,,,,,365000000.0,1.0,510000000.0,516000000.0,516000000.0,3.89,8574000000.0,152000000.0,196000000.0,0.0,16.616,1917000000.0
72,MON2,MRQ,2000-03-31,2000-03-31,2000-03-31,2021-03-16,,,,,,,,-146000000.0,,,688000000.0,17000000.0,,,,,,,,,,,0.0,105000000.0,,,,105000000.0,44000000.0,0.035,0.035,0.035,,,,,,,,,1.0,633000000.0,0.479,,61000000.0,,,,,,,,,,,4000000.0,-38000000.0,0.0,976000000.0,0.0,976000000.0,-184000000.0,0.0,,0.0,17000000.0,17000000.0,17000000.0,0.0,0.0,0.013,493000000.0,140000000.0,,0.0,,,,,0.0,,,,,,1321000000.0,1321000000.0,145000000.0,,,,,,323000000.0,1.0,510000000.0,516000000.0,516000000.0,2.56,,,27000000.0,,,
73,MON2,MRQ,1999-12-31,1999-12-31,1999-12-31,2021-03-16,-281000000.0,11101000000.0,,4027000000.0,7074000000.0,,9.108,-225000000.0,26000000.0,26000000.0,616000000.0,-92000000.0,2.363,1.39,4367000000.0,89000000.0,4278000000.0,4367000000.0,0.0,547000000.0,0.0,,0.0,-83000000.0,464000000.0,0.411,464000000.0,-83000000.0,-120000000.0,,,,4645000000.0,,4645000000.0,,,,-27000000.0,-0.053,1.0,513000000.0,0.454,4016000000.0,37000000.0,9722000000.0,,1440000000.0,0.0,0.0,0.0,6456000000.0,1704000000.0,4752000000.0,,-12000000.0,-33000000.0,0.0,-201000000.0,0.0,48000000.0,-258000000.0,0.0,198000000.0,0.0,-92000000.0,-92000000.0,-92000000.0,0.0,0.0,-0.081,475000000.0,38000000.0,466000000.0,,,,,2219000000.0,0.0,,,,2378000000.0,,1129000000.0,1129000000.0,178000000.0,,,,,0.0,311000000.0,1.0,510000000.0,510000000.0,,2.214,7085000000.0,130000000.0,-28000000.0,0.0,13.892,2323000000.0
74,MON2,MRQ,1999-09-30,1999-09-30,1999-09-30,2021-03-16,,,,,,,,150000000.0,,,557000000.0,-127000000.0,,,,,,,,-251000000.0,,,0.0,-138000000.0,-389000000.0,-0.396,-389000000.0,-138000000.0,-198000000.0,,,,,,,,,,608000000.0,,1.0,426000000.0,0.433,,60000000.0,,,,,,,,,,,-10000000.0,-17000000.0,0.0,-1037000000.0,0.0,-601000000.0,133000000.0,0.0,458000000.0,0.0,-127000000.0,-127000000.0,-127000000.0,0.0,0.0,-0.129,571000000.0,-145000000.0,,,,,,,0.0,,,,,,983000000.0,983000000.0,179000000.0,,,,,0.0,324000000.0,1.0,,,,,,,-71000000.0,,,
75,MON2,MRQ,1998-12-31,1998-12-31,1998-12-31,2021-03-16,-24000000.0,10891000000.0,,3748000000.0,7143000000.0,,,,37000000.0,37000000.0,,,2.005,1.64,4710000000.0,322000000.0,4388000000.0,4710000000.0,0.0,,0.0,,0.0,,,,,,,,,,4125000000.0,,4125000000.0,,,,,,1.0,,,4562000000.0,,9133000000.0,,1400000000.0,0.0,0.0,0.0,6766000000.0,1869000000.0,4897000000.0,,,,,,,,,,,,,,,,,,,,572000000.0,,,,,1849000000.0,,,,,2039000000.0,,,,,,,,,,,1.0,,,,,6329000000.0,212000000.0,,0.0,,1879000000.0
0,MON2,MRT,2018-03-31,2018-02-28,2018-02-28,2021-03-16,-2445000000.0,22687000000.0,22228500000.0,10056000000.0,12631000000.0,0.656,17.583,-1358000000.0,2409000000.0,2409000000.0,6589000000.0,2503000000.0,1.407,1.924,7847000000.0,1212000000.0,6635000000.0,7847000000.0,1800000000.0,757000000.0,0.0,0.018,2.16,3435000000.0,4192000000.0,0.287,4192000000.0,3435000000.0,2992000000.0,5.65,5.58,5.65,7754000000.0,6831250000.0,7754000000.0,59403672803.0,17.0,14.171,1961000000.0,4.447,1.0,8004000000.0,0.548,5077000000.0,443000000.0,15899000000.0,16192000000.0,4015000000.0,0.0,0.0,0.0,14921000000.0,7149000000.0,7772000000.0,54388672803.0,128000000.0,-4000000.0,0.0,-1334000000.0,-949000000.0,-2186000000.0,-1035000000.0,7000000.0,3319000000.0,30000000.0,2491000000.0,2491000000.0,2491000000.0,13000000.0,12000000.0,0.171,4765000000.0,3239000000.0,888000000.0,0.382,7.014,21.834,21.835,6109000000.0,0.0,123.37,3.727,3.728,3350000000.0,13290000000.0,14593000000.0,14593000000.0,1632000000.0,0.112,0.365,0.212,0.235,127000000.0,3043000000.0,1.0,440858173.0,441000000.0,445500000.0,33.091,17610000000.0,495000000.0,501000000.0,339000000.0,39.932,2907000000.0
1,MON2,MRT,2017-12-31,2017-11-30,2017-11-30,2021-03-16,-2495000000.0,23136000000.0,21900000000.0,10560000000.0,12576000000.0,0.669,14.995,-1341000000.0,3102000000.0,3102000000.0,6658000000.0,2409000000.0,1.279,2.503,8117000000.0,1168000000.0,6949000000.0,8117000000.0,3230000000.0,747000000.0,0.0,0.018,2.16,3465000000.0,4212000000.0,0.288,4212000000.0,3465000000.0,3025000000.0,5.46,5.4,5.46,6601000000.0,6277750000.0,6601000000.0,58361264331.0,17.0,13.856,1714000000.0,3.894,1.0,7990000000.0,0.545,5081000000.0,440000000.0,14812000000.0,16190250000.0,4033000000.0,0.0,0.0,0.0,16521000000.0,8258000000.0,8263000000.0,52093264331.0,973000000.0,-4000000.0,0.0,-276000000.0,-949000000.0,-1133000000.0,-990000000.0,57000000.0,3055000000.0,41000000.0,2400000000.0,2400000000.0,2400000000.0,13000000.0,9000000.0,0.164,4783000000.0,3207000000.0,1269000000.0,0.396,7.892,21.706,21.674,5959000000.0,0.0,118.34,3.556,3.556,3158000000.0,12241000000.0,14648000000.0,14648000000.0,1619000000.0,0.11,0.382,0.214,0.237,128000000.0,3048000000.0,1.0,440199969.0,440200000.0,445300000.0,33.276,18055000000.0,534000000.0,625000000.0,332000000.0,41.015,2302000000.0
2,MON2,MRT,2017-09-30,2017-08-31,2017-08-31,2021-03-16,-2427000000.0,21333000000.0,21355750000.0,8651000000.0,12682000000.0,0.686,14.672,-1240000000.0,1856000000.0,1856000000.0,6703000000.0,2273000000.0,1.352,2.311,8124000000.0,870000000.0,7254000000.0,8124000000.0,841000000.0,748000000.0,0.0,0.018,2.16,3338000000.0,4086000000.0,0.279,4086000000.0,3338000000.0,2886000000.0,5.15,5.09,5.15,6438000000.0,5728000000.0,6438000000.0,59731659468.0,18.0,14.619,1986000000.0,4.526,1.0,7937000000.0,0.542,5112000000.0,452000000.0,16091000000.0,16205000000.0,3340000000.0,0.0,0.0,0.0,14875000000.0,6398000000.0,8477000000.0,51488659468.0,180000000.0,-11000000.0,0.0,-1097000000.0,-948000000.0,-1966000000.0,-1107000000.0,50000000.0,3226000000.0,27000000.0,2260000000.0,2260000000.0,2260000000.0,0.0,13000000.0,0.154,4725000000.0,3212000000.0,1174000000.0,0.419,7.998,22.783,22.757,5930000000.0,0.0,117.2,3.517,3.513,3109000000.0,12072000000.0,14640000000.0,14640000000.0,1607000000.0,0.106,0.395,0.206,0.228,126000000.0,2969000000.0,1.0,439323033.0,438800000.0,443800000.0,33.364,16221000000.0,564000000.0,626000000.0,250000000.0,36.967,2253000000.0
3,MON2,MRT,2017-06-30,2017-05-31,2017-05-31,2021-03-16,-2735000000.0,21758000000.0,20956500000.0,10018000000.0,11740000000.0,0.693,14.876,-1105000000.0,1614000000.0,1614000000.0,6781000000.0,2043000000.0,1.44,2.329,9857000000.0,2611000000.0,7246000000.0,9857000000.0,569000000.0,734000000.0,0.0,0.018,2.16,3286000000.0,4020000000.0,0.277,4020000000.0,3286000000.0,2844000000.0,4.7,4.65,4.7,6532000000.0,5252000000.0,6532000000.0,58414793441.0,18.0,14.531,1758000000.0,4.004,1.0,7735000000.0,0.533,5077000000.0,442000000.0,17966000000.0,15988750000.0,3189000000.0,6000000.0,6000000.0,0.0,15210000000.0,6958000000.0,8252000000.0,51524793441.0,409000000.0,-11000000.0,0.0,-638000000.0,-949000000.0,-1513000000.0,-977000000.0,2000000.0,2863000000.0,36000000.0,2049000000.0,2049000000.0,2049000000.0,15000000.0,-6000000.0,0.141,4725000000.0,3010000000.0,790000000.0,0.46,7.888,25.146,24.983,5500000000.0,0.0,117.42,3.55,3.552,4793000000.0,12527000000.0,14516000000.0,14516000000.0,1589000000.0,0.098,0.39,0.206,0.226,108000000.0,3006000000.0,1.0,438807643.0,439100000.0,443400000.0,33.059,16681000000.0,534000000.0,795000000.0,365000000.0,37.989,3060000000.0
4,MON2,MRT,2017-03-31,2017-02-28,2017-02-28,2021-03-16,-2817000000.0,21373000000.0,20599000000.0,9882000000.0,11491000000.0,0.703,12.628,-977000000.0,2281000000.0,2281000000.0,6746000000.0,1911000000.0,1.356,2.855,9171000000.0,1611000000.0,7560000000.0,9171000000.0,1434000000.0,735000000.0,0.0,0.019,2.16,3413000000.0,4148000000.0,0.287,4148000000.0,3413000000.0,2971000000.0,4.42,4.38,4.42,5540000000.0,4896500000.0,5540000000.0,56408695730.0,17.0,13.599,1759000000.0,4.01,1.0,7729000000.0,0.534,5082000000.0,442000000.0,15892000000.0,16070750000.0,3621000000.0,10000000.0,10000000.0,0.0,15819000000.0,7289000000.0,8530000000.0,49920695730.0,1231000000.0,-9000000.0,0.0,130000000.0,-948000000.0,-734000000.0,-819000000.0,0.0,2736000000.0,48000000.0,1923000000.0,1923000000.0,1923000000.0,15000000.0,-12000000.0,0.133,4634000000.0,3095000000.0,832000000.0,0.489,9.011,25.96,25.753,5335000000.0,0.0,113.83,3.449,3.45,3431000000.0,11685000000.0,14475000000.0,14475000000.0,1559000000.0,0.093,0.393,0.212,0.236,96000000.0,2946000000.0,1.0,438554825.0,438700000.0,442300000.0,32.995,16291000000.0,527000000.0,1048000000.0,380000000.0,37.135,2593000000.0
5,MON2,MRT,2016-12-31,2016-11-30,2016-11-30,2021-03-16,-3015000000.0,20959000000.0,20109000000.0,9652000000.0,11307000000.0,0.693,10.048,-914000000.0,2129000000.0,2129000000.0,6558000000.0,1605000000.0,1.287,3.758,8617000000.0,570000000.0,8047000000.0,8617000000.0,2938000000.0,735000000.0,0.0,0.021,2.16,2954000000.0,3689000000.0,0.265,3689000000.0,2954000000.0,2511000000.0,3.72,3.7,3.72,4402000000.0,4549500000.0,4402000000.0,52349192332.0,18.0,14.191,1774000000.0,4.049,1.0,7375000000.0,0.529,5076000000.0,443000000.0,14871000000.0,16166750000.0,3839000000.0,60000000.0,60000000.0,0.0,16542000000.0,7500000000.0,9042000000.0,44985192332.0,-148000000.0,-9000000.0,-1000000.0,-1109000000.0,-947000000.0,-1983000000.0,-855000000.0,-15000000.0,2688000000.0,2000000.0,1618000000.0,1618000000.0,1618000000.0,15000000.0,-13000000.0,0.116,4481000000.0,2894000000.0,1167000000.0,0.581,10.219,27.803,27.61,5217000000.0,0.0,102.71,3.229,3.23,3152000000.0,10792000000.0,13933000000.0,13933000000.0,1518000000.0,0.08,0.356,0.183,0.212,96000000.0,2875000000.0,1.0,437982595.0,438100000.0,441700000.0,31.803,15883000000.0,487000000.0,893000000.0,220000000.0,36.254,2152000000.0
6,MON2,MRT,2016-09-30,2016-08-31,2016-08-31,2021-03-16,-2808000000.0,19736000000.0,20230750000.0,8157000000.0,11579000000.0,0.667,10.242,-923000000.0,1676000000.0,1676000000.0,6485000000.0,1313000000.0,1.212,3.35,9040000000.0,1587000000.0,7453000000.0,9040000000.0,603000000.0,727000000.0,0.0,0.02,2.16,2467000000.0,3194000000.0,0.237,3194000000.0,2467000000.0,2031000000.0,3.02,2.99,3.02,4534000000.0,4338750000.0,4534000000.0,55901794478.0,23.0,17.502,1665000000.0,3.761,1.0,7017000000.0,0.52,5145000000.0,436000000.0,15226000000.0,16250250000.0,3241000000.0,60000000.0,60000000.0,0.0,15191000000.0,6729000000.0,8462000000.0,46601794478.0,-2025000000.0,-2000000.0,-3001000000.0,156000000.0,-964000000.0,-3742000000.0,-864000000.0,-15000000.0,2588000000.0,-7000000.0,1336000000.0,1336000000.0,1336000000.0,0.0,-23000000.0,0.099,4642000000.0,2375000000.0,1129000000.0,0.715,10.278,34.882,35.265,5231000000.0,0.0,106.5,3.451,3.492,2782000000.0,10763000000.0,13502000000.0,13502000000.0,1512000000.0,0.066,0.308,0.152,0.183,95000000.0,2833000000.0,1.0,437575535.0,442700000.0,447100000.0,30.499,14591000000.0,613000000.0,695000000.0,109000000.0,32.959,1428000000.0
7,MON2,MRT,2016-06-30,2016-05-31,2016-05-31,2021-03-16,-2859000000.0,20328000000.0,20776750000.0,9055000000.0,11273000000.0,0.64,11.691,-932000000.0,1205000000.0,1205000000.0,6420000000.0,1026000000.0,1.465,2.977,10505000000.0,2557000000.0,7948000000.0,10505000000.0,455000000.0,720000000.0,0.0,0.019,2.11,2003000000.0,2723000000.0,0.205,2723000000.0,2003000000.0,1541000000.0,2.55,2.49,2.55,5110000000.0,4952750000.0,5110000000.0,57109956025.0,29.0,20.973,2621000000.0,5.996,1.0,6875000000.0,0.517,5154000000.0,462000000.0,18294000000.0,16617000000.0,3370000000.0,11000000.0,11000000.0,0.0,15214000000.0,6180000000.0,9034000000.0,49131956025.0,26000000.0,-2000000.0,-3131000000.0,1515000000.0,-956000000.0,-2520000000.0,-899000000.0,16000000.0,3553000000.0,-108000000.0,1032000000.0,1032000000.0,1032000000.0,23000000.0,-6000000.0,0.078,4795000000.0,2080000000.0,673000000.0,0.827,9.615,47.608,44.106,4994000000.0,0.0,112.47,3.696,3.698,4068000000.0,11426000000.0,13295000000.0,13295000000.0,1513000000.0,0.05,0.208,0.121,0.151,91000000.0,2599000000.0,1.0,436844990.0,437100000.0,440300000.0,30.416,15174000000.0,451000000.0,509000000.0,249000000.0,34.715,2875000000.0
8,MON2,MRT,2016-03-31,2016-02-29,2016-02-29,2021-03-16,-3051000000.0,19413000000.0,21259500000.0,8483000000.0,10930000000.0,0.644,9.466,-945000000.0,1050000000.0,1050000000.0,6454000000.0,1466000000.0,1.428,3.676,9028000000.0,1083000000.0,7945000000.0,9028000000.0,1205000000.0,718000000.0,0.0,0.023,2.06,2341000000.0,3059000000.0,0.224,3059000000.0,2341000000.0,1883000000.0,3.3,3.25,3.3,4152000000.0,5759750000.0,4152000000.0,47077585596.0,20.0,15.39,2034000000.0,4.637,1.0,7231000000.0,0.528,5176000000.0,458000000.0,16276000000.0,17138750000.0,3704000000.0,12000000.0,12000000.0,0.0,15262000000.0,5939000000.0,9323000000.0,39627585596.0,-1682000000.0,0.0,-3344000000.0,724000000.0,-954000000.0,-3526000000.0,-970000000.0,-12000000.0,2979000000.0,-165000000.0,1456000000.0,1456000000.0,1456000000.0,23000000.0,10000000.0,0.106,4756000000.0,2475000000.0,654000000.0,0.624,9.544,27.217,27.27,4892000000.0,0.0,89.99,2.896,2.884,2562000000.0,10709000000.0,13685000000.0,13685000000.0,1500000000.0,0.068,0.253,0.137,0.171,100000000.0,2588000000.0,1.0,440355435.0,438600000.0,441700000.0,31.202,14237000000.0,996000000.0,427000000.0,625000000.0,32.46,2544000000.0
9,MON2,MRT,2015-12-31,2015-11-30,2015-11-30,2021-03-16,-3018000000.0,21446000000.0,22006750000.0,10467000000.0,10979000000.0,0.652,7.837,-946000000.0,2277000000.0,2277000000.0,6678000000.0,1825000000.0,1.231,5.023,9727000000.0,1788000000.0,7939000000.0,9727000000.0,3191000000.0,715000000.0,0.0,0.021,2.01,2892000000.0,3607000000.0,0.251,3607000000.0,2892000000.0,2445000000.0,3.8,3.76,3.8,3559000000.0,6636500000.0,3559000000.0,47197904526.0,16.0,13.085,2176000000.0,4.792,1.0,7672000000.0,0.535,5190000000.0,447000000.0,15205000000.0,17265500000.0,3872000000.0,47000000.0,47000000.0,0.0,17878000000.0,8501000000.0,9377000000.0,41854904526.0,-859000000.0,-8000000.0,-3539000000.0,1639000000.0,-954000000.0,-2737000000.0,-975000000.0,-7000000.0,3122000000.0,-269000000.0,1818000000.0,1818000000.0,1818000000.0,23000000.0,7000000.0,0.127,4840000000.0,2832000000.0,834000000.0,0.529,11.76,23.022,25.042,4870000000.0,0.0,95.16,2.917,3.011,3141000000.0,10121000000.0,14350000000.0,14350000000.0,1532000000.0,0.083,0.274,0.168,0.202,83000000.0,2649000000.0,1.0,439837164.0,454100000.0,454100000.0,31.601,16256000000.0,1032000000.0,627000000.0,426000000.0,35.798,1966000000.0
10,MON2,MRT,2015-09-30,2015-08-31,2015-08-31,2021-03-16,-2801000000.0,21920000000.0,22488750000.0,10625000000.0,11295000000.0,0.667,14.657,-967000000.0,3701000000.0,3701000000.0,6819000000.0,2325000000.0,2.052,2.134,9044000000.0,615000000.0,8429000000.0,9044000000.0,417000000.0,716000000.0,0.0,0.02,1.96,3611000000.0,4327000000.0,0.288,4327000000.0,3611000000.0,3178000000.0,4.85,4.81,4.85,6990000000.0,7599250000.0,6990000000.0,53488048202.0,15.0,12.361,2141000000.0,4.489,1.0,8182000000.0,0.545,5393000000.0,433000000.0,16693000000.0,17375250000.0,3496000000.0,47000000.0,47000000.0,0.0,14915000000.0,5177000000.0,9738000000.0,45684048202.0,1334000000.0,-8000000.0,-835000000.0,1226000000.0,-938000000.0,-430000000.0,-1019000000.0,-37000000.0,3108000000.0,-325000000.0,2314000000.0,2314000000.0,2314000000.0,0.0,11000000.0,0.154,4659000000.0,3523000000.0,908000000.0,0.404,6.536,19.742,20.134,4973000000.0,0.0,97.65,3.045,3.104,2481000000.0,10374000000.0,15001000000.0,15001000000.0,1580000000.0,0.103,0.305,0.208,0.241,67000000.0,2686000000.0,1.0,467834595.0,476900000.0,481400000.0,31.455,16527000000.0,1020000000.0,864000000.0,574000000.0,34.655,5448000000.0
11,MON2,MRT,2015-06-30,2015-05-31,2015-05-31,2021-03-16,-2504000000.0,22259000000.0,22488250000.0,10589000000.0,11670000000.0,0.679,17.635,-1018000000.0,1179000000.0,1179000000.0,6857000000.0,2654000000.0,2.585,1.667,8983000000.0,587000000.0,8396000000.0,8983000000.0,438000000.0,722000000.0,0.0,0.016,1.9,4033000000.0,4755000000.0,0.311,4755000000.0,4033000000.0,3617000000.0,5.58,5.58,5.58,8338000000.0,7820500000.0,8338000000.0,61202511393.0,15.0,12.871,1635000000.0,3.458,1.0,8419000000.0,0.551,5585000000.0,416000000.0,20381000000.0,17268000000.0,3625000000.0,28000000.0,28000000.0,0.0,13899000000.0,4097000000.0,9802000000.0,55694511393.0,-719000000.0,-8000000.0,-6873000000.0,5636000000.0,-934000000.0,-1982000000.0,-1120000000.0,-58000000.0,2653000000.0,-270000000.0,2653000000.0,2653000000.0,2653000000.0,13000000.0,1000000.0,0.174,4493000000.0,3926000000.0,698000000.0,0.341,6.68,20.993,20.964,4864000000.0,0.0,116.98,3.646,3.621,4894000000.0,11350000000.0,15276000000.0,15276000000.0,1643000000.0,0.118,0.339,0.234,0.264,67000000.0,2850000000.0,1.0,476102850.0,472800000.0,477200000.0,32.31,16674000000.0,1021000000.0,964000000.0,875000000.0,35.266,6492000000.0
12,MON2,MRT,2015-03-31,2015-02-28,2015-02-28,2021-03-16,-2203000000.0,22402000000.0,22743750000.0,10699000000.0,11703000000.0,0.657,15.844,-1045000000.0,2732000000.0,2732000000.0,6933000000.0,2379000000.0,1.955,1.924,8240000000.0,346000000.0,7894000000.0,8240000000.0,1079000000.0,721000000.0,0.0,0.015,1.84,3636000000.0,4357000000.0,0.291,4357000000.0,3636000000.0,3274000000.0,4.83,4.81,4.83,7659000000.0,9401500000.0,7659000000.0,63231120455.0,17.0,14.513,1681000000.0,3.477,1.0,8014000000.0,0.536,5655000000.0,362000000.0,16783000000.0,15850750000.0,3978000000.0,0.0,0.0,0.0,14734000000.0,5472000000.0,9262000000.0,58202120455.0,-1073000000.0,-8000000.0,-6810000000.0,4994000000.0,-926000000.0,-2518000000.0,-1071000000.0,15000000.0,2726000000.0,-210000000.0,2370000000.0,2370000000.0,2370000000.0,13000000.0,9000000.0,0.159,4483000000.0,3531000000.0,829000000.0,0.381,7.599,24.558,24.934,4869000000.0,0.0,120.43,3.894,3.895,3086000000.0,10207000000.0,14947000000.0,14947000000.0,1696000000.0,0.104,0.252,0.229,0.243,55000000.0,2787000000.0,1.0,483285896.0,483400000.0,488100000.0,30.921,16747000000.0,1002000000.0,904000000.0,1017000000.0,34.644,5227000000.0
13,MON2,MRT,2014-12-31,2014-11-30,2014-11-30,2021-03-16,-1589000000.0,23374000000.0,23007500000.0,11398000000.0,11976000000.0,0.677,15.297,-1049000000.0,3136000000.0,3136000000.0,7160000000.0,2632000000.0,1.629,2.151,8165000000.0,636000000.0,7529000000.0,8165000000.0,2574000000.0,711000000.0,0.0,0.015,1.78,3951000000.0,4662000000.0,0.299,4662000000.0,3951000000.0,3641000000.0,5.09,5.04,5.09,7410000000.0,10906250000.0,7410000000.0,63439233240.0,16.0,13.608,1656000000.0,3.419,1.0,8422000000.0,0.54,5760000000.0,310000000.0,15644000000.0,14601000000.0,4300000000.0,40000000.0,40000000.0,0.0,15942000000.0,6999000000.0,8943000000.0,58045233240.0,-1360000000.0,-5000000.0,-6817000000.0,4798000000.0,-914000000.0,-2712000000.0,-1234000000.0,179000000.0,2705000000.0,-119000000.0,2615000000.0,2615000000.0,2615000000.0,13000000.0,17000000.0,0.168,4493000000.0,3929000000.0,933000000.0,0.35,7.833,22.197,23.558,4985000000.0,0.0,119.91,3.725,3.728,3136000000.0,9255000000.0,15582000000.0,15582000000.0,1728000000.0,0.114,0.24,0.271,0.254,51000000.0,2765000000.0,1.0,484073332.0,484400000.0,489400000.0,32.168,17614000000.0,1005000000.0,1026000000.0,576000000.0,36.363,4399000000.0
14,MON2,MRT,2014-09-30,2014-08-31,2014-08-31,2021-03-16,-1114000000.0,21918000000.0,23183250000.0,9675000000.0,12243000000.0,0.684,15.165,-1005000000.0,2367000000.0,2367000000.0,7281000000.0,2762000000.0,1.893,1.778,7698000000.0,233000000.0,7465000000.0,7698000000.0,485000000.0,691000000.0,0.0,0.015,1.72,4066000000.0,4757000000.0,0.3,4757000000.0,4066000000.0,3818000000.0,5.28,5.22,5.28,7875000000.0,12196750000.0,7875000000.0,61982253888.0,15.0,13.03,2049000000.0,3.946,1.0,8574000000.0,0.541,5873000000.0,248000000.0,16264000000.0,13317500000.0,3597000000.0,40000000.0,40000000.0,0.0,14004000000.0,5112000000.0,8892000000.0,60669253888.0,-1301000000.0,-922000000.0,-7082000000.0,5483000000.0,-904000000.0,-2259000000.0,-2095000000.0,202000000.0,3054000000.0,-1000000.0,2740000000.0,2740000000.0,2740000000.0,0.0,22000000.0,0.173,4499000000.0,4075000000.0,1193000000.0,0.326,7.704,22.142,21.903,5082000000.0,0.0,115.65,3.827,3.788,2923000000.0,9012000000.0,15855000000.0,15855000000.0,1725000000.0,0.118,0.225,0.305,0.256,48000000.0,2774000000.0,1.0,524593635.0,519300000.0,524900000.0,30.531,16045000000.0,1085000000.0,1078000000.0,608000000.0,30.897,4563000000.0
15,MON2,MRT,2014-06-30,2014-05-31,2014-05-31,2021-03-16,-1031000000.0,23281000000.0,22869750000.0,11237000000.0,12044000000.0,0.675,27.965,-970000000.0,1898000000.0,1898000000.0,7162000000.0,2686000000.0,2.859,0.575,3211000000.0,162000000.0,3049000000.0,3211000000.0,394000000.0,665000000.0,0.0,0.014,1.665,3894000000.0,4559000000.0,0.296,4559000000.0,3894000000.0,3710000000.0,5.06,5.01,5.06,14662000000.0,13367750000.0,14662000000.0,63220212833.0,16.0,13.867,1355000000.0,2.584,1.0,8265000000.0,0.536,5951000000.0,184000000.0,14712000000.0,11758000000.0,3552000000.0,0.0,0.0,0.0,8431000000.0,3931000000.0,4500000000.0,63870212833.0,-1023000000.0,-967000000.0,-1431000000.0,969000000.0,-879000000.0,-1166000000.0,-2124000000.0,131000000.0,2325000000.0,-58000000.0,2647000000.0,2647000000.0,2647000000.0,11000000.0,39000000.0,0.172,4322000000.0,3943000000.0,787000000.0,0.329,4.356,24.129,24.081,4878000000.0,0.0,121.85,4.14,4.141,5141000000.0,9633000000.0,15427000000.0,15427000000.0,1676000000.0,0.116,0.198,0.331,0.252,50000000.0,2646000000.0,1.0,524170807.0,524300000.0,529800000.0,29.424,17330000000.0,1047000000.0,1063000000.0,869000000.0,33.054,7306000000.0
16,MON2,MRT,2014-03-31,2014-02-28,2014-02-28,2021-03-16,-1196000000.0,23457000000.0,22469250000.0,11550000000.0,11907000000.0,0.686,26.063,-951000000.0,3805000000.0,3805000000.0,7229000000.0,2738000000.0,2.287,0.703,3155000000.0,104000000.0,3051000000.0,3155000000.0,957000000.0,642000000.0,0.0,0.015,1.61,3891000000.0,4533000000.0,0.294,4533000000.0,3891000000.0,3712000000.0,5.12,5.07,5.12,13678000000.0,13169500000.0,13678000000.0,56569934424.0,15.0,12.48,1778000000.0,3.388,1.0,8196000000.0,0.531,5972000000.0,179000000.0,11784000000.0,11188000000.0,3692000000.0,45000000.0,45000000.0,0.0,9616000000.0,5051000000.0,4565000000.0,57746934424.0,-638000000.0,-1008000000.0,-1532000000.0,971000000.0,-853000000.0,-1210000000.0,-2032000000.0,253000000.0,2729000000.0,-125000000.0,2698000000.0,2698000000.0,2698000000.0,11000000.0,40000000.0,0.175,4264000000.0,3932000000.0,878000000.0,0.314,4.222,21.404,21.488,4735000000.0,0.0,110.02,3.744,3.743,3314000000.0,8775000000.0,15425000000.0,15425000000.0,1641000000.0,0.12,0.205,0.348,0.252,40000000.0,2623000000.0,1.0,524876699.0,524800000.0,530300000.0,29.392,17485000000.0,1050000000.0,1014000000.0,1137000000.0,33.317,6499000000.0
17,MON2,MRT,2013-12-31,2013-11-30,2013-11-30,2021-03-16,-1176000000.0,24077000000.0,22124750000.0,12496000000.0,11581000000.0,0.681,23.86,-911000000.0,4496000000.0,4496000000.0,7246000000.0,2549000000.0,1.866,0.902,3319000000.0,262000000.0,3057000000.0,3319000000.0,2979000000.0,625000000.0,0.0,0.014,1.555,3630000000.0,4255000000.0,0.282,4255000000.0,3630000000.0,3456000000.0,4.72,4.66,4.72,12572000000.0,13060000000.0,12572000000.0,58037199914.0,16.0,13.64,1958000000.0,3.716,1.0,7819000000.0,0.519,5692000000.0,174000000.0,10510000000.0,10840500000.0,3873000000.0,249000000.0,249000000.0,0.0,11338000000.0,6698000000.0,4640000000.0,59593199914.0,-141000000.0,-1082000000.0,-1629000000.0,1167000000.0,-829000000.0,-1023000000.0,-1922000000.0,49000000.0,2869000000.0,-65000000.0,2511000000.0,2511000000.0,2511000000.0,11000000.0,38000000.0,0.167,4193000000.0,3626000000.0,855000000.0,0.329,4.74,23.733,24.011,4686000000.0,0.0,113.33,3.956,3.964,3210000000.0,7556000000.0,15065000000.0,15065000000.0,1597000000.0,0.113,0.192,0.335,0.241,24000000.0,2596000000.0,1.0,525837818.0,526900000.0,532600000.0,28.592,18385000000.0,1115000000.0,945000000.0,645000000.0,34.893,5798000000.0
18,MON2,MRT,2013-09-30,2013-08-31,2013-08-31,2021-03-16,-1278000000.0,20664000000.0,21739750000.0,10077000000.0,10587000000.0,0.684,23.532,-741000000.0,3668000000.0,3668000000.0,7208000000.0,2525000000.0,2.324,0.632,2112000000.0,51000000.0,2061000000.0,2112000000.0,655000000.0,615000000.0,0.0,0.015,1.5,3569000000.0,4184000000.0,0.282,4184000000.0,3569000000.0,3397000000.0,4.65,4.6,4.65,12559000000.0,12981750000.0,12559000000.0,51488073195.0,14.0,12.306,1999000000.0,3.746,1.0,7653000000.0,0.515,4746000000.0,172000000.0,10026000000.0,10503500000.0,2947000000.0,254000000.0,254000000.0,0.0,7936000000.0,4336000000.0,3600000000.0,52186073195.0,385000000.0,-165000000.0,-1095000000.0,127000000.0,-802000000.0,-1485000000.0,-777000000.0,48000000.0,2740000000.0,-93000000.0,2482000000.0,2482000000.0,2482000000.0,0.0,43000000.0,0.167,4083000000.0,3570000000.0,1007000000.0,0.323,4.155,21.026,21.052,4654000000.0,0.0,97.89,3.512,3.516,2700000000.0,7188000000.0,14861000000.0,14861000000.0,1533000000.0,0.114,0.191,0.34,0.24,21000000.0,2550000000.0,1.0,533109339.0,533700000.0,539700000.0,27.845,15918000000.0,1033000000.0,915000000.0,560000000.0,29.826,5741000000.0
19,MON2,MRT,2013-06-30,2013-05-31,2013-05-31,2021-03-16,-1122000000.0,21679000000.0,21629750000.0,11141000000.0,10538000000.0,0.682,25.967,-729000000.0,2921000000.0,2921000000.0,7147000000.0,2545000000.0,2.921,0.548,2223000000.0,169000000.0,2054000000.0,2223000000.0,489000000.0,613000000.0,0.0,0.014,1.425,3624000000.0,4237000000.0,0.287,4237000000.0,3624000000.0,3449000000.0,4.68,4.63,4.68,13869000000.0,12800250000.0,13869000000.0,51488737005.0,14.0,12.152,2255000000.0,4.222,1.0,7610000000.0,0.516,4735000000.0,175000000.0,12432000000.0,10527500000.0,2884000000.0,143000000.0,143000000.0,0.0,7601000000.0,3814000000.0,3787000000.0,53725737005.0,1205000000.0,-329000000.0,-587000000.0,133000000.0,-762000000.0,-883000000.0,-879000000.0,159000000.0,2984000000.0,-17000000.0,2502000000.0,2502000000.0,2502000000.0,0.0,43000000.0,0.17,4007000000.0,3603000000.0,745000000.0,0.304,3.874,21.473,21.504,4467000000.0,0.0,100.64,3.641,3.642,4664000000.0,7865000000.0,14757000000.0,14757000000.0,1536000000.0,0.116,0.195,0.344,0.246,12000000.0,2471000000.0,1.0,533840789.0,534100000.0,540000000.0,27.63,16944000000.0,1092000000.0,947000000.0,841000000.0,31.724,7327000000.0
20,MON2,MRT,2013-03-31,2013-02-28,2013-02-28,2021-03-16,-944000000.0,22079000000.0,21206000000.0,11534000000.0,10545000000.0,0.695,24.757,-668000000.0,4443000000.0,4443000000.0,7017000000.0,2579000000.0,2.449,0.651,2206000000.0,152000000.0,2054000000.0,2206000000.0,943000000.0,616000000.0,0.0,0.013,1.35,3723000000.0,4339000000.0,0.295,4339000000.0,3723000000.0,3546000000.0,4.74,4.69,4.74,13240000000.0,12352250000.0,13240000000.0,51576218810.0,14.0,11.887,2568000000.0,4.802,1.0,7711000000.0,0.524,4739000000.0,177000000.0,10394000000.0,10343250000.0,3095000000.0,310000000.0,310000000.0,0.0,8621000000.0,4709000000.0,3912000000.0,54133218810.0,1320000000.0,-288000000.0,-460000000.0,23000000.0,-722000000.0,-915000000.0,-933000000.0,-8000000.0,3236000000.0,-68000000.0,2530000000.0,2530000000.0,2530000000.0,0.0,49000000.0,0.172,3996000000.0,3715000000.0,758000000.0,0.285,4.089,21.397,21.314,4400000000.0,0.0,101.03,3.676,3.669,3112000000.0,6956000000.0,14728000000.0,14728000000.0,1519000000.0,0.119,0.205,0.36,0.253,34000000.0,2477000000.0,1.0,535813311.0,534800000.0,540900000.0,27.539,17340000000.0,1200000000.0,1016000000.0,840000000.0,32.423,6825000000.0
21,MON2,MRT,2012-12-31,2012-11-30,2012-11-30,2021-03-16,-988000000.0,22537000000.0,20866500000.0,12060000000.0,10477000000.0,0.671,22.923,-641000000.0,4637000000.0,4637000000.0,6658000000.0,2308000000.0,1.957,0.822,2080000000.0,26000000.0,2054000000.0,2080000000.0,3061000000.0,619000000.0,0.0,0.014,1.275,3400000000.0,4019000000.0,0.287,4019000000.0,3400000000.0,3211000000.0,4.23,4.19,4.23,12259000000.0,12040750000.0,12259000000.0,47754839155.0,14.0,11.882,2869000000.0,5.365,1.0,7346000000.0,0.525,4657000000.0,189000000.0,9162000000.0,10219500000.0,3571000000.0,310000000.0,310000000.0,0.0,10072000000.0,6161000000.0,3911000000.0,48963839155.0,1630000000.0,-209000000.0,-433000000.0,-32000000.0,-682000000.0,-941000000.0,-876000000.0,-8000000.0,3510000000.0,-63000000.0,2258000000.0,2258000000.0,2258000000.0,0.0,50000000.0,0.161,3934000000.0,3412000000.0,793000000.0,0.301,3.994,21.685,21.652,4348000000.0,0.0,91.59,3.496,3.498,3158000000.0,5876000000.0,14004000000.0,14004000000.0,1512000000.0,0.108,0.188,0.333,0.243,70000000.0,2422000000.0,1.0,534598091.0,534800000.0,540400000.0,26.185,17880000000.0,1065000000.0,953000000.0,382000000.0,33.433,5899000000.0
22,MON2,MRT,2012-09-30,2012-08-31,2012-08-31,2021-03-16,-1036000000.0,20224000000.0,20338000000.0,9658000000.0,10566000000.0,0.664,22.155,-646000000.0,3283000000.0,3283000000.0,6459000000.0,2093000000.0,2.288,0.692,2074000000.0,36000000.0,2038000000.0,2074000000.0,641000000.0,622000000.0,0.0,0.014,1.2,3137000000.0,3759000000.0,0.278,3759000000.0,3137000000.0,2946000000.0,3.83,3.79,3.83,11833000000.0,11736250000.0,11833000000.0,46881279727.0,15.0,12.472,2405000000.0,4.503,1.0,7045000000.0,0.522,4672000000.0,191000000.0,10122000000.0,10173750000.0,2839000000.0,302000000.0,302000000.0,0.0,8188000000.0,4221000000.0,3967000000.0,46425279727.0,711000000.0,-322000000.0,-432000000.0,-263000000.0,-642000000.0,-1165000000.0,-1034000000.0,0.0,3051000000.0,-141000000.0,2045000000.0,2045000000.0,2045000000.0,0.0,48000000.0,0.151,3897000000.0,3148000000.0,808000000.0,0.313,3.923,22.702,22.744,4365000000.0,0.0,87.11,3.438,3.445,2893000000.0,5537000000.0,13504000000.0,13504000000.0,1517000000.0,0.101,0.174,0.308,0.232,78000000.0,2380000000.0,1.0,532950060.0,534100000.0,540200000.0,25.284,15552000000.0,1085000000.0,901000000.0,388000000.0,29.118,5437000000.0
23,MON2,MRT,2012-06-30,2012-05-31,2012-05-31,2021-03-16,-1176000000.0,19984000000.0,20243000000.0,9783000000.0,10201000000.0,0.674,22.663,-590000000.0,1716000000.0,1716000000.0,6517000000.0,2214000000.0,2.285,0.627,2172000000.0,634000000.0,1538000000.0,2172000000.0,629000000.0,622000000.0,0.0,0.015,1.18,3320000000.0,3942000000.0,0.289,3942000000.0,3320000000.0,3136000000.0,4.07,4.0,4.07,12077000000.0,11664250000.0,12077000000.0,40206185397.0,12.0,10.199,2133000000.0,4.003,1.0,7136000000.0,0.523,4463000000.0,184000000.0,11695000000.0,10165750000.0,2514000000.0,302000000.0,302000000.0,0.0,7571000000.0,4282000000.0,3289000000.0,41181185397.0,642000000.0,-113000000.0,-439000000.0,-151000000.0,-632000000.0,-1119000000.0,-810000000.0,-52000000.0,2723000000.0,-152000000.0,2162000000.0,2162000000.0,2162000000.0,0.0,52000000.0,0.158,3802000000.0,3334000000.0,615000000.0,0.29,3.41,19.048,18.968,4164000000.0,0.0,77.2,3.016,3.013,4777000000.0,6122000000.0,13653000000.0,13653000000.0,1482000000.0,0.107,0.185,0.327,0.243,78000000.0,2328000000.0,1.0,533435044.0,532900000.0,538800000.0,25.62,15521000000.0,1254000000.0,974000000.0,744000000.0,29.126,5501000000.0
24,MON2,MRT,2012-03-31,2012-02-29,2012-02-29,2021-03-16,-533000000.0,20721000000.0,20249000000.0,10024000000.0,10697000000.0,0.644,22.444,-562000000.0,3123000000.0,3123000000.0,6296000000.0,1960000000.0,1.93,0.711,2148000000.0,610000000.0,1538000000.0,2148000000.0,1139000000.0,614000000.0,0.0,0.015,1.16,2986000000.0,3600000000.0,0.276,3600000000.0,2986000000.0,2806000000.0,3.6,3.54,3.6,11994000000.0,11606250000.0,11994000000.0,40487114245.0,14.0,11.246,2483000000.0,4.646,1.0,6746000000.0,0.517,4654000000.0,180000000.0,9899000000.0,10446000000.0,2862000000.0,302000000.0,302000000.0,0.0,8525000000.0,5193000000.0,3332000000.0,41430114245.0,1286000000.0,-113000000.0,-420000000.0,18000000.0,-622000000.0,-868000000.0,-853000000.0,-122000000.0,3045000000.0,-38000000.0,1917000000.0,1917000000.0,1917000000.0,0.0,43000000.0,0.147,3741000000.0,3005000000.0,690000000.0,0.322,3.454,21.612,21.494,4259000000.0,0.0,77.38,3.177,3.171,3374000000.0,5190000000.0,13042000000.0,13042000000.0,1467000000.0,0.095,0.165,0.286,0.229,78000000.0,2281000000.0,1.0,535411143.0,534400000.0,540500000.0,24.405,16067000000.0,1335000000.0,889000000.0,705000000.0,30.065,4831000000.0
25,MON2,MRT,2011-12-31,2011-11-30,2011-11-30,2021-03-16,-760000000.0,20423000000.0,19969500000.0,9734000000.0,10689000000.0,0.622,20.622,-553000000.0,3007000000.0,3007000000.0,6074000000.0,1778000000.0,1.663,0.835,2064000000.0,522000000.0,1542000000.0,2064000000.0,2316000000.0,613000000.0,0.0,0.016,1.14,2674000000.0,3287000000.0,0.265,3287000000.0,2674000000.0,2502000000.0,3.23,3.18,3.23,11041000000.0,11351500000.0,11041000000.0,38974798248.0,15.0,11.857,2747000000.0,5.131,1.0,6351000000.0,0.511,4648000000.0,172000000.0,8979000000.0,10653750000.0,3136000000.0,302000000.0,302000000.0,0.0,9223000000.0,5853000000.0,3370000000.0,39325798248.0,1275000000.0,-212000000.0,-261000000.0,-52000000.0,-612000000.0,-864000000.0,-1105000000.0,-302000000.0,3300000000.0,-56000000.0,1724000000.0,1724000000.0,1724000000.0,0.0,54000000.0,0.139,3668000000.0,2683000000.0,751000000.0,0.353,3.562,22.811,22.74,4230000000.0,0.0,73.45,3.165,3.165,3036000000.0,4300000000.0,12425000000.0,12425000000.0,1434000000.0,0.086,0.152,0.251,0.215,67000000.0,2240000000.0,1.0,535409098.0,535400000.0,541400000.0,23.207,15775000000.0,1316000000.0,778000000.0,289000000.0,29.464,3881000000.0
26,MON2,MRT,2011-09-30,2011-08-31,2011-08-31,2021-03-16,-116000000.0,19844000000.0,19561000000.0,8809000000.0,11035000000.0,0.604,21.519,-540000000.0,2572000000.0,2572000000.0,5743000000.0,1659000000.0,1.863,0.704,2221000000.0,678000000.0,1543000000.0,2221000000.0,710000000.0,613000000.0,0.0,0.016,1.12,2486000000.0,3099000000.0,0.262,3099000000.0,2486000000.0,2324000000.0,3.0,2.96,3.0,11545000000.0,11103750000.0,11545000000.0,38028288582.0,15.0,12.271,2274000000.0,4.239,1.0,6079000000.0,0.514,4674000000.0,162000000.0,10090000000.0,10952250000.0,2591000000.0,302000000.0,302000000.0,0.0,8128000000.0,4729000000.0,3399000000.0,36859288582.0,1087000000.0,-22000000.0,-502000000.0,180000000.0,-602000000.0,-864000000.0,-975000000.0,-302000000.0,2814000000.0,35000000.0,1607000000.0,1607000000.0,1607000000.0,0.0,52000000.0,0.136,3577000000.0,2502000000.0,933000000.0,0.373,3.193,22.937,22.977,4394000000.0,0.0,68.93,3.118,3.128,3221000000.0,4174000000.0,11822000000.0,11822000000.0,1386000000.0,0.082,0.145,0.227,0.21,68000000.0,2190000000.0,1.0,534735073.0,536500000.0,542400000.0,22.035,15170000000.0,1319000000.0,717000000.0,269000000.0,28.276,4080000000.0
27,MON2,MRT,2011-06-30,2011-05-31,2011-05-31,2021-03-16,-200000000.0,20008000000.0,19063000000.0,8855000000.0,11153000000.0,0.602,22.12,-512000000.0,1074000000.0,1074000000.0,5560000000.0,1590000000.0,2.418,0.671,2243000000.0,216000000.0,2027000000.0,2243000000.0,675000000.0,613000000.0,0.0,0.016,1.105,2311000000.0,2924000000.0,0.255,2924000000.0,2311000000.0,2147000000.0,2.9,2.88,2.9,11845000000.0,10734750000.0,11845000000.0,38376932957.0,17.0,13.125,2359000000.0,4.405,1.0,5913000000.0,0.515,4699000000.0,164000000.0,12816000000.0,11041500000.0,2703000000.0,250000000.0,250000000.0,0.0,7952000000.0,3662000000.0,4290000000.0,38075932957.0,599000000.0,-22000000.0,-520000000.0,-456000000.0,-595000000.0,-1481000000.0,-918000000.0,-275000000.0,2871000000.0,50000000.0,1548000000.0,1548000000.0,1548000000.0,5000000.0,42000000.0,0.135,3578000000.0,2335000000.0,630000000.0,0.381,3.215,24.597,24.497,4270000000.0,0.0,71.04,3.319,3.316,4776000000.0,4596000000.0,11473000000.0,11473000000.0,1340000000.0,0.081,0.144,0.209,0.201,86000000.0,2097000000.0,1.0,535978786.0,535500000.0,541200000.0,21.425,15309000000.0,1477000000.0,599000000.0,461000000.0,28.588,5193000000.0
28,MON2,MRT,2011-03-31,2011-02-28,2011-02-28,2021-03-16,-441000000.0,19603000000.0,18645500000.0,8589000000.0,11014000000.0,0.583,20.464,-630000000.0,1837000000.0,1837000000.0,5500000000.0,1294000000.0,1.908,0.774,2138000000.0,409000000.0,1729000000.0,2138000000.0,1294000000.0,618000000.0,0.0,0.015,1.09,1911000000.0,2529000000.0,0.233,2529000000.0,1911000000.0,1747000000.0,2.35,2.33,2.35,10975000000.0,10417000000.0,10975000000.0,38973403474.0,20.0,15.411,1953000000.0,3.642,1.0,5368000000.0,0.494,4673000000.0,164000000.0,10730000000.0,10940750000.0,2980000000.0,180000000.0,180000000.0,0.0,8495000000.0,4501000000.0,3994000000.0,38583403474.0,230000000.0,-56000000.0,-789000000.0,-96000000.0,-589000000.0,-1447000000.0,-1013000000.0,-211000000.0,2583000000.0,30000000.0,1259000000.0,1259000000.0,1259000000.0,5000000.0,35000000.0,0.116,3449000000.0,1919000000.0,637000000.0,0.464,3.516,30.646,30.591,4222000000.0,0.0,71.89,3.55,3.548,3447000000.0,3903000000.0,10868000000.0,10868000000.0,1282000000.0,0.068,0.121,0.175,0.176,74000000.0,1993000000.0,1.0,536700563.0,536300000.0,542400000.0,20.265,14930000000.0,1505000000.0,488000000.0,418000000.0,27.839,4088000000.0
29,MON2,MRT,2010-12-31,2010-11-30,2010-11-30,2021-03-16,-707000000.0,18789000000.0,18306250000.0,7977000000.0,10812000000.0,0.58,18.659,-688000000.0,1732000000.0,1732000000.0,5470000000.0,1152000000.0,1.759,0.855,2122000000.0,394000000.0,1728000000.0,2122000000.0,1739000000.0,613000000.0,0.0,0.018,1.075,1701000000.0,2314000000.0,0.218,2314000000.0,1701000000.0,1535000000.0,2.07,2.05,2.07,10050000000.0,10348500000.0,10050000000.0,32758636143.0,19.0,14.157,2737000000.0,5.082,1.0,5145000000.0,0.485,4470000000.0,166000000.0,10173000000.0,10823500000.0,3236000000.0,0.0,0.0,0.0,8593000000.0,4536000000.0,4057000000.0,32140636143.0,1261000000.0,40000000.0,-735000000.0,-206000000.0,-583000000.0,-1480000000.0,-761000000.0,-37000000.0,3425000000.0,0.0,1127000000.0,1127000000.0,1127000000.0,5000000.0,25000000.0,0.106,3447000000.0,1698000000.0,690000000.0,0.519,3.198,28.519,28.947,4222000000.0,0.0,59.92,3.028,3.04,2916000000.0,3187000000.0,10615000000.0,10615000000.0,1241000000.0,0.062,0.109,0.157,0.16,66000000.0,2003000000.0,1.0,536392459.0,538600000.0,544500000.0,19.709,14319000000.0,1516000000.0,408000000.0,208000000.0,26.586,3441000000.0
30,MON2,MRT,2010-09-30,2010-08-31,2010-08-31,2021-03-16,-897000000.0,17852000000.0,18010500000.0,7050000000.0,10802000000.0,0.582,18.519,-755000000.0,1485000000.0,1485000000.0,5416000000.0,1115000000.0,1.983,0.769,2103000000.0,241000000.0,1862000000.0,2103000000.0,614000000.0,602000000.0,0.0,0.02,1.06,1637000000.0,2239000000.0,0.214,2239000000.0,1637000000.0,1475000000.0,2.02,1.99,2.02,10069000000.0,10407500000.0,10069000000.0,30680708032.0,19.0,13.703,643000000.0,1.183,1.0,5067000000.0,0.483,4467000000.0,162000000.0,10447000000.0,11066250000.0,2649000000.0,0.0,0.0,0.0,7739000000.0,3556000000.0,4183000000.0,28454708032.0,-471000000.0,-57000000.0,-532000000.0,18000000.0,-577000000.0,-1038000000.0,-834000000.0,-39000000.0,1398000000.0,3000000.0,1096000000.0,1096000000.0,1096000000.0,0.0,19000000.0,0.105,3464000000.0,1603000000.0,835000000.0,0.525,2.826,25.962,26.064,4227000000.0,0.0,52.65,2.714,2.731,2820000000.0,3178000000.0,10483000000.0,10483000000.0,1205000000.0,0.061,0.105,0.148,0.156,59000000.0,2049000000.0,1.0,540450295.0,543700000.0,550800000.0,19.281,13385000000.0,1543000000.0,379000000.0,203000000.0,24.618,3494000000.0
31,MON2,MRT,2010-06-30,2010-05-31,2010-05-31,2021-03-16,-851000000.0,18338000000.0,18005250000.0,7900000000.0,10438000000.0,0.579,19.466,-824000000.0,475000000.0,475000000.0,5349000000.0,1042000000.0,2.132,0.73,2701000000.0,839000000.0,1862000000.0,2701000000.0,623000000.0,590000000.0,0.0,0.021,1.06,1563000000.0,2153000000.0,0.207,2153000000.0,1563000000.0,1400000000.0,1.86,1.85,1.86,10574000000.0,10400000000.0,10574000000.0,27985519589.0,18.0,12.998,450000000.0,0.828,1.0,5076000000.0,0.487,4446000000.0,163000000.0,12413000000.0,10795000000.0,2847000000.0,0.0,0.0,0.0,7721000000.0,3705000000.0,4016000000.0,27752519589.0,-104000000.0,-106000000.0,-586000000.0,486000000.0,-578000000.0,-623000000.0,-758000000.0,1000000.0,1274000000.0,3000000.0,1017000000.0,1017000000.0,1017000000.0,11000000.0,25000000.0,0.098,3530000000.0,1546000000.0,573000000.0,0.57,2.625,27.289,27.349,4103000000.0,0.0,50.87,2.662,2.651,4416000000.0,3644000000.0,10425000000.0,10425000000.0,1134000000.0,0.056,0.098,0.145,0.15,51000000.0,1956000000.0,1.0,545557688.0,543200000.0,549900000.0,19.192,13892000000.0,1410000000.0,383000000.0,281000000.0,25.574,4195000000.0
32,MON2,MRT,2010-03-31,2010-02-28,2010-02-28,2021-03-16,-674000000.0,18246000000.0,17913250000.0,8245000000.0,10001000000.0,0.591,19.606,-797000000.0,1607000000.0,1607000000.0,5101000000.0,1331000000.0,2.241,0.701,1840000000.0,114000000.0,1726000000.0,1840000000.0,1045000000.0,572000000.0,0.0,0.015,1.06,1994000000.0,2566000000.0,0.242,2566000000.0,1994000000.0,1834000000.0,2.39,2.37,2.39,10701000000.0,10448250000.0,10701000000.0,40085849166.0,20.0,15.622,205000000.0,0.376,1.0,5482000000.0,0.518,4539000000.0,160000000.0,10261000000.0,10480750000.0,3199000000.0,0.0,0.0,0.0,7505000000.0,3679000000.0,3826000000.0,38551849166.0,-397000000.0,-79000000.0,-248000000.0,22000000.0,-578000000.0,-733000000.0,-709000000.0,22000000.0,1002000000.0,43000000.0,1308000000.0,1308000000.0,1308000000.0,11000000.0,23000000.0,0.124,3506000000.0,1976000000.0,673000000.0,0.444,3.603,29.474,29.561,3687000000.0,0.0,70.65,3.643,3.644,3195000000.0,3260000000.0,10583000000.0,10583000000.0,1127000000.0,0.073,0.125,0.19,0.188,59000000.0,1973000000.0,1.0,545673732.0,545800000.0,553400000.0,19.39,13707000000.0,1370000000.0,526000000.0,406000000.0,25.114,4566000000.0
33,MON2,MRT,2009-12-31,2009-11-30,2009-11-30,2021-03-16,-485000000.0,17606000000.0,17850000000.0,7431000000.0,10175000000.0,0.602,18.853,-844000000.0,471000000.0,471000000.0,4824000000.0,1536000000.0,2.216,0.706,2005000000.0,281000000.0,1724000000.0,2005000000.0,834000000.0,557000000.0,0.0,0.013,1.035,2276000000.0,2833000000.0,0.264,2833000000.0,2276000000.0,2131000000.0,2.77,2.74,2.77,10286000000.0,10174000000.0,10286000000.0,43860193026.0,19.0,15.482,-115000000.0,-0.211,1.0,5916000000.0,0.551,4642000000.0,145000000.0,11144000000.0,10092000000.0,3560000000.0,0.0,0.0,0.0,7263000000.0,3354000000.0,3909000000.0,44013193026.0,-871000000.0,-347000000.0,-387000000.0,174000000.0,-565000000.0,-715000000.0,-930000000.0,130000000.0,729000000.0,45000000.0,1514000000.0,1514000000.0,1514000000.0,10000000.0,22000000.0,0.141,3634000000.0,2282000000.0,765000000.0,0.374,4.279,29.071,29.152,3720000000.0,0.0,80.75,4.098,4.102,3216000000.0,2663000000.0,10740000000.0,10740000000.0,1113000000.0,0.085,0.149,0.226,0.212,71000000.0,1983000000.0,1.0,545055022.0,545600000.0,545600000.0,19.685,12964000000.0,1378000000.0,617000000.0,211000000.0,23.761,4077000000.0
34,MON2,MRT,2009-09-30,2009-08-31,2009-08-31,2021-03-16,-744000000.0,17831000000.0,17675750000.0,7783000000.0,10048000000.0,0.661,18.349,-916000000.0,1956000000.0,1956000000.0,4965000000.0,2116000000.0,2.088,0.769,1803000000.0,79000000.0,1724000000.0,1803000000.0,707000000.0,548000000.0,0.0,0.012,1.01,3034000000.0,3582000000.0,0.307,3582000000.0,3034000000.0,2905000000.0,3.82,3.77,3.82,10039000000.0,9873000000.0,10039000000.0,47037292742.0,16.0,13.132,1330000000.0,2.431,1.0,6720000000.0,0.575,4589000000.0,129000000.0,9362000000.0,9567750000.0,2851000000.0,0.0,0.0,0.0,7723000000.0,3727000000.0,3996000000.0,45791292742.0,343000000.0,-29000000.0,-398000000.0,-183000000.0,-552000000.0,-1075000000.0,-723000000.0,125000000.0,2246000000.0,-105000000.0,2092000000.0,2092000000.0,2092000000.0,0.0,24000000.0,0.179,3659000000.0,3061000000.0,983000000.0,0.264,4.561,21.889,21.958,3609000000.0,0.0,83.88,3.919,3.927,2732000000.0,2665000000.0,11685000000.0,11685000000.0,1098000000.0,0.118,0.212,0.317,0.26,81000000.0,2037000000.0,1.0,545914315.0,547100000.0,555600000.0,21.358,13242000000.0,1436000000.0,813000000.0,200000000.0,24.204,4056000000.0
35,MON2,MRT,2009-06-30,2009-05-31,2009-05-31,2021-03-16,-586000000.0,17970000000.0,17715750000.0,7999000000.0,9971000000.0,0.671,19.705,-1049000000.0,579000000.0,579000000.0,5031000000.0,2204000000.0,2.294,0.669,1825000000.0,120000000.0,1705000000.0,1825000000.0,724000000.0,554000000.0,0.0,0.012,0.985,3142000000.0,3696000000.0,0.311,3696000000.0,3142000000.0,3048000000.0,3.96,3.91,3.96,10767000000.0,9706750000.0,10767000000.0,44643248804.0,14.0,12.079,906000000.0,1.658,1.0,6865000000.0,0.577,4573000000.0,94000000.0,11156000000.0,9500250000.0,3169000000.0,0.0,0.0,0.0,7203000000.0,3487000000.0,3716000000.0,44833248804.0,-1135000000.0,-889000000.0,-526000000.0,-3000000.0,-539000000.0,-993000000.0,-1980000000.0,-22000000.0,1955000000.0,-117000000.0,2170000000.0,2170000000.0,2170000000.0,9000000.0,34000000.0,0.182,3736000000.0,3129000000.0,711000000.0,0.249,4.164,20.66,20.745,3435000000.0,0.0,82.15,3.769,3.773,4267000000.0,3204000000.0,11896000000.0,11896000000.0,1126000000.0,0.122,0.224,0.331,0.264,51000000.0,2287000000.0,1.0,545748616.0,546400000.0,554600000.0,21.772,13397000000.0,1297000000.0,878000000.0,613000000.0,24.519,4512000000.0
36,MON2,MRT,2009-03-31,2009-02-28,2009-02-28,2021-03-16,-1036000000.0,17993000000.0,17546250000.0,8470000000.0,9523000000.0,0.699,17.551,-1065000000.0,2004000000.0,2004000000.0,5275000000.0,2310000000.0,1.821,0.873,1814000000.0,110000000.0,1704000000.0,1814000000.0,1540000000.0,562000000.0,0.0,0.012,0.895,3238000000.0,3800000000.0,0.31,3800000000.0,3238000000.0,3145000000.0,4.17,4.11,4.17,9604000000.0,9567750000.0,9604000000.0,42227010215.0,13.0,11.112,1395000000.0,2.549,1.0,6998000000.0,0.57,4446000000.0,93000000.0,8706000000.0,9176000000.0,3112000000.0,0.0,0.0,0.0,8389000000.0,4651000000.0,3738000000.0,41744010215.0,-281000000.0,-892000000.0,-514000000.0,310000000.0,-491000000.0,-584000000.0,-1997000000.0,-37000000.0,2460000000.0,-160000000.0,2287000000.0,2287000000.0,2287000000.0,13000000.0,23000000.0,0.186,3803000000.0,3195000000.0,761000000.0,0.215,4.347,18.253,18.29,3202000000.0,0.0,76.27,3.401,3.401,3331000000.0,2510000000.0,12273000000.0,12273000000.0,1079000000.0,0.13,0.239,0.353,0.264,12000000.0,2399000000.0,1.0,547318870.0,547200000.0,555500000.0,22.429,13547000000.0,1229000000.0,858000000.0,679000000.0,24.757,3819000000.0
37,MON2,MRT,2008-12-31,2008-11-30,2008-11-30,2021-03-16,-891000000.0,16909000000.0,17196250000.0,7489000000.0,9420000000.0,0.696,16.549,-1028000000.0,1342000000.0,1342000000.0,5277000000.0,2346000000.0,1.911,0.862,1825000000.0,70000000.0,1755000000.0,1825000000.0,1149000000.0,565000000.0,0.0,0.01,0.83,3393000000.0,3958000000.0,0.331,3958000000.0,3393000000.0,3294000000.0,4.23,4.16,4.23,9082000000.0,9491500000.0,9082000000.0,43599979234.0,13.0,11.016,927000000.0,1.689,1.0,6688000000.0,0.559,4427000000.0,99000000.0,9047000000.0,8871000000.0,3012000000.0,0.0,0.0,0.0,7827000000.0,3918000000.0,3909000000.0,43396979234.0,-275000000.0,-632000000.0,-387000000.0,284000000.0,-455000000.0,-336000000.0,-1776000000.0,-132000000.0,1955000000.0,-118000000.0,2324000000.0,2324000000.0,2324000000.0,6000000.0,22000000.0,0.194,3602000000.0,3086000000.0,804000000.0,0.196,4.778,18.673,18.723,3153000000.0,0.0,79.2,3.627,3.633,3055000000.0,1694000000.0,11965000000.0,11965000000.0,1033000000.0,0.135,0.245,0.382,0.284,-61000000.0,2406000000.0,1.0,547941657.0,548800000.0,557600000.0,21.802,12482000000.0,1148000000.0,970000000.0,288000000.0,22.744,3571000000.0
38,MON2,MRT,2008-09-30,2008-08-31,2008-08-31,2021-03-16,-78000000.0,17991000000.0,16797250000.0,7609000000.0,10382000000.0,0.677,17.078,-918000000.0,1613000000.0,1613000000.0,5188000000.0,2044000000.0,1.714,0.919,1816000000.0,24000000.0,1792000000.0,1816000000.0,1433000000.0,573000000.0,0.0,0.007,0.765,3033000000.0,3606000000.0,0.317,3606000000.0,3033000000.0,2923000000.0,3.69,3.62,3.69,9374000000.0,9235750000.0,9374000000.0,62836715476.0,21.0,17.426,1919000000.0,3.496,1.0,6177000000.0,0.544,4663000000.0,110000000.0,9092000000.0,8319500000.0,2453000000.0,0.0,0.0,0.0,8617000000.0,4439000000.0,4178000000.0,62837715476.0,747000000.0,-1022000000.0,-361000000.0,369000000.0,-419000000.0,-125000000.0,-2042000000.0,-151000000.0,2837000000.0,77000000.0,2024000000.0,2024000000.0,2024000000.0,0.0,20000000.0,0.178,3456000000.0,2721000000.0,1090000000.0,0.207,6.703,31.046,30.962,3323000000.0,0.0,114.25,5.529,5.518,3445000000.0,1138000000.0,11365000000.0,11365000000.0,980000000.0,0.12,0.219,0.365,0.267,-108000000.0,2312000000.0,1.0,550001886.0,548900000.0,559700000.0,20.705,13328000000.0,1338000000.0,899000000.0,365000000.0,24.281,3170000000.0
39,MON2,MRT,2008-06-30,2008-05-31,2008-05-31,2021-03-16,174000000.0,17292000000.0,15545250000.0,8127000000.0,9165000000.0,0.687,18.599,-742000000.0,1714000000.0,1714000000.0,4859000000.0,1986000000.0,2.472,0.693,1713000000.0,10000000.0,1703000000.0,1713000000.0,957000000.0,564000000.0,0.0,0.005,0.65,2950000000.0,3514000000.0,0.329,3514000000.0,2950000000.0,2813000000.0,3.63,3.55,3.63,10211000000.0,8768000000.0,10211000000.0,69043137986.0,23.0,19.648,2348000000.0,4.277,1.0,5814000000.0,0.545,4144000000.0,137000000.0,9859000000.0,7652000000.0,2206000000.0,0.0,0.0,0.0,7081000000.0,3288000000.0,3793000000.0,69913137986.0,720000000.0,-1350000000.0,-241000000.0,6000000.0,-355000000.0,-286000000.0,-2151000000.0,-78000000.0,3090000000.0,67000000.0,1986000000.0,1986000000.0,1986000000.0,-93000000.0,0.0,0.186,3231000000.0,2583000000.0,788000000.0,0.179,6.847,35.203,35.096,2962000000.0,0.0,127.4,6.55,6.553,4379000000.0,1574000000.0,10673000000.0,10673000000.0,882000000.0,0.128,0.227,0.386,0.276,-112000000.0,2160000000.0,1.0,548768744.0,549000000.0,,19.441,13148000000.0,1156000000.0,827000000.0,134000000.0,23.949,4839000000.0
40,MON2,MRT,2008-03-31,2008-02-29,2008-02-29,2021-03-16,131000000.0,16593000000.0,14590250000.0,7676000000.0,8917000000.0,0.684,16.975,-641000000.0,2285000000.0,2285000000.0,4627000000.0,1745000000.0,1.878,0.784,1415000000.0,260000000.0,1155000000.0,1415000000.0,1474000000.0,551000000.0,0.0,0.005,0.6,2650000000.0,3201000000.0,0.321,3201000000.0,2650000000.0,2515000000.0,3.2,3.13,3.2,9299000000.0,8197750000.0,9299000000.0,63188880098.0,24.0,19.74,2570000000.0,4.691,1.0,5350000000.0,0.536,4150000000.0,135000000.0,7486000000.0,7283000000.0,2248000000.0,0.0,0.0,0.0,7294000000.0,4087000000.0,3207000000.0,63391880098.0,720000000.0,-1403000000.0,-247000000.0,-226000000.0,-328000000.0,-525000000.0,-2085000000.0,-78000000.0,3211000000.0,119000000.0,1745000000.0,1745000000.0,1745000000.0,-102000000.0,0.0,0.175,3049000000.0,2301000000.0,709000000.0,0.188,6.817,36.328,36.15,2813000000.0,0.0,115.68,6.354,6.352,3291000000.0,763000000.0,9977000000.0,9977000000.0,824000000.0,0.12,0.213,0.364,0.266,-88000000.0,2031000000.0,1.0,547993431.0,547800000.0,,18.213,12443000000.0,1130000000.0,770000000.0,234000000.0,22.714,3589000000.0
41,MON2,MRT,2007-12-31,2007-11-30,2007-11-30,2021-03-16,-97000000.0,15313000000.0,13575250000.0,6562000000.0,8751000000.0,0.653,14.755,-571000000.0,1617000000.0,1617000000.0,4272000000.0,1159000000.0,1.59,0.9,1414000000.0,261000000.0,1153000000.0,1414000000.0,1751000000.0,542000000.0,0.0,0.006,0.55,1791000000.0,2333000000.0,0.263,2333000000.0,1791000000.0,1654000000.0,2.14,2.09,2.14,8059000000.0,7665250000.0,8059000000.0,54841732544.0,31.0,23.507,1679000000.0,3.074,1.0,4587000000.0,0.518,4142000000.0,137000000.0,6841000000.0,7233250000.0,2241000000.0,0.0,0.0,0.0,7254000000.0,4127000000.0,3127000000.0,54287732544.0,-225000000.0,-1454000000.0,-190000000.0,-183000000.0,-300000000.0,-474000000.0,-2100000000.0,-85000000.0,2250000000.0,99000000.0,1159000000.0,1159000000.0,1159000000.0,-91000000.0,0.0,0.131,2917000000.0,1670000000.0,673000000.0,0.257,6.736,46.84,46.435,2726000000.0,0.0,99.37,6.128,6.127,2730000000.0,-174000000.0,8859000000.0,8859000000.0,791000000.0,0.085,0.151,0.248,0.202,-42000000.0,1932000000.0,1.0,546319136.0,546200000.0,,16.219,11171000000.0,1227000000.0,495000000.0,80000000.0,20.452,2435000000.0
42,MON2,MRT,2007-09-30,2007-08-31,2007-08-31,2021-03-16,-377000000.0,12983000000.0,12782000000.0,5084000000.0,7899000000.0,0.653,13.755,-509000000.0,866000000.0,866000000.0,4119000000.0,993000000.0,1.653,0.73,1420000000.0,270000000.0,1150000000.0,1420000000.0,260000000.0,527000000.0,0.0,0.007,0.475,1532000000.0,2059000000.0,0.247,2059000000.0,1532000000.0,1396000000.0,1.83,1.79,1.83,7503000000.0,7315750000.0,7503000000.0,38757451326.0,25.0,18.823,1345000000.0,2.466,1.0,4230000000.0,0.507,4040000000.0,136000000.0,6422000000.0,7152250000.0,1719000000.0,0.0,0.0,0.0,5480000000.0,3075000000.0,2405000000.0,38040451326.0,-594000000.0,-1362000000.0,-197000000.0,-278000000.0,-258000000.0,-583000000.0,-1911000000.0,-37000000.0,1854000000.0,46000000.0,993000000.0,993000000.0,993000000.0,-80000000.0,0.0,0.119,2821000000.0,1409000000.0,649000000.0,0.26,5.07,38.309,38.109,2656000000.0,0.0,69.74,4.556,4.556,1985000000.0,-405000000.0,8349000000.0,8349000000.0,770000000.0,0.078,0.136,0.214,0.183,-10000000.0,1858000000.0,1.0,545461017.0,545461017.0,,15.306,8943000000.0,1179000000.0,403000000.0,233000000.0,16.395,2009000000.0
43,MON2,MRT,2007-06-30,2007-05-31,2007-05-31,2021-03-16,-348000000.0,13472000000.0,12468250000.0,7009000000.0,6463000000.0,0.654,14.566,-433000000.0,994000000.0,994000000.0,4114000000.0,1059000000.0,2.246,0.699,1711000000.0,561000000.0,1150000000.0,1711000000.0,90000000.0,519000000.0,0.0,0.007,0.45,1632000000.0,2151000000.0,0.264,2151000000.0,1632000000.0,1503000000.0,1.96,1.91,1.96,7930000000.0,7071250000.0,7930000000.0,33597173050.0,21.0,15.619,1146000000.0,2.105,1.0,4037000000.0,0.495,2685000000.0,129000000.0,8383000000.0,7273000000.0,1664000000.0,0.0,0.0,0.0,5542000000.0,3121000000.0,2421000000.0,33526173050.0,399000000.0,-198000000.0,-128000000.0,-371000000.0,-244000000.0,-615000000.0,-627000000.0,22000000.0,1579000000.0,62000000.0,1059000000.0,1059000000.0,1059000000.0,-14000000.0,0.0,0.13,2478000000.0,1559000000.0,493000000.0,0.23,4.228,31.658,31.429,2467000000.0,0.0,61.6,4.113,4.114,3836000000.0,-32000000.0,8151000000.0,8151000000.0,733000000.0,0.085,0.15,0.224,0.2,4000000.0,1736000000.0,1.0,544256056.0,544400000.0,,14.972,10787000000.0,1082000000.0,444000000.0,364000000.0,19.814,3888000000.0
44,MON2,MRT,2007-03-31,2007-02-28,2007-02-28,2021-03-16,-523000000.0,12533000000.0,12127500000.0,6296000000.0,6237000000.0,0.628,13.188,-395000000.0,1565000000.0,1565000000.0,3915000000.0,823000000.0,2.46,0.748,1636000000.0,55000000.0,1581000000.0,1636000000.0,418000000.0,517000000.0,0.0,0.008,0.425,1345000000.0,1862000000.0,0.244,1862000000.0,1345000000.0,1210000000.0,1.53,1.48,1.53,7169000000.0,6732750000.0,7169000000.0,28428232201.0,21.0,15.268,1468000000.0,2.701,1.0,3703000000.0,0.486,2758000000.0,135000000.0,7287000000.0,7201000000.0,1888000000.0,0.0,0.0,0.0,5364000000.0,2559000000.0,2805000000.0,28648232201.0,984000000.0,-141000000.0,-185000000.0,-274000000.0,-229000000.0,-508000000.0,-389000000.0,172000000.0,1863000000.0,18000000.0,823000000.0,823000000.0,823000000.0,-21000000.0,0.0,0.108,2408000000.0,1295000000.0,547000000.0,0.278,3.996,34.81,34.451,2410000000.0,0.0,52.71,3.761,3.761,2398000000.0,-602000000.0,7618000000.0,7618000000.0,730000000.0,0.068,0.122,0.187,0.177,-31000000.0,1678000000.0,1.0,543506587.0,543600000.0,,14.014,9775000000.0,1002000000.0,387000000.0,370000000.0,17.982,3737000000.0
45,MON2,MRT,2006-12-31,2006-11-30,2006-11-30,2021-03-16,-571000000.0,12140000000.0,11895000000.0,5953000000.0,6187000000.0,0.606,12.265,-406000000.0,1842000000.0,1842000000.0,3714000000.0,720000000.0,2.22,0.823,1622000000.0,42000000.0,1580000000.0,1622000000.0,709000000.0,514000000.0,0.0,0.008,0.4,1159000000.0,1673000000.0,0.232,1673000000.0,1159000000.0,1025000000.0,1.35,1.3,1.35,6661000000.0,6495250000.0,6661000000.0,26323459409.0,23.0,15.734,1095000000.0,2.016,1.0,3495000000.0,0.485,2722000000.0,134000000.0,6517000000.0,7276250000.0,1954000000.0,0.0,0.0,0.0,5479000000.0,2681000000.0,2798000000.0,26116459409.0,836000000.0,-205000000.0,-170000000.0,73000000.0,-215000000.0,-116000000.0,-557000000.0,169000000.0,1501000000.0,8000000.0,720000000.0,720000000.0,720000000.0,-24000000.0,0.0,0.1,2358000000.0,1137000000.0,477000000.0,0.296,3.921,36.273,35.607,2397000000.0,0.0,48.07,3.623,3.621,1689000000.0,-1009000000.0,7209000000.0,7209000000.0,717000000.0,0.061,0.111,0.159,0.161,-32000000.0,1641000000.0,1.0,543300591.0,543100000.0,,13.274,9418000000.0,1001000000.0,305000000.0,188000000.0,17.341,3272000000.0
46,MON2,MRT,2006-09-30,2006-08-31,2006-08-31,2021-03-16,-623000000.0,11728000000.0,11694000000.0,5461000000.0,6267000000.0,0.604,12.021,-370000000.0,1460000000.0,1460000000.0,3622000000.0,689000000.0,2.396,0.797,1667000000.0,28000000.0,1639000000.0,1667000000.0,120000000.0,519000000.0,0.0,0.008,0.385,1152000000.0,1671000000.0,0.237,1671000000.0,1152000000.0,1019000000.0,1.28,1.25,1.28,6525000000.0,6268500000.0,6525000000.0,27197568532.0,24.0,16.276,1304000000.0,2.402,1.0,3443000000.0,0.487,2751000000.0,133000000.0,6905000000.0,7281000000.0,1688000000.0,0.0,0.0,0.0,5203000000.0,2279000000.0,2924000000.0,25750568532.0,935000000.0,-258000000.0,-114000000.0,-1000000.0,-207000000.0,-117000000.0,-625000000.0,129000000.0,1674000000.0,3000000.0,689000000.0,689000000.0,689000000.0,-24000000.0,0.0,0.098,2304000000.0,1139000000.0,514000000.0,0.301,3.946,37.374,37.062,2418000000.0,0.0,47.44,3.645,3.645,1799000000.0,-1099000000.0,7065000000.0,7065000000.0,700000000.0,0.059,0.11,0.158,0.163,-35000000.0,1604000000.0,1.0,542802878.0,542802878.0,,13.016,8977000000.0,1015000000.0,330000000.0,234000000.0,16.538,3182000000.0
47,MON2,MRT,2006-06-30,2006-05-31,2006-05-31,2021-03-16,-811000000.0,12109000000.0,11406750000.0,5991000000.0,6118000000.0,0.628,12.142,-371000000.0,595000000.0,595000000.0,3642000000.0,708000000.0,2.175,0.841,2042000000.0,666000000.0,1376000000.0,2042000000.0,50000000.0,526000000.0,0.0,0.009,0.37,1175000000.0,1701000000.0,0.237,1701000000.0,1175000000.0,1038000000.0,1.315,1.28,1.315,6576000000.0,6040500000.0,6576000000.0,24134454735.0,21.0,14.188,1017000000.0,1.878,1.0,3527000000.0,0.492,2706000000.0,137000000.0,8095000000.0,7324250000.0,1700000000.0,22000000.0,22000000.0,0.0,5533000000.0,2755000000.0,2778000000.0,22771454735.0,128000000.0,-220000000.0,-172000000.0,-385000000.0,-199000000.0,-556000000.0,-704000000.0,-21000000.0,1388000000.0,0.0,708000000.0,708000000.0,708000000.0,20000000.0,0.0,0.099,2293000000.0,1234000000.0,454000000.0,0.281,3.463,32.163,32.0,2331000000.0,0.0,42.08,3.176,3.179,3249000000.0,-847000000.0,7169000000.0,7169000000.0,710000000.0,0.062,0.117,0.16,0.164,-7000000.0,1629000000.0,1.0,541146738.0,541600000.0,,13.237,9403000000.0,921000000.0,330000000.0,284000000.0,17.362,3236000000.0
48,MON2,MRT,2006-03-31,2006-02-28,2006-02-28,2021-03-16,-787000000.0,11603000000.0,11298750000.0,5464000000.0,6139000000.0,0.611,11.536,-355000000.0,581000000.0,581000000.0,3537000000.0,421000000.0,2.061,0.866,1944000000.0,566000000.0,1378000000.0,1944000000.0,357000000.0,526000000.0,0.0,0.008,0.355,836000000.0,1362000000.0,0.197,1362000000.0,836000000.0,705000000.0,0.785,0.765,0.785,6219000000.0,5857750000.0,6219000000.0,23189264081.0,28.0,17.026,1260000000.0,2.337,1.0,3363000000.0,0.487,2727000000.0,131000000.0,7588000000.0,7228000000.0,1856000000.0,171000000.0,171000000.0,0.0,5384000000.0,2651000000.0,2733000000.0,22595264081.0,-515000000.0,-1547000000.0,-160000000.0,233000000.0,-190000000.0,50000000.0,-2180000000.0,-171000000.0,1615000000.0,0.0,421000000.0,421000000.0,421000000.0,26000000.0,0.0,0.061,2455000000.0,908000000.0,379000000.0,0.452,3.633,53.67,53.427,2353000000.0,0.0,41.94,3.275,3.277,2401000000.0,-1181000000.0,6900000000.0,6900000000.0,678000000.0,0.037,0.072,0.116,0.121,56000000.0,1567000000.0,1.0,538752124.0,539100000.0,,12.799,8876000000.0,931000000.0,284000000.0,163000000.0,16.464,2813000000.0
49,MON2,MRT,2005-12-31,2005-11-30,2005-11-30,2021-03-16,-860000000.0,11336000000.0,10858750000.0,5440000000.0,5896000000.0,0.609,10.719,-298000000.0,1006000000.0,1006000000.0,3470000000.0,354000000.0,1.925,0.97,1600000000.0,155000000.0,1445000000.0,1600000000.0,703000000.0,512000000.0,0.0,0.009,0.34,719000000.0,1231000000.0,0.186,1231000000.0,719000000.0,597000000.0,0.665,0.65,0.665,5754000000.0,5760500000.0,5754000000.0,20886828175.0,29.0,16.967,1443000000.0,2.688,1.0,3138000000.0,0.475,2568000000.0,122000000.0,6536000000.0,7026750000.0,1890000000.0,168000000.0,168000000.0,0.0,5582000000.0,2826000000.0,2756000000.0,19671828175.0,-547000000.0,-1436000000.0,-199000000.0,-254000000.0,-182000000.0,-485000000.0,-1803000000.0,-69000000.0,1741000000.0,0.0,354000000.0,354000000.0,354000000.0,24000000.0,0.0,0.054,2337000000.0,801000000.0,370000000.0,0.511,3.419,55.57,55.09,2355000000.0,0.0,36.635,2.977,2.976,1751000000.0,-1513000000.0,6608000000.0,6608000000.0,632000000.0,0.033,0.061,0.102,0.109,85000000.0,1488000000.0,1.0,536968150.0,536800000.0,,12.31,8768000000.0,1046000000.0,243000000.0,171000000.0,16.334,2614000000.0
50,MON2,MRT,2005-09-30,2005-08-31,2005-08-31,2021-03-16,-889000000.0,10579000000.0,10524500000.0,4644000000.0,5935000000.0,0.596,10.447,-281000000.0,525000000.0,525000000.0,3280000000.0,255000000.0,2.151,0.885,1584000000.0,126000000.0,1458000000.0,1584000000.0,0.0,488000000.0,0.0,0.01,0.328,474000000.0,962000000.0,0.153,962000000.0,474000000.0,359000000.0,0.48,0.47,0.48,5613000000.0,5668500000.0,5613000000.0,19156724028.0,40.0,19.913,1456000000.0,2.71,1.0,2995000000.0,0.477,2401000000.0,115000000.0,7078000000.0,6895750000.0,1664000000.0,150000000.0,150000000.0,0.0,4966000000.0,2159000000.0,2807000000.0,17149724028.0,-512000000.0,-1541000000.0,-234000000.0,-332000000.0,-174000000.0,-582000000.0,-1667000000.0,150000000.0,1737000000.0,0.0,255000000.0,255000000.0,255000000.0,-62000000.0,0.0,0.041,2217000000.0,778000000.0,525000000.0,0.683,3.055,67.254,66.5,2378000000.0,0.0,31.92,2.733,2.733,1843000000.0,-1572000000.0,6275000000.0,6275000000.0,583000000.0,0.024,0.045,0.069,0.076,94000000.0,1404000000.0,1.0,537272056.0,537272056.0,,11.679,8178000000.0,1054000000.0,104000000.0,208000000.0,15.221,2485000000.0
51,MON2,MRT,2005-06-30,2005-05-31,2005-05-31,2021-03-16,-898000000.0,11677000000.0,10170750000.0,5862000000.0,5815000000.0,0.614,10.905,-206000000.0,467000000.0,467000000.0,3240000000.0,338000000.0,1.654,0.998,2474000000.0,1412000000.0,1062000000.0,2474000000.0,40000000.0,460000000.0,0.0,0.011,0.315,590000000.0,1050000000.0,0.168,1050000000.0,590000000.0,489000000.0,0.63,0.62,0.63,5845000000.0,5579750000.0,5845000000.0,15351112712.0,26.0,14.62,1476000000.0,2.754,1.0,3005000000.0,0.481,2430000000.0,101000000.0,7710000000.0,6768000000.0,1683000000.0,0.0,0.0,0.0,5832000000.0,3544000000.0,2288000000.0,15286112712.0,140000000.0,-1506000000.0,-282000000.0,432000000.0,-167000000.0,151000000.0,-1693000000.0,0.0,1682000000.0,0.0,338000000.0,338000000.0,338000000.0,-89000000.0,0.0,0.054,2137000000.0,868000000.0,392000000.0,0.5,2.615,45.225,45.238,2367000000.0,0.0,28.5,2.448,2.446,3188000000.0,-1356000000.0,6245000000.0,6245000000.0,541000000.0,0.033,0.061,0.087,0.094,76000000.0,1246000000.0,1.0,536354832.0,536000000.0,,11.651,9247000000.0,903000000.0,151000000.0,343000000.0,17.252,2318000000.0
52,MON2,MRT,2005-03-31,2005-02-28,2005-02-28,2021-03-16,-902000000.0,9843000000.0,9575750000.0,5276000000.0,4567000000.0,0.614,10.938,-190000000.0,1096000000.0,1096000000.0,3053000000.0,543000000.0,2.915,0.688,1161000000.0,99000000.0,1062000000.0,1161000000.0,237000000.0,445000000.0,0.0,0.01,0.295,735000000.0,1180000000.0,0.201,1180000000.0,735000000.0,639000000.0,1.015,1.0,1.015,5830000000.0,5475000000.0,5830000000.0,15407570849.0,21.0,13.057,1307000000.0,2.452,1.0,2829000000.0,0.481,1315000000.0,96000000.0,6783000000.0,6696500000.0,1379000000.0,0.0,0.0,0.0,4013000000.0,1810000000.0,2203000000.0,15651570849.0,798000000.0,-173000000.0,-234000000.0,-400000000.0,-157000000.0,-630000000.0,-69000000.0,250000000.0,1497000000.0,0.0,543000000.0,543000000.0,543000000.0,-109000000.0,0.0,0.092,1819000000.0,1010000000.0,360000000.0,0.291,2.685,28.824,28.956,2057000000.0,0.0,29.39,2.661,2.663,2281000000.0,-1357000000.0,5882000000.0,5882000000.0,514000000.0,0.057,0.099,0.11,0.125,72000000.0,1164000000.0,1.0,532547494.0,533000000.0,,11.036,8528000000.0,1068000000.0,96000000.0,172000000.0,16.0,3466000000.0
53,MON2,MRT,2004-12-31,2004-11-30,2004-11-30,2021-03-16,-986000000.0,9999000000.0,9355750000.0,5373000000.0,4626000000.0,0.585,10.178,-198000000.0,1553000000.0,1553000000.0,2915000000.0,324000000.0,2.235,0.856,1309000000.0,239000000.0,1070000000.0,1309000000.0,549000000.0,447000000.0,0.0,0.012,0.275,449000000.0,896000000.0,0.164,896000000.0,449000000.0,354000000.0,0.605,0.6,0.605,5386000000.0,5342500000.0,5386000000.0,12638404471.0,28.0,14.105,1171000000.0,2.213,1.0,2557000000.0,0.467,1339000000.0,95000000.0,6012000000.0,6861250000.0,1452000000.0,100000000.0,100000000.0,0.0,4613000000.0,2404000000.0,2209000000.0,12167404471.0,517000000.0,-158000000.0,-246000000.0,-230000000.0,-145000000.0,-416000000.0,-436000000.0,-99000000.0,1369000000.0,0.0,324000000.0,324000000.0,324000000.0,-105000000.0,0.0,0.059,1818000000.0,739000000.0,373000000.0,0.455,2.259,37.554,38.033,2084000000.0,0.0,23.01,2.224,2.225,1718000000.0,-1685000000.0,5472000000.0,5472000000.0,512000000.0,0.035,0.061,0.065,0.082,49000000.0,1122000000.0,1.0,528787678.0,529200000.0,,10.34,8660000000.0,460000000.0,30000000.0,0.0,16.364,2969000000.0
54,MON2,MRT,2004-09-30,2004-08-31,2004-08-31,2021-03-16,-1132000000.0,9164000000.0,9151750000.0,4931000000.0,4233000000.0,0.593,9.845,-210000000.0,1037000000.0,1037000000.0,2896000000.0,267000000.0,2.603,0.743,1508000000.0,433000000.0,1075000000.0,1508000000.0,0.0,452000000.0,0.0,0.015,0.268,486000000.0,938000000.0,0.173,938000000.0,486000000.0,395000000.0,0.5,0.5,0.5,5258000000.0,5264250000.0,5258000000.0,10919187431.0,22.0,11.641,1051000000.0,1.968,1.0,2527000000.0,0.466,1174000000.0,91000000.0,6567000000.0,7013000000.0,1154000000.0,300000000.0,300000000.0,0.0,3906000000.0,1894000000.0,2012000000.0,9773187431.0,756000000.0,0.0,-266000000.0,-24000000.0,-141000000.0,-243000000.0,-262000000.0,-70000000.0,1261000000.0,0.0,267000000.0,267000000.0,267000000.0,-1000000.0,0.0,0.049,1924000000.0,603000000.0,326000000.0,0.536,1.859,36.604,36.6,2087000000.0,0.0,18.3,1.802,1.802,1979000000.0,-1645000000.0,5423000000.0,5423000000.0,509000000.0,0.029,0.051,0.069,0.09,37000000.0,1128000000.0,1.0,534053958.0,534053958.0,,10.154,7990000000.0,872000000.0,128000000.0,122000000.0,14.961,3037000000.0
55,MON2,MRT,2004-06-30,2004-05-31,2004-05-31,2021-03-16,-1127000000.0,9297000000.0,9244750000.0,5000000000.0,4297000000.0,0.521,10.207,-165000000.0,327000000.0,327000000.0,2593000000.0,12000000.0,2.746,0.713,1473000000.0,401000000.0,1072000000.0,1473000000.0,0.0,414000000.0,0.0,0.015,0.26,69000000.0,483000000.0,0.1,483000000.0,69000000.0,-13000000.0,0.01,0.0,0.01,5426000000.0,5238750000.0,5426000000.0,10403553815.0,151.0,21.539,-92000000.0,-0.173,1.0,2227000000.0,0.462,1198000000.0,82000000.0,7424000000.0,7227250000.0,1196000000.0,0.0,0.0,0.0,3871000000.0,1821000000.0,2050000000.0,9162553815.0,100000000.0,0.0,-133000000.0,53000000.0,-136000000.0,-35000000.0,62000000.0,250000000.0,73000000.0,0.0,12000000.0,12000000.0,12000000.0,-1000000.0,0.0,0.002,1649000000.0,578000000.0,333000000.0,26.0,1.689,763.546,1725.0,2130000000.0,0.0,17.25,1.901,1.903,3128000000.0,-1565000000.0,4820000000.0,4820000000.0,437000000.0,0.001,0.002,0.01,0.014,30000000.0,1018000000.0,1.0,531162540.0,531600000.0,,9.067,8099000000.0,239000000.0,-25000000.0,0.0,15.235,3179000000.0
56,MON2,MRT,2004-03-31,2004-02-29,2004-02-29,2021-03-16,-1048000000.0,8963000000.0,,4716000000.0,4247000000.0,,10.026,-164000000.0,298000000.0,298000000.0,2487000000.0,-66000000.0,3.08,0.691,1539000000.0,365000000.0,1174000000.0,1539000000.0,0.0,415000000.0,0.0,0.015,0.255,2000000.0,417000000.0,0.09,417000000.0,2000000.0,-77000000.0,-0.13,-0.135,-0.13,5300000000.0,,5300000000.0,9247216697.0,4624.0,22.176,-233000000.0,-0.441,1.0,2124000000.0,0.461,1231000000.0,79000000.0,7442000000.0,,1316000000.0,250000000.0,250000000.0,0.0,3663000000.0,1531000000.0,2132000000.0,8773216697.0,112000000.0,0.0,-106000000.0,233000000.0,-132000000.0,132000000.0,49000000.0,250000000.0,-69000000.0,0.0,-66000000.0,-66000000.0,-66000000.0,30000000.0,0.0,-0.014,1612000000.0,512000000.0,316000000.0,-1.962,1.655,-132.928,-127.077,2198000000.0,0.0,16.52,1.903,1.894,2504000000.0,-1744000000.0,4611000000.0,4611000000.0,426000000.0,,,,0.0,2000000.0,1032000000.0,1.0,531066386.0,528600000.0,,8.723,7732000000.0,247000000.0,-11000000.0,0.0,14.627,3185000000.0
57,MON2,MRT,2003-12-31,2003-11-30,2003-11-30,2021-03-16,-1097000000.0,9183000000.0,,4856000000.0,4327000000.0,,9.678,-165000000.0,1036000000.0,1036000000.0,2386000000.0,-120000000.0,2.689,0.81,1510000000.0,288000000.0,1222000000.0,1510000000.0,0.0,416000000.0,0.0,0.018,0.25,-69000000.0,347000000.0,0.079,347000000.0,-69000000.0,-147000000.0,-0.23,-0.23,-0.23,5073000000.0,,5073000000.0,8351319072.0,-121.0,24.067,282000000.0,0.538,1.0,2020000000.0,0.458,1232000000.0,78000000.0,6619000000.0,,1373000000.0,0.0,0.0,0.0,4110000000.0,1806000000.0,2304000000.0,7105319072.0,608000000.0,0.0,-55000000.0,252000000.0,-130000000.0,110000000.0,51000000.0,250000000.0,447000000.0,0.0,-120000000.0,-120000000.0,-120000000.0,31000000.0,0.0,-0.027,1578000000.0,442000000.0,290000000.0,-1.087,1.401,-59.211,-58.957,2228000000.0,0.0,13.56,1.613,1.613,2010000000.0,-1863000000.0,4406000000.0,4406000000.0,428000000.0,,,,-0.016,2000000.0,1001000000.0,1.0,523991082.0,524200000.0,,8.405,7951000000.0,315000000.0,-27000000.0,0.0,15.168,3050000000.0
58,MON2,MRT,2003-09-30,2003-08-31,2003-08-31,2021-03-16,-1168000000.0,9536000000.0,,4939000000.0,4597000000.0,,9.844,-168000000.0,281000000.0,281000000.0,2322000000.0,-41000000.0,2.446,0.849,1527000000.0,269000000.0,1258000000.0,1527000000.0,17000000.0,411000000.0,0.0,0.019,0.245,9000000.0,420000000.0,0.099,420000000.0,9000000.0,-70000000.0,-0.08,-0.08,-0.08,5156000000.0,,5156000000.0,7864820159.0,874.0,18.726,347000000.0,0.663,1.0,1902000000.0,0.45,1339000000.0,79000000.0,7424000000.0,,1207000000.0,230000000.0,230000000.0,0.0,4380000000.0,2019000000.0,2361000000.0,6732820159.0,45000000.0,0.0,0.0,-161000000.0,-127000000.0,-277000000.0,-193000000.0,20000000.0,515000000.0,0.0,-41000000.0,-41000000.0,-41000000.0,12000000.0,0.0,-0.01,1430000000.0,472000000.0,290000000.0,-3.062,1.306,-164.215,-160.688,2280000000.0,0.0,12.855,1.594,1.594,2733000000.0,-1733000000.0,4224000000.0,4224000000.0,428000000.0,,,,0.002,2000000.0,941000000.0,1.0,523751082.0,523751082.0,,8.065,8197000000.0,430000000.0,-29000000.0,0.0,15.651,2920000000.0
59,MON2,MRT,2003-06-30,2003-05-31,2003-05-31,2021-03-16,,,,,,,,,,,,,,,,,,,,,,0.024,0.24,,,,,,,,,,,,,6857487200.0,,,,,1.0,,,,,,,,,,,,,,5241487200.0,,,,,,,,,,,,,,,,,,,,,,,,,,10.025,,,,,,,,,,,,,,1.0,522841616.0,522800000.0,,,,,,,,
60,MON2,MRT,2003-03-31,2003-02-28,2003-02-28,2021-03-16,,,,,,,,,,,,,,,,,,,,,,0.029,0.24,,,,,,,,,,,,,5646316207.0,,,,,1.0,,,,,,,,,,,,,,4292316207.0,,,,,,,,,,,,,,,,,,,,,,,,,,8.21,,,,,,,,,,,,,,1.0,522815616.0,522800000.0,,,,,,,,
61,MON2,MRT,2002-12-31,2002-12-31,2002-12-31,2021-03-16,-1202000000.0,8949000000.0,9815000000.0,4406000000.0,4543000000.0,0.476,9.908,-224000000.0,428000000.0,428000000.0,2528000000.0,-1693000000.0,2.357,0.728,1244000000.0,393000000.0,851000000.0,1244000000.0,148000000.0,460000000.0,0.0,0.025,0.24,-1527000000.0,-1067000000.0,-0.228,-1067000000.0,-1527000000.0,-1608000000.0,-3.25,-3.225,-3.25,5180000000.0,5870250000.0,5180000000.0,6386100304.0,-4.0,-5.985,884000000.0,1.691,1.0,2146000000.0,0.459,1400000000.0,81000000.0,6496000000.0,7376750000.0,1254000000.0,250000000.0,250000000.0,0.0,3769000000.0,1869000000.0,1900000000.0,5032100304.0,121000000.0,0.0,0.0,-446000000.0,-125000000.0,-518000000.0,-469000000.0,-250000000.0,1108000000.0,0.0,-1693000000.0,-1693000000.0,-1693000000.0,17000000.0,0.0,-0.362,1802000000.0,344000000.0,275000000.0,-0.074,0.971,-2.972,-2.962,2339000000.0,0.0,9.625,1.077,1.077,2141000000.0,-1645000000.0,4674000000.0,4674000000.0,503000000.0,-0.172,-0.288,-0.207,-0.327,11000000.0,996000000.0,1.0,522815616.0,522815616.0,,8.94,7549000000.0,260000000.0,85000000.0,0.0,14.439,2537000000.0
62,MON2,MRT,2002-09-30,2002-09-30,2002-09-30,2021-03-16,-1259000000.0,8599000000.0,10435000000.0,4189000000.0,4410000000.0,0.445,9.751,-176000000.0,136000000.0,136000000.0,2565000000.0,-1858000000.0,3.062,0.687,1490000000.0,356000000.0,1134000000.0,1490000000.0,0.0,,0.0,0.031,0.24,-1812000000.0,,,,-1812000000.0,-1893000000.0,-3.595,-3.525,-3.595,5096000000.0,6446000000.0,5096000000.0,5819754204.0,-3.0,,,,1.0,2075000000.0,0.447,1408000000.0,81000000.0,7177000000.0,7506750000.0,1353000000.0,0.0,0.0,0.0,3503000000.0,1368000000.0,2135000000.0,3994754204.0,-44000000.0,15000000.0,0.0,-719000000.0,-124000000.0,-780000000.0,-220000000.0,0.0,,0.0,-1858000000.0,-1858000000.0,-1858000000.0,26000000.0,0.0,-0.4,1913000000.0,162000000.0,300000000.0,-0.067,0.784,-2.15,-2.127,2330000000.0,0.0,7.645,0.861,0.861,2422000000.0,-1674000000.0,4640000000.0,4640000000.0,520000000.0,-0.178,-0.288,-0.241,-0.391,,1048000000.0,1.0,522531616.0,522600000.0,,8.879,7191000000.0,227000000.0,-35000000.0,0.0,13.76,2821000000.0
63,MON2,MRT,2002-06-30,2002-06-30,2002-06-30,2021-03-16,-837000000.0,9844000000.0,11210000000.0,5239000000.0,4605000000.0,0.437,10.936,-215000000.0,277000000.0,277000000.0,2639000000.0,-1738000000.0,2.124,0.723,2102000000.0,1221000000.0,881000000.0,2102000000.0,0.0,,0.0,0.027,0.24,-1646000000.0,,,,-1646000000.0,-1722000000.0,-3.365,-3.295,-3.365,5713000000.0,6997000000.0,5713000000.0,6958217548.0,-4.0,,,,1.0,2258000000.0,0.461,1428000000.0,76000000.0,7774000000.0,7596000000.0,1239000000.0,16000000.0,16000000.0,0.0,4131000000.0,2467000000.0,1664000000.0,4645217548.0,41000000.0,20000000.0,0.0,-281000000.0,-124000000.0,-342000000.0,-270000000.0,0.0,,0.0,-1738000000.0,-1738000000.0,-1738000000.0,26000000.0,0.0,-0.355,1943000000.0,315000000.0,358000000.0,-0.071,0.813,-2.673,-2.645,2477000000.0,0.0,8.9,0.949,0.949,3411000000.0,-1478000000.0,4897000000.0,4897000000.0,530000000.0,-0.155,-0.248,-0.217,-0.336,,1040000000.0,1.0,521934556.0,522400000.0,,9.374,8416000000.0,253000000.0,16000000.0,0.0,16.11,2772000000.0
64,MON2,MRT,2002-03-31,2002-03-31,2002-03-31,2021-03-16,-725000000.0,11868000000.0,11824500000.0,5314000000.0,6554000000.0,0.453,14.474,-317000000.0,217000000.0,217000000.0,2726000000.0,-1496000000.0,1.95,0.584,2530000000.0,1645000000.0,885000000.0,2530000000.0,0.0,,0.0,0.015,0.24,-1226000000.0,,,,-1226000000.0,-1316000000.0,-2.89,-2.84,-2.89,7492000000.0,7443750000.0,7492000000.0,9558164088.0,-8.0,,,,1.0,2629000000.0,0.491,3396000000.0,90000000.0,8060000000.0,7608250000.0,1387000000.0,11000000.0,11000000.0,0.0,4376000000.0,2725000000.0,1651000000.0,8155164088.0,50000000.0,0.0,0.0,-35000000.0,-124000000.0,-122000000.0,-394000000.0,0.0,,0.0,-1496000000.0,-1496000000.0,-1496000000.0,26000000.0,0.0,-0.279,1863000000.0,766000000.0,328000000.0,-0.083,1.089,-5.451,-5.465,2591000000.0,0.0,15.795,1.523,1.527,3422000000.0,229000000.0,5355000000.0,5355000000.0,529000000.0,-0.127,-0.201,-0.161,-0.229,,1118000000.0,1.0,516313016.0,517600000.0,,10.346,8472000000.0,240000000.0,180000000.0,0.0,16.368,2589000000.0
65,MON2,MRT,2001-12-31,2001-12-31,2001-12-31,2021-03-16,-716000000.0,11429000000.0,11852000000.0,4797000000.0,6632000000.0,0.459,14.497,-382000000.0,307000000.0,307000000.0,2808000000.0,295000000.0,2.018,0.527,1710000000.0,817000000.0,893000000.0,1710000000.0,72000000.0,554000000.0,0.0,0.013,0.225,563000000.0,1117000000.0,0.205,1117000000.0,563000000.0,464000000.0,0.57,0.56,0.57,7483000000.0,7378750000.0,7483000000.0,10759391300.0,19.0,9.632,234000000.0,0.453,1.0,2632000000.0,0.484,3439000000.0,99000000.0,7016000000.0,7579500000.0,1357000000.0,30000000.0,30000000.0,0.0,3946000000.0,2377000000.0,1569000000.0,8723391300.0,176000000.0,0.0,0.0,109000000.0,-116000000.0,-7000000.0,-433000000.0,0.0,616000000.0,0.0,295000000.0,295000000.0,295000000.0,26000000.0,0.0,0.054,1942000000.0,690000000.0,544000000.0,0.395,1.166,29.571,29.649,2627000000.0,0.0,16.9,1.604,1.604,2800000000.0,173000000.0,5440000000.0,5440000000.0,544000000.0,0.025,0.04,0.074,0.103,0.0,1130000000.0,1.0,516177000.0,516177000.0,,10.539,7990000000.0,251000000.0,169000000.0,0.0,15.479,2420000000.0
66,MON2,MRT,2001-09-30,2001-09-30,2001-09-30,2021-03-16,-840000000.0,11699000000.0,11926250000.0,5185000000.0,6514000000.0,0.454,14.142,-427000000.0,180000000.0,180000000.0,2805000000.0,347000000.0,1.856,0.603,2216000000.0,1295000000.0,921000000.0,2216000000.0,0.0,,0.0,0.01,0.165,629000000.0,,,,629000000.0,556000000.0,0.675,0.655,0.675,7300000000.0,7343250000.0,7300000000.0,10860156455.0,17.0,,,,1.0,2607000000.0,0.482,3407000000.0,73000000.0,7534000000.0,7572250000.0,1325000000.0,7000000.0,7000000.0,0.0,4399000000.0,2794000000.0,1605000000.0,8705156455.0,-38000000.0,18000000.0,723000000.0,-564000000.0,-85000000.0,74000000.0,-724000000.0,0.0,,0.0,347000000.0,347000000.0,347000000.0,0.0,0.0,0.064,1957000000.0,650000000.0,392000000.0,0.244,1.192,25.087,24.985,2602000000.0,0.0,16.865,1.608,1.609,3399000000.0,310000000.0,5412000000.0,5412000000.0,567000000.0,0.029,0.047,0.083,0.116,,1084000000.0,1.0,516167000.0,516200000.0,,10.484,8292000000.0,198000000.0,209000000.0,0.0,16.064,2391000000.0
67,MON2,MRT,2001-06-30,2001-06-30,2001-06-30,2021-03-16,-717000000.0,12302000000.0,12034750000.0,5645000000.0,6657000000.0,0.456,14.529,-462000000.0,236000000.0,236000000.0,2802000000.0,328000000.0,1.788,0.64,2391000000.0,1489000000.0,902000000.0,2391000000.0,0.0,,0.0,0.006,0.105,653000000.0,,,,653000000.0,529000000.0,0.635,0.615,0.635,7500000000.0,7184750000.0,7500000000.0,12099072000.0,19.0,,,,1.0,2680000000.0,0.489,3476000000.0,124000000.0,7823000000.0,7605250000.0,1130000000.0,11000000.0,11000000.0,0.0,4802000000.0,3158000000.0,1644000000.0,9548072000.0,195000000.0,19000000.0,723000000.0,-816000000.0,-54000000.0,-156000000.0,-758000000.0,0.0,,0.0,328000000.0,328000000.0,328000000.0,0.0,0.0,0.06,1998000000.0,682000000.0,533000000.0,0.165,1.273,29.11,29.134,2622000000.0,0.0,18.5,1.742,1.742,3957000000.0,385000000.0,5482000000.0,5482000000.0,567000000.0,0.027,0.046,0.086,0.119,,1132000000.0,1.0,516112000.0,516200000.0,,10.62,8826000000.0,210000000.0,201000000.0,0.0,17.098,2487000000.0
68,MON2,MRT,2001-03-31,2001-03-31,2001-03-31,2021-03-16,-649000000.0,11978000000.0,12047000000.0,5245000000.0,6733000000.0,0.455,14.016,-552000000.0,167000000.0,167000000.0,2781000000.0,187000000.0,1.718,0.656,2718000000.0,1777000000.0,941000000.0,2718000000.0,0.0,,0.0,0.003,0.045,518000000.0,,,,518000000.0,352000000.0,0.36,0.36,0.36,7232000000.0,6545500000.0,7232000000.0,10773850180.0,21.0,,,,1.0,2697000000.0,0.492,3531000000.0,166000000.0,7945000000.0,8346000000.0,1232000000.0,160000000.0,160000000.0,0.0,4746000000.0,3053000000.0,1693000000.0,9149850180.0,137000000.0,21000000.0,723000000.0,-429000000.0,-23000000.0,333000000.0,-839000000.0,0.0,,0.0,187000000.0,187000000.0,187000000.0,0.0,0.0,0.034,2159000000.0,538000000.0,393000000.0,0.125,1.265,48.93,49.25,2608000000.0,0.0,17.73,1.67,1.67,3364000000.0,26000000.0,5478000000.0,5478000000.0,577000000.0,0.016,0.029,0.062,0.095,,1182000000.0,1.0,516066000.0,516000000.0,,10.616,8447000000.0,232000000.0,165000000.0,0.0,16.37,2192000000.0
69,MON2,MRT,2000-12-31,2000-12-31,2000-12-31,2021-03-16,-479000000.0,11726000000.0,11413500000.0,4973000000.0,6753000000.0,0.481,14.225,-582000000.0,131000000.0,131000000.0,2770000000.0,149000000.0,1.804,0.597,1755000000.0,793000000.0,962000000.0,1755000000.0,0.0,546000000.0,0.0,0.0,0.0,522000000.0,1068000000.0,0.194,1068000000.0,522000000.0,308000000.0,0.29,0.29,0.29,7341000000.0,5993000000.0,7341000000.0,9783372980.0,19.0,9.16,89000000.0,0.172,1.0,2723000000.0,0.496,3606000000.0,214000000.0,6987000000.0,8354500000.0,1253000000.0,205000000.0,205000000.0,0.0,4385000000.0,2757000000.0,1628000000.0,6982372980.0,105000000.0,0.0,723000000.0,-416000000.0,0.0,369000000.0,-935000000.0,0.0,671000000.0,0.0,149000000.0,149000000.0,149000000.0,0.0,0.0,0.027,2156000000.0,567000000.0,687000000.0,0.0,0.951,46.862,46.655,2659000000.0,0.0,13.53,1.271,1.271,3059000000.0,2000000.0,5493000000.0,5493000000.0,588000000.0,0.013,0.025,0.062,0.095,0.0,1195000000.0,1.0,516066000.0,516066000.0,,10.644,8120000000.0,225000000.0,159000000.0,0.0,15.734,2216000000.0
70,MON2,MRT,2000-09-30,2000-09-30,2000-09-30,2021-03-16,-396000000.0,12133000000.0,,5158000000.0,6975000000.0,,12.919,-672000000.0,218000000.0,218000000.0,2654000000.0,109000000.0,1.436,0.82,3019000000.0,2025000000.0,994000000.0,3019000000.0,0.0,,0.0,,0.0,505000000.0,,,,505000000.0,264000000.0,,,,6666000000.0,,6666000000.0,,,,,,1.0,2809000000.0,0.514,3675000000.0,241000000.0,7666000000.0,,1356000000.0,0.0,0.0,0.0,5467000000.0,3593000000.0,1874000000.0,,180000000.0,-143000000.0,0.0,566000000.0,0.0,877000000.0,-815000000.0,0.0,,0.0,109000000.0,109000000.0,109000000.0,0.0,0.0,0.02,2139000000.0,670000000.0,434000000.0,,,,,2599000000.0,0.0,,,,3301000000.0,-13000000.0,5463000000.0,5463000000.0,609000000.0,,,,0.092,,1299000000.0,1.0,510000000.0,516000000.0,,10.587,8458000000.0,219000000.0,155000000.0,0.0,16.391,1565000000.0
71,MON2,MRT,2000-06-30,2000-06-30,2000-06-30,2021-03-16,-324000000.0,12351000000.0,,5221000000.0,7130000000.0,,9.579,-400000000.0,41000000.0,41000000.0,2662000000.0,46000000.0,1.58,1.499,5557000000.0,1912000000.0,3645000000.0,5557000000.0,0.0,571000000.0,0.0,,0.0,404000000.0,975000000.0,0.179,975000000.0,404000000.0,170000000.0,,,,4943000000.0,,4943000000.0,,,,-566000000.0,-1.097,1.0,2778000000.0,0.511,3777000000.0,234000000.0,10786000000.0,,1222000000.0,0.0,0.0,0.0,7408000000.0,3304000000.0,4104000000.0,,-7000000.0,-149000000.0,0.0,-48000000.0,0.0,708000000.0,-549000000.0,0.0,-166000000.0,0.0,46000000.0,46000000.0,46000000.0,0.0,0.0,0.008,2215000000.0,563000000.0,332000000.0,,,,,2585000000.0,0.0,,,,3701000000.0,,5440000000.0,5440000000.0,648000000.0,,,,0.074,0.0,1323000000.0,1.0,510000000.0,516000000.0,,10.543,8574000000.0,152000000.0,124000000.0,0.0,16.616,1917000000.0
72,MON2,MRT,2000-03-31,2000-03-31,2000-03-31,2021-03-16,,,,,,,,,,,,,,,,,,,,,,,0.0,,,,,,,,,,,,,,,,,,1.0,,,,,,,,,,,,,,,,,,,,,,,,,,,,,,,,,,,,,,,,,,,,,,,,,,,,,,1.0,510000000.0,516000000.0,,,,,,,,
73,MON2,MRT,1999-12-31,1999-12-31,1999-12-31,2021-03-16,-281000000.0,11101000000.0,10996000000.0,4027000000.0,7074000000.0,0.477,9.108,-307000000.0,26000000.0,26000000.0,2556000000.0,150000000.0,2.363,1.39,4367000000.0,89000000.0,4278000000.0,4367000000.0,0.0,547000000.0,0.0,,0.0,506000000.0,1053000000.0,0.201,1053000000.0,506000000.0,263000000.0,0.29,0.29,0.29,4645000000.0,4385000000.0,4645000000.0,,,,-187000000.0,-0.367,1.0,2692000000.0,0.513,4016000000.0,243000000.0,9722000000.0,9427500000.0,1440000000.0,0.0,0.0,0.0,6456000000.0,1704000000.0,4752000000.0,,-11000000.0,-108000000.0,0.0,-343000000.0,0.0,284000000.0,-415000000.0,0.0,120000000.0,0.0,150000000.0,150000000.0,150000000.0,0.0,0.0,0.029,2082000000.0,610000000.0,466000000.0,0.0,,,,2219000000.0,0.0,,,,2378000000.0,,5248000000.0,5248000000.0,695000000.0,0.014,0.034,0.054,0.096,0.0,1237000000.0,1.0,510000000.0,510000000.0,,10.29,7085000000.0,130000000.0,113000000.0,0.0,13.892,2323000000.0
74,MON2,MRT,1999-09-30,1999-09-30,1999-09-30,2021-03-16,,,,,,,,,,,,,,,,,,,,,,,0.0,,,,,,,,,,,,,,,,,,1.0,,,,,,,,,,,,,,,,,,,,,,,,,,,,,,,,,,,,,,,,,,,,,,,,,,,,,,1.0,,,,,,,,,,
75,MON2,MRT,1998-12-31,1998-12-31,1998-12-31,2021-03-16,-24000000.0,10891000000.0,,3748000000.0,7143000000.0,,,-432000000.0,37000000.0,37000000.0,2149000000.0,-125000000.0,2.005,1.64,4710000000.0,322000000.0,4388000000.0,4710000000.0,0.0,368000000.0,0.0,,0.0,34000000.0,402000000.0,0.09,402000000.0,34000000.0,-60000000.0,-0.24,-0.24,-0.24,4125000000.0,,4125000000.0,,,,-960000000.0,,1.0,2299000000.0,0.517,4562000000.0,94000000.0,9133000000.0,,1400000000.0,0.0,0.0,0.0,6766000000.0,1869000000.0,4897000000.0,,1000000.0,-4112000000.0,0.0,3207000000.0,0.0,5073000000.0,-4544000000.0,0.0,-528000000.0,0.0,-125000000.0,-125000000.0,-125000000.0,0.0,0.0,-0.028,2244000000.0,55000000.0,572000000.0,0.0,,,,1849000000.0,0.0,,,,2039000000.0,,4448000000.0,4448000000.0,536000000.0,,,,0.008,0.0,1135000000.0,1.0,,,,,6329000000.0,212000000.0,65000000.0,0.0,,1879000000.0
76,MON2,MRT,1997-12-31,1997-12-31,1997-12-31,2021-03-16,,,,,,,,-280000000.0,,,1729000000.0,31000000.0,,,,,,,,245000000.0,,,0.0,21000000.0,266000000.0,0.072,266000000.0,21000000.0,1000000.0,,,,,,,,,,-32000000.0,,1.0,1944000000.0,0.529,,20000000.0,,,,,,,,,,,-49000000.0,-1598000000.0,0.0,1390000000.0,0.0,1581000000.0,-1878000000.0,0.0,248000000.0,0.0,31000000.0,31000000.0,31000000.0,0.0,0.0,0.008,1931000000.0,13000000.0,,,,,,,0.0,,,,,,3673000000.0,3673000000.0,409000000.0,,,,0.006,0.0,869000000.0,1.0,,,,,,,-30000000.0,,,
