None,ticker,dimension,calendardate,datekey,reportperiod,lastupdated,accoci,assets,assetsavg,assetsc,assetsnc,assetturnover,bvps,capex,cashneq,cashnequsd,cor,consolinc,currentratio,de,debt,debtc,debtnc,debtusd,deferredrev,depamor,deposits,divyield,dps,ebit,ebitda,ebitdamargin,ebitdausd,ebitusd,ebt,eps,epsdil,epsusd,equity,equityavg,equityusd,ev,evebit,evebitda,fcf,fcfps,fxusd,gp,grossmargin,intangibles,intexp,invcap,invcapavg,inventory,investments,investmentsc,investmentsnc,liabilities,liabilitiesc,liabilitiesnc,marketcap,ncf,ncfbus,ncfcommon,ncfdebt,ncfdiv,ncff,ncfi,ncfinv,ncfo,ncfx,netinc,netinccmn,netinccmnusd,netincdis,netincnci,netmargin,opex,opinc,payables,payoutratio,pb,pe,pe1,ppnenet,prefdivis,price,ps,ps1,receivables,retearn,revenue,revenueusd,rnd,roa,roe,roic,ros,sbcomp,sgna,sharefactor,sharesbas,shareswa,shareswadil,sps,tangibles,taxassets,taxexp,taxliabilities,tbvps,workingcapital
0,APC,ARY,2018-12-31,2019-02-14,2018-12-31,2019-07-30,-335000000,40376000000,40919500000.0,3795000000,36581000000,0.327,16.857,-5766000000.0,1295000000,1295000000,3078000000.0,752000000.0,0.815,3.464,16417000000,947000000.0,15470000000.0,16417000000,0,4254000000.0,0,0.024,1.05,2295000000.0,6549000000.0,0.489,6549000000.0,2295000000.0,1348000000.0,1.2,1.2,1.2,8496000000,8710000000.0,8496000000,37003428450,16.0,5.65,163000000.0,0.323,1.0,10304000000.0,0.77,5630000000,947000000.0,45210000000,44530250000.0,0,0,0,0,29433000000,4658000000.0,24775000000.0,21881428450,-3245000000.0,0.0,-2725000000.0,615000000.0,-528000000.0,-3177000000.0,-5982000000.0,0.0,5929000000.0,-15000000.0,615000000.0,615000000.0,615000000.0,0.0,137000000.0,0.046,7685000000.0,2619000000.0,2003000000,0.875,2.575,35.58,36.5,28615000000,0.0,43.8,1.635,1.65,2026000000,1245000000,13382000000.0,13382000000.0,459000000.0,0.015,0.071,0.052,0.171,0.0,1084000000.0,1.0,499575992,504000000,504000000.0,26.552,34746000000,0,733000000.0,2437000000,68.94,-863000000.0
1,APC,ARY,2017-12-31,2018-02-15,2017-12-31,2019-07-30,-338000000,42086000000,43563750000.0,6762000000,35324000000,0.273,19.518,-1023000000.0,4553000000,4553000000,3474000000.0,-211000000.0,1.731,2.645,15689000000,142000000.0,15547000000.0,15689000000,0,4279000000.0,0,0.003,0.2,-1001000000.0,3278000000.0,0.275,3278000000.0,-1001000000.0,-1933000000.0,-0.85,-0.85,-0.85,10696000000,11201500000.0,10696000000,42882886506,-43.0,13.082,2986000000.0,5.449,1.0,8434000000.0,0.708,5662000000,932000000.0,43654000000,44347250000.0,0,0,0,0,28296000000,3906000000.0,24390000000.0,31746886506,1369000000.0,25000000.0,-1092000000.0,268000000.0,-111000000.0,-1613000000.0,-1028000000.0,0.0,4009000000.0,1000000.0,-456000000.0,-456000000.0,-456000000.0,0.0,245000000.0,-0.038,9106000000.0,-672000000.0,1894000000,-0.235,2.968,-69.62,-70.141,27451000000,0.0,59.62,2.666,2.744,1829000000,1109000000,11908000000.0,11908000000.0,2541000000.0,-0.01,-0.041,-0.023,-0.084,0.0,1075000000.0,1.0,532487194,548000000,548000000.0,21.73,36424000000,0,-1477000000.0,2234000000,66.467,2856000000.0
2,APC,ARY,2016-12-31,2017-02-17,2016-12-31,2019-07-30,-391000000,45564000000,45734000000.0,5266000000,40298000000,0.172,23.395,-1149000000.0,3184000000,3184000000,2900000000.0,-2808000000.0,1.582,2.462,15323000000,42000000.0,15281000000.0,15323000000,0,4301000000.0,0,0.003,0.2,-3202000000.0,1099000000.0,0.14,1099000000.0,-3202000000.0,-4092000000.0,-5.9,-5.9,-5.9,12212000000,11944750000.0,12212000000,49462064620,-15.0,45.006,1851000000.0,3.546,1.0,4969000000.0,0.631,5904000000,890000000.0,48471000000,48850500000.0,0,0,0,0,30067000000,3328000000.0,26739000000.0,37323064620,2245000000.0,-1740000000.0,2150000000.0,-893000000.0,-105000000.0,2008000000.0,-2762000000.0,0.0,3000000000.0,-1000000.0,-3071000000.0,-3071000000.0,-3071000000.0,0.0,263000000.0,-0.39,7568000000.0,-2599000000.0,2288000000,-0.034,3.056,-12.153,-11.317,32168000000,0.0,66.77,4.743,4.429,1728000000,1704000000,7869000000.0,7869000000.0,946000000.0,-0.067,-0.257,-0.066,-0.407,0.0,1440000000.0,1.0,558979551,522000000,522000000.0,15.075,39660000000,0,-1021000000.0,4563000000,75.977,1938000000.0
3,APC,ARY,2015-12-31,2016-02-17,2015-12-31,2019-07-30,-383000000,46414000000,50173250000.0,3982000000,42432000000,0.173,25.234,-4652000000.0,939000000,939000000,3185000000.0,-6812000000.0,0.952,2.415,15751000000,33000000.0,15718000000.0,15751000000,0,4603000000.0,0,0.027,1.08,-8744000000.0,-4141000000.0,-0.476,-4141000000.0,-8744000000.0,-9569000000.0,-13.18,-13.18,-13.18,12819000000,14904750000.0,12819000000,35403765204,-4.0,-8.55,-6529000000.0,-12.852,1.0,5513000000.0,0.634,6331000000,825000000.0,50714000000,53412500000.0,0,0,0,0,30957000000,4181000000.0,26776000000.0,20591765204,-6430000000.0,-3000000.0,-21000000.0,576000000.0,-553000000.0,220000000.0,-4771000000.0,0.0,-1877000000.0,-2000000.0,-6692000000.0,-6692000000.0,-6692000000.0,0.0,-120000000.0,-0.769,14322000000.0,-8809000000.0,2850000000,-0.082,1.606,-3.077,-3.073,33751000000,0.0,40.5,2.367,2.365,2469000000,4880000000,8698000000.0,8698000000.0,2644000000.0,-0.133,-0.449,-0.164,-1.005,0.0,1176000000.0,1.0,508438647,508000000,508000000.0,17.122,40083000000,0,-2877000000.0,5718000000,78.904,-199000000.0
4,APC,ARY,2014-12-31,2015-02-20,2014-12-31,2019-07-30,-517000000,61689000000,59717750000.0,11221000000,50468000000,0.309,38.982,-4540000000.0,7369000000,7369000000,3385000000.0,-1563000000.0,1.096,1.996,15092000000,0.0,15092000000.0,15092000000,0,4550000000.0,0,0.012,0.99,639000000.0,5189000000.0,0.281,5189000000.0,639000000.0,-133000000.0,-3.47,-3.47,-3.47,19725000000,19713250000.0,19725000000,51016266853,80.0,9.832,3926000000.0,7.759,1.0,15085000000.0,0.817,6569000000,772000000.0,52609000000,50628250000.0,0,0,0,0,39371000000,10234000000.0,29137000000.0,43293266853,3671000000.0,-1527000000.0,76000000.0,1516000000.0,-505000000.0,1675000000.0,-6472000000.0,0.0,8466000000.0,2000000.0,-1750000000.0,-1750000000.0,-1750000000.0,0.0,187000000.0,-0.095,9682000000.0,5403000000.0,3683000000,-0.285,2.195,-24.739,-24.625,41589000000,0.0,85.45,2.344,2.341,2527000000,12125000000,18470000000.0,18470000000.0,1639000000.0,-0.029,-0.089,0.013,0.035,0.0,1316000000.0,1.0,506650285,506000000,506000000.0,36.502,55120000000,0,1617000000.0,9249000000,108.933,987000000.0
5,APC,ARY,2013-12-31,2014-02-28,2013-12-31,2019-07-30,-285000000,55781000000,54990750000.0,7108000000,48673000000,0.265,43.54,-7154000000.0,3698000000,3698000000,2983000000.0,941000000.0,1.246,1.47,13565000000,500000000.0,13065000000.0,13565000000,0,3927000000.0,0,0.006,0.54,2652000000.0,6579000000.0,0.451,6579000000.0,2652000000.0,1966000000.0,1.58,1.58,1.58,21857000000,21869500000.0,21857000000,52264055800,20.0,7.944,1734000000.0,3.454,1.0,11598000000.0,0.795,5662000000,686000000.0,54283000000,54054250000.0,0,0,0,0,32131000000,5703000000.0,26428000000.0,42397055800,1227000000.0,-473000000.0,92000000.0,235000000.0,-274000000.0,623000000.0,-8216000000.0,0.0,8888000000.0,-68000000.0,801000000.0,801000000.0,801000000.0,0.0,140000000.0,0.055,8265000000.0,3333000000.0,3530000000,0.342,1.94,52.93,53.266,40929000000,0.0,84.16,2.908,2.897,2722000000,14356000000,14581000000.0,14581000000.0,1329000000.0,0.015,0.037,0.049,0.182,0.0,1090000000.0,1.0,503767298,502000000,505000000.0,29.046,50119000000,0,1165000000.0,9245000000,99.839,1405000000.0
6,APC,ARY,2012-12-31,2013-02-19,2012-12-31,2019-07-30,-640000000,52589000000,53290000000.0,6795000000,45794000000,0.252,41.258,-6585000000.0,2471000000,2471000000,2694000000.0,2445000000.0,1.701,1.489,13269000000,0.0,13269000000.0,13269000000,0,3964000000.0,0,0.004,0.36,4253000000.0,8217000000.0,0.613,8217000000.0,4253000000.0,3511000000.0,4.76,4.74,4.76,20629000000,20384250000.0,20629000000,52910614720,12.0,6.439,1754000000.0,3.508,1.0,10717000000.0,0.799,5680000000,742000000.0,53713000000,54355000000.0,0,0,0,0,30707000000,3994000000.0,26713000000.0,42112614720,-226000000.0,0.0,66000000.0,-2002000000.0,-181000000.0,-1659000000.0,-6869000000.0,0.0,8339000000.0,-37000000.0,2391000000.0,2391000000.0,2391000000.0,0.0,54000000.0,0.178,6990000000.0,3727000000.0,2989000000,0.076,2.041,17.613,17.674,38398000000,0.0,84.13,3.14,3.137,2747000000,13829000000,13411000000.0,13411000000.0,1946000000.0,0.045,0.117,0.078,0.317,0.0,1246000000.0,1.0,500565966,500000000,502000000.0,26.822,46909000000,0,1120000000.0,8759000000,93.818,2801000000.0
7,APC,ARY,2011-12-31,2012-02-21,2011-12-31,2019-07-30,-612000000,51779000000,52367750000.0,6931000000,44848000000,0.267,36.355,-5095000000.0,2697000000,2697000000,2675000000.0,-2568000000.0,1.415,1.811,15230000000,170000000.0,15060000000.0,15230000000,0,3830000000.0,0,0.004,0.36,-2666000000.0,1164000000.0,0.083,1164000000.0,-2666000000.0,-3505000000.0,-5.32,-5.32,-5.32,18105000000,19777250000.0,18105000000,55268204202,-21.0,47.481,-2590000000.0,-5.201,1.0,11292000000.0,0.808,5831000000,839000000.0,53582000000,51800000000.0,0,0,0,0,32796000000,4899000000.0,27897000000.0,42735204202,-983000000.0,-802000000.0,-11000000.0,2289000000.0,-181000000.0,2510000000.0,-5975000000.0,0.0,2505000000.0,-23000000.0,-2649000000.0,-2649000000.0,-2649000000.0,0.0,81000000.0,-0.19,13162000000.0,-1870000000.0,3299000000,-0.068,2.36,-16.133,-16.117,37501000000,0.0,85.74,3.06,3.057,3259000000,11619000000,13967000000.0,13967000000.0,1076000000.0,-0.051,-0.134,-0.051,-0.191,0.0,1060000000.0,1.0,498427854,498000000,498000000.0,28.046,45948000000,0,-856000000.0,8479000000,92.265,2032000000.0
8,APC,ARY,2010-12-31,2011-02-23,2010-12-31,2019-07-30,-549000000,51559000000,51160000000.0,6675000000,44884000000,0.215,41.786,-4938000000.0,3680000000,3680000000,2261000000.0,821000000.0,1.623,1.456,13013000000,291000000.0,12722000000.0,13013000000,0,3714000000.0,0,0.005,0.36,2436000000.0,6150000000.0,0.56,6150000000.0,2436000000.0,1581000000.0,1.53,1.52,1.53,20684000000,20658750000.0,20684000000,48869883146,20.0,7.946,309000000.0,0.624,1.0,8723000000.0,0.794,5311000000,855000000.0,51467000000,50703250000.0,0,0,0,0,30120000000,4114000000.0,26006000000.0,39536883146,149000000.0,0.0,65000000.0,-280000000.0,-180000000.0,-122000000.0,-4964000000.0,0.0,5247000000.0,-12000000.0,761000000.0,761000000.0,761000000.0,0.0,60000000.0,0.069,6954000000.0,1769000000.0,2726000000,0.235,1.911,51.954,52.072,37957000000,0.0,79.67,3.599,3.59,2423000000,14449000000,10984000000.0,10984000000.0,974000000.0,0.015,0.037,0.048,0.222,0.0,982000000.0,1.0,496258104,495000000,497000000.0,22.19,46248000000,0,820000000.0,9861000000,93.43,2561000000.0
9,APC,ARY,2009-12-31,2010-02-23,2009-12-31,2019-07-30,-96000000,50123000000,49281250000.0,6083000000,44040000000,0.183,41.517,-4176000000.0,3531000000,3531000000,2140000000.0,-103000000.0,1.591,1.491,12748000000,0.0,12748000000.0,12748000000,0,3532000000.0,0,0.005,0.36,562000000.0,4094000000.0,0.455,4094000000.0,562000000.0,-140000000.0,-0.28,-0.28,-0.28,19928000000,19451250000.0,19928000000,43292465518,77.0,10.575,-250000000.0,-0.521,1.0,6860000000.0,0.762,5322000000,702000000.0,50194000000,50017500000.0,0,0,0,0,29708000000,3824000000.0,25884000000.0,34075465518,1171000000.0,0.0,1337000000.0,365000000.0,-176000000.0,1481000000.0,-4236000000.0,0.0,3926000000.0,0.0,-135000000.0,-135000000.0,-135000000.0,0.0,32000000.0,-0.015,6483000000.0,377000000.0,2876000000,-1.286,1.71,-252.411,-247.071,37204000000,0.0,69.18,3.786,3.69,2052000000,13868000000,9000000000.0,9000000000.0,1107000000.0,-0.003,-0.007,0.011,0.062,0.0,983000000.0,1.0,492562381,480000000,480000000.0,18.75,44801000000,0,-5000000.0,9925000000,93.335,2259000000.0
10,APC,ARY,2008-12-31,2009-02-25,2008-12-31,2019-07-30,-119000000,48923000000,48956000000.0,5375000000,43548000000,0.321,40.419,-2346000000.0,2360000000,2360000000,2457000000.0,3261000000.0,0.971,1.603,12339000000,1472000000.0,10867000000.0,12339000000,0,3194000000.0,0,0.01,0.36,6151000000.0,9345000000.0,0.594,9345000000.0,6151000000.0,5409000000.0,7.01,6.97,7.01,18795000000,17578500000.0,18795000000,26323170882,4.0,2.817,4096000000.0,8.809,1.0,13266000000.0,0.844,5413000000,742000000.0,47953000000,49822250000.0,0,0,0,0,30128000000,5536000000.0,24592000000.0,16344170882,1092000000.0,0.0,-606000000.0,-2420000000.0,-171000000.0,-2822000000.0,-2528000000.0,0.0,6442000000.0,0.0,3261000000.0,3260000000.0,3260000000.0,-63000000.0,0.0,0.207,7104000000.0,6162000000.0,3166000000,0.051,0.87,5.014,5.07,37047000000,1000000.0,35.54,1.04,1.051,1687000000,14179000000,15723000000.0,15723000000.0,1369000000.0,0.067,0.185,0.123,0.391,0.0,866000000.0,1.0,459881004,465000000,468000000.0,33.813,43510000000,0,2148000000.0,9974000000,93.57,-161000000.0
11,APC,ARY,2007-12-31,2008-02-29,2007-12-31,2019-07-30,-133000000,48481000000,50736750000.0,4516000000,43965000000,0.313,35.191,4014000000.0,1268000000,1268000000,2579000000.0,3781000000.0,0.859,1.963,14747000000,1396000000.0,13351000000.0,14747000000,0,2840000000.0,0,0.006,0.36,7432000000.0,10272000000.0,0.646,10272000000.0,7432000000.0,6340000000.0,8.12,8.08,8.12,16364000000,15858000000.0,16364000000,43313474956,6.0,4.217,6914000000.0,14.869,1.0,13313000000.0,0.838,5166000000,1092000000.0,51537000000,51744250000.0,0,0,0,0,32117000000,5257000000.0,26860000000.0,29834474956,757000000.0,-107000000.0,79000000.0,-5491000000.0,-173000000.0,-5921000000.0,3778000000.0,0.0,2900000000.0,0.0,3781000000.0,3778000000.0,3778000000.0,-11000000.0,0.0,0.238,5966000000.0,7347000000.0,2778000000,0.044,1.823,7.897,7.85,37451000000,3000000.0,63.74,1.877,1.865,2588000000,11089000000,15892000000.0,15892000000.0,905000000.0,0.074,0.238,0.144,0.468,0.0,936000000.0,1.0,468065186,465000000,468000000.0,34.176,43315000000,0,2559000000.0,10214000000,93.151,-741000000.0
12,APC,ARY,2006-12-31,2007-02-28,2006-12-31,2019-07-30,-137000000,58844000000,41388000000.0,4614000000,54230000000,0.246,32.42,-3483000000.0,491000000,491000000,1693000000.0,4854000000.0,0.275,2.946,22991000000,11471000000.0,11520000000.0,22991000000,0,1976000000.0,0,0.009,0.36,6951000000.0,8927000000.0,0.876,8927000000.0,6951000000.0,6296000000.0,10.54,10.46,10.54,14913000000,13151500000.0,14913000000,41158232038,6.0,4.611,1412000000.0,3.07,1.0,8494000000.0,0.834,4616000000,655000000.0,59970000000,40624000000.0,0,0,0,0,43931000000,16758000000.0,27173000000.0,18658232038,-228000000.0,-21087000000.0,-12000000.0,16121000000.0,-170000000.0,15823000000.0,-20957000000.0,0.0,4895000000.0,11000000.0,4854000000.0,4851000000.0,4851000000.0,-2058000000.0,0.0,0.476,3607000000.0,4887000000.0,3501000000,0.034,1.251,3.846,3.823,48739000000,3000000.0,40.29,1.832,1.819,3291000000,9919000000,10187000000.0,10187000000.0,0.0,0.117,0.369,0.171,0.682,0.0,668000000.0,1.0,463098338,460000000,464000000.0,22.146,54228000000,0,1442000000.0,13240000000,117.887,-12144000000.0
13,APC,ARY,2005-12-31,2006-03-03,2005-12-31,2019-07-30,527000000,22588000000,21482250000.0,2916000000,19672000000,0.331,23.513,-3253000000.0,739000000,739000000,846000000.0,2466000000.0,1.213,1.044,3677000000,122000000.0,3555000000.0,3677000000,0,1343000000.0,0,0.007,0.27,4091000000.0,5434000000.0,0.765,5434000000.0,4091000000.0,3890000000.0,5.245,5.195,5.245,11051000000,10305500000.0,11051000000,26417656212,6.0,4.862,893000000.0,1.9,1.0,6254000000.0,0.881,1196000000,201000000.0,21927000000,20798250000.0,0,0,0,0,11537000000,2403000000.0,9134000000.0,23479656212,-135000000.0,0.0,-779000000.0,-163000000.0,-175000000.0,-1031000000.0,-3253000000.0,0.0,4146000000.0,3000000.0,2466000000.0,2466000000.0,2466000000.0,0.0,0.0,0.347,2239000000.0,4015000000.0,1725000000,0.069,2.125,9.521,9.713,17862000000,0.0,50.945,3.307,3.372,1919000000,6957000000,7100000000.0,7100000000.0,0.0,0.115,0.239,0.197,0.576,0.0,442000000.0,1.0,460882446,470000000,474000000.0,15.106,21392000000,0,1424000000.0,4719000000,45.515,513000000.0
14,APC,ARY,2004-12-31,2005-03-15,2004-12-31,2019-07-30,381000000,20192000000,21078500000.0,2502000000,17690000000,0.288,18.57,9000000.0,874000000,874000000,932000000.0,1601000000.0,1.255,1.175,3840000000,169000000.0,3671000000.0,3840000000,0,1447000000.0,0,0.008,0.37,2824000000.0,4271000000.0,0.704,4271000000.0,2824000000.0,2472000000.0,3.205,3.18,3.205,9285000000,9199750000.0,9285000000,20941744015,7.0,4.903,3216000000.0,6.432,1.0,5135000000.0,0.846,1309000000,352000000.0,19856000000,21813250000.0,0,0,0,0,10907000000,1993000000.0,8914000000.0,17975744015,812000000.0,-46000000.0,-1116000000.0,-1216000000.0,-144000000.0,-2361000000.0,-37000000.0,0.0,3207000000.0,3000000.0,1601000000.0,1601000000.0,1601000000.0,0.0,0.0,0.264,2254000000.0,2881000000.0,1460000000,0.094,1.936,11.228,11.841,15913000000,0.0,37.95,2.963,3.128,1350000000,4661000000,6067000000.0,6067000000.0,0.0,0.076,0.174,0.129,0.465,0.0,423000000.0,1.0,473669144,500000000,504000000.0,12.134,18883000000,0,871000000.0,4414000000,37.766,509000000.0
15,APC,ARY,2003-12-31,2004-03-04,2003-12-31,2019-07-30,122000000,20546000000,20126000000.0,1324000000,19222000000,0.254,17.198,-2634000000.0,62000000,62000000,828000000.0,1287000000.0,0.772,1.389,5058000000,0.0,5058000000.0,5058000000,0,1297000000.0,0,0.009,0.17,2269000000.0,3566000000.0,0.696,3566000000.0,2269000000.0,2016000000.0,2.58,2.545,2.58,8599000000,8008750000.0,8599000000,17923605398,8.0,5.026,409000000.0,0.818,1.0,4294000000.0,0.838,1389000000,253000000.0,22438000000,21985250000.0,0,0,0,0,11947000000,1715000000.0,10232000000.0,12927605398,28000000.0,0.0,100000000.0,-414000000.0,-114000000.0,-391000000.0,-2634000000.0,0.0,3043000000.0,10000000.0,1287000000.0,1287000000.0,1287000000.0,0.0,0.0,0.251,2086000000.0,2208000000.0,1222000000,0.085,1.503,10.045,9.955,17396000000,0.0,25.685,2.524,2.507,1104000000,3199000000,5122000000.0,5122000000.0,0.0,0.064,0.161,0.103,0.443,0.0,352000000.0,1.0,503313428,500000000,506000000.0,10.244,19157000000,0,729000000.0,4252000000,38.314,-391000000.0
16,APC,ARY,2002-12-31,2003-03-14,2002-12-31,2019-07-30,-198000000,18248000000,17611250000.0,1280000000,16968000000,0.219,13.853,-2196000000.0,34000000,34000000,747000000.0,825000000.0,0.688,1.656,5471000000,300000000.0,5171000000.0,5471000000,0,1134000000.0,0,0.008,0.175,1404000000.0,2538000000.0,0.658,2538000000.0,1404000000.0,1201000000.0,1.66,1.605,1.66,6871000000,6603000000.0,6871000000,16242837115,12.0,6.4,0.0,0.0,1.0,3113000000.0,0.806,1434000000,203000000.0,20390000000,20090500000.0,0,0,0,0,11377000000,1861000000.0,9516000000.0,10805837115,-3000000.0,-221000000.0,-10000000.0,361000000.0,-86000000.0,220000000.0,-2417000000.0,0.0,2196000000.0,-2000000.0,825000000.0,825000000.0,825000000.0,0.0,0.0,0.214,1688000000.0,1425000000.0,1050000000,0.105,1.573,13.098,13.075,15098000000,0.0,21.705,2.799,2.789,1108000000,2021000000,3860000000.0,3860000000.0,0.0,0.047,0.125,0.07,0.364,0.0,314000000.0,1.0,497850132,496000000,520000000.0,7.782,16814000000,0,376000000.0,3633000000,33.899,-581000000.0
17,APC,ARY,2001-12-31,2002-03-25,2001-12-31,2019-07-30,-49000000,16771000000,18049750000.0,1201000000,15570000000,0.464,12.524,-3178000000.0,37000000,37000000,4420000000.0,-188000000.0,0.667,1.678,5050000000,412000000.0,4638000000.0,5050000000,0,1228000000.0,0,0.004,0.125,-310000000.0,918000000.0,0.11,918000000.0,-310000000.0,-402000000.0,-0.375,-0.375,-0.375,6262000000,7174500000.0,6262000000,18918509775,-61.0,20.608,143000000.0,0.286,1.0,3949000000.0,0.472,1430000000,92000000.0,18553000000,19226250000.0,0,0,0,0,10509000000,1801000000.0,8708000000.0,13905509775,-162000000.0,-940000000.0,-67000000.0,811000000.0,-64000000.0,620000000.0,-4118000000.0,0.0,3321000000.0,15000000.0,-188000000.0,-188000000.0,-188000000.0,0.0,0.0,-0.022,4267000000.0,-318000000.0,1132000000,-0.333,2.221,-73.965,-74.747,13637000000,0.0,28.03,1.662,1.675,1018000000,1276000000,8369000000.0,8369000000.0,0.0,-0.01,-0.026,-0.016,-0.037,0.0,247000000.0,1.0,496093820,500000000,500000000.0,16.738,15341000000,0,-214000000.0,3451000000,30.682,-600000000.0
18,APC,ARY,2000-12-31,2001-03-15,2000-12-31,2019-07-30,3000000,16590000000,10117450750.0,1894000000,14696000000,0.562,17.897,-1647000000.0,199000000,199000000,3262000000.0,796000000.0,1.13,1.519,3984000000,0.0,3984000000.0,3984000000,0,625000000.0,0,0.003,0.1,1491000000.0,2116000000.0,0.372,2116000000.0,1491000000.0,1398000000.0,2.16,2.08,2.16,6586000000,4020724000.0,6586000000,19669802429,13.0,9.296,-111000000.0,-0.302,1.0,2424000000.0,0.426,1317000000,93000000.0,17382000000,11870697750.0,0,0,0,0,10004000000,1676000000.0,8328000000.0,15884802429,154000000.0,-53000000.0,288000000.0,24000000.0,-50000000.0,318000000.0,-1700000000.0,0.0,1536000000.0,0.0,796000000.0,796000000.0,796000000.0,0.0,0.0,0.14,1005000000.0,1419000000.0,1256000000,0.046,2.412,19.956,14.683,13011000000,0.0,31.715,2.794,2.053,1376000000,1521000000,5686000000.0,5686000000.0,0.0,0.079,0.198,0.126,0.262,0.0,180000000.0,1.0,500860868,368000000,386000000.0,15.451,15273000000,0,602000000.0,3633000000,41.503,218000000.0
19,APC,ARY,1999-12-31,2000-03-16,1999-12-31,2019-07-30,0,4098363000,3820144750.0,355942000,3742421000,0.184,5.33,-551070000.0,44769000,44769000,141719000.0,42579000.0,,2.071,1469768000,,,1469768000,0,218091000.0,0,0.006,0.1,178941000.0,397032000.0,0.566,397032000.0,178941000.0,104817000.0,0.125,0.125,0.125,1334554000,1392426750.0,1334554000,5657178305,32.0,14.249,-233366000.0,-0.932,1.0,559385000.0,0.798,0,74124000.0,5523362000,5240291000.0,46090000,0,0,0,2763809000,,,4232179305,27761000.0,0.0,264817000.0,17930000.0,-36070000.0,246400000.0,-536343000.0,0.0,317704000.0,0.0,42579000.0,31659000.0,31659000.0,0.0,0.0,0.045,380444000.0,178941000.0,298589000,0.8,3.171,133.68,132.24,3681151000,10920000.0,16.53,6.036,5.903,259658000,763480000,701104000.0,701104000.0,0.0,0.008,0.023,0.034,0.255,1673000.0,102946000.0,1.0,256030206,250374000,250374000.0,2.8,4098363000,0,62238000.0,618991000,16.369,
20,APC,ARY,1998-12-31,1999-03-15,1998-12-31,2019-07-30,0,3632990000,3420054250.0,229928000,3403062000,0.164,4.411,-911390000.0,17008000,17008000,160520000.0,-42188000.0,,2.429,1452115000,,,1452115000,0,204499000.0,0,0.006,0.1,-7388000.0,197111000.0,0.352,197111000.0,-7388000.0,-65087000.0,-0.205,-0.205,-0.205,1059456000,1205174000.0,1059456000,5546179426,-751.0,28.137,-671748000.0,-2.797,1.0,399734000.0,0.713,0,57699000.0,5068097000,4658014500.0,25860000,0,0,0,2573534000,,,4111072426,8101000.0,0.0,15407000.0,469659000.0,-29628000.0,655734000.0,-887275000.0,0.0,239642000.0,0.0,-42188000.0,-49286000.0,-49286000.0,0.0,0.0,-0.088,407122000.0,-7388000.0,227988000,-0.488,3.88,-83.413,-83.244,3381538000,7098000.0,17.065,7.338,7.317,181491000,756971000,560254000.0,560254000.0,0.0,-0.014,-0.041,-0.002,-0.013,1145000.0,94914000.0,1.0,240906676,240206000,240206000.0,2.332,3632990000,0,-22899000.0,541758000,15.124,
21,APC,ARY,1997-12-31,1998-03-18,1997-12-31,2019-07-30,0,2992465000,,218994000,2773471000,,4.675,-677843000.0,8907000,8907000,154657000.0,107318000.0,,1.68,977835000,,,977835000,0,198821000.0,0,0.005,0.075,205318000.0,404139000.0,0.6,404139000.0,205318000.0,164359000.0,0.45,0.445,0.45,1116780000,,1116780000,4694108627,23.0,11.615,-315886000.0,-1.322,1.0,518544000.0,0.77,0,40959000.0,3961393000,,28564000,0,0,0,1875685000,,,3725180627,-5694000.0,0.0,11002000.0,224684000.0,-17926000.0,221867000.0,-589518000.0,0.0,361957000.0,0.0,107318000.0,107318000.0,107318000.0,0.0,0.0,0.159,315164000.0,203380000.0,202822000,0.167,3.336,34.712,34.55,2754779000,0.0,15.547,5.534,5.517,177157000,828787000,673201000.0,673201000.0,0.0,,,,0.305,2306000.0,73569000.0,1.0,239599976,238868000,238868000.0,2.818,2992465000,0,57041000.0,560591000,12.528,
0,APC,ARQ,2019-06-30,2019-07-30,2019-06-30,2019-07-30,-379000000,41129000000,,3471000000,37658000000,,15.831,-1278000000.0,1394000000,1394000000,806000000.0,-945000000.0,0.915,4.091,18229000000,31000000.0,18198000000.0,18229000000,0,1161000000.0,0,0.016,0.3,-567000000.0,594000000.0,0.173,594000000.0,-567000000.0,-816000000.0,-2.09,-2.09,-2.09,7773000000,,7773000000,54036651661,43.0,9.367,-502000000.0,-1.022,1.0,2636000000.0,0.766,5614000000,249000000.0,48558000000,,0,0,0,0,31798000000,3792000000.0,28006000000.0,37201651661,-629000000.0,0.0,30000000.0,233000000.0,-149000000.0,-149000000.0,-1257000000.0,0.0,776000000.0,1000000.0,-1025000000.0,-1025000000.0,-1025000000.0,0.0,80000000.0,-0.298,2851000000.0,-215000000.0,1729000000,-0.144,4.786,-64.699,-62.218,29091000000,0.0,74.04,2.714,2.652,1779000000,-149000000,3442000000.0,3442000000.0,90000000.0,,,,,0.0,368000000.0,1.0,502453426,491000000,491000000.0,7.01,35515000000,0,209000000.0,2555000000,72.332,-321000000.0
1,APC,ARQ,2019-03-31,2019-05-08,2019-03-31,2019-07-30,-329000000,41993000000,,4429000000,37564000000,,18.22,-1382000000.0,2026000000,2026000000,767000000.0,96000000.0,0.77,3.524,17924000000,2021000000.0,15903000000.0,17924000000,0,1081000000.0,0,0.015,0.3,404000000.0,1485000000.0,0.461,1485000000.0,404000000.0,151000000.0,-0.03,-0.03,-0.03,8928000000,,8928000000,53988731334,24.0,8.219,-253000000.0,-0.516,1.0,2451000000.0,0.762,5622000000,253000000.0,46520000000,,0,0,0,0,31460000000,5749000000.0,25711000000.0,38090731334,731000000.0,0.0,-17000000.0,1553000000.0,-150000000.0,1129000000.0,-1528000000.0,0.0,1129000000.0,1000000.0,-15000000.0,-15000000.0,-15000000.0,0.0,111000000.0,-0.005,1617000000.0,834000000.0,1946000000,-10.0,4.266,79.521,79.853,28936000000,0.0,75.86,2.81,2.742,2065000000,1024000000,3218000000.0,3218000000.0,49000000.0,,,,,0.0,267000000.0,1.0,502118789,490000000,490000000.0,6.567,36371000000,0,166000000.0,2624000000,74.227,-1320000000.0
2,APC,ARQ,2018-12-31,2019-02-14,2018-12-31,2019-07-30,-335000000,40376000000,,3795000000,36581000000,,17.164,-1268000000.0,1295000000,1295000000,855000000.0,134000000.0,0.815,3.464,16417000000,947000000.0,15470000000.0,16417000000,0,1131000000.0,0,0.024,0.3,570000000.0,1701000000.0,0.508,1701000000.0,570000000.0,328000000.0,0.21,0.21,0.21,8496000000,,8496000000,37003428450,16.0,5.65,359000000.0,0.725,1.0,2494000000.0,0.745,5630000000,242000000.0,45210000000,,0,0,0,0,29433000000,4658000000.0,24775000000.0,21881428450,-564000000.0,0.0,-255000000.0,-327000000.0,-148000000.0,-871000000.0,-1323000000.0,0.0,1627000000.0,3000000.0,102000000.0,102000000.0,102000000.0,0.0,32000000.0,0.03,2224000000.0,270000000.0,2003000000,1.429,2.575,35.58,36.5,28615000000,0.0,43.8,1.635,1.65,2026000000,1245000000,3349000000.0,3349000000.0,79000000.0,,,,,0.0,270000000.0,1.0,499575992,495000000,492000000.0,6.766,34746000000,0,226000000.0,2437000000,70.194,-863000000.0
3,APC,ARQ,2018-09-30,2018-10-30,2018-09-30,2019-07-30,-383000000,41145000000,,4471000000,36674000000,,17.437,-1605000000.0,1883000000,1883000000,778000000.0,427000000.0,0.874,3.437,16693000000,938000000.0,15755000000.0,16693000000,0,1130000000.0,0,0.014,0.25,859000000.0,1989000000.0,0.538,1989000000.0,859000000.0,619000000.0,0.72,0.72,0.72,8701000000,,8701000000,43276656918,23.0,7.202,42000000.0,0.084,1.0,2919000000.0,0.79,5638000000,240000000.0,45200000000,,0,0,0,0,29908000000,5117000000.0,24791000000.0,28466656918,-439000000.0,0.0,-503000000.0,339000000.0,-126000000.0,-480000000.0,-1603000000.0,0.0,1647000000.0,-3000000.0,363000000.0,363000000.0,363000000.0,0.0,64000000.0,0.098,1940000000.0,979000000.0,2144000000,0.347,3.272,19.118,20.527,28744000000,0.0,56.45,2.196,2.173,2191000000,1291000000,3697000000.0,3697000000.0,118000000.0,,,,,0.0,248000000.0,1.0,504280902,499000000,500000000.0,7.409,35507000000,0,256000000.0,2455000000,71.156,-646000000.0
4,APC,ARQ,2018-06-30,2018-07-31,2018-06-30,2019-07-30,-410000000,41081000000,,4632000000,36449000000,,17.663,-1717000000.0,2321000000,2321000000,736000000.0,17000000.0,0.854,3.324,16293000000,938000000.0,15355000000.0,16293000000,0,1003000000.0,0,0.008,0.25,391000000.0,1394000000.0,0.424,1394000000.0,391000000.0,154000000.0,0.05,0.05,0.05,8902000000,,8902000000,51430290859,578.0,12.219,-492000000.0,-0.976,1.0,2555000000.0,0.776,5646000000,237000000.0,43980000000,,0,0,0,0,29586000000,5427000000.0,24159000000.0,37458290859,-1052000000.0,0.0,-8000000.0,-65000000.0,-127000000.0,-319000000.0,-1943000000.0,0.0,1225000000.0,-15000000.0,29000000.0,29000000.0,29000000.0,0.0,-12000000.0,0.009,1736000000.0,819000000.0,2246000000,5.0,4.208,87.724,96.25,28502000000,0.0,73.15,3.185,3.135,1909000000,1054000000,3291000000.0,3291000000.0,94000000.0,,,,,0.0,288000000.0,1.0,512075063,504000000,505000000.0,6.53,35435000000,0,125000000.0,2317000000,70.308,-795000000.0
5,APC,ARQ,2018-03-31,2018-05-01,2018-03-31,2019-07-30,-410000000,41076000000,,5530000000,35546000000,,16.875,-1176000000.0,3361000000,3361000000,709000000.0,174000000.0,1.168,3.354,16404000000,761000000.0,15643000000.0,16404000000,0,990000000.0,0,0.006,0.25,475000000.0,1465000000.0,0.481,1465000000.0,475000000.0,247000000.0,0.23,0.22,0.23,8741000000,,8741000000,47306670523,-90.0,13.047,254000000.0,0.49,1.0,2336000000.0,0.767,5654000000,228000000.0,43731000000,,0,0,0,0,29320000000,4734000000.0,24586000000.0,34263670523,-1190000000.0,0.0,-1959000000.0,668000000.0,-127000000.0,-1507000000.0,-1113000000.0,0.0,1430000000.0,0.0,121000000.0,121000000.0,121000000.0,0.0,53000000.0,0.04,1785000000.0,551000000.0,2059000000,1.087,3.92,-2015.51,-1330.4,27758000000,0.0,66.52,3.063,3.08,1795000000,1152000000,3045000000.0,3045000000.0,168000000.0,,,,,0.0,278000000.0,1.0,515088252,518000000,519000000.0,5.878,35422000000,0,126000000.0,2267000000,68.382,796000000.0
6,APC,ARQ,2017-12-31,2018-02-15,2017-12-31,2019-07-30,-338000000,42086000000,,6762000000,35324000000,,19.955,-965000000.0,4553000000,4553000000,920000000.0,1039000000.0,1.731,2.645,15689000000,142000000.0,15547000000.0,15689000000,0,1044000000.0,0,0.003,0.05,117000000.0,1161000000.0,0.396,1161000000.0,117000000.0,-135000000.0,1.75,1.76,1.75,10696000000,,10696000000,42882886506,-43.0,13.082,425000000.0,0.793,1.0,2009000000.0,0.686,5662000000,252000000.0,43654000000,,0,0,0,0,28296000000,3906000000.0,24390000000.0,31746886506,-698000000.0,25000000.0,-1055000000.0,119000000.0,-27000000.0,-1086000000.0,-1002000000.0,0.0,1390000000.0,0.0,976000000.0,976000000.0,976000000.0,0.0,63000000.0,0.333,1671000000.0,338000000.0,1894000000,0.029,2.968,-69.62,-70.141,27451000000,0.0,59.62,2.666,2.744,1829000000,1109000000,2929000000.0,2929000000.0,170000000.0,,,,,0.0,235000000.0,1.0,532487194,536000000,536000000.0,5.465,36424000000,0,-1111000000.0,2234000000,67.955,2856000000.0
7,APC,ARQ,2017-09-30,2017-10-31,2017-09-30,2019-07-30,-337000000,43128000000,,7473000000,35655000000,,19.497,-1222000000.0,5251000000,5251000000,875000000.0,-641000000.0,2.029,2.709,15573000000,149000000.0,15424000000.0,15573000000,0,1083000000.0,0,0.004,0.05,-894000000.0,189000000.0,0.076,189000000.0,-894000000.0,-1124000000.0,-1.27,-1.27,-1.27,10782000000,,10782000000,37335168589,-26.0,13.009,-583000000.0,-1.054,1.0,1621000000.0,0.649,5671000000,230000000.0,44096000000,,0,0,0,0,29206000000,3683000000.0,25523000000.0,27013168589,-757000000.0,0.0,0.0,53000000.0,-28000000.0,-155000000.0,-1242000000.0,0.0,639000000.0,1000000.0,-699000000.0,-699000000.0,-699000000.0,0.0,58000000.0,-0.28,2396000000.0,-775000000.0,1770000000,-0.039,2.505,-13.874,-14.066,27832000000,0.0,49.37,2.377,2.402,1882000000,160000000,2496000000.0,2496000000.0,751000000.0,,,,,0.0,280000000.0,1.0,547157557,553000000,553000000.0,4.514,37457000000,0,-425000000.0,3378000000,67.734,3790000000.0
8,APC,ARQ,2017-06-30,2017-07-24,2017-06-30,2019-07-30,-343000000,44348000000,,7984000000,36364000000,,20.783,-493000000.0,6008000000,6008000000,821000000.0,-334000000.0,2.531,2.588,15480000000,44000000.0,15436000000.0,15480000000,0,1037000000.0,0,0.005,0.05,-226000000.0,811000000.0,0.299,811000000.0,-226000000.0,-453000000.0,-0.76,-0.76,-0.76,11472000000,,11472000000,34245433767,-24.0,11.891,364000000.0,0.659,1.0,1895000000.0,0.698,5714000000,227000000.0,44952000000,,0,0,0,0,29692000000,3154000000.0,26538000000.0,24773433767,177000000.0,0.0,-16000000.0,78000000.0,-28000000.0,-174000000.0,-506000000.0,0.0,857000000.0,0.0,-415000000.0,-415000000.0,-415000000.0,0.0,81000000.0,-0.153,2020000000.0,-125000000.0,1626000000,-0.066,2.159,-11.922,-11.483,28516000000,0.0,44.21,2.302,2.267,1654000000,887000000,2716000000.0,2716000000.0,535000000.0,,,,,0.0,291000000.0,1.0,560358149,552000000,552000000.0,4.92,38634000000,0,-38000000.0,4232000000,69.989,4830000000.0
9,APC,ARQ,2017-03-31,2017-05-02,2017-03-31,2019-07-30,-391000000,44693000000,,7707000000,36986000000,,21.517,1657000000.0,5831000000,5831000000,858000000.0,-275000000.0,2.049,2.498,15326000000,42000000.0,15284000000.0,15326000000,0,1115000000.0,0,0.004,0.05,2000000.0,1117000000.0,0.297,1117000000.0,2000000.0,-221000000.0,-0.58,-0.58,-0.58,11856000000,,11856000000,41030886799,-20.0,18.123,2780000000.0,5.045,1.0,2909000000.0,0.772,5739000000,223000000.0,44687000000,,0,0,0,0,29614000000,3762000000.0,25852000000.0,31535886799,2647000000.0,0.0,-21000000.0,18000000.0,-28000000.0,-198000000.0,1722000000.0,0.0,1123000000.0,0.0,-318000000.0,-318000000.0,-318000000.0,0.0,43000000.0,-0.084,3019000000.0,-110000000.0,1637000000,-0.086,2.66,-13.391,-12.647,29065000000,0.0,56.28,3.166,3.113,1577000000,1330000000,3767000000.0,3767000000.0,1085000000.0,,,,,0.0,269000000.0,1.0,560339140,551000000,551000000.0,6.837,38954000000,0,97000000.0,3664000000,70.697,3945000000.0
10,APC,ARQ,2016-12-31,2017-02-17,2016-12-31,2019-07-30,-391000000,45564000000,,5266000000,40298000000,,22.123,188000000.0,3184000000,3184000000,790000000.0,-452000000.0,1.582,2.462,15323000000,42000000.0,15281000000.0,15323000000,0,1099000000.0,0,0.003,0.05,-346000000.0,753000000.0,0.315,753000000.0,-346000000.0,-579000000.0,-0.9,-0.9,-0.9,12212000000,,12212000000,49462064620,-15.0,45.006,1311000000.0,2.375,1.0,1597000000.0,0.669,5904000000,233000000.0,48471000000,,0,0,0,0,30067000000,3328000000.0,26739000000.0,37323064620,-796000000.0,-1740000000.0,-6000000.0,-584000000.0,-27000000.0,-413000000.0,-1506000000.0,0.0,1123000000.0,0.0,-515000000.0,-515000000.0,-515000000.0,0.0,63000000.0,-0.216,2207000000.0,-610000000.0,2288000000,-0.056,3.056,-12.153,-11.317,32168000000,0.0,66.77,4.743,4.429,1728000000,1704000000,2387000000.0,2387000000.0,440000000.0,,,,,0.0,324000000.0,1.0,558979551,552000000,552000000.0,4.324,39660000000,0,-64000000.0,4563000000,71.848,1938000000.0
11,APC,ARQ,2016-09-30,2016-10-31,2016-09-30,2019-07-30,-518000000,45417000000,,5918000000,39499000000,,24.371,-358000000.0,3980000000,3980000000,745000000.0,-747000000.0,1.573,2.342,15878000000,788000000.0,15090000000.0,15878000000,0,1069000000.0,0,0.007,0.05,-870000000.0,199000000.0,0.105,199000000.0,-870000000.0,-1090000000.0,-1.61,-1.61,-1.61,12600000000,,12600000000,45119069318,-10.0,-141.884,427000000.0,0.826,1.0,1148000000.0,0.606,6197000000,220000000.0,47356000000,,0,0,0,0,29505000000,3762000000.0,25743000000.0,33221069318,2586000000.0,0.0,2157000000.0,0.0,-27000000.0,2092000000.0,-291000000.0,0.0,785000000.0,0.0,-830000000.0,-830000000.0,-830000000.0,0.0,83000000.0,-0.438,1941000000.0,-793000000.0,1983000000,-0.031,2.637,-8.729,-7.979,31099000000,0.0,59.44,4.409,4.078,1591000000,2246000000,1893000000.0,1893000000.0,304000000.0,,,,,0.0,362000000.0,1.0,558900897,517000000,517000000.0,3.662,39220000000,0,-260000000.0,4656000000,75.861,2156000000.0
12,APC,ARQ,2016-06-30,2016-07-26,2016-06-30,2019-07-30,-487000000,44033000000,,3212000000,40821000000,,22.12,8000000.0,1394000000,1394000000,700000000.0,-611000000.0,0.99,2.609,15673000000,32000000.0,15641000000.0,15673000000,0,984000000.0,0,0.012,0.05,-789000000.0,195000000.0,0.102,195000000.0,-789000000.0,-1006000000.0,-1.36,-1.36,-1.36,11281000000,,11281000000,42221441853,-6.0,-17.898,1237000000.0,2.425,1.0,1215000000.0,0.634,6237000000,217000000.0,48831000000,,0,0,0,0,29433000000,3244000000.0,26189000000.0,27942441853,-1553000000.0,0.0,-1000000.0,-3233000000.0,-26000000.0,-2790000000.0,8000000.0,0.0,1229000000.0,0.0,-692000000.0,-692000000.0,-692000000.0,0.0,81000000.0,-0.361,1547000000.0,-332000000.0,2200000000,-0.037,2.477,-5.362,-5.34,32345000000,0.0,54.74,3.812,3.809,1500000000,3103000000,1915000000.0,1915000000.0,76000000.0,,,,,0.0,305000000.0,1.0,510457469,510000000,510000000.0,3.755,37796000000,0,-314000000.0,4968000000,74.11,-32000000.0
13,APC,ARQ,2016-03-31,2016-05-02,2016-03-31,2019-07-30,-491000000,47922000000,,5767000000,42155000000,,22.959,-987000000.0,2947000000,2947000000,665000000.0,-998000000.0,0.866,2.843,18751000000,3025000000.0,15726000000.0,18751000000,0,1149000000.0,0,0.017,0.05,-1197000000.0,-48000000.0,-0.029,-48000000.0,-1197000000.0,-1417000000.0,-2.03,-2.03,-2.03,11686000000,,11686000000,42320663325,-8.0,-42.278,-1124000000.0,-2.208,1.0,1009000000.0,0.603,6325000000,220000000.0,50744000000,,0,0,0,0,33221000000,6657000000.0,26564000000.0,26516663325,2008000000.0,0.0,0.0,2924000000.0,-25000000.0,3119000000.0,-973000000.0,0.0,-137000000.0,-1000000.0,-1034000000.0,-1034000000.0,-1034000000.0,0.0,36000000.0,-0.618,1873000000.0,-864000000.0,2505000000,-0.025,2.269,-5.948,-5.924,33526000000,0.0,51.95,3.294,3.284,2392000000,3821000000,1674000000.0,1674000000.0,126000000.0,,,,,0.0,449000000.0,1.0,510426628,509000000,509000000.0,3.289,41597000000,0,-383000000.0,5279000000,81.723,-890000000.0
14,APC,ARQ,2015-12-31,2016-02-17,2015-12-31,2019-07-30,-383000000,46414000000,,3982000000,42432000000,,25.234,-1039000000.0,939000000,939000000,682000000.0,-1524000000.0,0.952,2.415,15751000000,33000000.0,15718000000.0,15751000000,0,1022000000.0,0,0.027,0.27,-1686000000.0,-664000000.0,-0.323,-664000000.0,-1686000000.0,-1895000000.0,-2.45,-2.45,-2.45,12819000000,,12819000000,35403765204,-4.0,-8.55,-782000000.0,-1.539,1.0,1371000000.0,0.668,6331000000,209000000.0,50714000000,,0,0,0,0,30957000000,4181000000.0,26776000000.0,20591765204,-1133000000.0,-3000000.0,-4000000.0,-107000000.0,-138000000.0,-314000000.0,-1075000000.0,0.0,257000000.0,-1000000.0,-1250000000.0,-1250000000.0,-1250000000.0,0.0,-274000000.0,-0.609,3513000000.0,-2142000000.0,2850000000,-0.11,1.606,-3.077,-3.073,33751000000,0.0,40.5,2.367,2.365,2469000000,4880000000,2053000000.0,2053000000.0,384000000.0,,,,,0.0,243000000.0,1.0,508438647,508000000,508000000.0,4.041,40083000000,0,-645000000.0,5718000000,78.904,-199000000.0
15,APC,ARQ,2015-09-30,2015-10-27,2015-09-30,2019-07-30,-487000000,49182000000,,5187000000,43995000000,,27.715,-812000000.0,2072000000,2072000000,822000000.0,-2160000000.0,1.169,2.282,15925000000,33000000.0,15892000000.0,15925000000,0,1111000000.0,0,0.017,0.27,-2953000000.0,-1842000000.0,-1.091,-1842000000.0,-2953000000.0,-3152000000.0,-4.41,-4.41,-4.41,14079000000,,14079000000,47029640213,-6.0,-18.371,315000000.0,0.62,1.0,866000000.0,0.513,6343000000,199000000.0,52254000000,,0,0,0,0,32130000000,4438000000.0,27692000000.0,33176640213,-101000000.0,3000000.0,1000000.0,-138000000.0,-138000000.0,-315000000.0,-911000000.0,0.0,1127000000.0,-2000000.0,-2235000000.0,-2235000000.0,-2235000000.0,0.0,75000000.0,-1.324,3415000000.0,-2549000000.0,3074000000,-0.061,2.356,-5.684,-5.668,35381000000,0.0,65.29,3.378,3.377,2469000000,6268000000,1688000000.0,1688000000.0,1074000000.0,,,,,0.0,345000000.0,1.0,508142751,508000000,508000000.0,3.323,42839000000,0,-917000000.0,6090000000,84.329,749000000.0
16,APC,ARQ,2015-06-30,2015-07-28,2015-06-30,2019-07-30,-496000000,52124000000,,5410000000,46714000000,,32.262,-866000000.0,2173000000,2173000000,770000000.0,108000000.0,1.159,1.999,16058000000,33000000.0,16025000000.0,16058000000,0,1214000000.0,0,0.015,0.27,339000000.0,1553000000.0,0.589,1553000000.0,339000000.0,138000000.0,0.12,0.12,0.12,16389000000,,16389000000,50893687896,-20.0,21.538,377000000.0,0.742,1.0,1866000000.0,0.708,6420000000,201000000.0,54920000000,,0,0,0,0,32765000000,4669000000.0,28096000000.0,37008687896,-135000000.0,-3000000.0,6000000.0,-893000000.0,-138000000.0,-520000000.0,-860000000.0,0.0,1243000000.0,2000000.0,61000000.0,61000000.0,61000000.0,0.0,47000000.0,0.023,1776000000.0,90000000.0,3034000000,2.25,2.258,-14.715,-14.629,37820000000,0.0,72.85,2.816,2.816,2602000000,8641000000,2636000000.0,2636000000.0,103000000.0,,,,,0.0,278000000.0,1.0,508012188,508000000,509000000.0,5.189,45704000000,0,77000000.0,7594000000,89.969,741000000.0
17,APC,ARQ,2015-03-31,2015-05-04,2015-03-31,2019-07-30,-507000000,52973000000,,5165000000,47808000000,,32.213,-1935000000.0,2308000000,2308000000,911000000.0,-3236000000.0,0.988,2.084,16865000000,500000000.0,16365000000.0,16865000000,0,1256000000.0,0,0.012,0.27,-4444000000.0,-3188000000.0,-1.374,-3188000000.0,-4444000000.0,-4660000000.0,-6.45,-6.45,-6.45,16332000000,,16332000000,62165821972,-31.0,23.033,-6439000000.0,-12.7,1.0,1410000000.0,0.607,6540000000,216000000.0,55762000000,,0,0,0,0,34039000000,5228000000.0,28811000000.0,47608821972,-5061000000.0,0.0,-24000000.0,1714000000.0,-139000000.0,1369000000.0,-1925000000.0,0.0,-4504000000.0,-1000000.0,-3268000000.0,-3268000000.0,-3268000000.0,0.0,32000000.0,-1.408,5618000000.0,-4208000000.0,3252000000,-0.042,2.915,-20.268,-20.157,38270000000,0.0,93.73,3.185,3.179,2174000000,8718000000,2321000000.0,2321000000.0,1083000000.0,,,,,0.0,310000000.0,1.0,507935794,507000000,507000000.0,4.578,46433000000,0,-1392000000.0,7521000000,91.584,-63000000.0
18,APC,ARQ,2014-12-31,2015-02-20,2014-12-31,2019-07-30,-517000000,61689000000,,11221000000,50468000000,,38.752,-2021000000.0,7369000000,7369000000,884000000.0,-350000000.0,1.096,1.996,15092000000,0.0,15092000000.0,15092000000,0,1215000000.0,0,0.012,0.27,-298000000.0,917000000.0,0.289,917000000.0,-298000000.0,-497000000.0,-0.78,-0.78,-0.78,19725000000,,19725000000,51016266853,80.0,9.832,-69000000.0,-0.136,1.0,2293000000.0,0.722,6569000000,199000000.0,52609000000,,0,0,0,0,39371000000,10234000000.0,29137000000.0,43293266853,-966000000.0,-1523000000.0,-5000000.0,267000000.0,-137000000.0,658000000.0,-3577000000.0,0.0,1952000000.0,1000000.0,-395000000.0,-395000000.0,-395000000.0,0.0,45000000.0,-0.124,2772000000.0,-479000000.0,3683000000,-0.346,2.195,-24.739,-24.625,41589000000,0.0,85.45,2.344,2.341,2527000000,12125000000,3177000000.0,3177000000.0,639000000.0,,,,,0.0,332000000.0,1.0,506650285,509000000,509000000.0,6.242,55120000000,0,-102000000.0,9249000000,108.291,987000000.0
19,APC,ARQ,2014-09-30,2014-10-28,2014-09-30,2019-07-30,-267000000,60665000000,,11739000000,48926000000,,40.864,-705000000.0,8335000000,8335000000,866000000.0,1147000000.0,1.069,1.843,14728000000,0.0,14728000000.0,14728000000,0,1163000000.0,0,0.01,0.27,1918000000.0,3081000000.0,0.615,3081000000.0,1918000000.0,1714000000.0,2.13,2.12,2.13,20677000000,,20677000000,52150793821,215.0,11.472,1618000000.0,3.198,1.0,4144000000.0,0.827,5501000000,204000000.0,50574000000,,0,0,0,0,38102000000,10983000000.0,27119000000.0,45757793821,2970000000.0,0.0,43000000.0,1249000000.0,-138000000.0,1441000000.0,-795000000.0,0.0,2323000000.0,1000000.0,1087000000.0,1087000000.0,1087000000.0,0.0,60000000.0,0.217,2446000000.0,1698000000.0,3653000000,0.127,2.213,-21.533,-21.259,41104000000,0.0,90.35,2.456,2.454,2712000000,12633000000,5010000000.0,5010000000.0,199000000.0,,,,,0.0,381000000.0,1.0,506450402,506000000,508000000.0,9.901,55164000000,0,627000000.0,7512000000,109.02,756000000.0
20,APC,ARQ,2014-06-30,2014-07-29,2014-06-30,2019-07-30,-273000000,58414000000,,8980000000,49434000000,,38.279,-2570000000.0,5365000000,5365000000,804000000.0,266000000.0,0.835,1.927,13414000000,0.0,13414000000.0,13414000000,0,1048000000.0,0,0.007,0.27,841000000.0,1889000000.0,0.426,1889000000.0,841000000.0,655000000.0,0.45,0.45,0.45,19331000000,,19331000000,63315331827,-59.0,20.691,-108000000.0,-0.214,1.0,3635000000.0,0.819,5595000000,186000000.0,50108000000,,0,0,0,0,37242000000,10760000000.0,26482000000.0,55266331827,-559000000.0,0.0,60000000.0,-85000000.0,-138000000.0,-362000000.0,-2682000000.0,0.0,2462000000.0,23000000.0,227000000.0,227000000.0,227000000.0,0.0,39000000.0,0.051,2426000000.0,1209000000.0,3979000000,0.6,2.859,-18.24,-18.145,41487000000,0.0,109.23,3.163,3.157,3079000000,11684000000,4439000000.0,4439000000.0,502000000.0,,,,,0.0,305000000.0,1.0,505962939,505000000,507000000.0,8.79,52819000000,0,428000000.0,9186000000,104.592,-1780000000.0
21,APC,ARQ,2014-03-31,2014-05-05,2014-03-31,2019-07-30,-279000000,58103000000,,9664000000,48439000000,,37.937,756000000.0,5924000000,5924000000,831000000.0,-2626000000.0,0.884,1.945,13569000000,0.0,13569000000.0,13569000000,0,1124000000.0,0,0.006,0.18,-1822000000.0,-698000000.0,-0.119,-698000000.0,-1822000000.0,-2005000000.0,-5.3,-5.3,-5.3,19120000000,,19120000000,57892832807,-232.0,15.32,2485000000.0,4.931,1.0,5013000000.0,0.858,5597000000,183000000.0,49222000000,,0,0,0,0,37186000000,10929000000.0,26257000000.0,50247832807,2226000000.0,-4000000.0,-22000000.0,85000000.0,-92000000.0,-62000000.0,582000000.0,0.0,1729000000.0,-23000000.0,-2669000000.0,-2669000000.0,-2669000000.0,0.0,43000000.0,-0.457,2038000000.0,2975000000.0,3940000000,-0.034,2.628,-21.584,-21.488,40564000000,0.0,99.49,3.039,3.033,3049000000,11595000000,5844000000.0,5844000000.0,299000000.0,,,,,0.0,298000000.0,1.0,505054104,504000000,504000000.0,11.595,52506000000,0,664000000.0,9343000000,104.179,-1265000000.0
22,APC,ARQ,2013-12-31,2014-02-28,2013-12-31,2019-07-30,-285000000,55781000000,,7108000000,48673000000,,43.54,-2278000000.0,3698000000,3698000000,813000000.0,-725000000.0,1.246,1.47,13565000000,500000000.0,13065000000.0,13565000000,0,969000000.0,0,0.006,0.18,-695000000.0,274000000.0,0.082,274000000.0,-695000000.0,-868000000.0,-1.53,-1.52,-1.53,21857000000,,21857000000,52264055800,20.0,7.944,-174000000.0,-0.347,1.0,2525000000.0,0.756,5662000000,173000000.0,54283000000,,0,0,0,0,32131000000,5703000000.0,26428000000.0,42397055800,-241000000.0,0.0,-1000000.0,-176000000.0,-92000000.0,-8000000.0,-2315000000.0,0.0,2104000000.0,-22000000.0,-770000000.0,-770000000.0,-770000000.0,0.0,45000000.0,-0.231,2310000000.0,215000000.0,3530000000,-0.118,1.94,52.93,53.266,40929000000,0.0,84.16,2.908,2.897,2722000000,14356000000,3338000000.0,3338000000.0,615000000.0,,,,,0.0,303000000.0,1.0,503767298,502000000,508000000.0,6.649,50119000000,0,-98000000.0,9245000000,99.839,1405000000.0
23,APC,ARQ,2013-09-30,2013-11-04,2013-09-30,2019-07-30,-578000000,55294000000,,7140000000,48154000000,,44.417,-1763000000.0,3939000000,3939000000,749000000.0,223000000.0,1.507,1.405,13647000000,0.0,13647000000.0,13647000000,0,996000000.0,0,0.005,0.18,599000000.0,1595000000.0,0.414,1595000000.0,599000000.0,422000000.0,0.36,0.36,0.36,22342000000,,22342000000,57986397362,14.0,7.183,16000000.0,0.032,1.0,3104000000.0,0.806,5663000000,177000000.0,54601000000,,0,0,0,0,31393000000,4738000000.0,26655000000.0,48278397362,-642000000.0,-338000000.0,28000000.0,16000000.0,-90000000.0,-85000000.0,-2312000000.0,0.0,1779000000.0,-24000000.0,182000000.0,182000000.0,182000000.0,0.0,41000000.0,0.047,2415000000.0,689000000.0,3070000000,0.5,2.161,27.214,27.253,40485000000,0.0,95.93,3.295,3.293,2465000000,15218000000,3853000000.0,3853000000.0,272000000.0,,,,,0.0,255000000.0,1.0,503266938,503000000,505000000.0,7.66,49631000000,0,240000000.0,9372000000,98.67,2402000000.0
24,APC,ARQ,2013-06-30,2013-07-29,2013-06-30,2019-07-30,-599000000,55300000000,,7899000000,47401000000,,44.201,-1764000000.0,4581000000,4581000000,720000000.0,959000000.0,1.576,1.424,13538000000,0.0,13538000000.0,13538000000,0,940000000.0,0,0.004,0.09,1668000000.0,2608000000.0,0.746,2608000000.0,1668000000.0,1496000000.0,1.84,1.83,1.84,22189000000,,22189000000,53521861103,13.0,6.681,738000000.0,1.47,1.0,2777000000.0,0.794,5677000000,172000000.0,53567000000,,0,0,0,0,31591000000,5013000000.0,26578000000.0,44564861103,846000000.0,0.0,74000000.0,10000000.0,-46000000.0,333000000.0,-1972000000.0,0.0,2502000000.0,-17000000.0,929000000.0,929000000.0,929000000.0,0.0,30000000.0,0.266,1637000000.0,1140000000.0,3286000000,0.049,2.008,26.016,26.074,39831000000,0.0,88.65,3.153,3.149,2556000000,15126000000,3497000000.0,3497000000.0,178000000.0,,,,,0.0,260000000.0,1.0,502705709,502000000,504000000.0,6.966,49623000000,0,567000000.0,9378000000,98.851,2886000000.0
25,APC,ARQ,2013-03-31,2013-05-06,2013-03-31,2019-07-30,-619000000,53588000000,,7310000000,46278000000,,42.096,-1349000000.0,3735000000,3735000000,701000000.0,484000000.0,1.795,1.482,13663000000,0.0,13663000000.0,13663000000,0,1022000000.0,0,0.004,0.09,1080000000.0,2102000000.0,0.54,2102000000.0,1080000000.0,916000000.0,0.91,0.91,0.91,21090000000,,21090000000,53867112101,20.0,8.046,1154000000.0,2.303,1.0,3192000000.0,0.82,5678000000,164000000.0,53766000000,,0,0,0,0,31258000000,4072000000.0,27186000000.0,43939112101,1264000000.0,-135000000.0,-9000000.0,385000000.0,-46000000.0,383000000.0,-1617000000.0,0.0,2503000000.0,-5000000.0,460000000.0,460000000.0,460000000.0,0.0,24000000.0,0.118,1903000000.0,1289000000.0,2909000000,0.099,2.083,63.222,63.493,38970000000,0.0,87.62,3.171,3.168,2760000000,14243000000,3893000000.0,3893000000.0,264000000.0,,,,,0.0,272000000.0,1.0,501473546,501000000,503000000.0,7.77,47910000000,0,456000000.0,8964000000,95.629,3238000000.0
26,APC,ARQ,2012-12-31,2013-02-19,2012-12-31,2019-07-30,-640000000,52589000000,,6795000000,45794000000,,41.012,-1577000000.0,2471000000,2471000000,700000000.0,190000000.0,1.701,1.489,13269000000,0.0,13269000000.0,13269000000,0,1028000000.0,0,0.004,0.09,740000000.0,1768000000.0,0.518,1768000000.0,740000000.0,559000000.0,0.41,0.4,0.41,20629000000,,20629000000,52910614720,12.0,6.439,643000000.0,1.278,1.0,2710000000.0,0.795,5680000000,181000000.0,53713000000,,0,0,0,0,30707000000,3994000000.0,26713000000.0,42112614720,-61000000.0,0.0,24000000.0,-882000000.0,-45000000.0,-602000000.0,-1673000000.0,0.0,2220000000.0,-6000000.0,203000000.0,203000000.0,203000000.0,0.0,-13000000.0,0.06,2222000000.0,488000000.0,2989000000,0.22,2.041,17.613,17.674,38398000000,0.0,84.13,3.14,3.137,2747000000,13829000000,3410000000.0,3410000000.0,284000000.0,,,,,0.0,430000000.0,1.0,500565966,503000000,505000000.0,6.779,46909000000,0,356000000.0,8759000000,93.258,2801000000.0
27,APC,ARQ,2012-09-30,2012-10-29,2012-09-30,2019-07-30,-561000000,52718000000,,7324000000,45394000000,,40.786,-1713000000.0,2532000000,2532000000,673000000.0,142000000.0,1.518,1.534,14141000000,1039000000.0,13102000000.0,14141000000,0,979000000.0,0,0.005,0.09,554000000.0,1533000000.0,0.46,1533000000.0,554000000.0,369000000.0,0.24,0.24,0.24,20393000000,,20393000000,44837990870,14.0,6.296,516000000.0,1.032,1.0,2659000000.0,0.798,5754000000,185000000.0,53749000000,,0,0,0,0,31287000000,4824000000.0,26463000000.0,33228990870,-262000000.0,0.0,27000000.0,-701000000.0,-45000000.0,-694000000.0,-1789000000.0,0.0,2229000000.0,-8000000.0,121000000.0,121000000.0,121000000.0,0.0,21000000.0,0.036,1843000000.0,816000000.0,2882000000,0.375,1.629,18.158,18.266,37976000000,0.0,66.49,2.401,2.402,2924000000,13671000000,3332000000.0,3332000000.0,297000000.0,,,,,0.0,285000000.0,1.0,499759225,500000000,502000000.0,6.664,46964000000,0,248000000.0,8743000000,93.928,2500000000.0
28,APC,ARQ,2012-06-30,2012-08-08,2012-06-30,2019-07-30,-578000000,53332000000,,8430000000,44902000000,,40.472,-1639000000.0,2794000000,2794000000,650000000.0,-70000000.0,1.433,1.584,14832000000,1739000000.0,13093000000.0,14832000000,0,1027000000.0,0,0.005,0.09,265000000.0,1292000000.0,0.401,1292000000.0,265000000.0,75000000.0,-0.18,-0.18,-0.18,20236000000,,20236000000,46905599504,-29.0,21.243,360000000.0,0.72,1.0,2572000000.0,0.798,5757000000,190000000.0,53730000000,,0,0,0,0,32054000000,5883000000.0,26171000000.0,34867599504,-163000000.0,0.0,2000000.0,-567000000.0,-46000000.0,-440000000.0,-1709000000.0,0.0,1999000000.0,-13000000.0,-89000000.0,-89000000.0,-89000000.0,0.0,19000000.0,-0.028,2851000000.0,-279000000.0,2873000000,-0.5,1.723,-25.982,-25.654,37484000000,0.0,69.78,2.544,2.545,2951000000,13595000000,3222000000.0,3222000000.0,1121000000.0,,,,,0.0,262000000.0,1.0,499678984,500000000,500000000.0,6.444,47575000000,0,164000000.0,8809000000,95.15,2547000000.0
29,APC,ARQ,2012-03-31,2012-04-30,2012-03-31,2019-07-30,-595000000,54521000000,,8714000000,45807000000,,40.639,-1656000000.0,2957000000,2957000000,671000000.0,2183000000.0,1.779,1.645,15386000000,39000000.0,15347000000.0,15386000000,0,930000000.0,0,0.005,0.09,2694000000.0,3624000000.0,1.051,3624000000.0,2694000000.0,2508000000.0,4.3,4.28,4.3,20279000000,,20279000000,49002324595,-73.0,15.802,235000000.0,0.471,1.0,2776000000.0,0.805,5825000000,186000000.0,56228000000,,0,0,0,0,33357000000,4897000000.0,28460000000.0,36573324595,260000000.0,0.0,13000000.0,148000000.0,-45000000.0,77000000.0,-1698000000.0,0.0,1891000000.0,-10000000.0,2156000000.0,2156000000.0,2156000000.0,0.0,27000000.0,0.625,74000000.0,2702000000.0,3556000000,0.021,1.804,-51.584,-50.49,38166000000,0.0,73.21,2.583,2.58,3248000000,13730000000,3447000000.0,3447000000.0,244000000.0,,,,,0.0,269000000.0,1.0,499567335,499000000,501000000.0,6.908,48696000000,0,352000000.0,8864000000,97.587,3817000000.0
30,APC,ARQ,2011-12-31,2012-02-21,2011-12-31,2019-07-30,-612000000,51779000000,,6931000000,44848000000,,36.355,-1060000000.0,2697000000,2697000000,722000000.0,-339000000.0,1.415,1.811,15230000000,170000000.0,15060000000.0,15230000000,0,928000000.0,0,0.004,0.09,-255000000.0,673000000.0,0.175,673000000.0,-255000000.0,-452000000.0,-0.72,-0.72,-0.72,18105000000,,18105000000,55268204202,-21.0,47.481,-3147000000.0,-6.319,1.0,3117000000.0,0.812,5831000000,197000000.0,53582000000,,0,0,0,0,32796000000,4899000000.0,27897000000.0,42735204202,-790000000.0,0.0,-37000000.0,2392000000.0,-46000000.0,2403000000.0,-1086000000.0,0.0,-2087000000.0,-20000000.0,-358000000.0,-358000000.0,-358000000.0,0.0,19000000.0,-0.093,3258000000.0,-141000000.0,3299000000,-0.125,2.36,-16.133,-16.117,37501000000,0.0,85.74,3.06,3.057,3259000000,11619000000,3839000000.0,3839000000.0,354000000.0,,,,,0.0,254000000.0,1.0,498427854,498000000,498000000.0,7.709,45948000000,0,-94000000.0,8479000000,92.265,2032000000.0
31,APC,ARQ,2011-09-30,2011-10-31,2011-09-30,2019-07-30,-501000000,53062000000,,7604000000,45458000000,,37.398,-1291000000.0,3487000000,3487000000,693000000.0,-3028000000.0,0.967,1.802,12949000000,141000000.0,12808000000.0,12949000000,0,932000000.0,0,0.005,0.09,-4313000000.0,-3381000000.0,-1.057,-3381000000.0,-4313000000.0,-4519000000.0,-6.12,-6.12,-6.12,18624000000,,18624000000,48552763614,-25.0,26.33,175000000.0,0.351,1.0,2506000000.0,0.783,5832000000,206000000.0,48829000000,,0,0,0,0,33563000000,7863000000.0,25700000000.0,39090763614,81000000.0,2000000.0,7000000.0,-290000000.0,-45000000.0,-68000000.0,-1300000000.0,0.0,1466000000.0,-17000000.0,-3051000000.0,-3051000000.0,-3051000000.0,0.0,23000000.0,-0.954,6132000000.0,-3626000000.0,2446000000,-0.015,2.099,-17.932,-17.963,38116000000,0.0,78.5,3.049,3.05,3428000000,12023000000,3199000000.0,3199000000.0,307000000.0,,,,,0.0,293000000.0,1.0,497971511,498000000,498000000.0,6.424,47230000000,0,-1468000000.0,8670000000,94.839,-259000000.0
32,APC,ARQ,2011-06-30,2011-07-27,2011-06-30,2019-07-30,-517000000,52617000000,,6870000000,45747000000,,43.114,-1386000000.0,3406000000,3406000000,648000000.0,562000000.0,1.665,1.41,13226000000,425000000.0,12801000000.0,13226000000,0,985000000.0,0,0.004,0.09,1200000000.0,2185000000.0,0.594,2185000000.0,1200000000.0,984000000.0,1.09,1.08,1.09,21471000000,,21471000000,50834503613,19.0,7.853,451000000.0,0.906,1.0,3028000000.0,0.824,5836000000,216000000.0,52474000000,,0,0,0,0,30269000000,4127000000.0,26142000000.0,41014503613,-54000000.0,-442000000.0,14000000.0,20000000.0,-45000000.0,-56000000.0,-1839000000.0,0.0,1837000000.0,4000000.0,544000000.0,544000000.0,544000000.0,0.0,18000000.0,0.148,2027000000.0,1001000000.0,2286000000,0.083,1.91,48.538,48.465,38343000000,0.0,82.39,3.37,3.371,2926000000,15119000000,3676000000.0,3676000000.0,236000000.0,,,,,0.0,291000000.0,1.0,497809244,498000000,500000000.0,7.382,46781000000,0,440000000.0,10077000000,93.938,2743000000.0
33,APC,ARQ,2011-03-31,2011-05-02,2011-03-31,2019-07-30,-533000000,52013000000,,6687000000,45326000000,,42.07,-1358000000.0,3460000000,3460000000,612000000.0,237000000.0,1.645,1.446,13193000000,424000000.0,12769000000.0,13193000000,0,985000000.0,0,0.004,0.09,702000000.0,1687000000.0,0.519,1687000000.0,702000000.0,482000000.0,0.43,0.43,0.43,20909000000,,20909000000,49708791780,30.0,9.207,-69000000.0,-0.139,1.0,2641000000.0,0.812,5366000000,220000000.0,52315000000,,0,0,0,0,30229000000,4065000000.0,26164000000.0,39975791780,-220000000.0,-362000000.0,5000000.0,167000000.0,-45000000.0,231000000.0,-1750000000.0,0.0,1289000000.0,10000000.0,216000000.0,216000000.0,216000000.0,0.0,21000000.0,0.066,1745000000.0,896000000.0,2385000000,0.209,1.912,153.164,151.604,38423000000,0.0,80.35,3.602,3.598,2708000000,14620000000,3253000000.0,3253000000.0,179000000.0,,,,,0.0,235000000.0,1.0,497520744,497000000,499000000.0,6.545,46647000000,0,266000000.0,10026000000,93.857,2622000000.0
34,APC,ARQ,2010-12-31,2011-02-23,2010-12-31,2019-07-30,-549000000,51559000000,,6675000000,44884000000,,41.786,-1419000000.0,3680000000,3680000000,598000000.0,129000000.0,1.623,1.456,13013000000,291000000.0,12722000000.0,13013000000,0,869000000.0,0,0.005,0.09,484000000.0,1353000000.0,0.503,1353000000.0,484000000.0,271000000.0,0.23,0.22,0.23,20684000000,,20684000000,48869883146,20.0,7.946,-104000000.0,-0.21,1.0,2093000000.0,0.778,5311000000,213000000.0,51467000000,,0,0,0,0,30120000000,4114000000.0,26006000000.0,39536883146,-538000000.0,0.0,10000000.0,-707000000.0,-44000000.0,-435000000.0,-1415000000.0,0.0,1315000000.0,-3000000.0,111000000.0,111000000.0,111000000.0,0.0,18000000.0,0.041,1816000000.0,277000000.0,2726000000,0.391,1.911,51.954,52.072,37957000000,0.0,79.67,3.599,3.59,2423000000,14449000000,2691000000.0,2691000000.0,325000000.0,,,,,0.0,294000000.0,1.0,496258104,495000000,500000000.0,5.436,46248000000,0,160000000.0,9861000000,93.43,2561000000.0
35,APC,ARQ,2010-09-30,2010-11-01,2010-09-30,2019-07-30,-493000000,51826000000,,7080000000,44746000000,,41.591,-1125000000.0,4218000000,4218000000,561000000.0,-8000000.0,1.505,1.487,13471000000,718000000.0,12753000000.0,13471000000,0,962000000.0,0,0.006,0.09,286000000.0,1248000000.0,0.489,1248000000.0,286000000.0,68000000.0,-0.05,-0.05,-0.05,20629000000,,20629000000,40554620089,16.0,6.495,-76000000.0,-0.153,1.0,1989000000.0,0.78,5312000000,218000000.0,51063000000,,0,0,0,0,30682000000,4704000000.0,25978000000.0,31301620089,844000000.0,0.0,3000000.0,903000000.0,-46000000.0,852000000.0,-1077000000.0,0.0,1049000000.0,20000000.0,-26000000.0,-26000000.0,-26000000.0,0.0,18000000.0,-0.01,1793000000.0,196000000.0,2904000000,-1.8,1.517,35.61,35.089,37711000000,0.0,63.16,2.792,2.794,2069000000,14382000000,2550000000.0,2550000000.0,296000000.0,,,,,0.0,275000000.0,1.0,495592465,496000000,496000000.0,5.141,46514000000,0,94000000.0,9820000000,93.778,2376000000.0
36,APC,ARQ,2010-06-30,2010-08-03,2010-06-30,2019-07-30,-507000000,50547000000,,6074000000,44473000000,,41.727,-1224000000.0,3374000000,3374000000,541000000.0,-28000000.0,1.301,1.421,12351000000,909000000.0,11442000000.0,12351000000,0,902000000.0,0,0.007,0.09,209000000.0,1111000000.0,0.427,1111000000.0,209000000.0,9000000.0,-0.08,-0.08,-0.08,20655000000,,20655000000,35277551717,13.0,5.484,342000000.0,0.691,1.0,2063000000.0,0.792,5313000000,200000000.0,49542000000,,0,0,0,0,29342000000,4669000000.0,24673000000.0,26300551717,-318000000.0,0.0,13000000.0,-611000000.0,-45000000.0,-575000000.0,-1291000000.0,0.0,1566000000.0,-18000000.0,-40000000.0,-40000000.0,-40000000.0,0.0,12000000.0,-0.015,1686000000.0,377000000.0,2778000000,-1.125,1.273,23.801,23.618,37619000000,0.0,53.14,2.306,2.307,2106000000,14454000000,2604000000.0,2604000000.0,198000000.0,,,,,0.0,203000000.0,1.0,494929464,495000000,495000000.0,5.261,45234000000,0,49000000.0,9746000000,91.382,1405000000.0
37,APC,ARQ,2010-03-31,2010-05-04,2010-03-31,2019-07-30,-522000000,50708000000,,6402000000,44306000000,,41.921,-1170000000.0,3692000000,3692000000,561000000.0,728000000.0,1.642,1.431,12937000000,478000000.0,12459000000.0,12937000000,0,981000000.0,0,0.006,0.09,1457000000.0,2438000000.0,0.777,2438000000.0,1457000000.0,1233000000.0,1.44,1.43,1.44,20667000000,,20667000000,41106533242,17.0,6.742,147000000.0,0.298,1.0,2578000000.0,0.821,5313000000,224000000.0,50741000000,,0,0,0,0,29583000000,3899000000.0,25684000000.0,31861533242,161000000.0,0.0,39000000.0,135000000.0,-45000000.0,36000000.0,-1181000000.0,0.0,1317000000.0,-11000000.0,716000000.0,716000000.0,716000000.0,0.0,12000000.0,0.228,1659000000.0,919000000.0,2449000000,0.063,1.542,34.67,34.811,37353000000,0.0,64.4,3.022,3.011,2099000000,14539000000,3139000000.0,3139000000.0,155000000.0,,,,,0.0,210000000.0,1.0,494744305,493000000,496000000.0,6.367,45395000000,0,517000000.0,9952000000,92.079,2503000000.0
38,APC,ARQ,2009-12-31,2010-02-23,2009-12-31,2019-07-30,-96000000,50123000000,,6083000000,44040000000,,40.504,-1355000000.0,3531000000,3531000000,484000000.0,238000000.0,1.591,1.491,12748000000,0.0,12748000000.0,12748000000,0,884000000.0,0,0.005,0.09,563000000.0,1447000000.0,0.496,1447000000.0,563000000.0,366000000.0,0.49,0.49,0.49,19928000000,,19928000000,43292465518,77.0,10.575,-255000000.0,-0.518,1.0,2436000000.0,0.834,5322000000,197000000.0,50194000000,,0,0,0,0,29708000000,3824000000.0,25884000000.0,34075465518,-55000000.0,0.0,-6000000.0,-40000000.0,-45000000.0,153000000.0,-1308000000.0,0.0,1100000000.0,0.0,229000000.0,229000000.0,229000000.0,0.0,9000000.0,0.078,1742000000.0,694000000.0,2876000000,0.184,1.71,-252.411,-247.071,37204000000,0.0,69.18,3.786,3.69,2052000000,13868000000,2920000000.0,2920000000.0,294000000.0,,,,,0.0,325000000.0,1.0,492562381,492000000,492000000.0,5.935,44801000000,0,137000000.0,9925000000,91.059,2259000000.0
39,APC,ARQ,2009-09-30,2009-11-03,2009-09-30,2019-07-30,-101000000,49476000000,,6056000000,43420000000,,40.367,-762000000.0,3586000000,3586000000,521000000.0,206000000.0,2.101,1.478,12780000000,0.0,12780000000.0,12780000000,0,909000000.0,0,0.006,0.09,528000000.0,1437000000.0,0.524,1437000000.0,528000000.0,407000000.0,0.4,0.4,0.4,19820000000,,19820000000,40282097948,30.0,8.463,303000000.0,0.617,1.0,2219000000.0,0.81,5323000000,121000000.0,50465000000,,0,0,0,0,29291000000,2882000000.0,26409000000.0,31088097948,59000000.0,0.0,10000000.0,-100000000.0,-44000000.0,-152000000.0,-854000000.0,0.0,1065000000.0,0.0,200000000.0,200000000.0,200000000.0,0.0,6000000.0,0.073,1574000000.0,645000000.0,2043000000,0.225,1.569,73.668,69.505,36703000000,0.0,63.25,3.143,3.14,1849000000,13684000000,2740000000.0,2740000000.0,224000000.0,,,,,0.0,223000000.0,1.0,491511430,491000000,493000000.0,5.58,44153000000,0,207000000.0,10174000000,89.925,3174000000.0
40,APC,ARQ,2009-06-30,2009-08-04,2009-06-30,2019-07-30,-107000000,49372000000,,5646000000,43726000000,,41.084,-931000000.0,3527000000,3527000000,585000000.0,-216000000.0,1.65,1.501,12873000000,0.0,12873000000.0,12873000000,0,933000000.0,0,0.007,0.09,-158000000.0,775000000.0,0.444,775000000.0,-158000000.0,-361000000.0,-0.48,-0.48,-0.48,19597000000,,19597000000,34083211858,8.0,4.43,303000000.0,0.635,1.0,1160000000.0,0.665,5332000000,203000000.0,49964000000,,0,0,0,0,29411000000,3422000000.0,25989000000.0,24737211858,1362000000.0,0.0,1341000000.0,-132000000.0,-45000000.0,1073000000.0,-945000000.0,0.0,1234000000.0,0.0,-226000000.0,-226000000.0,-226000000.0,0.0,10000000.0,-0.13,1650000000.0,-490000000.0,2635000000,-0.188,1.262,10.363,9.773,36909000000,0.0,50.43,1.86,1.809,1538000000,13528000000,1745000000.0,1745000000.0,288000000.0,,,,,0.0,226000000.0,1.0,490525716,477000000,477000000.0,3.658,44040000000,0,-135000000.0,9857000000,92.327,2224000000.0
41,APC,ARQ,2009-03-31,2009-05-07,2009-03-31,2019-07-30,-113000000,48154000000,,4552000000,43602000000,,40.13,-1128000000.0,2165000000,2165000000,550000000.0,-331000000.0,1.091,1.589,12990000000,1020000000.0,11970000000.0,12990000000,0,806000000.0,0,0.007,0.09,-371000000.0,435000000.0,0.273,435000000.0,-371000000.0,-552000000.0,-0.73,-0.73,-0.73,18460000000,,18460000000,33255584616,7.0,4.1,-601000000.0,-1.307,1.0,1045000000.0,0.655,5359000000,181000000.0,49447000000,,0,0,0,0,29332000000,4173000000.0,25159000000.0,22430584616,-195000000.0,0.0,-8000000.0,637000000.0,-42000000.0,407000000.0,-1129000000.0,0.0,527000000.0,0.0,-338000000.0,-338000000.0,-338000000.0,0.0,7000000.0,-0.212,1517000000.0,-472000000.0,2637000000,-0.123,1.215,8.509,8.562,37154000000,0.0,48.72,1.564,1.563,1433000000,13799000000,1595000000.0,1595000000.0,301000000.0,,,,,0.0,209000000.0,1.0,460397878,460000000,460000000.0,3.467,42795000000,0,-214000000.0,9757000000,93.033,379000000.0
42,APC,ARQ,2008-12-31,2009-02-25,2008-12-31,2019-07-30,-119000000,48923000000,,5375000000,43548000000,,40.948,320000000.0,2360000000,2360000000,600000000.0,786000000.0,0.971,1.603,12339000000,1472000000.0,10867000000.0,12339000000,0,756000000.0,0,0.01,0.09,1357000000.0,2113000000.0,0.555,2113000000.0,1357000000.0,1173000000.0,1.72,1.71,1.72,18795000000,,18795000000,26323170882,4.0,2.817,762000000.0,1.66,1.0,3210000000.0,0.843,5413000000,184000000.0,47953000000,,0,0,0,0,30128000000,5536000000.0,24592000000.0,16344170882,379000000.0,0.0,-6000000.0,-354000000.0,-42000000.0,-348000000.0,285000000.0,0.0,442000000.0,0.0,786000000.0,786000000.0,786000000.0,-5000000.0,0.0,0.206,1794000000.0,1416000000.0,3166000000,0.052,0.87,5.014,5.07,37047000000,0.0,35.54,1.04,1.051,1687000000,14179000000,3810000000.0,3810000000.0,489000000.0,,,,,0.0,247000000.0,1.0,459881004,459000000,462000000.0,8.301,43510000000,0,387000000.0,9974000000,94.793,-161000000.0
43,APC,ARQ,2008-09-30,2008-11-04,2008-09-30,2019-07-30,-123000000,49229000000,,4986000000,44243000000,,39.079,-1126000000.0,1980000000,1980000000,679000000.0,2165000000.0,0.8,1.703,12698000000,1708000000.0,10990000000.0,12698000000,0,844000000.0,0,0.01,0.09,3526000000.0,4370000000.0,0.711,4370000000.0,3526000000.0,3346000000.0,4.65,4.62,4.65,18211000000,,18211000000,26867014465,5.0,3.098,2390000000.0,5.129,1.0,5470000000.0,0.89,5100000000,180000000.0,48615000000,,0,0,0,0,31018000000,6232000000.0,24786000000.0,16149014465,1328000000.0,0.0,-611000000.0,-341000000.0,-42000000.0,-1009000000.0,-1179000000.0,0.0,3516000000.0,0.0,2165000000.0,2165000000.0,2165000000.0,-1000000.0,0.0,0.352,1913000000.0,3557000000.0,3251000000,0.019,0.887,6.15,6.249,36877000000,0.0,35.18,1.091,1.108,2148000000,13435000000,6149000000.0,6149000000.0,373000000.0,,,,,0.0,216000000.0,1.0,459039638,466000000,468000000.0,13.195,44129000000,0,1181000000.0,9805000000,94.697,-1246000000.0
44,APC,ARQ,2008-06-30,2008-08-07,2008-06-30,2019-07-30,-127000000,49337000000,,5167000000,44170000000,,35.579,-681000000.0,652000000,652000000,611000000.0,23000000.0,1.061,1.963,13035000000,52000000.0,12983000000.0,13035000000,0,784000000.0,0,0.007,0.09,410000000.0,1194000000.0,0.429,1194000000.0,410000000.0,259000000.0,0.05,0.05,0.05,16651000000,,16651000000,37971018146,12.0,6.399,-205000000.0,-0.438,1.0,2175000000.0,0.781,5115000000,151000000.0,51734000000,,0,0,0,0,32686000000,4871000000.0,27815000000.0,25588018146,-660000000.0,0.0,5000000.0,-726000000.0,-43000000.0,-397000000.0,-739000000.0,0.0,476000000.0,0.0,23000000.0,23000000.0,23000000.0,-7000000.0,0.0,0.008,1781000000.0,394000000.0,3198000000,1.8,1.537,26.544,26.515,36811000000,0.0,54.62,2.19,2.188,3280000000,11316000000,2786000000.0,2786000000.0,264000000.0,,,,,0.0,199000000.0,1.0,468473419,468000000,471000000.0,5.953,44222000000,0,236000000.0,10295000000,94.491,296000000.0
45,APC,ARQ,2008-03-31,2008-05-07,2008-03-31,2019-07-30,-129000000,48335000000,,4308000000,44027000000,,35.592,-859000000.0,1308000000,1308000000,567000000.0,287000000.0,0.926,1.902,13754000000,396000000.0,13358000000.0,13754000000,0,810000000.0,0,0.005,0.09,858000000.0,1668000000.0,0.56,1668000000.0,858000000.0,631000000.0,0.61,0.61,0.61,16657000000,,16657000000,48341674937,12.0,7.043,1149000000.0,2.455,1.0,2411000000.0,0.81,5140000000,227000000.0,50987000000,,0,0,0,0,31678000000,4654000000.0,27024000000.0,35895674937,45000000.0,0.0,6000000.0,-999000000.0,-44000000.0,-1068000000.0,-895000000.0,0.0,2008000000.0,0.0,287000000.0,286000000.0,286000000.0,-50000000.0,0.0,0.096,1616000000.0,795000000.0,2754000000,0.148,2.155,22.533,22.487,36619000000,1000000.0,76.68,2.94,2.939,2149000000,11332000000,2978000000.0,2978000000.0,243000000.0,,,,,0.0,204000000.0,1.0,468123043,468000000,470000000.0,6.363,43195000000,0,344000000.0,10141000000,92.297,-346000000.0
46,APC,ARQ,2007-12-31,2008-02-29,2007-12-31,2019-07-30,-133000000,48481000000,,4516000000,43965000000,,35.191,-507000000.0,1268000000,1268000000,529000000.0,153000000.0,0.859,1.963,14747000000,1396000000.0,13351000000.0,14747000000,0,750000000.0,0,0.006,0.09,691000000.0,1441000000.0,0.499,1441000000.0,691000000.0,460000000.0,0.32,0.32,0.32,16364000000,,16364000000,43313474956,6.0,4.217,416000000.0,0.895,1.0,2360000000.0,0.817,5166000000,231000000.0,51537000000,,0,0,0,0,32117000000,5257000000.0,26860000000.0,29834474956,25000000.0,-100000000.0,5000000.0,-45000000.0,-43000000.0,-272000000.0,-626000000.0,0.0,923000000.0,0.0,153000000.0,152000000.0,152000000.0,11000000.0,0.0,0.053,1672000000.0,688000000.0,2778000000,0.281,1.823,7.897,7.85,37451000000,1000000.0,63.74,1.877,1.865,2588000000,11089000000,2889000000.0,2889000000.0,291000000.0,,,,,0.0,255000000.0,1.0,468065186,465000000,471000000.0,6.213,43315000000,0,307000000.0,10214000000,93.151,-741000000.0
47,APC,ARQ,2007-09-30,2007-11-09,2007-09-30,2019-07-30,-136000000,47570000000,,3523000000,44047000000,,34.689,-677000000.0,1243000000,1243000000,586000000.0,504000000.0,0.481,1.943,14693000000,3549000000.0,11144000000.0,14693000000,0,539000000.0,0,0.006,0.09,1092000000.0,1631000000.0,0.538,1631000000.0,1092000000.0,870000000.0,1.08,1.07,1.08,16165000000,,16165000000,40316883977,7.0,4.766,50000000.0,0.107,1.0,2444000000.0,0.807,5169000000,222000000.0,48534000000,,0,0,0,0,31405000000,7317000000.0,24088000000.0,26866883977,-404000000.0,-7000000.0,18000000.0,-321000000.0,-43000000.0,-408000000.0,-723000000.0,0.0,727000000.0,0.0,504000000.0,503000000.0,503000000.0,12000000.0,0.0,0.166,1348000000.0,1096000000.0,2406000000,0.083,1.662,8.462,8.386,37557000000,1000000.0,57.61,2.201,2.2,1579000000,10979000000,3030000000.0,3030000000.0,253000000.0,,,,,0.0,171000000.0,1.0,466357993,466000000,468000000.0,6.502,42401000000,0,366000000.0,10143000000,90.989,-3794000000.0
48,APC,ARQ,2007-06-30,2007-08-03,2007-06-30,2019-07-30,-138000000,51016000000,,4595000000,46421000000,,33.966,2080000000.0,1647000000,1647000000,699000000.0,652000000.0,0.48,2.23,16882000000,5744000000.0,11138000000.0,16882000000,0,706000000.0,0,0.007,0.09,1418000000.0,2124000000.0,0.641,2124000000.0,1418000000.0,1104000000.0,1.4,1.39,1.4,15794000000,,15794000000,38470561058,6.0,3.997,2439000000.0,5.245,1.0,2614000000.0,0.789,4740000000,314000000.0,51941000000,,0,0,0,0,35222000000,9570000000.0,25652000000.0,23235561058,-2002000000.0,0.0,41000000.0,-4400000000.0,-43000000.0,-4370000000.0,2009000000.0,0.0,359000000.0,0.0,652000000.0,652000000.0,652000000.0,-7000000.0,0.0,0.197,1226000000.0,1388000000.0,2704000000,0.064,1.471,5.622,5.562,39146000000,0.0,49.89,1.833,1.831,2322000000,10661000000,3313000000.0,3313000000.0,0.0,,,,,0.0,217000000.0,1.0,465735840,465000000,467000000.0,7.125,46276000000,0,452000000.0,11759000000,99.518,-4975000000.0
49,APC,ARQ,2007-03-31,2007-05-08,2007-03-31,2019-07-30,-139000000,55880000000,,6820000000,49060000000,,32.633,3118000000.0,3620000000,3620000000,734000000.0,105000000.0,0.483,2.698,21275000000,9748000000.0,11527000000.0,21275000000,0,845000000.0,0,0.008,0.09,572000000.0,1417000000.0,0.528,1417000000.0,572000000.0,262000000.0,0.23,0.23,0.23,15109000000,,15109000000,38837847553,6.0,4.353,4009000000.0,8.659,1.0,1949000000.0,0.726,4461000000,310000000.0,54965000000,,0,0,0,0,40771000000,14109000000.0,26662000000.0,21182847553,3138000000.0,0.0,15000000.0,-725000000.0,-44000000.0,-871000000.0,3118000000.0,0.0,891000000.0,0.0,105000000.0,104000000.0,104000000.0,-27000000.0,0.0,0.039,1433000000.0,516000000.0,2706000000,0.391,1.402,4.932,4.889,43695000000,1000000.0,45.66,1.897,1.893,2683000000,10052000000,2683000000.0,2683000000.0,0.0,,,,,0.0,231000000.0,1.0,463925702,463000000,465000000.0,5.795,51419000000,0,157000000.0,12722000000,111.056,-7289000000.0
50,APC,ARQ,2006-12-31,2007-02-28,2006-12-31,2019-07-30,-137000000,58844000000,,4614000000,54230000000,,32.42,-1661000000.0,491000000,491000000,729000000.0,1917000000.0,0.275,2.946,22991000000,11471000000.0,11520000000.0,22991000000,0,775000000.0,0,0.009,0.09,2513000000.0,3288000000.0,1.034,3288000000.0,2513000000.0,2171000000.0,4.16,4.13,4.16,14913000000,,14913000000,41158232038,6.0,4.611,-633000000.0,-1.376,1.0,2450000000.0,0.771,4616000000,342000000.0,59970000000,,0,0,0,0,43931000000,16758000000.0,27173000000.0,18658232038,-1417000000.0,-123000000.0,49000000.0,-4838000000.0,-43000000.0,-4793000000.0,2347000000.0,0.0,1028000000.0,1000000.0,1917000000.0,1916000000.0,1916000000.0,-1731000000.0,0.0,0.603,1653000000.0,797000000.0,3501000000,0.022,1.251,3.846,3.823,48739000000,1000000.0,40.29,1.832,1.819,3291000000,9919000000,3179000000.0,3179000000.0,0.0,,,,,0.0,281000000.0,1.0,463098338,460000000,464000000.0,6.911,54228000000,0,254000000.0,13240000000,117.887,-12144000000.0
51,APC,ARQ,2006-09-30,2006-11-09,2006-09-30,2019-07-30,490000000,60176000000,,5350000000,54826000000,,29.939,-148000000.0,1803000000,1803000000,497000000.0,1461000000.0,0.253,3.369,27826000000,16663000000.0,11163000000.0,27826000000,0,546000000.0,0,0.007,0.09,2249000000.0,2795000000.0,0.799,2795000000.0,2249000000.0,2040000000.0,3.18,3.15,3.18,13772000000,,13772000000,48191882105,8.0,6.478,1540000000.0,3.348,1.0,3001000000.0,0.858,8053000000,209000000.0,56967000000,,0,0,0,0,46404000000,21179000000.0,25225000000.0,22168882105,1108000000.0,-20964000000.0,1000000.0,20969000000.0,-42000000.0,20704000000.0,-21285000000.0,0.0,1688000000.0,1000000.0,1461000000.0,1461000000.0,1461000000.0,-79000000.0,0.0,0.418,845000000.0,2156000000.0,2718000000,0.028,1.61,5.82,5.838,42305000000,0.0,48.22,2.337,2.339,2583000000,8045000000,3498000000.0,3498000000.0,0.0,,,,,0.0,159000000.0,1.0,459744548,460000000,463000000.0,7.604,52123000000,0,579000000.0,11337000000,113.311,-15829000000.0
52,APC,ARQ,2006-06-30,2006-08-01,2006-06-30,2019-07-30,525000000,23665000000,,2572000000,21093000000,,26.937,-699000000.0,671000000,671000000,250000000.0,815000000.0,1.165,0.914,3572000000,211000000.0,3361000000.0,3572000000,0,295000000.0,0,0.008,0.09,1127000000.0,1422000000.0,0.786,1422000000.0,1127000000.0,1076000000.0,1.77,1.76,1.77,12364000000,,12364000000,24500586684,5.0,4.084,258000000.0,0.562,1.0,1559000000.0,0.862,1092000000,51000000.0,23267000000,,0,0,0,0,11301000000,2207000000.0,9094000000.0,21599586684,0.0,0.0,26000000.0,17000000.0,-43000000.0,78000000.0,-1044000000.0,0.0,957000000.0,9000000.0,815000000.0,814000000.0,814000000.0,-152000000.0,0.0,0.45,591000000.0,968000000.0,1262000000,0.051,1.747,7.337,7.409,16233000000,1000000.0,47.01,2.79,2.787,1325000000,6626000000,1809000000.0,1809000000.0,0.0,,,,,0.0,123000000.0,1.0,459467915,459000000,463000000.0,3.941,22573000000,0,261000000.0,4070000000,49.179,365000000.0
53,APC,ARQ,2006-03-31,2006-05-09,2006-03-31,2019-07-30,489000000,22867000000,,2535000000,20332000000,,25.124,-975000000.0,820000000,820000000,256000000.0,661000000.0,1.16,0.979,3627000000,235000000.0,3392000000.0,3627000000,0,360000000.0,0,0.007,0.09,1098000000.0,1458000000.0,0.746,1458000000.0,1098000000.0,1047000000.0,1.435,1.42,1.435,11557000000,,11557000000,27331034194,6.0,4.754,247000000.0,0.537,1.0,1698000000.0,0.869,1196000000,51000000.0,22292000000,,0,0,0,0,11310000000,2186000000.0,9124000000.0,24524034194,81000000.0,0.0,-88000000.0,-27000000.0,-42000000.0,-166000000.0,-975000000.0,0.0,1222000000.0,0.0,661000000.0,660000000.0,660000000.0,0.0,0.0,0.338,602000000.0,1096000000.0,1453000000,0.063,2.122,9.304,9.475,18474000000,1000000.0,53.485,3.259,3.27,1497000000,7576000000,1954000000.0,1954000000.0,0.0,,,,,0.0,117000000.0,1.0,458521720,460000000,464000000.0,4.248,21671000000,0,386000000.0,4852000000,47.111,349000000.0
54,APC,ARQ,2005-12-31,2006-03-03,2005-12-31,2019-07-30,527000000,22588000000,,2916000000,19672000000,,23.817,-993000000.0,739000000,739000000,231000000.0,870000000.0,1.213,1.044,3677000000,122000000.0,3555000000.0,3677000000,0,352000000.0,0,0.007,0.09,1412000000.0,1764000000.0,0.793,1764000000.0,1412000000.0,1363000000.0,1.875,1.855,1.875,11051000000,,11051000000,26417656212,6.0,4.862,278000000.0,0.599,1.0,1993000000.0,0.896,1196000000,49000000.0,21927000000,,0,0,0,0,11537000000,2403000000.0,9134000000.0,23479656212,-273000000.0,0.0,-520000000.0,1000000.0,-43000000.0,-543000000.0,-993000000.0,0.0,1271000000.0,-8000000.0,870000000.0,874000000.0,874000000.0,0.0,0.0,0.393,643000000.0,1350000000.0,1725000000,0.048,2.125,9.521,9.713,17862000000,-4000000.0,50.945,3.307,3.372,1919000000,6957000000,2224000000.0,2224000000.0,0.0,,,,,0.0,131000000.0,1.0,460882446,464000000,468000000.0,4.793,21392000000,0,493000000.0,4719000000,46.103,513000000.0
55,APC,ARQ,2005-09-30,2005-11-08,2005-09-30,2019-07-30,390000000,22012000000,,2980000000,19032000000,,22.498,-893000000.0,1012000000,1012000000,206000000.0,598000000.0,1.224,1.082,3676000000,72000000.0,3604000000.0,3676000000,0,334000000.0,0,0.008,0.09,1021000000.0,1355000000.0,0.772,1355000000.0,1021000000.0,971000000.0,1.265,1.255,1.265,10574000000,,10574000000,23512514952,7.0,4.936,251000000.0,0.534,1.0,1550000000.0,0.883,1286000000,50000000.0,20955000000,,0,0,0,0,11438000000,2435000000.0,9003000000.0,20848514952,97000000.0,0.0,-158000000.0,2000000.0,-44000000.0,-174000000.0,-893000000.0,0.0,1144000000.0,20000000.0,598000000.0,596000000.0,596000000.0,0.0,0.0,0.339,547000000.0,1003000000.0,1411000000,0.071,1.972,10.44,10.569,17283000000,2000000.0,44.335,3.218,3.217,1605000000,6124000000,1756000000.0,1756000000.0,0.0,,,,,0.0,99000000.0,1.0,470249576,470000000,476000000.0,3.736,20726000000,0,373000000.0,4539000000,44.098,545000000.0
56,APC,ARQ,2005-06-30,2005-08-04,2005-06-30,2019-07-30,294000000,20827000000,,2435000000,18392000000,,21.303,-734000000.0,915000000,915000000,209000000.0,507000000.0,1.259,1.071,3675000000,72000000.0,3603000000.0,3675000000,0,333000000.0,0,0.007,0.09,839000000.0,1172000000.0,0.737,1172000000.0,839000000.0,789000000.0,1.07,1.06,1.07,10055000000,,10055000000,23390460079,7.0,5.17,61000000.0,0.129,1.0,1381000000.0,0.869,1299000000,50000000.0,20354000000,,0,0,0,0,10772000000,1934000000.0,8838000000.0,20630460079,-82000000.0,0.0,28000000.0,-169000000.0,-44000000.0,-138000000.0,-734000000.0,0.0,795000000.0,-5000000.0,507000000.0,506000000.0,506000000.0,0.0,0.0,0.318,538000000.0,843000000.0,1318000000,0.084,2.052,11.461,11.717,16601000000,1000000.0,43.645,3.283,3.278,1223000000,5571000000,1590000000.0,1590000000.0,0.0,,,,,0.0,110000000.0,1.0,472687824,472000000,476000000.0,3.369,19528000000,0,282000000.0,4433000000,41.373,501000000.0
57,APC,ARQ,2005-03-31,2005-05-06,2005-03-31,2019-07-30,293000000,20502000000,,2478000000,18024000000,,20.131,-633000000.0,997000000,997000000,200000000.0,491000000.0,1.19,1.149,3843000000,200000000.0,3643000000.0,3843000000,0,324000000.0,0,0.008,0.09,819000000.0,1143000000.0,0.747,1143000000.0,819000000.0,767000000.0,1.035,1.025,1.035,9542000000,,9542000000,20262718671,7.0,4.606,303000000.0,0.639,1.0,1330000000.0,0.869,1308000000,52000000.0,19957000000,,0,0,0,0,10960000000,2083000000.0,8877000000.0,17416718671,123000000.0,0.0,-129000000.0,3000000.0,-44000000.0,-176000000.0,-633000000.0,0.0,936000000.0,-4000000.0,491000000.0,490000000.0,490000000.0,0.0,0.0,0.32,511000000.0,819000000.0,1267000000,0.087,1.825,10.251,10.693,16232000000,1000000.0,36.945,2.838,2.854,1209000000,5108000000,1530000000.0,1530000000.0,0.0,,,,,0.0,102000000.0,1.0,471422890,474000000,478000000.0,3.228,19194000000,0,276000000.0,4404000000,40.494,395000000.0
58,APC,ARQ,2004-12-31,2005-03-15,2004-12-31,2019-07-30,381000000,20192000000,,2502000000,17690000000,,19.027,1775000000.0,874000000,874000000,251000000.0,405000000.0,1.255,1.175,3840000000,169000000.0,3671000000.0,3840000000,0,355000000.0,0,0.008,0.09,738000000.0,1093000000.0,0.682,1093000000.0,738000000.0,646000000.0,0.825,0.82,0.825,9285000000,,9285000000,20941744015,7.0,4.903,2225000000.0,4.559,1.0,1351000000.0,0.843,1309000000,92000000.0,19856000000,,0,0,0,0,10907000000,1993000000.0,8914000000.0,17975744015,720000000.0,0.0,-794000000.0,-642000000.0,-34000000.0,-1500000000.0,1775000000.0,0.0,450000000.0,-5000000.0,405000000.0,405000000.0,405000000.0,0.0,0.0,0.253,632000000.0,719000000.0,1460000000,0.109,1.936,11.228,11.841,15913000000,0.0,37.95,2.963,3.128,1350000000,4661000000,1602000000.0,1602000000.0,0.0,,,,,0.0,154000000.0,1.0,473669144,488000000,492000000.0,3.283,18883000000,0,241000000.0,4414000000,38.695,509000000.0
59,APC,ARQ,2004-09-30,2004-11-05,2004-09-30,2019-07-30,151000000,21539000000,,1670000000,19869000000,,18.89,-294000000.0,154000000,154000000,244000000.0,399000000.0,0.598,1.28,4484000000,364000000.0,4120000000.0,4484000000,0,387000000.0,0,0.008,0.07,729000000.0,1116000000.0,0.714,1116000000.0,729000000.0,598000000.0,0.795,0.79,0.795,9445000000,,9445000000,21173644524,8.0,5.282,698000000.0,1.396,1.0,1318000000.0,0.844,1395000000,131000000.0,21680000000,,0,0,0,0,12094000000,2794000000.0,9300000000.0,16843644524,-155000000.0,-46000000.0,-215000000.0,-579000000.0,-37000000.0,-814000000.0,-340000000.0,0.0,992000000.0,7000000.0,399000000.0,399000000.0,399000000.0,0.0,0.0,0.255,571000000.0,747000000.0,1446000000,0.088,1.783,11.304,11.484,18034000000,0.0,34.05,2.933,2.964,1332000000,4289000000,1562000000.0,1562000000.0,0.0,,,,,0.0,98000000.0,1.0,494673848,500000000,506000000.0,3.124,20144000000,0,199000000.0,4274000000,40.288,-1124000000.0
60,APC,ARQ,2004-06-30,2004-08-05,2004-06-30,2019-07-30,29000000,21603000000,,1716000000,19887000000,,18.157,-746000000.0,309000000,309000000,222000000.0,405000000.0,0.84,1.361,5063000000,168000000.0,4895000000.0,5063000000,0,357000000.0,0,0.009,0.07,690000000.0,1047000000.0,0.726,1047000000.0,690000000.0,624000000.0,0.8,0.795,0.8,9151000000,,9151000000,19166266611,8.0,5.092,134000000.0,0.266,1.0,1221000000.0,0.846,1378000000,66000000.0,22935000000,,0,0,0,0,12452000000,2044000000.0,10408000000.0,14412266611,167000000.0,0.0,-122000000.0,3000000.0,-37000000.0,31000000.0,-746000000.0,0.0,880000000.0,2000000.0,405000000.0,405000000.0,405000000.0,0.0,0.0,0.281,534000000.0,687000000.0,1309000000,0.087,1.575,10.558,10.608,18066000000,0.0,28.8,2.61,2.629,1249000000,3925000000,1443000000.0,1443000000.0,0.0,,,,,0.0,92000000.0,1.0,500425924,504000000,508000000.0,2.863,20225000000,0,219000000.0,4437000000,40.129,-328000000.0
61,APC,ARQ,2004-03-31,2004-05-10,2004-03-31,2019-07-30,58000000,20980000000,,1414000000,19566000000,,17.694,-726000000.0,142000000,142000000,215000000.0,392000000.0,0.817,1.353,5060000000,0.0,5060000000.0,5060000000,0,348000000.0,0,0.009,0.07,667000000.0,1015000000.0,0.695,1015000000.0,667000000.0,604000000.0,0.78,0.775,0.78,8918000000,,8918000000,18269776545,8.0,5.1,159000000.0,0.315,1.0,1245000000.0,0.853,1385000000,63000000.0,22782000000,,0,0,0,0,12062000000,1731000000.0,10331000000.0,13351776545,80000000.0,0.0,15000000.0,2000000.0,-36000000.0,-78000000.0,-726000000.0,0.0,885000000.0,-1000000.0,392000000.0,392000000.0,392000000.0,0.0,0.0,0.268,517000000.0,728000000.0,1121000000,0.09,1.497,10.588,10.518,17741000000,0.0,26.505,2.493,2.495,1139000000,3556000000,1460000000.0,1460000000.0,0.0,,,,,0.0,79000000.0,1.0,503745578,504000000,508000000.0,2.897,19595000000,0,212000000.0,4336000000,38.879,-317000000.0
62,APC,ARQ,2003-12-31,2004-03-04,2003-12-31,2019-07-30,122000000,20546000000,,1324000000,19222000000,,16.994,-524000000.0,62000000,62000000,241000000.0,294000000.0,0.772,1.389,5058000000,0.0,5058000000.0,5058000000,0,343000000.0,0,0.009,0.07,488000000.0,831000000.0,0.65,831000000.0,488000000.0,422000000.0,0.59,0.585,0.59,8599000000,,8599000000,17923605398,8.0,5.026,220000000.0,0.435,1.0,1037000000.0,0.811,1389000000,66000000.0,22438000000,,0,0,0,0,11947000000,1715000000.0,10232000000.0,12927605398,-82000000.0,0.0,76000000.0,-390000000.0,-36000000.0,-306000000.0,-524000000.0,0.0,744000000.0,4000000.0,294000000.0,294000000.0,294000000.0,0.0,0.0,0.23,542000000.0,495000000.0,1222000000,0.119,1.503,10.045,9.955,17396000000,0.0,25.685,2.524,2.507,1104000000,3199000000,1278000000.0,1278000000.0,0.0,,,,,0.0,103000000.0,1.0,503313428,506000000,500000000.0,2.526,19157000000,0,128000000.0,4252000000,37.86,-391000000.0
63,APC,ARQ,2003-09-30,2003-11-12,2003-09-30,2019-07-30,46000000,20362000000,,1426000000,18936000000,,16.356,-627000000.0,144000000,144000000,207000000.0,274000000.0,0.773,1.49,5448000000,277000000.0,5171000000.0,5448000000,0,335000000.0,0,0.009,0.05,536000000.0,871000000.0,0.65,871000000.0,536000000.0,477000000.0,0.545,0.545,0.545,8178000000,,8178000000,16180432592,7.0,4.599,257000000.0,0.514,1.0,1133000000.0,0.846,1473000000,59000000.0,22348000000,,0,0,0,0,12184000000,1845000000.0,10339000000.0,10876432592,16000000.0,0.0,-10000000.0,-167000000.0,-27000000.0,-244000000.0,-627000000.0,0.0,884000000.0,3000000.0,274000000.0,274000000.0,274000000.0,0.0,0.0,0.204,593000000.0,540000000.0,1093000000,0.092,1.33,8.354,8.305,17013000000,0.0,21.675,2.179,2.171,1118000000,2940000000,1340000000.0,1340000000.0,0.0,,,,,0.0,75000000.0,1.0,501796198,500000000,502000000.0,2.68,18889000000,0,203000000.0,4226000000,37.778,-419000000.0
64,APC,ARQ,2003-06-30,2003-08-11,2003-06-30,2019-07-30,-66000000,20193000000,,1494000000,18699000000,,15.614,-899000000.0,128000000,128000000,204000000.0,301000000.0,0.664,1.587,5616000000,445000000.0,5171000000.0,5616000000,0,326000000.0,0,0.009,0.05,539000000.0,865000000.0,0.677,865000000.0,539000000.0,471000000.0,0.605,0.6,0.605,7807000000,,7807000000,16093151140,8.0,4.89,-189000000.0,-0.378,1.0,1073000000.0,0.84,1472000000,68000000.0,21959000000,,0,0,0,0,12386000000,2250000000.0,10136000000.0,10605151140,46000000.0,0.0,13000000.0,192000000.0,-26000000.0,233000000.0,-899000000.0,0.0,710000000.0,2000000.0,301000000.0,301000000.0,301000000.0,0.0,0.0,0.236,493000000.0,580000000.0,1243000000,0.083,1.358,8.714,8.691,16759000000,0.0,21.25,2.304,2.309,1200000000,2691000000,1277000000.0,1277000000.0,0.0,,,,,0.0,86000000.0,1.0,499065936,500000000,504000000.0,2.554,18721000000,0,170000000.0,4001000000,37.442,-756000000.0
65,APC,ARQ,2003-03-31,2003-05-14,2003-03-31,2019-07-30,-128000000,19403000000,,1604000000,17799000000,,14.962,-584000000.0,82000000,82000000,176000000.0,418000000.0,0.764,1.604,5425000000,254000000.0,5171000000.0,5425000000,0,293000000.0,0,0.007,0.0,706000000.0,999000000.0,0.795,999000000.0,706000000.0,646000000.0,0.84,0.815,0.84,7451000000,,7451000000,17112816920,9.0,5.547,121000000.0,0.243,1.0,1081000000.0,0.86,1451000000,60000000.0,21196000000,,0,0,0,0,11952000000,2099000000.0,9853000000.0,11769816920,48000000.0,0.0,21000000.0,-49000000.0,-25000000.0,-74000000.0,-584000000.0,0.0,705000000.0,1000000.0,418000000.0,418000000.0,418000000.0,0.0,0.0,0.333,458000000.0,623000000.0,1325000000,0.0,1.58,10.19,10.168,15904000000,0.0,23.59,2.325,2.32,1384000000,2415000000,1257000000.0,1257000000.0,0.0,,,,,0.0,88000000.0,1.0,498932468,498000000,516000000.0,2.524,17952000000,0,228000000.0,3816000000,36.048,-495000000.0
66,APC,ARQ,2002-12-31,2003-03-14,2002-12-31,2019-07-30,-198000000,18248000000,,1280000000,16968000000,,13.853,-438000000.0,34000000,34000000,192000000.0,309000000.0,0.688,1.656,5471000000,300000000.0,5171000000.0,5471000000,0,295000000.0,0,0.008,0.1,488000000.0,783000000.0,0.701,783000000.0,488000000.0,431000000.0,0.62,0.6,0.62,6871000000,,6871000000,16242837115,12.0,6.4,253000000.0,0.51,1.0,925000000.0,0.828,1434000000,57000000.0,20390000000,,0,0,0,0,11377000000,1861000000.0,9516000000.0,10805837115,3000000.0,-204000000.0,11000000.0,-46000000.0,-26000000.0,-45000000.0,-642000000.0,0.0,691000000.0,-1000000.0,309000000.0,309000000.0,309000000.0,0.0,0.0,0.277,431000000.0,494000000.0,1050000000,0.161,1.573,13.098,13.075,15098000000,0.0,21.705,2.799,2.789,1108000000,2021000000,1117000000.0,1117000000.0,0.0,,,,,0.0,87000000.0,1.0,497850132,496000000,520000000.0,2.252,16814000000,0,122000000.0,3633000000,33.899,-581000000.0
67,APC,ARQ,2002-09-30,2002-11-14,2002-09-30,2019-07-30,-87000000,17580000000,,1051000000,16529000000,,13.416,-457000000.0,31000000,31000000,172000000.0,189000000.0,0.822,1.631,5460000000,0.0,5460000000.0,5460000000,0,291000000.0,0,0.007,0.037,353000000.0,644000000.0,0.677,644000000.0,353000000.0,304000000.0,0.38,0.37,0.38,6681000000,,6681000000,16716420731,15.0,7.578,87000000.0,0.175,1.0,779000000.0,0.819,1433000000,49000000.0,20298000000,,0,0,0,0,10899000000,1278000000.0,9621000000.0,11287420731,-14000000.0,0.0,7000000.0,-78000000.0,-21000000.0,-100000000.0,-457000000.0,0.0,544000000.0,-1000000.0,189000000.0,189000000.0,189000000.0,0.0,0.0,0.199,416000000.0,363000000.0,840000000,0.097,1.689,18.089,18.16,14572000000,0.0,22.7,2.075,2.078,853000000,1736000000,951000000.0,951000000.0,0.0,,,,,0.0,78000000.0,1.0,497243204,498000000,516000000.0,1.91,16147000000,0,115000000.0,3553000000,32.424,-227000000.0
68,APC,ARQ,2002-06-30,2002-08-14,2002-06-30,2019-07-30,3000000,17511000000,,1076000000,16435000000,,13.284,-501000000.0,45000000,45000000,936000000.0,239000000.0,0.699,1.658,5541000000,300000000.0,5241000000.0,5541000000,0,276000000.0,0,0.007,0.037,383000000.0,659000000.0,0.379,659000000.0,383000000.0,335000000.0,0.48,0.465,0.48,6589000000,,6589000000,15821774899,60.0,11.221,42000000.0,0.085,1.0,802000000.0,0.461,1443000000,48000000.0,20025000000,,0,0,0,0,10922000000,1539000000.0,9383000000.0,10325774899,19000000.0,-17000000.0,6000000.0,14000000.0,-20000000.0,-8000000.0,-518000000.0,0.0,543000000.0,2000000.0,239000000.0,239000000.0,239000000.0,0.0,0.0,0.138,438000000.0,364000000.0,943000000,0.077,1.567,62.58,62.955,14498000000,0.0,20.775,1.657,1.653,899000000,1567000000,1738000000.0,1738000000.0,0.0,,,,,0.0,77000000.0,1.0,497028876,496000000,518000000.0,3.504,16068000000,0,96000000.0,3518000000,32.395,-463000000.0
69,APC,ARQ,2002-03-31,2002-05-13,2002-03-31,2019-07-30,-83000000,17106000000,,1030000000,16076000000,,12.643,-800000000.0,26000000,26000000,766000000.0,88000000.0,0.679,1.728,5518000000,278000000.0,5240000000.0,5518000000,0,272000000.0,0,0.005,0.037,180000000.0,452000000.0,0.329,452000000.0,180000000.0,131000000.0,0.175,0.17,0.175,6271000000,,6271000000,18893776538,37.0,11.03,-382000000.0,-0.77,1.0,607000000.0,0.442,1432000000,49000000.0,19649000000,,0,0,0,0,10835000000,1517000000.0,9318000000.0,13401776538,-11000000.0,0.0,-34000000.0,471000000.0,-19000000.0,373000000.0,-800000000.0,0.0,418000000.0,-2000000.0,88000000.0,88000000.0,88000000.0,0.0,0.0,0.064,403000000.0,204000000.0,932000000,0.211,2.137,40.984,41.515,14165000000,0.0,26.985,1.983,1.98,879000000,1346000000,1373000000.0,1373000000.0,0.0,,,,,0.0,72000000.0,1.0,496638004,496000000,526000000.0,2.768,15674000000,0,43000000.0,3444000000,31.601,-487000000.0
70,APC,ARQ,2001-12-31,2002-03-25,2001-12-31,2019-07-30,-49000000,16771000000,,1201000000,15570000000,,12.524,-1025000000.0,37000000,37000000,778000000.0,108000000.0,0.667,1.678,5050000000,412000000.0,4638000000.0,5050000000,0,271000000.0,0,0.004,0.037,180000000.0,451000000.0,0.327,451000000.0,180000000.0,153000000.0,0.215,0.215,0.215,6262000000,,6262000000,18918509775,-61.0,20.608,-356000000.0,-0.712,1.0,601000000.0,0.436,1430000000,27000000.0,18553000000,,0,0,0,0,10509000000,1801000000.0,8708000000.0,13905509775,-31000000.0,0.0,8000000.0,328000000.0,-21000000.0,299000000.0,-1025000000.0,0.0,669000000.0,26000000.0,108000000.0,108000000.0,108000000.0,0.0,0.0,0.078,385000000.0,216000000.0,1132000000,0.172,2.221,-73.965,-74.747,13637000000,0.0,28.03,1.662,1.675,1018000000,1276000000,1379000000.0,1379000000.0,0.0,,,,,0.0,67000000.0,1.0,496093820,500000000,500000000.0,2.758,15341000000,0,45000000.0,3451000000,30.682,-600000000.0
71,APC,ARQ,2001-09-30,2002-02-05,2001-09-30,2019-07-30,-4000000,16266000000,,1416000000,14850000000,,12.406,-642000000.0,68000000,68000000,928000000.0,-1353000000.0,0.967,1.622,4717000000,109000000.0,4608000000.0,4717000000,0,327000000.0,0,0.005,0.037,-2180000000.0,-1853000000.0,-1.063,-1853000000.0,-2180000000.0,-2198000000.0,-2.705,-2.705,-2.705,6203000000,,6203000000,16624227691,8.0,5.161,-40000000.0,-0.08,1.0,815000000.0,0.468,1435000000,18000000.0,18016000000,,0,0,0,0,10063000000,1464000000.0,8599000000.0,11975227691,-232000000.0,-119000000.0,-107000000.0,15000000.0,-14000000.0,-61000000.0,-761000000.0,0.0,602000000.0,-12000000.0,-1353000000.0,-1353000000.0,-1353000000.0,0.0,0.0,-0.776,2975000000.0,-2160000000.0,920000000,-0.014,1.931,9.789,9.187,12902000000,0.0,24.07,1.066,1.071,1193000000,1188000000,1743000000.0,1743000000.0,0.0,,,,,0.0,67000000.0,1.0,497516730,500000000,500000000.0,3.486,14831000000,0,-845000000.0,3282000000,29.662,-48000000.0
72,APC,ARQ,2001-09-30,2001-11-14,2001-09-30,2019-07-30,-4000000,17967000000,,1416000000,16551000000,,14.572,-642000000.0,68000000,68000000,928000000.0,-270000000.0,0.967,1.466,4717000000,109000000.0,4608000000.0,4717000000,0,327000000.0,0,0.004,0.025,-479000000.0,-152000000.0,-0.087,-152000000.0,-479000000.0,-497000000.0,-0.54,-0.54,-0.54,7286000000,,7286000000,18370511413,9.0,5.703,-40000000.0,-0.08,1.0,815000000.0,0.468,1435000000,18000000.0,19717000000,,0,0,0,0,10681000000,1464000000.0,9217000000.0,13721511413,-232000000.0,-119000000.0,-107000000.0,15000000.0,-14000000.0,-61000000.0,-761000000.0,0.0,602000000.0,-12000000.0,-270000000.0,-270000000.0,-270000000.0,0.0,0.0,-0.155,1274000000.0,-459000000.0,920000000,-0.046,1.883,11.217,10.527,14603000000,0.0,27.58,1.221,1.227,1193000000,2271000000,1743000000.0,1743000000.0,0.0,,,,,0.0,67000000.0,1.0,497516730,500000000,500000000.0,3.486,16532000000,0,-227000000.0,3900000000,33.064,-48000000.0
73,APC,ARQ,2001-06-30,2001-08-13,2001-06-30,2019-07-30,35000000,18756000000,,1737000000,17019000000,,15.351,-924000000.0,300000000,300000000,1150000000.0,401000000.0,0.789,1.434,4689000000,748000000.0,3941000000.0,4689000000,0,339000000.0,0,0.004,0.025,623000000.0,962000000.0,0.425,962000000.0,623000000.0,598000000.0,0.8,0.75,0.8,7706000000,,7706000000,18396719717,6.0,4.535,15000000.0,0.03,1.0,1114000000.0,0.492,1415000000,25000000.0,19529000000,,0,0,0,0,11050000000,2201000000.0,8849000000.0,14007719717,-293000000.0,-31000000.0,15000000.0,-214000000.0,-14000000.0,-278000000.0,-955000000.0,0.0,939000000.0,1000000.0,401000000.0,401000000.0,401000000.0,0.0,0.0,0.177,477000000.0,637000000.0,1104000000,0.031,1.818,8.055,7.559,15064000000,0.0,27.93,1.341,1.342,1233000000,2553000000,2264000000.0,2264000000.0,0.0,,,,,0.0,64000000.0,1.0,501529528,502000000,536000000.0,4.51,17341000000,0,197000000.0,4177000000,34.544,-464000000.0
74,APC,ARQ,2001-03-31,2001-05-14,2001-03-31,2019-07-30,-5000000,18705000000,,2288000000,16417000000,,14.888,-587000000.0,593000000,593000000,1632000000.0,656000000.0,0.959,1.513,4905000000,666000000.0,4239000000.0,4905000000,0,291000000.0,0,0.003,0.0,1067000000.0,1358000000.0,0.445,1358000000.0,1067000000.0,1045000000.0,1.31,1.25,1.31,7444000000,,7444000000,20304540966,8.0,6.132,524000000.0,1.048,1.0,1419000000.0,0.465,1524000000,22000000.0,19106000000,,0,0,0,0,11261000000,2387000000.0,8874000000.0,15992540966,394000000.0,-790000000.0,17000000.0,682000000.0,-15000000.0,660000000.0,-1377000000.0,0.0,1111000000.0,0.0,656000000.0,656000000.0,656000000.0,0.0,0.0,0.215,430000000.0,989000000.0,1180000000,0.0,2.148,11.319,10.017,14471000000,0.0,31.905,1.884,1.879,1282000000,2165000000,3051000000.0,3051000000.0,0.0,,,,,0.0,49000000.0,1.0,501255006,500000000,526000000.0,6.102,17181000000,0,389000000.0,3981000000,34.362,-99000000.0
75,APC,ARQ,2000-12-31,2001-03-15,2000-12-31,2019-07-30,3000000,16590000000,,1894000000,14696000000,,17.897,-713100000.0,199000000,199000000,3053400000.0,428100000.0,1.13,1.519,3984000000,0.0,3984000000.0,3984000000,0,278000000.0,0,0.003,0.025,775000000.0,1053000000.0,0.252,1053000000.0,775000000.0,751500000.0,1.05,1.01,1.05,6586000000,,6586000000,19669802429,13.0,9.296,-21000000.0,-0.057,1.0,1123500000.0,0.269,1317000000,23500000.0,17382000000,,0,0,0,0,10004000000,1676000000.0,8328000000.0,15884802429,69600000.0,2400000.0,111300000.0,-43200000.0,-16600000.0,88200000.0,-710700000.0,0.0,692100000.0,0.0,428100000.0,436300000.0,436300000.0,0.0,0.0,0.104,454900000.0,668600000.0,1256000000,0.024,2.412,19.956,14.683,13011000000,-8200000.0,31.715,2.794,2.053,1376000000,1521000000,4176900000.0,4176900000.0,0.0,,,,,0.0,76100000.0,1.0,500860868,368000000,386000000.0,11.35,15273000000,0,323400000.0,3633000000,41.503,218000000.0
76,APC,ARQ,2000-09-30,2000-11-13,2000-09-30,2019-07-30,1800000,15091600000,,1103700000,13987900000,,13.549,-483463000.0,129200000,129200000,119800000.0,248400000.0,,1.417,4111300000,,,4111300000,0,227751000.0,0,0.003,0.025,455500000.0,683251000.0,0.715,683251000.0,455500000.0,427600000.0,0.535,0.515,0.535,6243600000,,6243600000,18523607624,23.0,15.364,169802000.0,0.368,1.0,836300000.0,0.875,1027300000,27900000.0,18046400000,,98300000,0,0,0,8848000000,,,14541507624,124530000.0,-55400000.0,147561000.0,-141475000.0,-15119000.0,10128000.0,-538863000.0,0.0,653265000.0,0.0,248400000.0,245700000.0,245700000.0,0.0,0.0,0.257,346100000.0,490200000.0,832300000,0.047,2.329,37.506,26.812,12675200000,2700000.0,29.225,8.392,7.772,835000000,1097900000,956100000.0,956100000.0,0.0,,,,,-808000.0,43700000.0,1.0,497570834,460800000,460800000.0,2.075,14064300000,0,179200000.0,3425400000,30.521,
77,APC,ARQ,2000-06-30,2000-08-14,2000-06-30,2019-07-30,0,4568362000,,449476000,4118886000,,6.497,-266577000.0,4639000,4639000,45808000.0,77668000.0,,1.741,1682403000,,,1682403000,0,61941000.0,0,0.003,0.025,155133000.0,217074000.0,0.709,217074000.0,155133000.0,134609000.0,0.29,0.28,0.29,1666667000,,1666667000,9139763229,23.0,14.444,-87785000.0,-0.342,1.0,260535000.0,0.85,0,20524000.0,6246126000,,51111000,0,0,0,2901695000,,,7461999229,-4730000.0,0.0,10610000.0,79584000.0,-9148000.0,83055000.0,-266577000.0,0.0,178792000.0,0.0,77668000.0,74938000.0,74938000.0,0.0,0.0,0.245,105402000.0,155133000.0,343659000,0.086,4.477,46.409,46.135,4012339000,2730000.0,29.065,7.8,7.794,388697000,864666000,306343000.0,306343000.0,0.0,,,,,415000.0,30076000.0,1.0,256734878,256520000,256520000.0,1.194,4568362000,0,56941000.0,708079000,17.809,
78,APC,ARQ,2000-03-31,2000-05-15,2000-03-31,2019-07-30,0,4219841000,,322726000,3897115000,,6.196,-183860000.0,9369000,9369000,42939000.0,41799000.0,,1.66,1597793000,,,1597793000,0,57308000.0,0,0.004,0.0,105397000.0,162705000.0,0.659,162705000.0,105397000.0,84303000.0,0.155,0.15,0.155,1586629000,,1586629000,8320643450,28.0,16.281,-172017000.0,-0.672,1.0,204112000.0,0.826,0,21094000.0,5808265000,,32133000,0,0,0,2633212000,,,6732219450,-35400000.0,0.0,18529000.0,129091000.0,-9133000.0,136617000.0,-183860000.0,0.0,11843000.0,0.0,41799000.0,39069000.0,39069000.0,0.0,0.0,0.158,98715000.0,105397000.0,214705000,0.0,4.243,71.762,71.027,3807703000,2730000.0,26.28,8.293,8.29,277533000,796146000,247051000.0,247051000.0,0.0,,,,,393000.0,30086000.0,1.0,256172734,256092000,256092000.0,0.965,4219841000,0,42504000.0,659192000,16.478,
79,APC,ARQ,1999-12-31,2000-03-16,1999-12-31,2019-07-30,0,4098363000,,355942000,3742421000,,5.231,-222025000.0,44769000,44769000,38007000.0,30730000.0,,2.071,1469768000,,,1469768000,0,55881000.0,0,0.006,0.025,86702000.0,142583000.0,0.639,142583000.0,86702000.0,67619000.0,0.11,0.11,0.11,1334554000,,1334554000,5657178305,32.0,14.249,-30334000.0,-0.119,1.0,185279000.0,0.83,0,19083000.0,5523362000,,46090000,0,0,0,2763809000,,,4232179305,29966000.0,0.0,4110000.0,38017000.0,-9109000.0,49350000.0,-211075000.0,0.0,191691000.0,0.0,30730000.0,28000000.0,28000000.0,0.0,0.0,0.125,98577000.0,86702000.0,298589000,0.227,3.171,133.68,132.24,3681151000,2730000.0,16.53,6.036,5.903,259658000,763480000,223286000.0,223286000.0,0.0,,,,,484000.0,30703000.0,1.0,256030206,255126000,255126000.0,0.875,4098363000,0,36889000.0,618991000,16.064,
80,APC,ARQ,1999-09-30,1999-11-15,1999-09-30,2019-07-30,0,3833779000,,259981000,3573798000,,5.916,-170699000.0,14803000,14803000,35216000.0,21512000.0,,1.543,1415419000,,,1415419000,0,51748000.0,0,0.006,0.025,58675000.0,110423000.0,0.614,110423000.0,58675000.0,40776000.0,0.075,0.075,0.075,1507829000,,1507829000,5513092656,216.0,22.881,-91893000.0,-0.361,1.0,144719000.0,0.804,0,17899000.0,5234395000,,27855000,0,0,0,2325950000,,,4112476656,-2058000.0,0.0,1705000.0,99500000.0,-9103000.0,89835000.0,-170699000.0,0.0,78806000.0,0.0,21512000.0,18782000.0,18782000.0,0.0,0.0,0.104,86044000.0,58675000.0,185009000,0.333,2.727,-77.478,-71.667,3523844000,2730000.0,16.125,6.705,6.701,211762000,741859000,179935000.0,179935000.0,0.0,,,,,474000.0,24639000.0,1.0,255037312,254874000,254874000.0,0.706,3833779000,0,19264000.0,566995000,15.042,
81,APC,ARQ,1999-06-30,1999-08-12,1999-06-30,2019-07-30,0,3690606000,,233925000,3456681000,,5.959,-46693000.0,16861000,16861000,34440000.0,10692000.0,,1.472,1318186000,,,1318186000,0,53938000.0,0,0.005,0.025,41422000.0,95360000.0,0.59,95360000.0,41422000.0,22918000.0,0.03,0.03,0.03,1492791000,,1492791000,6096099562,-350.0,30.82,5719000.0,0.023,1.0,127079000.0,0.787,0,18504000.0,4991931000,,30175000,0,0,0,2197815000,,,4794774562,1331000.0,0.0,255702000.0,-254957000.0,-9101000.0,-4388000.0,-46693000.0,0.0,52412000.0,0.0,10692000.0,7962000.0,7962000.0,0.0,0.0,0.049,85657000.0,41422000.0,174012000,0.833,3.212,-64.683,-60.694,3404027000,2730000.0,18.815,8.359,8.217,183709000,729450000,161519000.0,161519000.0,0.0,,,,,400000.0,23195000.0,1.0,254837872,250510000,250510000.0,0.645,3690606000,0,12226000.0,541259000,14.732,
82,APC,ARQ,1999-03-31,1999-05-13,1999-03-31,2019-07-30,0,3657831000,,204121000,3453710000,,5.123,-111653000.0,15530000,15530000,34056000.0,-20355000.0,,1.963,1569175000,,,1569175000,0,56524000.0,0,0.005,0.025,-7858000.0,48666000.0,0.357,48666000.0,-7858000.0,-26496000.0,-0.095,-0.095,-0.095,1234533000,,1234533000,5999451701,-156.0,35.063,-116858000.0,-0.485,1.0,102308000.0,0.75,0,18638000.0,5211476000,,33586000,0,0,0,2423298000,,,4445806701,-1478000.0,0.0,3300000.0,135370000.0,-8757000.0,111603000.0,-107876000.0,0.0,-5205000.0,0.0,-20355000.0,-23085000.0,-23085000.0,0.0,0.0,-0.169,110166000.0,-7858000.0,166285000,-0.263,3.601,-56.002,-55.682,3414038000,2730000.0,18.375,8.089,8.057,151410000,727859000,136364000.0,136364000.0,0.0,,,,,315000.0,24409000.0,1.0,241948664,240984000,240984000.0,0.566,3657831000,0,-6141000.0,529751000,15.179,
83,APC,ARQ,1998-12-31,1999-03-15,1998-12-31,2019-07-30,0,3632990000,,229928000,3403062000,,4.4,-244476000.0,17008000,17008000,39766000.0,-54008000.0,,2.429,1452115000,,,1452115000,0,53213000.0,0,0.006,0.025,-66720000.0,-13507000.0,-0.1,-13507000.0,-66720000.0,-83292000.0,-0.235,-0.235,-0.235,1059456000,,1059456000,5546179426,-751.0,28.137,-152260000.0,-0.632,1.0,95770000.0,0.707,0,16572000.0,5068097000,,25860000,0,0,0,2573534000,,,4111072426,-2873000.0,0.0,3407000.0,150761000.0,-8652000.0,145442000.0,-240531000.0,0.0,92216000.0,0.0,-54008000.0,-56738000.0,-56738000.0,0.0,0.0,-0.419,162490000.0,-66720000.0,227988000,-0.106,3.88,-83.413,-83.244,3381538000,2730000.0,17.065,7.338,7.317,181491000,756971000,135536000.0,135536000.0,0.0,,,,,316000.0,30000000.0,1.0,240906676,240776000,240776000.0,0.563,3632990000,0,-29284000.0,541758000,15.089,
84,APC,ARQ,1998-09-30,1998-11-13,1998-09-30,2019-07-30,0,3497013000,,205168000,3291845000,,5.484,-204422000.0,19881000,19881000,41848000.0,464000.0,,1.654,1301428000,,,1301428000,0,51562000.0,0,0.006,0.025,15715000.0,67277000.0,0.48,67277000.0,15715000.0,724000.0,-0.01,-0.01,-0.01,1317806000,,1317806000,5027292142,,,-164184000.0,-0.683,1.0,98343000.0,0.701,0,14991000.0,4778560000,,20961000,0,0,0,2179207000,,,3745745142,-9798000.0,0.0,4795000.0,135205000.0,-8814000.0,134216000.0,-184252000.0,0.0,40238000.0,0.0,464000.0,-2266000.0,-2266000.0,0.0,0.0,-0.016,82628000.0,15715000.0,157870000,-2.5,2.842,,,3260275000,2730000.0,15.565,,,157750000,819631000,140191000.0,140191000.0,0.0,,,,,255000.0,21950000.0,1.0,240651792,240280000,240280000.0,0.583,3497013000,0,260000.0,565699000,14.554,
85,APC,ARQ,1998-06-30,1998-08-14,1998-06-30,2019-07-30,0,3360383000,,216346000,3144037000,,5.501,-199221000.0,29679000,29679000,38649000.0,4341000.0,,1.544,1163059000,,,1163059000,0,48387000.0,0,0.005,0.025,20282000.0,68669000.0,0.499,68669000.0,20282000.0,6504000.0,0.01,0.01,0.01,1320697000,,1320697000,5021662262,,,-224357000.0,-0.934,1.0,98877000.0,0.719,0,13778000.0,4493763000,,29863000,0,0,0,2039686000,,,3888282262,21777000.0,0.0,4642000.0,44284000.0,-7667000.0,246134000.0,-199221000.0,0.0,-25136000.0,0.0,4341000.0,2703000.0,2703000.0,0.0,0.0,0.02,78595000.0,20282000.0,168906000,2.5,2.944,,,3117547000,1638000.0,16.19,,,153417000,827981000,137526000.0,137526000.0,0.0,,,,,280000.0,21722000.0,1.0,240165674,240098000,240098000.0,0.573,3360383000,0,2163000.0,568484000,13.996,
86,APC,ARQ,1998-03-31,1998-05-15,1998-03-31,2019-07-30,0,3189831000,,198633000,2991198000,,4.685,-263271000.0,7902000,7902000,40257000.0,7015000.0,,1.841,1109709000,,,1109709000,0,51337000.0,0,0.004,0.019,23335000.0,74672000.0,0.51,74672000.0,23335000.0,10977000.0,0.03,0.03,0.03,1122737000,,1122737000,5194235373,,,-130947000.0,-0.546,1.0,106131000.0,0.725,0,12358000.0,4291638000,,30731000,0,0,0,2067094000,,,4092428373,-1005000.0,0.0,2563000.0,139409000.0,-4495000.0,129942000.0,-263271000.0,0.0,132324000.0,0.0,7015000.0,7015000.0,7015000.0,0.0,0.0,0.048,83409000.0,22722000.0,249951000,0.633,3.645,,,2966713000,0.0,17.047,,,156397000,831307000,146388000.0,146388000.0,0.0,,,,,294000.0,21243000.0,1.0,240060324,239668000,479336000.0,0.611,3189831000,0,3962000.0,570863000,13.309,
87,APC,ARQ,1997-12-31,1998-03-18,1997-12-31,2019-07-30,0,2992465000,,218994000,2773471000,,4.675,,8907000,8907000,,,,1.68,977835000,,,977835000,0,,0,0.005,0.019,,,,,,,,,,1116780000,,1116780000,4694108627,23.0,11.615,,,1.0,,,0,,3961393000,,28564000,0,0,0,1875685000,,,3725180627,,,,,,,,,,,,,,,,,,,202822000,,3.336,34.712,34.55,2754779000,,15.547,5.534,5.517,177157000,828787000,,,,,,,,,,1.0,239599976,238868000,,,2992465000,0,,560591000,12.528,
0,APC,ART,2019-06-30,2019-07-30,2019-06-30,2019-07-30,-379000000,41129000000,41160750000.0,3471000000,37658000000,0.333,15.831,-5533000000.0,1394000000,1394000000,3206000000.0,-288000000.0,0.915,4.091,18229000000,31000000.0,18198000000.0,18229000000,0,4503000000.0,0,0.016,1.15,1266000000.0,5769000000.0,0.421,5769000000.0,1266000000.0,282000000.0,-1.19,-1.19,-1.19,7773000000,8474500000.0,7773000000,54036651661,43.0,9.367,-354000000.0,-0.721,1.0,10500000000.0,0.766,5614000000,984000000.0,48558000000,46372000000.0,0,0,0,0,31798000000,3792000000.0,28006000000.0,37201651661,-901000000.0,0.0,-745000000.0,1798000000.0,-573000000.0,-371000000.0,-5711000000.0,0.0,5179000000.0,2000000.0,-575000000.0,-575000000.0,-575000000.0,0.0,287000000.0,-0.042,8632000000.0,1868000000.0,1729000000,-0.966,4.786,-64.699,-62.218,29091000000,0.0,74.04,2.714,2.652,1779000000,-149000000,13706000000.0,13706000000.0,336000000.0,-0.014,-0.068,0.027,0.092,0.0,1153000000.0,1.0,502453426,491000000,491000000.0,27.914,35515000000,0,857000000.0,2555000000,72.332,-321000000.0
1,APC,ART,2019-03-31,2019-05-08,2019-03-31,2019-07-30,-329000000,41993000000,41148750000.0,4429000000,37564000000,0.329,18.22,-5972000000.0,2026000000,2026000000,3136000000.0,674000000.0,0.77,3.524,17924000000,2021000000.0,15903000000.0,17924000000,0,4345000000.0,0,0.015,1.1,2224000000.0,6569000000.0,0.485,6569000000.0,2224000000.0,1252000000.0,0.95,0.95,0.95,8928000000,8756750000.0,8928000000,53988731334,24.0,8.219,-344000000.0,-0.702,1.0,10419000000.0,0.769,5622000000,972000000.0,46520000000,45227500000.0,0,0,0,0,31460000000,5749000000.0,25711000000.0,38090731334,-1324000000.0,0.0,-783000000.0,1500000000.0,-551000000.0,-541000000.0,-6397000000.0,0.0,5628000000.0,-14000000.0,479000000.0,479000000.0,479000000.0,0.0,195000000.0,0.035,7517000000.0,2902000000.0,1946000000,1.158,4.266,79.521,79.853,28936000000,0.0,75.86,2.81,2.742,2065000000,1024000000,13555000000.0,13555000000.0,340000000.0,0.012,0.055,0.049,0.164,0.0,1073000000.0,1.0,502118789,490000000,490000000.0,27.663,36371000000,0,773000000.0,2624000000,74.227,-1320000000.0
2,APC,ART,2018-12-31,2019-02-14,2018-12-31,2019-07-30,-335000000,40376000000,40919500000.0,3795000000,36581000000,0.327,16.857,-5766000000.0,1295000000,1295000000,3078000000.0,752000000.0,0.815,3.464,16417000000,947000000.0,15470000000.0,16417000000,0,4254000000.0,0,0.024,1.05,2295000000.0,6549000000.0,0.489,6549000000.0,2295000000.0,1348000000.0,1.2,1.2,1.2,8496000000,8710000000.0,8496000000,37003428450,16.0,5.65,163000000.0,0.323,1.0,10304000000.0,0.77,5630000000,947000000.0,45210000000,44530250000.0,0,0,0,0,29433000000,4658000000.0,24775000000.0,21881428450,-3245000000.0,0.0,-2725000000.0,615000000.0,-528000000.0,-3177000000.0,-5982000000.0,0.0,5929000000.0,-15000000.0,615000000.0,615000000.0,615000000.0,0.0,137000000.0,0.046,7685000000.0,2619000000.0,2003000000,0.875,2.575,35.58,36.5,28615000000,0.0,43.8,1.635,1.65,2026000000,1245000000,13382000000.0,13382000000.0,459000000.0,0.015,0.071,0.052,0.171,0.0,1084000000.0,1.0,499575992,504000000,504000000.0,26.552,34746000000,0,733000000.0,2437000000,68.94,-863000000.0
3,APC,ART,2018-09-30,2018-10-30,2018-09-30,2019-07-30,-383000000,41145000000,41347000000.0,4471000000,36674000000,0.313,17.437,-5463000000.0,1883000000,1883000000,3143000000.0,1657000000.0,0.874,3.437,16693000000,938000000.0,15755000000.0,16693000000,0,4167000000.0,0,0.014,0.8,1842000000.0,6009000000.0,0.464,6009000000.0,1842000000.0,885000000.0,2.75,2.75,2.75,8701000000,9260000000.0,8701000000,43276656918,23.0,7.202,229000000.0,0.459,1.0,9819000000.0,0.758,5638000000,957000000.0,45200000000,44141250000.0,0,0,0,0,29908000000,5117000000.0,24791000000.0,28466656918,-3379000000.0,25000000.0,-3525000000.0,1061000000.0,-407000000.0,-3392000000.0,-5661000000.0,0.0,5692000000.0,-18000000.0,1489000000.0,1489000000.0,1489000000.0,0.0,168000000.0,0.115,7132000000.0,2687000000.0,2144000000,0.291,3.272,19.118,20.527,28744000000,0.0,56.45,2.196,2.173,2191000000,1291000000,12962000000.0,12962000000.0,550000000.0,0.036,0.161,0.042,0.142,0.0,1049000000.0,1.0,504280902,499000000,500000000.0,25.976,35507000000,0,-604000000.0,2455000000,71.156,-646000000.0
4,APC,ART,2018-06-30,2018-07-31,2018-06-30,2019-07-30,-410000000,41081000000,41842750000.0,4632000000,36449000000,0.281,17.663,-5080000000.0,2321000000,2321000000,3240000000.0,589000000.0,0.854,3.324,16293000000,938000000.0,15355000000.0,16293000000,0,4120000000.0,0,0.008,0.6,89000000.0,4209000000.0,0.358,4209000000.0,89000000.0,-858000000.0,0.76,0.76,0.76,8902000000,9780250000.0,8902000000,51430290859,578.0,12.219,-396000000.0,-0.786,1.0,8521000000.0,0.725,5646000000,947000000.0,43980000000,43865250000.0,0,0,0,0,29586000000,5427000000.0,24159000000.0,37458290859,-3697000000.0,25000000.0,-3022000000.0,775000000.0,-309000000.0,-3067000000.0,-5300000000.0,0.0,4684000000.0,-14000000.0,427000000.0,427000000.0,427000000.0,0.0,162000000.0,0.036,7588000000.0,933000000.0,2246000000,0.789,4.208,87.724,96.25,28502000000,0.0,73.15,3.185,3.135,1909000000,1054000000,11761000000.0,11761000000.0,1183000000.0,0.01,0.044,0.002,0.008,0.0,1081000000.0,1.0,512075063,504000000,505000000.0,23.335,35435000000,0,-1285000000.0,2317000000,70.308,-795000000.0
5,APC,ART,2018-03-31,2018-05-01,2018-03-31,2019-07-30,-410000000,41076000000,42659500000.0,5530000000,35546000000,0.262,16.875,-3856000000.0,3361000000,3361000000,3325000000.0,238000000.0,1.168,3.354,16404000000,761000000.0,15643000000.0,16404000000,0,4154000000.0,0,0.006,0.4,-528000000.0,3626000000.0,0.324,3626000000.0,-528000000.0,-1465000000.0,-0.05,-0.05,-0.05,8741000000,10422750000.0,8741000000,47306670523,-90.0,13.047,460000000.0,0.888,1.0,7861000000.0,0.703,5654000000,937000000.0,43731000000,44108250000.0,0,0,0,0,29320000000,4734000000.0,24586000000.0,34263670523,-2468000000.0,25000000.0,-3030000000.0,918000000.0,-210000000.0,-2922000000.0,-3863000000.0,0.0,4316000000.0,1000000.0,-17000000.0,-17000000.0,-17000000.0,0.0,255000000.0,-0.002,7872000000.0,-11000000.0,2059000000,-8.0,3.92,-2015.51,-1330.4,27758000000,0.0,66.52,3.063,3.08,1795000000,1152000000,11186000000.0,11186000000.0,1624000000.0,0.0,-0.002,-0.012,-0.047,0.0,1084000000.0,1.0,515088252,518000000,519000000.0,21.595,35422000000,0,-1448000000.0,2267000000,68.382,796000000.0
6,APC,ART,2017-12-31,2018-02-15,2017-12-31,2019-07-30,-338000000,42086000000,43563750000.0,6762000000,35324000000,0.273,19.518,-1023000000.0,4553000000,4553000000,3474000000.0,-211000000.0,1.731,2.645,15689000000,142000000.0,15547000000.0,15689000000,0,4279000000.0,0,0.003,0.2,-1001000000.0,3278000000.0,0.275,3278000000.0,-1001000000.0,-1933000000.0,-0.85,-0.85,-0.85,10696000000,11201500000.0,10696000000,42882886506,-43.0,13.082,2986000000.0,5.449,1.0,8434000000.0,0.708,5662000000,932000000.0,43654000000,44347250000.0,0,0,0,0,28296000000,3906000000.0,24390000000.0,31746886506,1369000000.0,25000000.0,-1092000000.0,268000000.0,-111000000.0,-1613000000.0,-1028000000.0,0.0,4009000000.0,1000000.0,-456000000.0,-456000000.0,-456000000.0,0.0,245000000.0,-0.038,9106000000.0,-672000000.0,1894000000,-0.235,2.968,-69.62,-70.141,27451000000,0.0,59.62,2.666,2.744,1829000000,1109000000,11908000000.0,11908000000.0,2541000000.0,-0.01,-0.041,-0.023,-0.084,0.0,1075000000.0,1.0,532487194,548000000,548000000.0,21.73,36424000000,0,-1477000000.0,2234000000,66.467,2856000000.0
7,APC,ART,2017-09-30,2017-10-31,2017-09-30,2019-07-30,-337000000,43128000000,44433250000.0,7473000000,35655000000,0.256,19.497,130000000.0,5251000000,5251000000,3344000000.0,-1702000000.0,2.029,2.709,15573000000,149000000.0,15424000000.0,15573000000,0,4334000000.0,0,0.004,0.2,-1464000000.0,2870000000.0,0.253,2870000000.0,-1464000000.0,-2377000000.0,-3.51,-3.51,-3.51,10782000000,11580500000.0,10782000000,37335168589,-26.0,13.009,3872000000.0,7.002,1.0,8022000000.0,0.706,5671000000,913000000.0,44096000000,45551500000.0,0,0,0,0,29206000000,3683000000.0,25523000000.0,27013168589,1271000000.0,-1740000000.0,-43000000.0,-435000000.0,-111000000.0,-940000000.0,-1532000000.0,0.0,3742000000.0,1000000.0,-1947000000.0,-1947000000.0,-1947000000.0,0.0,245000000.0,-0.171,9642000000.0,-1620000000.0,1770000000,-0.057,2.505,-13.874,-14.066,27832000000,0.0,49.37,2.377,2.402,1882000000,160000000,11366000000.0,11366000000.0,2811000000.0,-0.044,-0.168,-0.032,-0.129,0.0,1164000000.0,1.0,547157557,553000000,553000000.0,20.553,37457000000,0,-430000000.0,3378000000,67.734,3790000000.0
8,APC,ART,2017-06-30,2017-07-24,2017-06-30,2019-07-30,-343000000,44348000000,45005500000.0,7984000000,36364000000,0.239,20.783,994000000.0,6008000000,6008000000,3214000000.0,-1808000000.0,2.531,2.588,15480000000,44000000.0,15436000000.0,15480000000,0,4320000000.0,0,0.005,0.2,-1440000000.0,2880000000.0,0.268,2880000000.0,-1440000000.0,-2343000000.0,-3.85,-3.85,-3.85,11472000000,12035000000.0,11472000000,34245433767,-24.0,11.891,4882000000.0,8.844,1.0,7549000000.0,0.701,5714000000,903000000.0,44952000000,46366500000.0,0,0,0,0,29692000000,3154000000.0,26538000000.0,24773433767,4614000000.0,-1740000000.0,2114000000.0,-488000000.0,-110000000.0,1307000000.0,-581000000.0,0.0,3888000000.0,0.0,-2078000000.0,-2078000000.0,-2078000000.0,0.0,270000000.0,-0.193,9187000000.0,-1638000000.0,1626000000,-0.052,2.159,-11.922,-11.483,28516000000,0.0,44.21,2.302,2.267,1654000000,887000000,10763000000.0,10763000000.0,2364000000.0,-0.046,-0.173,-0.031,-0.134,0.0,1246000000.0,1.0,560358149,552000000,552000000.0,19.498,38634000000,0,-265000000.0,4232000000,69.989,4830000000.0
9,APC,ART,2017-03-31,2017-05-02,2017-03-31,2019-07-30,-391000000,44693000000,44926750000.0,7707000000,36986000000,0.222,21.517,1495000000.0,5831000000,5831000000,3093000000.0,-2085000000.0,2.049,2.498,15326000000,42000000.0,15284000000.0,15326000000,0,4267000000.0,0,0.004,0.2,-2003000000.0,2264000000.0,0.227,2264000000.0,-2003000000.0,-2896000000.0,-4.45,-4.45,-4.45,11856000000,11987250000.0,11856000000,41030886799,-20.0,18.123,5755000000.0,10.445,1.0,6869000000.0,0.69,5739000000,893000000.0,44687000000,47336250000.0,0,0,0,0,29614000000,3762000000.0,25852000000.0,31535886799,2884000000.0,-1740000000.0,2129000000.0,-3799000000.0,-108000000.0,-1309000000.0,-67000000.0,0.0,4260000000.0,0.0,-2355000000.0,-2355000000.0,-2355000000.0,0.0,270000000.0,-0.236,8714000000.0,-1845000000.0,1637000000,-0.045,2.66,-13.391,-12.647,29065000000,0.0,56.28,3.166,3.113,1577000000,1330000000,9962000000.0,9962000000.0,1905000000.0,-0.052,-0.196,-0.042,-0.201,0.0,1260000000.0,1.0,560339140,551000000,551000000.0,18.08,38954000000,0,-541000000.0,3664000000,70.697,3945000000.0
10,APC,ART,2016-12-31,2017-02-17,2016-12-31,2019-07-30,-391000000,45564000000,45734000000.0,5266000000,40298000000,0.172,23.395,-1149000000.0,3184000000,3184000000,2900000000.0,-2808000000.0,1.582,2.462,15323000000,42000000.0,15281000000.0,15323000000,0,4301000000.0,0,0.003,0.2,-3202000000.0,1099000000.0,0.14,1099000000.0,-3202000000.0,-4092000000.0,-5.9,-5.9,-5.9,12212000000,11944750000.0,12212000000,49462064620,-15.0,45.006,1851000000.0,3.546,1.0,4969000000.0,0.631,5904000000,890000000.0,48471000000,48850500000.0,0,0,0,0,30067000000,3328000000.0,26739000000.0,37323064620,2245000000.0,-1740000000.0,2150000000.0,-893000000.0,-105000000.0,2008000000.0,-2762000000.0,0.0,3000000000.0,-1000000.0,-3071000000.0,-3071000000.0,-3071000000.0,0.0,263000000.0,-0.39,7568000000.0,-2599000000.0,2288000000,-0.034,3.056,-12.153,-11.317,32168000000,0.0,66.77,4.743,4.429,1728000000,1704000000,7869000000.0,7869000000.0,946000000.0,-0.067,-0.257,-0.066,-0.407,0.0,1440000000.0,1.0,558979551,522000000,522000000.0,15.075,39660000000,0,-1021000000.0,4563000000,75.977,1938000000.0
11,APC,ART,2016-09-30,2016-10-31,2016-09-30,2019-07-30,-518000000,45417000000,45946500000.0,5918000000,39499000000,0.164,24.371,-2376000000.0,3980000000,3980000000,2792000000.0,-3880000000.0,1.573,2.342,15878000000,788000000.0,15090000000.0,15878000000,0,4224000000.0,0,0.007,0.42,-4542000000.0,-318000000.0,-0.042,-318000000.0,-4542000000.0,-5408000000.0,-7.45,-7.45,-7.45,12600000000,12096500000.0,12600000000,45119069318,-10.0,-141.884,-242000000.0,-0.468,1.0,4743000000.0,0.629,6197000000,866000000.0,47356000000,49411250000.0,0,0,0,0,29505000000,3762000000.0,25743000000.0,33221069318,1908000000.0,-3000000.0,2152000000.0,-416000000.0,-216000000.0,2107000000.0,-2331000000.0,0.0,2134000000.0,-2000000.0,-3806000000.0,-3806000000.0,-3806000000.0,0.0,-74000000.0,-0.505,8874000000.0,-4131000000.0,1983000000,-0.056,2.637,-8.729,-7.979,31099000000,0.0,59.44,4.409,4.078,1591000000,2246000000,7535000000.0,7535000000.0,890000000.0,-0.083,-0.315,-0.092,-0.603,0.0,1359000000.0,1.0,558900897,517000000,517000000.0,14.574,39220000000,0,-1602000000.0,4656000000,75.861,2156000000.0
12,APC,ART,2016-06-30,2016-07-26,2016-06-30,2019-07-30,-487000000,44033000000,46887750000.0,3212000000,40821000000,0.156,22.12,-2830000000.0,1394000000,1394000000,2869000000.0,-5293000000.0,0.99,2.609,15673000000,32000000.0,15641000000.0,15673000000,0,4266000000.0,0,0.012,0.64,-6625000000.0,-2359000000.0,-0.322,-2359000000.0,-6625000000.0,-7470000000.0,-10.25,-10.25,-10.25,11281000000,12466250000.0,11281000000,42221441853,-6.0,-17.898,-354000000.0,-0.694,1.0,4461000000.0,0.609,6237000000,845000000.0,48831000000,50635750000.0,0,0,0,0,29433000000,3244000000.0,26189000000.0,27942441853,-779000000.0,0.0,-4000000.0,-554000000.0,-327000000.0,-300000000.0,-2951000000.0,0.0,2476000000.0,-4000000.0,-5211000000.0,-5211000000.0,-5211000000.0,0.0,-82000000.0,-0.711,10348000000.0,-5887000000.0,2200000000,-0.062,2.477,-5.362,-5.34,32345000000,0.0,54.74,3.812,3.809,1500000000,3103000000,7330000000.0,7330000000.0,1660000000.0,-0.111,-0.418,-0.131,-0.904,0.0,1342000000.0,1.0,510457469,510000000,510000000.0,14.373,37796000000,0,-2259000000.0,4968000000,74.11,-32000000.0
13,APC,ART,2016-03-31,2016-05-02,2016-03-31,2019-07-30,-491000000,47922000000,48910500000.0,5767000000,42155000000,0.165,22.959,-3704000000.0,2947000000,2947000000,2939000000.0,-4574000000.0,0.866,2.843,18751000000,3025000000.0,15726000000.0,18751000000,0,4496000000.0,0,0.017,0.86,-5497000000.0,-1001000000.0,-0.124,-1001000000.0,-5497000000.0,-6326000000.0,-8.77,-8.77,-8.77,11686000000,13743250000.0,11686000000,42320663325,-8.0,-42.278,-1214000000.0,-2.385,1.0,5112000000.0,0.635,6325000000,829000000.0,50744000000,52158000000.0,0,0,0,0,33221000000,6657000000.0,26564000000.0,26516663325,639000000.0,-3000000.0,3000000.0,1786000000.0,-439000000.0,1970000000.0,-3819000000.0,0.0,2490000000.0,-2000000.0,-4458000000.0,-4458000000.0,-4458000000.0,0.0,-116000000.0,-0.554,10577000000.0,-5465000000.0,2505000000,-0.098,2.269,-5.948,-5.924,33526000000,0.0,51.95,3.294,3.284,2392000000,3821000000,8051000000.0,8051000000.0,1687000000.0,-0.091,-0.324,-0.105,-0.683,0.0,1315000000.0,1.0,510426628,509000000,509000000.0,15.817,41597000000,0,-1868000000.0,5279000000,81.723,-890000000.0
14,APC,ART,2015-12-31,2016-02-17,2015-12-31,2019-07-30,-383000000,46414000000,50173250000.0,3982000000,42432000000,0.173,25.234,-4652000000.0,939000000,939000000,3185000000.0,-6812000000.0,0.952,2.415,15751000000,33000000.0,15718000000.0,15751000000,0,4603000000.0,0,0.027,1.08,-8744000000.0,-4141000000.0,-0.476,-4141000000.0,-8744000000.0,-9569000000.0,-13.18,-13.18,-13.18,12819000000,14904750000.0,12819000000,35403765204,-4.0,-8.55,-6529000000.0,-12.852,1.0,5513000000.0,0.634,6331000000,825000000.0,50714000000,53412500000.0,0,0,0,0,30957000000,4181000000.0,26776000000.0,20591765204,-6430000000.0,-3000000.0,-21000000.0,576000000.0,-553000000.0,220000000.0,-4771000000.0,0.0,-1877000000.0,-2000000.0,-6692000000.0,-6692000000.0,-6692000000.0,0.0,-120000000.0,-0.769,14322000000.0,-8809000000.0,2850000000,-0.082,1.606,-3.077,-3.073,33751000000,0.0,40.5,2.367,2.365,2469000000,4880000000,8698000000.0,8698000000.0,2644000000.0,-0.133,-0.449,-0.164,-1.005,0.0,1176000000.0,1.0,508438647,508000000,508000000.0,17.122,40083000000,0,-2877000000.0,5718000000,78.904,-199000000.0
15,APC,ART,2015-09-30,2015-10-27,2015-09-30,2019-07-30,-487000000,49182000000,53992000000.0,5187000000,43995000000,0.182,27.715,-5634000000.0,2072000000,2072000000,3387000000.0,-5638000000.0,1.169,2.282,15925000000,33000000.0,15892000000.0,15925000000,0,4796000000.0,0,0.017,1.08,-7356000000.0,-2560000000.0,-0.261,-2560000000.0,-7356000000.0,-8171000000.0,-11.52,-11.52,-11.52,14079000000,16631250000.0,14079000000,47029640213,-6.0,-18.371,-5816000000.0,-11.449,1.0,6435000000.0,0.655,6343000000,815000000.0,52254000000,53886250000.0,0,0,0,0,32130000000,4438000000.0,27692000000.0,33176640213,-6263000000.0,-1523000000.0,-22000000.0,950000000.0,-552000000.0,1192000000.0,-7273000000.0,0.0,-182000000.0,0.0,-5837000000.0,-5837000000.0,-5837000000.0,0.0,199000000.0,-0.594,13581000000.0,-7146000000.0,3074000000,-0.094,2.356,-5.684,-5.668,35381000000,0.0,65.29,3.378,3.377,2469000000,6268000000,9822000000.0,9822000000.0,2899000000.0,-0.108,-0.351,-0.137,-0.749,0.0,1265000000.0,1.0,508142751,508000000,508000000.0,19.335,42839000000,0,-2334000000.0,6090000000,84.329,749000000.0
16,APC,ART,2015-06-30,2015-07-28,2015-06-30,2019-07-30,-496000000,52124000000,56862750000.0,5410000000,46714000000,0.231,32.262,-5527000000.0,2173000000,2173000000,3431000000.0,-2331000000.0,1.159,1.999,16058000000,33000000.0,16025000000.0,16058000000,0,4848000000.0,0,0.015,1.08,-2485000000.0,2363000000.0,0.18,2363000000.0,-2485000000.0,-3305000000.0,-4.98,-4.99,-4.98,16389000000,18280750000.0,16389000000,50893687896,-20.0,21.538,-4513000000.0,-8.884,1.0,9713000000.0,0.739,6420000000,820000000.0,54920000000,53466250000.0,0,0,0,0,32765000000,4669000000.0,28096000000.0,37008687896,-3192000000.0,-1526000000.0,20000000.0,2337000000.0,-552000000.0,2948000000.0,-7157000000.0,0.0,1014000000.0,3000000.0,-2515000000.0,-2515000000.0,-2515000000.0,0.0,184000000.0,-0.191,12612000000.0,-2899000000.0,3034000000,-0.217,2.258,-14.715,-14.629,37820000000,0.0,72.85,2.816,2.816,2602000000,8641000000,13144000000.0,13144000000.0,2024000000.0,-0.044,-0.138,-0.046,-0.189,0.0,1301000000.0,1.0,508012188,508000000,509000000.0,25.874,45704000000,0,-790000000.0,7594000000,89.969,741000000.0
17,APC,ART,2015-03-31,2015-05-04,2015-03-31,2019-07-30,-507000000,52973000000,58435250000.0,5165000000,47808000000,0.256,32.213,-7231000000.0,2308000000,2308000000,3465000000.0,-2173000000.0,0.988,2.084,16865000000,500000000.0,16365000000.0,16865000000,0,4682000000.0,0,0.012,1.08,-1983000000.0,2699000000.0,0.181,2699000000.0,-1983000000.0,-2788000000.0,-4.65,-4.66,-4.65,16332000000,19016250000.0,16332000000,62165821972,-31.0,23.033,-4998000000.0,-9.858,1.0,11482000000.0,0.768,6540000000,805000000.0,55762000000,52263250000.0,0,0,0,0,34039000000,5228000000.0,28811000000.0,47608821972,-3616000000.0,-1523000000.0,74000000.0,3145000000.0,-552000000.0,3106000000.0,-8979000000.0,0.0,2233000000.0,24000000.0,-2349000000.0,-2349000000.0,-2349000000.0,0.0,176000000.0,-0.157,13262000000.0,-1780000000.0,3252000000,-0.232,2.915,-20.268,-20.157,38270000000,0.0,93.73,3.185,3.179,2174000000,8718000000,14947000000.0,14947000000.0,2423000000.0,-0.04,-0.124,-0.038,-0.133,0.0,1328000000.0,1.0,507935794,507000000,507000000.0,29.481,46433000000,0,-439000000.0,7521000000,91.584,-63000000.0
18,APC,ART,2014-12-31,2015-02-20,2014-12-31,2019-07-30,-517000000,61689000000,59717750000.0,11221000000,50468000000,0.309,38.982,-4540000000.0,7369000000,7369000000,3385000000.0,-1563000000.0,1.096,1.996,15092000000,0.0,15092000000.0,15092000000,0,4550000000.0,0,0.012,0.99,639000000.0,5189000000.0,0.281,5189000000.0,639000000.0,-133000000.0,-3.47,-3.47,-3.47,19725000000,19713250000.0,19725000000,51016266853,80.0,9.832,3926000000.0,7.759,1.0,15085000000.0,0.817,6569000000,772000000.0,52609000000,50628250000.0,0,0,0,0,39371000000,10234000000.0,29137000000.0,43293266853,3671000000.0,-1527000000.0,76000000.0,1516000000.0,-505000000.0,1675000000.0,-6472000000.0,0.0,8466000000.0,2000000.0,-1750000000.0,-1750000000.0,-1750000000.0,0.0,187000000.0,-0.095,9682000000.0,5403000000.0,3683000000,-0.285,2.195,-24.739,-24.625,41589000000,0.0,85.45,2.344,2.341,2527000000,12125000000,18470000000.0,18470000000.0,1639000000.0,-0.029,-0.089,0.013,0.035,0.0,1316000000.0,1.0,506650285,506000000,506000000.0,36.502,55120000000,0,1617000000.0,9249000000,108.933,987000000.0
19,APC,ART,2014-09-30,2014-10-28,2014-09-30,2019-07-30,-267000000,60665000000,58240750000.0,11739000000,48926000000,0.32,40.864,-4797000000.0,8335000000,8335000000,3314000000.0,-1938000000.0,1.069,1.843,14728000000,0.0,14728000000.0,14728000000,0,4304000000.0,0,0.01,0.9,242000000.0,4546000000.0,0.244,4546000000.0,242000000.0,-504000000.0,-4.25,-4.25,-4.25,20677000000,20246250000.0,20677000000,52150793821,215.0,11.472,3821000000.0,7.551,1.0,15317000000.0,0.822,5501000000,746000000.0,50574000000,51046750000.0,0,0,0,0,38102000000,10983000000.0,27119000000.0,45757793821,4396000000.0,-4000000.0,80000000.0,1073000000.0,-460000000.0,1009000000.0,-5210000000.0,0.0,8618000000.0,-21000000.0,-2125000000.0,-2125000000.0,-2125000000.0,0.0,187000000.0,-0.114,9220000000.0,6097000000.0,3653000000,-0.212,2.213,-21.533,-21.259,41104000000,0.0,90.35,2.456,2.454,2712000000,12633000000,18631000000.0,18631000000.0,1615000000.0,-0.036,-0.105,0.005,0.013,0.0,1287000000.0,1.0,506450402,506000000,508000000.0,36.82,55164000000,0,1621000000.0,7512000000,109.02,756000000.0
20,APC,ART,2014-06-30,2014-07-29,2014-06-30,2019-07-30,-273000000,58414000000,56898000000.0,8980000000,49434000000,0.307,38.279,-5855000000.0,5365000000,5365000000,3197000000.0,-2862000000.0,0.835,1.927,13414000000,0.0,13414000000.0,13414000000,0,4137000000.0,0,0.007,0.81,-1077000000.0,3060000000.0,0.175,3060000000.0,-1077000000.0,-1796000000.0,-6.02,-6.01,-6.02,19331000000,20662500000.0,19331000000,63315331827,-59.0,20.691,2219000000.0,4.394,1.0,14277000000.0,0.817,5595000000,719000000.0,50108000000,52053500000.0,0,0,0,0,37242000000,10760000000.0,26482000000.0,55266331827,784000000.0,-342000000.0,65000000.0,-160000000.0,-412000000.0,-517000000.0,-6727000000.0,0.0,8074000000.0,-46000000.0,-3030000000.0,-3030000000.0,-3030000000.0,0.0,168000000.0,-0.173,9189000000.0,5088000000.0,3979000000,-0.135,2.859,-18.24,-18.145,41487000000,0.0,109.23,3.163,3.157,3079000000,11684000000,17474000000.0,17474000000.0,1688000000.0,-0.053,-0.147,-0.021,-0.062,0.0,1161000000.0,1.0,505962939,505000000,507000000.0,34.602,52819000000,0,1234000000.0,9186000000,104.592,-1780000000.0
21,APC,ART,2014-03-31,2014-05-05,2014-03-31,2019-07-30,-279000000,58103000000,56119500000.0,9664000000,48439000000,0.295,37.937,-5049000000.0,5924000000,5924000000,3113000000.0,-2169000000.0,0.884,1.945,13569000000,0.0,13569000000.0,13569000000,0,4029000000.0,0,0.006,0.63,-250000000.0,3779000000.0,0.229,3779000000.0,-250000000.0,-955000000.0,-4.63,-4.63,-4.63,19120000000,21377000000.0,19120000000,57892832807,-232.0,15.32,3065000000.0,6.081,1.0,13419000000.0,0.812,5597000000,705000000.0,49222000000,52918250000.0,0,0,0,0,37186000000,10929000000.0,26257000000.0,50247832807,2189000000.0,-342000000.0,79000000.0,-65000000.0,-320000000.0,178000000.0,-6017000000.0,0.0,8114000000.0,-86000000.0,-2328000000.0,-2328000000.0,-2328000000.0,0.0,159000000.0,-0.141,8400000000.0,5019000000.0,3940000000,-0.136,2.628,-21.584,-21.488,40564000000,0.0,99.49,3.039,3.033,3049000000,11595000000,16532000000.0,16532000000.0,1364000000.0,-0.041,-0.109,-0.005,-0.015,0.0,1116000000.0,1.0,505054104,504000000,504000000.0,32.802,52506000000,0,1373000000.0,9343000000,104.179,-1265000000.0
22,APC,ART,2013-12-31,2014-02-28,2013-12-31,2019-07-30,-285000000,55781000000,54990750000.0,7108000000,48673000000,0.265,43.54,-7154000000.0,3698000000,3698000000,2983000000.0,941000000.0,1.246,1.47,13565000000,500000000.0,13065000000.0,13565000000,0,3927000000.0,0,0.006,0.54,2652000000.0,6579000000.0,0.451,6579000000.0,2652000000.0,1966000000.0,1.58,1.58,1.58,21857000000,21869500000.0,21857000000,52264055800,20.0,7.944,1734000000.0,3.454,1.0,11598000000.0,0.795,5662000000,686000000.0,54283000000,54054250000.0,0,0,0,0,32131000000,5703000000.0,26428000000.0,42397055800,1227000000.0,-473000000.0,92000000.0,235000000.0,-274000000.0,623000000.0,-8216000000.0,0.0,8888000000.0,-68000000.0,801000000.0,801000000.0,801000000.0,0.0,140000000.0,0.055,8265000000.0,3333000000.0,3530000000,0.342,1.94,52.93,53.266,40929000000,0.0,84.16,2.908,2.897,2722000000,14356000000,14581000000.0,14581000000.0,1329000000.0,0.015,0.037,0.049,0.182,0.0,1090000000.0,1.0,503767298,502000000,505000000.0,29.046,50119000000,0,1165000000.0,9245000000,99.839,1405000000.0
23,APC,ART,2013-09-30,2013-11-04,2013-09-30,2019-07-30,-578000000,55294000000,54192750000.0,7140000000,48154000000,0.27,44.417,-6453000000.0,3939000000,3939000000,2870000000.0,1856000000.0,1.507,1.405,13647000000,0.0,13647000000.0,13647000000,0,3986000000.0,0,0.005,0.45,4087000000.0,8073000000.0,0.551,8073000000.0,4087000000.0,3393000000.0,3.52,3.5,3.52,22342000000,21562500000.0,22342000000,57986397362,14.0,7.183,2551000000.0,5.072,1.0,11783000000.0,0.804,5663000000,694000000.0,54601000000,53911750000.0,0,0,0,0,31393000000,4738000000.0,26655000000.0,48278397362,1407000000.0,-473000000.0,117000000.0,-471000000.0,-227000000.0,29000000.0,-7574000000.0,0.0,9004000000.0,-52000000.0,1774000000.0,1774000000.0,1774000000.0,0.0,82000000.0,0.121,8177000000.0,3606000000.0,3070000000,0.128,2.161,27.214,27.253,40485000000,0.0,95.93,3.295,3.293,2465000000,15218000000,14653000000.0,14653000000.0,998000000.0,0.033,0.082,0.076,0.279,0.0,1217000000.0,1.0,503266938,503000000,505000000.0,29.131,49631000000,0,1619000000.0,9372000000,98.67,2402000000.0
24,APC,ART,2013-06-30,2013-07-29,2013-06-30,2019-07-30,-599000000,55300000000,53548750000.0,7899000000,47401000000,0.264,44.201,-6403000000.0,4581000000,4581000000,2794000000.0,1775000000.0,1.576,1.424,13538000000,0.0,13538000000.0,13538000000,0,3969000000.0,0,0.004,0.36,4042000000.0,8011000000.0,0.567,8011000000.0,4042000000.0,3340000000.0,3.4,3.38,3.4,22189000000,21075250000.0,22189000000,53521861103,13.0,6.681,3051000000.0,6.078,1.0,11338000000.0,0.802,5677000000,702000000.0,53567000000,53698750000.0,0,0,0,0,31591000000,5013000000.0,26578000000.0,44564861103,1787000000.0,-135000000.0,116000000.0,-1188000000.0,-182000000.0,-580000000.0,-7051000000.0,0.0,9454000000.0,-36000000.0,1713000000.0,1713000000.0,1713000000.0,0.0,62000000.0,0.121,7605000000.0,3733000000.0,3286000000,0.106,2.008,26.016,26.074,39831000000,0.0,88.65,3.153,3.149,2556000000,15126000000,14132000000.0,14132000000.0,1023000000.0,0.032,0.081,0.075,0.286,0.0,1247000000.0,1.0,502705709,502000000,504000000.0,28.151,49623000000,0,1627000000.0,9378000000,98.851,2886000000.0
25,APC,ART,2013-03-31,2013-05-06,2013-03-31,2019-07-30,-619000000,53588000000,53056750000.0,7310000000,46278000000,0.261,42.096,-6278000000.0,3735000000,3735000000,2724000000.0,746000000.0,1.795,1.482,13663000000,0.0,13663000000.0,13663000000,0,4056000000.0,0,0.004,0.36,2639000000.0,6695000000.0,0.483,6695000000.0,2639000000.0,1919000000.0,1.38,1.37,1.38,21090000000,20587000000.0,21090000000,53867112101,20.0,8.046,2673000000.0,5.335,1.0,11133000000.0,0.803,5678000000,720000000.0,53766000000,53739500000.0,0,0,0,0,31258000000,4072000000.0,27186000000.0,43939112101,778000000.0,-135000000.0,44000000.0,-1765000000.0,-182000000.0,-1353000000.0,-6788000000.0,0.0,8951000000.0,-32000000.0,695000000.0,695000000.0,695000000.0,0.0,51000000.0,0.05,8819000000.0,2314000000.0,2909000000,0.261,2.083,63.222,63.493,38970000000,0.0,87.62,3.171,3.168,2760000000,14243000000,13857000000.0,13857000000.0,1966000000.0,0.013,0.034,0.049,0.19,0.0,1249000000.0,1.0,501473546,501000000,503000000.0,27.659,47910000000,0,1224000000.0,8964000000,95.629,3238000000.0
26,APC,ART,2012-12-31,2013-02-19,2012-12-31,2019-07-30,-640000000,52589000000,53290000000.0,6795000000,45794000000,0.252,41.258,-6585000000.0,2471000000,2471000000,2694000000.0,2445000000.0,1.701,1.489,13269000000,0.0,13269000000.0,13269000000,0,3964000000.0,0,0.004,0.36,4253000000.0,8217000000.0,0.613,8217000000.0,4253000000.0,3511000000.0,4.76,4.74,4.76,20629000000,20384250000.0,20629000000,52910614720,12.0,6.439,1754000000.0,3.508,1.0,10717000000.0,0.799,5680000000,742000000.0,53713000000,54355000000.0,0,0,0,0,30707000000,3994000000.0,26713000000.0,42112614720,-226000000.0,0.0,66000000.0,-2002000000.0,-181000000.0,-1659000000.0,-6869000000.0,0.0,8339000000.0,-37000000.0,2391000000.0,2391000000.0,2391000000.0,0.0,54000000.0,0.178,6990000000.0,3727000000.0,2989000000,0.076,2.041,17.613,17.674,38398000000,0.0,84.13,3.14,3.137,2747000000,13829000000,13411000000.0,13411000000.0,1946000000.0,0.045,0.117,0.078,0.317,0.0,1246000000.0,1.0,500565966,500000000,502000000.0,26.822,46909000000,0,1120000000.0,8759000000,93.818,2801000000.0
27,APC,ART,2012-09-30,2012-10-29,2012-09-30,2019-07-30,-561000000,52718000000,53087500000.0,7324000000,45394000000,0.261,40.786,-6068000000.0,2532000000,2532000000,2716000000.0,1916000000.0,1.518,1.534,14141000000,1039000000.0,13102000000.0,14141000000,0,3864000000.0,0,0.005,0.36,3258000000.0,7122000000.0,0.515,7122000000.0,3258000000.0,2500000000.0,3.64,3.62,3.64,20393000000,19753250000.0,20393000000,44837990870,14.0,6.296,-2036000000.0,-4.072,1.0,11124000000.0,0.804,5754000000,758000000.0,53749000000,54322250000.0,0,0,0,0,31287000000,4824000000.0,26463000000.0,33228990870,-955000000.0,0.0,5000000.0,1272000000.0,-182000000.0,1346000000.0,-6282000000.0,0.0,4032000000.0,-51000000.0,1830000000.0,1830000000.0,1830000000.0,0.0,86000000.0,0.132,8026000000.0,3098000000.0,2882000000,0.099,1.629,18.158,18.266,37976000000,0.0,66.49,2.401,2.402,2924000000,13671000000,13840000000.0,13840000000.0,2016000000.0,0.034,0.093,0.06,0.235,0.0,1070000000.0,1.0,499759225,500000000,502000000.0,27.68,46964000000,0,670000000.0,8743000000,93.928,2500000000.0
28,APC,ART,2012-06-30,2012-08-08,2012-06-30,2019-07-30,-578000000,53332000000,53173500000.0,8430000000,44902000000,0.258,40.472,-5646000000.0,2794000000,2794000000,2736000000.0,-1254000000.0,1.433,1.584,14832000000,1739000000.0,13093000000.0,14832000000,0,3817000000.0,0,0.005,0.36,-1609000000.0,2208000000.0,0.161,2208000000.0,-1609000000.0,-2388000000.0,-2.72,-2.74,-2.72,20236000000,19311000000.0,20236000000,46905599504,-29.0,21.243,-2377000000.0,-4.754,1.0,10971000000.0,0.8,5757000000,779000000.0,53730000000,53092250000.0,0,0,0,0,32054000000,5883000000.0,26171000000.0,34867599504,-612000000.0,2000000.0,-15000000.0,1683000000.0,-182000000.0,1972000000.0,-5793000000.0,0.0,3269000000.0,-60000000.0,-1342000000.0,-1342000000.0,-1342000000.0,0.0,88000000.0,-0.098,12315000000.0,-1344000000.0,2873000000,-0.132,1.723,-25.982,-25.654,37484000000,0.0,69.78,2.544,2.545,2951000000,13595000000,13707000000.0,13707000000.0,2026000000.0,-0.025,-0.069,-0.03,-0.117,0.0,1078000000.0,1.0,499678984,500000000,500000000.0,27.414,47575000000,0,-1046000000.0,8809000000,95.15,2547000000.0
29,APC,ART,2012-03-31,2012-04-30,2012-03-31,2019-07-30,-595000000,54521000000,52994750000.0,8714000000,45807000000,0.267,40.639,-5393000000.0,2957000000,2957000000,2734000000.0,-622000000.0,1.779,1.645,15386000000,39000000.0,15347000000.0,15386000000,0,3775000000.0,0,0.005,0.36,-674000000.0,3101000000.0,0.219,3101000000.0,-674000000.0,-1479000000.0,-1.45,-1.48,-1.45,20279000000,19619750000.0,20279000000,49002324595,-73.0,15.802,-2286000000.0,-4.581,1.0,11427000000.0,0.807,5825000000,805000000.0,56228000000,52778250000.0,0,0,0,0,33357000000,4897000000.0,28460000000.0,36573324595,-503000000.0,-440000000.0,-3000000.0,2270000000.0,-181000000.0,2356000000.0,-5923000000.0,0.0,3107000000.0,-43000000.0,-709000000.0,-709000000.0,-709000000.0,0.0,87000000.0,-0.05,11491000000.0,-64000000.0,3556000000,-0.248,1.804,-51.584,-50.49,38166000000,0.0,73.21,2.583,2.58,3248000000,13730000000,14161000000.0,14161000000.0,1141000000.0,-0.013,-0.036,-0.013,-0.048,0.0,1107000000.0,1.0,499567335,499000000,501000000.0,28.379,48696000000,0,-770000000.0,8864000000,97.587,3817000000.0
30,APC,ART,2011-12-31,2012-02-21,2011-12-31,2019-07-30,-612000000,51779000000,52367750000.0,6931000000,44848000000,0.267,36.355,-5095000000.0,2697000000,2697000000,2675000000.0,-2568000000.0,1.415,1.811,15230000000,170000000.0,15060000000.0,15230000000,0,3830000000.0,0,0.004,0.36,-2666000000.0,1164000000.0,0.083,1164000000.0,-2666000000.0,-3505000000.0,-5.32,-5.32,-5.32,18105000000,19777250000.0,18105000000,55268204202,-21.0,47.481,-2590000000.0,-5.201,1.0,11292000000.0,0.808,5831000000,839000000.0,53582000000,51800000000.0,0,0,0,0,32796000000,4899000000.0,27897000000.0,42735204202,-983000000.0,-802000000.0,-11000000.0,2289000000.0,-181000000.0,2510000000.0,-5975000000.0,0.0,2505000000.0,-23000000.0,-2649000000.0,-2649000000.0,-2649000000.0,0.0,81000000.0,-0.19,13162000000.0,-1870000000.0,3299000000,-0.068,2.36,-16.133,-16.117,37501000000,0.0,85.74,3.06,3.057,3259000000,11619000000,13967000000.0,13967000000.0,1076000000.0,-0.051,-0.134,-0.051,-0.191,0.0,1060000000.0,1.0,498427854,498000000,498000000.0,28.046,45948000000,0,-856000000.0,8479000000,92.265,2032000000.0
31,APC,ART,2011-09-30,2011-10-31,2011-09-30,2019-07-30,-501000000,53062000000,52312750000.0,7604000000,45458000000,0.245,37.398,-5454000000.0,3487000000,3487000000,2551000000.0,-2100000000.0,0.967,1.802,12949000000,141000000.0,12808000000.0,12949000000,0,3771000000.0,0,0.005,0.36,-1927000000.0,1844000000.0,0.144,1844000000.0,-1927000000.0,-2782000000.0,-4.37,-4.39,-4.37,18624000000,20422000000.0,18624000000,48552763614,-25.0,26.33,453000000.0,0.91,1.0,10268000000.0,0.801,5832000000,855000000.0,48829000000,51271250000.0,0,0,0,0,33563000000,7863000000.0,25700000000.0,39090763614,-731000000.0,-802000000.0,36000000.0,-810000000.0,-179000000.0,-328000000.0,-6304000000.0,0.0,5907000000.0,-6000000.0,-2180000000.0,-2180000000.0,-2180000000.0,0.0,80000000.0,-0.17,11720000000.0,-1452000000.0,2446000000,-0.082,2.099,-17.932,-17.963,38116000000,0.0,78.5,3.049,3.05,3428000000,12023000000,12819000000.0,12819000000.0,1047000000.0,-0.042,-0.107,-0.038,-0.15,0.0,1113000000.0,1.0,497971511,498000000,498000000.0,25.741,47230000000,0,-602000000.0,8670000000,94.839,-259000000.0
32,APC,ART,2011-06-30,2011-07-27,2011-06-30,2019-07-30,-517000000,52617000000,52003750000.0,6870000000,45747000000,0.234,43.114,-5288000000.0,3406000000,3406000000,2419000000.0,920000000.0,1.665,1.41,13226000000,425000000.0,12801000000.0,13226000000,0,3801000000.0,0,0.004,0.36,2672000000.0,6473000000.0,0.532,6473000000.0,2672000000.0,1805000000.0,1.7,1.68,1.7,21471000000,20923250000.0,21471000000,50834503613,19.0,7.853,202000000.0,0.406,1.0,9751000000.0,0.801,5836000000,867000000.0,52474000000,51829750000.0,0,0,0,0,30269000000,4127000000.0,26142000000.0,41014503613,32000000.0,-804000000.0,32000000.0,383000000.0,-180000000.0,592000000.0,-6081000000.0,0.0,5490000000.0,31000000.0,845000000.0,845000000.0,845000000.0,0.0,75000000.0,0.069,7381000000.0,2370000000.0,2286000000,0.212,1.91,48.538,48.465,38343000000,0.0,82.39,3.37,3.371,2926000000,15119000000,12170000000.0,12170000000.0,1036000000.0,0.016,0.04,0.052,0.22,0.0,1095000000.0,1.0,497809244,498000000,500000000.0,24.438,46781000000,0,960000000.0,10077000000,93.938,2743000000.0
33,APC,ART,2011-03-31,2011-05-02,2011-03-31,2019-07-30,-533000000,52013000000,51486250000.0,6687000000,45326000000,0.216,42.07,-5126000000.0,3460000000,3460000000,2312000000.0,330000000.0,1.645,1.446,13193000000,424000000.0,12769000000.0,13193000000,0,3718000000.0,0,0.004,0.36,1681000000.0,5399000000.0,0.486,5399000000.0,1681000000.0,830000000.0,0.53,0.52,0.53,20909000000,20719250000.0,20909000000,49708791780,30.0,9.207,93000000.0,0.187,1.0,8786000000.0,0.792,5366000000,851000000.0,52315000000,51096750000.0,0,0,0,0,30229000000,4065000000.0,26164000000.0,39975791780,-232000000.0,-362000000.0,31000000.0,-248000000.0,-180000000.0,73000000.0,-5533000000.0,0.0,5219000000.0,9000000.0,261000000.0,261000000.0,261000000.0,0.0,69000000.0,0.024,7040000000.0,1746000000.0,2385000000,0.679,1.912,153.164,151.604,38423000000,0.0,80.35,3.602,3.598,2708000000,14620000000,11098000000.0,11098000000.0,998000000.0,0.005,0.013,0.033,0.151,0.0,1007000000.0,1.0,497520744,497000000,499000000.0,22.33,46647000000,0,569000000.0,10026000000,93.857,2622000000.0
34,APC,ART,2010-12-31,2011-02-23,2010-12-31,2019-07-30,-549000000,51559000000,51160000000.0,6675000000,44884000000,0.215,41.786,-4938000000.0,3680000000,3680000000,2261000000.0,821000000.0,1.623,1.456,13013000000,291000000.0,12722000000.0,13013000000,0,3714000000.0,0,0.005,0.36,2436000000.0,6150000000.0,0.56,6150000000.0,2436000000.0,1581000000.0,1.53,1.52,1.53,20684000000,20658750000.0,20684000000,48869883146,20.0,7.946,309000000.0,0.624,1.0,8723000000.0,0.794,5311000000,855000000.0,51467000000,50703250000.0,0,0,0,0,30120000000,4114000000.0,26006000000.0,39536883146,149000000.0,0.0,65000000.0,-280000000.0,-180000000.0,-122000000.0,-4964000000.0,0.0,5247000000.0,-12000000.0,761000000.0,761000000.0,761000000.0,0.0,60000000.0,0.069,6954000000.0,1769000000.0,2726000000,0.235,1.911,51.954,52.072,37957000000,0.0,79.67,3.599,3.59,2423000000,14449000000,10984000000.0,10984000000.0,974000000.0,0.015,0.037,0.048,0.222,0.0,982000000.0,1.0,496258104,495000000,497000000.0,22.19,46248000000,0,820000000.0,9861000000,93.43,2561000000.0
35,APC,ART,2010-09-30,2010-11-01,2010-09-30,2019-07-30,-493000000,51826000000,50801000000.0,7080000000,44746000000,0.221,41.591,-4874000000.0,4218000000,4218000000,2147000000.0,930000000.0,1.505,1.487,13471000000,718000000.0,12753000000.0,13471000000,0,3729000000.0,0,0.006,0.36,2515000000.0,6244000000.0,0.557,6244000000.0,2515000000.0,1676000000.0,1.8,1.79,1.8,20629000000,20469750000.0,20629000000,40554620089,16.0,6.495,158000000.0,0.319,1.0,9066000000.0,0.809,5312000000,839000000.0,51063000000,50385000000.0,0,0,0,0,30682000000,4704000000.0,25978000000.0,31301620089,632000000.0,0.0,49000000.0,387000000.0,-181000000.0,466000000.0,-4857000000.0,0.0,5032000000.0,-9000000.0,879000000.0,879000000.0,879000000.0,0.0,51000000.0,0.078,6880000000.0,2186000000.0,2904000000,0.2,1.517,35.61,35.089,37711000000,0.0,63.16,2.792,2.794,2069000000,14382000000,11213000000.0,11213000000.0,943000000.0,0.017,0.043,0.05,0.224,0.0,1013000000.0,1.0,495592465,496000000,496000000.0,22.607,46514000000,0,797000000.0,9820000000,93.778,2376000000.0
36,APC,ART,2010-06-30,2010-08-03,2010-06-30,2019-07-30,-507000000,50547000000,50213500000.0,6074000000,44473000000,0.227,41.727,-4511000000.0,3374000000,3374000000,2107000000.0,1144000000.0,1.301,1.421,12351000000,909000000.0,11442000000.0,12351000000,0,3676000000.0,0,0.007,0.36,2757000000.0,6433000000.0,0.564,6433000000.0,2757000000.0,2015000000.0,2.25,2.24,2.25,20655000000,20267500000.0,20655000000,35277551717,13.0,5.484,537000000.0,1.085,1.0,9296000000.0,0.815,5313000000,742000000.0,49542000000,50235500000.0,0,0,0,0,29342000000,4669000000.0,24673000000.0,26300551717,-153000000.0,0.0,56000000.0,-616000000.0,-179000000.0,-538000000.0,-4634000000.0,0.0,5048000000.0,-29000000.0,1105000000.0,1105000000.0,1105000000.0,0.0,39000000.0,0.097,6661000000.0,2635000000.0,2778000000,0.16,1.273,23.801,23.618,37619000000,0.0,53.14,2.306,2.307,2106000000,14454000000,11403000000.0,11403000000.0,871000000.0,0.022,0.055,0.055,0.242,0.0,961000000.0,1.0,494929464,495000000,495000000.0,23.036,45234000000,0,910000000.0,9746000000,91.382,1405000000.0
37,APC,ART,2010-03-31,2010-05-04,2010-03-31,2019-07-30,-522000000,50708000000,49919750000.0,6402000000,44306000000,0.211,41.921,-4218000000.0,3692000000,3692000000,2151000000.0,956000000.0,1.642,1.431,12937000000,478000000.0,12459000000.0,12937000000,0,3707000000.0,0,0.006,0.36,2390000000.0,6097000000.0,0.578,6097000000.0,2390000000.0,1645000000.0,1.85,1.84,1.85,20667000000,20003000000.0,20667000000,41106533242,17.0,6.742,498000000.0,1.01,1.0,8393000000.0,0.796,5313000000,745000000.0,50741000000,50341000000.0,0,0,0,0,29583000000,3899000000.0,25684000000.0,31861533242,1527000000.0,0.0,1384000000.0,-137000000.0,-179000000.0,1110000000.0,-4288000000.0,0.0,4716000000.0,-11000000.0,919000000.0,919000000.0,919000000.0,0.0,37000000.0,0.087,6625000000.0,1768000000.0,2449000000,0.195,1.542,34.67,34.811,37353000000,0.0,64.4,3.022,3.011,2099000000,14539000000,10544000000.0,10544000000.0,961000000.0,0.018,0.046,0.047,0.227,0.0,984000000.0,1.0,494744305,493000000,496000000.0,21.387,45395000000,0,726000000.0,9952000000,92.079,2503000000.0
38,APC,ART,2009-12-31,2010-02-23,2009-12-31,2019-07-30,-96000000,50123000000,49281250000.0,6083000000,44040000000,0.183,41.517,-4176000000.0,3531000000,3531000000,2140000000.0,-103000000.0,1.591,1.491,12748000000,0.0,12748000000.0,12748000000,0,3532000000.0,0,0.005,0.36,562000000.0,4094000000.0,0.455,4094000000.0,562000000.0,-140000000.0,-0.28,-0.28,-0.28,19928000000,19451250000.0,19928000000,43292465518,77.0,10.575,-250000000.0,-0.521,1.0,6860000000.0,0.762,5322000000,702000000.0,50194000000,50017500000.0,0,0,0,0,29708000000,3824000000.0,25884000000.0,34075465518,1171000000.0,0.0,1337000000.0,365000000.0,-176000000.0,1481000000.0,-4236000000.0,0.0,3926000000.0,0.0,-135000000.0,-135000000.0,-135000000.0,0.0,32000000.0,-0.015,6483000000.0,377000000.0,2876000000,-1.286,1.71,-252.411,-247.071,37204000000,0.0,69.18,3.786,3.69,2052000000,13868000000,9000000000.0,9000000000.0,1107000000.0,-0.003,-0.007,0.011,0.062,0.0,983000000.0,1.0,492562381,480000000,480000000.0,18.75,44801000000,0,-5000000.0,9925000000,93.335,2259000000.0
39,APC,ART,2009-09-30,2009-11-03,2009-09-30,2019-07-30,-101000000,49476000000,48981250000.0,6056000000,43420000000,0.202,40.367,-2501000000.0,3586000000,3586000000,2256000000.0,445000000.0,2.101,1.478,12780000000,0.0,12780000000.0,12780000000,0,3404000000.0,0,0.006,0.36,1356000000.0,4760000000.0,0.481,4760000000.0,1356000000.0,667000000.0,0.91,0.9,0.91,19820000000,19168000000.0,19820000000,40282097948,30.0,8.463,767000000.0,1.562,1.0,7634000000.0,0.772,5323000000,689000000.0,50465000000,49457250000.0,0,0,0,0,29291000000,2882000000.0,26409000000.0,31088097948,1605000000.0,0.0,1337000000.0,51000000.0,-173000000.0,980000000.0,-2643000000.0,0.0,3268000000.0,0.0,422000000.0,422000000.0,422000000.0,-5000000.0,23000000.0,0.043,6535000000.0,1099000000.0,2043000000,0.396,1.569,73.668,69.505,36703000000,0.0,63.25,3.143,3.14,1849000000,13684000000,9890000000.0,9890000000.0,1302000000.0,0.009,0.022,0.027,0.137,0.0,905000000.0,1.0,491511430,491000000,493000000.0,20.143,44153000000,0,245000000.0,10174000000,89.925,3174000000.0
40,APC,ART,2009-06-30,2009-08-04,2009-06-30,2019-07-30,-107000000,49372000000,48919500000.0,5646000000,43726000000,0.272,41.084,-2865000000.0,3527000000,3527000000,2414000000.0,2404000000.0,1.65,1.501,12873000000,0.0,12873000000.0,12873000000,0,3339000000.0,0,0.007,0.36,4354000000.0,7693000000.0,0.578,7693000000.0,4354000000.0,3606000000.0,5.16,5.12,5.16,19597000000,18765750000.0,19597000000,34083211858,8.0,4.43,2854000000.0,5.983,1.0,10885000000.0,0.818,5332000000,748000000.0,49964000000,48994750000.0,0,0,0,0,29411000000,3422000000.0,25989000000.0,24737211858,2874000000.0,0.0,716000000.0,-190000000.0,-171000000.0,123000000.0,-2968000000.0,0.0,5719000000.0,0.0,2387000000.0,2387000000.0,2387000000.0,-6000000.0,17000000.0,0.179,6874000000.0,4011000000.0,2635000000,0.07,1.262,10.363,9.773,36909000000,0.0,50.43,1.86,1.809,1538000000,13528000000,13299000000.0,13299000000.0,1451000000.0,0.049,0.127,0.089,0.327,0.0,898000000.0,1.0,490525716,477000000,477000000.0,27.881,44040000000,0,1219000000.0,9857000000,92.327,2224000000.0
41,APC,ART,2009-03-31,2009-05-07,2009-03-31,2019-07-30,-113000000,48154000000,48910750000.0,4552000000,43602000000,0.293,40.13,-2615000000.0,2165000000,2165000000,2440000000.0,2643000000.0,1.091,1.589,12990000000,1020000000.0,11970000000.0,12990000000,0,3190000000.0,0,0.007,0.36,4922000000.0,8112000000.0,0.566,8112000000.0,4922000000.0,4226000000.0,5.69,5.65,5.69,18460000000,18029250000.0,18460000000,33255584616,7.0,4.1,2346000000.0,5.1,1.0,11900000000.0,0.83,5359000000,696000000.0,49447000000,49437250000.0,0,0,0,0,29332000000,4173000000.0,25159000000.0,22430584616,852000000.0,0.0,-620000000.0,-784000000.0,-169000000.0,-1347000000.0,-2762000000.0,0.0,4961000000.0,0.0,2636000000.0,2636000000.0,2636000000.0,-13000000.0,7000000.0,0.184,7005000000.0,4895000000.0,2637000000,0.063,1.215,8.509,8.562,37154000000,0.0,48.72,1.564,1.563,1433000000,13799000000,14340000000.0,14340000000.0,1427000000.0,0.054,0.146,0.1,0.343,0.0,871000000.0,1.0,460397878,460000000,460000000.0,31.174,42795000000,0,1590000000.0,9757000000,93.033,379000000.0
42,APC,ART,2008-12-31,2009-02-25,2008-12-31,2019-07-30,-119000000,48923000000,48956000000.0,5375000000,43548000000,0.321,40.419,-2346000000.0,2360000000,2360000000,2457000000.0,3261000000.0,0.971,1.603,12339000000,1472000000.0,10867000000.0,12339000000,0,3194000000.0,0,0.01,0.36,6151000000.0,9345000000.0,0.594,9345000000.0,6151000000.0,5409000000.0,7.01,6.97,7.01,18795000000,17578500000.0,18795000000,26323170882,4.0,2.817,4096000000.0,8.809,1.0,13266000000.0,0.844,5413000000,742000000.0,47953000000,49822250000.0,0,0,0,0,30128000000,5536000000.0,24592000000.0,16344170882,1092000000.0,0.0,-606000000.0,-2420000000.0,-171000000.0,-2822000000.0,-2528000000.0,0.0,6442000000.0,0.0,3261000000.0,3260000000.0,3260000000.0,-63000000.0,0.0,0.207,7104000000.0,6162000000.0,3166000000,0.051,0.87,5.014,5.07,37047000000,1000000.0,35.54,1.04,1.051,1687000000,14179000000,15723000000.0,15723000000.0,1369000000.0,0.067,0.185,0.123,0.391,0.0,866000000.0,1.0,459881004,465000000,468000000.0,33.813,43510000000,0,2148000000.0,9974000000,93.57,-161000000.0
43,APC,ART,2008-09-30,2008-11-04,2008-09-30,2019-07-30,-123000000,49229000000,48845500000.0,4986000000,44243000000,0.303,39.079,-3173000000.0,1980000000,1980000000,2386000000.0,2628000000.0,0.8,1.703,12698000000,1708000000.0,10990000000.0,12698000000,0,3188000000.0,0,0.01,0.36,5485000000.0,8673000000.0,0.586,8673000000.0,5485000000.0,4696000000.0,5.63,5.6,5.63,18211000000,16970750000.0,18211000000,26867014465,5.0,3.098,3750000000.0,8.047,1.0,12416000000.0,0.839,5100000000,789000000.0,48615000000,50718250000.0,0,0,0,0,31018000000,6232000000.0,24786000000.0,16149014465,738000000.0,-100000000.0,-595000000.0,-2111000000.0,-172000000.0,-2746000000.0,-3439000000.0,0.0,6923000000.0,0.0,2628000000.0,2626000000.0,2626000000.0,-47000000.0,0.0,0.177,6982000000.0,5434000000.0,3251000000,0.064,0.887,6.15,6.249,36877000000,2000000.0,35.18,1.091,1.108,2148000000,13435000000,14802000000.0,14802000000.0,1171000000.0,0.054,0.155,0.108,0.371,0.0,874000000.0,1.0,459039638,466000000,468000000.0,31.764,44129000000,0,2068000000.0,9805000000,94.697,-1246000000.0
44,APC,ART,2008-06-30,2008-08-07,2008-06-30,2019-07-30,-127000000,49337000000,48430750000.0,5167000000,44170000000,0.241,35.579,-2724000000.0,652000000,652000000,2293000000.0,967000000.0,1.061,1.963,13035000000,52000000.0,12983000000.0,13035000000,0,2883000000.0,0,0.007,0.36,3051000000.0,5934000000.0,0.508,5934000000.0,3051000000.0,2220000000.0,2.06,2.05,2.06,16651000000,16459250000.0,16651000000,37971018146,12.0,6.399,1410000000.0,3.013,1.0,9390000000.0,0.804,5115000000,831000000.0,51734000000,50698000000.0,0,0,0,0,32686000000,4871000000.0,27815000000.0,25588018146,-994000000.0,-107000000.0,34000000.0,-2091000000.0,-173000000.0,-2145000000.0,-2983000000.0,0.0,4134000000.0,0.0,967000000.0,964000000.0,964000000.0,-34000000.0,0.0,0.083,6417000000.0,2973000000.0,3198000000,0.175,1.537,26.544,26.515,36811000000,3000000.0,54.62,2.19,2.188,3280000000,11316000000,11683000000.0,11683000000.0,1051000000.0,0.02,0.059,0.06,0.261,0.0,829000000.0,1.0,468473419,468000000,471000000.0,24.964,44222000000,0,1253000000.0,10295000000,94.491,296000000.0
45,APC,ART,2008-03-31,2008-05-07,2008-03-31,2019-07-30,-129000000,48335000000,48850500000.0,4308000000,44027000000,0.25,35.592,37000000.0,1308000000,1308000000,2381000000.0,1596000000.0,0.926,1.902,13754000000,396000000.0,13358000000.0,13754000000,0,2805000000.0,0,0.005,0.36,4059000000.0,6864000000.0,0.562,6864000000.0,4059000000.0,3065000000.0,3.41,3.39,3.41,16657000000,16245000000.0,16657000000,48341674937,12.0,7.043,4054000000.0,8.662,1.0,9829000000.0,0.805,5140000000,994000000.0,50987000000,50749750000.0,0,0,0,0,31678000000,4654000000.0,27024000000.0,35895674937,-2336000000.0,-107000000.0,70000000.0,-5765000000.0,-173000000.0,-6118000000.0,-235000000.0,0.0,4017000000.0,0.0,1596000000.0,1593000000.0,1593000000.0,-34000000.0,0.0,0.13,5862000000.0,3967000000.0,2754000000,0.106,2.155,22.533,22.487,36619000000,3000000.0,76.68,2.94,2.939,2149000000,11332000000,12210000000.0,12210000000.0,787000000.0,0.033,0.098,0.08,0.332,0.0,847000000.0,1.0,468123043,468000000,470000000.0,26.09,43195000000,0,1469000000.0,10141000000,92.297,-346000000.0
46,APC,ART,2007-12-31,2008-02-29,2007-12-31,2019-07-30,-133000000,48481000000,50736750000.0,4516000000,43965000000,0.313,35.191,4014000000.0,1268000000,1268000000,2579000000.0,3781000000.0,0.859,1.963,14747000000,1396000000.0,13351000000.0,14747000000,0,2840000000.0,0,0.006,0.36,7432000000.0,10272000000.0,0.646,10272000000.0,7432000000.0,6340000000.0,8.12,8.08,8.12,16364000000,15858000000.0,16364000000,43313474956,6.0,4.217,6914000000.0,14.869,1.0,13313000000.0,0.838,5166000000,1092000000.0,51537000000,51744250000.0,0,0,0,0,32117000000,5257000000.0,26860000000.0,29834474956,757000000.0,-107000000.0,79000000.0,-5491000000.0,-173000000.0,-5921000000.0,3778000000.0,0.0,2900000000.0,0.0,3781000000.0,3778000000.0,3778000000.0,-11000000.0,0.0,0.238,5966000000.0,7347000000.0,2778000000,0.044,1.823,7.897,7.85,37451000000,3000000.0,63.74,1.877,1.865,2588000000,11089000000,15892000000.0,15892000000.0,905000000.0,0.074,0.238,0.144,0.468,0.0,936000000.0,1.0,468065186,465000000,468000000.0,34.176,43315000000,0,2559000000.0,10214000000,93.151,-741000000.0
47,APC,ART,2007-09-30,2007-11-09,2007-09-30,2019-07-30,-136000000,47570000000,53327500000.0,3523000000,44047000000,0.229,34.689,2860000000.0,1243000000,1243000000,2748000000.0,3178000000.0,0.481,1.943,14693000000,3549000000.0,11144000000.0,14693000000,0,2865000000.0,0,0.006,0.36,5595000000.0,8460000000.0,0.693,8460000000.0,5595000000.0,4407000000.0,6.87,6.82,6.87,16165000000,15495250000.0,16165000000,40316883977,7.0,4.766,5865000000.0,12.586,1.0,9457000000.0,0.775,5169000000,1188000000.0,48534000000,53852500000.0,0,0,0,0,31405000000,7317000000.0,24088000000.0,26866883977,-685000000.0,-130000000.0,123000000.0,-10284000000.0,-173000000.0,-10442000000.0,6751000000.0,0.0,3005000000.0,1000000.0,3178000000.0,3175000000.0,3175000000.0,-1753000000.0,0.0,0.26,5660000000.0,3797000000.0,2406000000,0.052,1.662,8.462,8.386,37557000000,3000000.0,57.61,2.201,2.2,1579000000,10979000000,12205000000.0,12205000000.0,253000000.0,0.06,0.205,0.104,0.458,0.0,900000000.0,1.0,466357993,466000000,468000000.0,26.191,42401000000,0,1229000000.0,10143000000,90.989,-3794000000.0
48,APC,ART,2007-06-30,2007-08-03,2007-06-30,2019-07-30,-138000000,51016000000,56479000000.0,4595000000,46421000000,0.224,33.966,3389000000.0,1647000000,1647000000,2659000000.0,4135000000.0,0.48,2.23,16882000000,5744000000.0,11138000000.0,16882000000,0,2872000000.0,0,0.007,0.36,6752000000.0,9624000000.0,0.759,9624000000.0,6752000000.0,5577000000.0,8.97,8.9,8.97,15794000000,14897000000.0,15794000000,38470561058,6.0,3.997,7355000000.0,15.817,1.0,10014000000.0,0.79,4740000000,1175000000.0,51941000000,55960750000.0,0,0,0,0,35222000000,9570000000.0,25652000000.0,23235561058,827000000.0,-21087000000.0,106000000.0,11006000000.0,-172000000.0,10670000000.0,-13811000000.0,0.0,3966000000.0,2000000.0,4135000000.0,4133000000.0,4133000000.0,-1844000000.0,0.0,0.326,5157000000.0,4857000000.0,2704000000,0.04,1.471,5.622,5.562,39146000000,2000000.0,49.89,1.833,1.831,2322000000,10661000000,12673000000.0,12673000000.0,0.0,0.073,0.277,0.121,0.533,0.0,888000000.0,1.0,465735840,465000000,467000000.0,27.254,46276000000,0,1442000000.0,11759000000,99.518,-4975000000.0
49,APC,ART,2007-03-31,2007-05-08,2007-03-31,2019-07-30,-139000000,55880000000,49641250000.0,6820000000,49060000000,0.225,32.633,610000000.0,3620000000,3620000000,2210000000.0,4298000000.0,0.483,2.698,21275000000,9748000000.0,11527000000.0,21275000000,0,2461000000.0,0,0.008,0.36,6461000000.0,8922000000.0,0.799,8922000000.0,6461000000.0,5549000000.0,9.34,9.27,9.34,15109000000,14039500000.0,15109000000,38837847553,6.0,4.353,5174000000.0,11.175,1.0,8959000000.0,0.802,4461000000,912000000.0,54965000000,48792250000.0,0,0,0,0,40771000000,14109000000.0,26662000000.0,21182847553,2829000000.0,-21087000000.0,91000000.0,15423000000.0,-172000000.0,15118000000.0,-16864000000.0,0.0,4564000000.0,11000000.0,4298000000.0,4295000000.0,4295000000.0,-1989000000.0,0.0,0.385,4522000000.0,4437000000.0,2706000000,0.039,1.402,4.932,4.889,43695000000,3000000.0,45.66,1.897,1.893,2683000000,10052000000,11169000000.0,11169000000.0,0.0,0.087,0.306,0.132,0.578,0.0,794000000.0,1.0,463925702,463000000,465000000.0,24.123,51419000000,0,1251000000.0,12722000000,111.056,-7289000000.0
50,APC,ART,2006-12-31,2007-02-28,2006-12-31,2019-07-30,-137000000,58844000000,41388000000.0,4614000000,54230000000,0.246,32.42,-3483000000.0,491000000,491000000,1693000000.0,4854000000.0,0.275,2.946,22991000000,11471000000.0,11520000000.0,22991000000,0,1976000000.0,0,0.009,0.36,6951000000.0,8927000000.0,0.876,8927000000.0,6951000000.0,6296000000.0,10.54,10.46,10.54,14913000000,13151500000.0,14913000000,41158232038,6.0,4.611,1412000000.0,3.07,1.0,8494000000.0,0.834,4616000000,655000000.0,59970000000,40624000000.0,0,0,0,0,43931000000,16758000000.0,27173000000.0,18658232038,-228000000.0,-21087000000.0,-12000000.0,16121000000.0,-170000000.0,15823000000.0,-20957000000.0,0.0,4895000000.0,11000000.0,4854000000.0,4851000000.0,4851000000.0,-2058000000.0,0.0,0.476,3607000000.0,4887000000.0,3501000000,0.034,1.251,3.846,3.823,48739000000,3000000.0,40.29,1.832,1.819,3291000000,9919000000,10187000000.0,10187000000.0,0.0,0.117,0.369,0.171,0.682,0.0,668000000.0,1.0,463098338,460000000,464000000.0,22.146,54228000000,0,1442000000.0,13240000000,117.887,-12144000000.0
51,APC,ART,2006-09-30,2006-11-09,2006-09-30,2019-07-30,490000000,60176000000,32324000000.0,5350000000,54826000000,0.293,29.939,-2815000000.0,1803000000,1803000000,1234000000.0,3807000000.0,0.253,3.369,27826000000,16663000000.0,11163000000.0,27826000000,0,1553000000.0,0,0.007,0.36,5886000000.0,7439000000.0,0.784,7439000000.0,5886000000.0,5526000000.0,8.26,8.185,8.26,13772000000,12186000000.0,13772000000,48191882105,8.0,6.478,2323000000.0,5.05,1.0,8251000000.0,0.87,8053000000,360000000.0,56967000000,31113250000.0,0,0,0,0,46404000000,21179000000.0,25225000000.0,22168882105,916000000.0,-20964000000.0,-581000000.0,20960000000.0,-170000000.0,20073000000.0,-24297000000.0,0.0,5138000000.0,2000000.0,3807000000.0,3809000000.0,3809000000.0,-231000000.0,0.0,0.402,2681000000.0,5570000000.0,2718000000,0.044,1.61,5.82,5.838,42305000000,-2000000.0,48.22,2.337,2.339,2583000000,8045000000,9485000000.0,9485000000.0,0.0,0.118,0.313,0.189,0.621,0.0,530000000.0,1.0,459744548,460000000,463000000.0,20.62,52123000000,0,1719000000.0,11337000000,113.311,-15829000000.0
52,APC,ART,2006-06-30,2006-08-01,2006-06-30,2019-07-30,525000000,23665000000,22783000000.0,2572000000,21093000000,0.34,26.937,-3560000000.0,671000000,671000000,943000000.0,2944000000.0,1.165,0.914,3572000000,211000000.0,3361000000.0,3572000000,0,1341000000.0,0,0.008,0.36,4658000000.0,5999000000.0,0.775,5999000000.0,4658000000.0,4457000000.0,6.345,6.29,6.345,12364000000,11386500000.0,12364000000,24500586684,5.0,4.084,1034000000.0,2.253,1.0,6800000000.0,0.878,1092000000,201000000.0,23267000000,22110250000.0,0,0,0,0,11301000000,2207000000.0,9094000000.0,21599586684,-95000000.0,0.0,-740000000.0,-7000000.0,-172000000.0,-805000000.0,-3905000000.0,0.0,4594000000.0,21000000.0,2944000000.0,2944000000.0,2944000000.0,-152000000.0,0.0,0.38,2383000000.0,4417000000.0,1262000000,0.057,1.747,7.337,7.409,16233000000,0.0,47.01,2.79,2.787,1325000000,6626000000,7743000000.0,7743000000.0,0.0,0.129,0.259,0.211,0.602,0.0,470000000.0,1.0,459467915,459000000,463000000.0,16.869,22573000000,0,1513000000.0,4070000000,49.179,365000000.0
53,APC,ART,2006-03-31,2006-05-09,2006-03-31,2019-07-30,489000000,22867000000,22073500000.0,2535000000,20332000000,0.341,25.124,-3595000000.0,820000000,820000000,902000000.0,2636000000.0,1.16,0.979,3627000000,235000000.0,3392000000.0,3627000000,0,1379000000.0,0,0.007,0.36,4370000000.0,5749000000.0,0.764,5749000000.0,4370000000.0,4170000000.0,5.645,5.59,5.645,11557000000,10809250000.0,11557000000,27331034194,6.0,4.754,837000000.0,1.82,1.0,6622000000.0,0.88,1196000000,200000000.0,22292000000,21382000000.0,0,0,0,0,11310000000,2186000000.0,9124000000.0,24524034194,-177000000.0,0.0,-738000000.0,-193000000.0,-173000000.0,-1021000000.0,-3595000000.0,0.0,4432000000.0,7000000.0,2636000000.0,2636000000.0,2636000000.0,0.0,0.0,0.35,2330000000.0,4292000000.0,1453000000,0.064,2.122,9.304,9.475,18474000000,0.0,53.485,3.259,3.27,1497000000,7576000000,7524000000.0,7524000000.0,0.0,0.119,0.244,0.204,0.581,0.0,457000000.0,1.0,458521720,460000000,464000000.0,16.357,21671000000,0,1534000000.0,4852000000,47.111,349000000.0
54,APC,ART,2005-12-31,2006-03-03,2005-12-31,2019-07-30,527000000,22588000000,21482250000.0,2916000000,19672000000,0.331,23.513,-3253000000.0,739000000,739000000,846000000.0,2466000000.0,1.213,1.044,3677000000,122000000.0,3555000000.0,3677000000,0,1343000000.0,0,0.007,0.36,4091000000.0,5434000000.0,0.765,5434000000.0,4091000000.0,3890000000.0,5.245,5.195,5.245,11051000000,10305500000.0,11051000000,26417656212,6.0,4.862,893000000.0,1.9,1.0,6254000000.0,0.881,1196000000,201000000.0,21927000000,20798250000.0,0,0,0,0,11537000000,2403000000.0,9134000000.0,23479656212,-135000000.0,0.0,-779000000.0,-163000000.0,-175000000.0,-1031000000.0,-3253000000.0,0.0,4146000000.0,3000000.0,2466000000.0,2466000000.0,2466000000.0,0.0,0.0,0.347,2239000000.0,4015000000.0,1725000000,0.069,2.125,9.521,9.713,17862000000,0.0,50.945,3.307,3.372,1919000000,6957000000,7100000000.0,7100000000.0,0.0,0.115,0.239,0.197,0.576,0.0,442000000.0,1.0,460882446,470000000,474000000.0,15.106,21392000000,0,1424000000.0,4719000000,45.515,513000000.0
55,APC,ART,2005-09-30,2005-11-08,2005-09-30,2019-07-30,390000000,22012000000,20883250000.0,2980000000,19032000000,0.31,22.498,-485000000.0,1012000000,1012000000,866000000.0,2001000000.0,1.224,1.082,3676000000,72000000.0,3604000000.0,3676000000,0,1346000000.0,0,0.008,0.34,3417000000.0,4763000000.0,0.735,4763000000.0,3417000000.0,3173000000.0,4.195,4.16,4.195,10574000000,9864000000.0,10574000000,23512514952,7.0,4.936,2840000000.0,6.043,1.0,5612000000.0,0.866,1286000000,244000000.0,20955000000,20280500000.0,0,0,0,0,11438000000,2435000000.0,9003000000.0,20848514952,858000000.0,0.0,-1053000000.0,-806000000.0,-166000000.0,-1988000000.0,-485000000.0,0.0,3325000000.0,6000000.0,2001000000.0,1997000000.0,1997000000.0,0.0,0.0,0.308,2228000000.0,3384000000.0,1411000000,0.081,1.972,10.44,10.569,17283000000,4000000.0,44.335,3.218,3.217,1605000000,6124000000,6478000000.0,6478000000.0,0.0,0.096,0.202,0.168,0.527,0.0,465000000.0,1.0,470249576,470000000,476000000.0,13.783,20726000000,0,1172000000.0,4539000000,44.098,545000000.0
56,APC,ART,2005-06-30,2005-08-04,2005-06-30,2019-07-30,294000000,20827000000,20765000000.0,2435000000,18392000000,0.303,21.303,114000000.0,915000000,915000000,904000000.0,1802000000.0,1.259,1.071,3675000000,72000000.0,3603000000.0,3675000000,0,1399000000.0,0,0.007,0.32,3125000000.0,4524000000.0,0.72,4524000000.0,3125000000.0,2800000000.0,3.725,3.695,3.725,10055000000,9581750000.0,10055000000,23390460079,7.0,5.17,3287000000.0,6.964,1.0,5380000000.0,0.856,1299000000,325000000.0,20354000000,20461750000.0,0,0,0,0,10772000000,1934000000.0,8838000000.0,20630460079,606000000.0,-46000000.0,-1110000000.0,-1387000000.0,-159000000.0,-2628000000.0,68000000.0,0.0,3173000000.0,-7000000.0,1802000000.0,1800000000.0,1800000000.0,0.0,0.0,0.286,2252000000.0,3128000000.0,1318000000,0.086,2.052,11.461,11.717,16601000000,2000000.0,43.645,3.283,3.278,1223000000,5571000000,6284000000.0,6284000000.0,0.0,0.087,0.188,0.153,0.497,0.0,464000000.0,1.0,472687824,472000000,476000000.0,13.314,19528000000,0,998000000.0,4433000000,41.373,501000000.0
57,APC,ART,2005-03-31,2005-05-06,2005-03-31,2019-07-30,293000000,20502000000,20959000000.0,2478000000,18024000000,0.293,20.131,102000000.0,997000000,997000000,917000000.0,1700000000.0,1.19,1.149,3843000000,200000000.0,3643000000.0,3843000000,0,1423000000.0,0,0.008,0.3,2976000000.0,4399000000.0,0.717,4399000000.0,2976000000.0,2635000000.0,3.455,3.43,3.455,9542000000,9355750000.0,9542000000,20262718671,7.0,4.606,3360000000.0,7.089,1.0,5220000000.0,0.851,1308000000,341000000.0,19957000000,21107000000.0,0,0,0,0,10960000000,2083000000.0,8877000000.0,17416718671,855000000.0,-46000000.0,-1260000000.0,-1215000000.0,-152000000.0,-2459000000.0,56000000.0,0.0,3258000000.0,0.0,1700000000.0,1699000000.0,1699000000.0,0.0,0.0,0.277,2248000000.0,2972000000.0,1267000000,0.087,1.825,10.251,10.693,16232000000,1000000.0,36.945,2.838,2.854,1209000000,5108000000,6137000000.0,6137000000.0,0.0,0.081,0.182,0.141,0.485,0.0,446000000.0,1.0,471422890,474000000,478000000.0,12.947,19194000000,0,935000000.0,4404000000,40.494,395000000.0
58,APC,ART,2004-12-31,2005-03-15,2004-12-31,2019-07-30,381000000,20192000000,21078500000.0,2502000000,17690000000,0.288,18.57,9000000.0,874000000,874000000,932000000.0,1601000000.0,1.255,1.175,3840000000,169000000.0,3671000000.0,3840000000,0,1447000000.0,0,0.008,0.3,2824000000.0,4271000000.0,0.704,4271000000.0,2824000000.0,2472000000.0,3.205,3.18,3.205,9285000000,9199750000.0,9285000000,20941744015,7.0,4.903,3216000000.0,6.432,1.0,5135000000.0,0.846,1309000000,352000000.0,19856000000,21813250000.0,0,0,0,0,10907000000,1993000000.0,8914000000.0,17975744015,812000000.0,-46000000.0,-1116000000.0,-1216000000.0,-144000000.0,-2361000000.0,-37000000.0,0.0,3207000000.0,3000000.0,1601000000.0,1601000000.0,1601000000.0,0.0,0.0,0.264,2254000000.0,2881000000.0,1460000000,0.094,1.936,11.228,11.841,15913000000,0.0,37.95,2.963,3.128,1350000000,4661000000,6067000000.0,6067000000.0,0.0,0.076,0.174,0.129,0.465,0.0,423000000.0,1.0,473669144,500000000,504000000.0,12.134,18883000000,0,871000000.0,4414000000,37.766,509000000.0
59,APC,ART,2004-09-30,2004-11-05,2004-09-30,2019-07-30,151000000,21539000000,21167000000.0,1670000000,19869000000,0.271,18.89,-2290000000.0,154000000,154000000,922000000.0,1490000000.0,0.598,1.28,4484000000,364000000.0,4120000000.0,4484000000,0,1435000000.0,0,0.008,0.28,2574000000.0,4009000000.0,0.698,4009000000.0,2574000000.0,2248000000.0,2.965,2.945,2.965,9445000000,9028250000.0,9445000000,21173644524,8.0,5.282,1211000000.0,2.422,1.0,4821000000.0,0.839,1395000000,326000000.0,21680000000,22458750000.0,0,0,0,0,12094000000,2794000000.0,9300000000.0,16843644524,10000000.0,-46000000.0,-246000000.0,-964000000.0,-146000000.0,-1167000000.0,-2336000000.0,0.0,3501000000.0,12000000.0,1490000000.0,1490000000.0,1490000000.0,0.0,0.0,0.259,2164000000.0,2657000000.0,1446000000,0.094,1.783,11.304,11.484,18034000000,0.0,34.05,2.933,2.964,1332000000,4289000000,5743000000.0,5743000000.0,0.0,0.07,0.165,0.115,0.448,0.0,372000000.0,1.0,494673848,500000000,506000000.0,11.486,20144000000,0,758000000.0,4274000000,40.288,-1124000000.0
60,APC,ART,2004-06-30,2004-08-05,2004-06-30,2019-07-30,29000000,21603000000,20872750000.0,1716000000,19887000000,0.265,18.157,-2623000000.0,309000000,309000000,885000000.0,1365000000.0,0.84,1.361,5063000000,168000000.0,4895000000.0,5063000000,0,1383000000.0,0,0.009,0.26,2381000000.0,3764000000.0,0.682,3764000000.0,2381000000.0,2127000000.0,2.715,2.7,2.715,9151000000,8711500000.0,9151000000,19166266611,8.0,5.092,770000000.0,1.528,1.0,4636000000.0,0.84,1378000000,254000000.0,22935000000,22625750000.0,0,0,0,0,12452000000,2044000000.0,10408000000.0,14412266611,181000000.0,0.0,-41000000.0,-552000000.0,-136000000.0,-597000000.0,-2623000000.0,0.0,3393000000.0,8000000.0,1365000000.0,1365000000.0,1365000000.0,0.0,0.0,0.247,2186000000.0,2450000000.0,1309000000,0.096,1.575,10.558,10.608,18066000000,0.0,28.8,2.61,2.629,1249000000,3925000000,5521000000.0,5521000000.0,0.0,0.065,0.157,0.105,0.431,0.0,349000000.0,1.0,500425924,504000000,508000000.0,10.954,20225000000,0,762000000.0,4437000000,40.129,-328000000.0
61,APC,ART,2004-03-31,2004-05-10,2004-03-31,2019-07-30,58000000,20980000000,20520250000.0,1414000000,19566000000,0.261,17.694,-2776000000.0,142000000,142000000,867000000.0,1261000000.0,0.817,1.353,5060000000,0.0,5060000000.0,5060000000,0,1352000000.0,0,0.009,0.24,2230000000.0,3582000000.0,0.669,3582000000.0,2230000000.0,1974000000.0,2.52,2.505,2.52,8918000000,8375500000.0,8918000000,18269776545,8.0,5.1,447000000.0,0.887,1.0,4488000000.0,0.838,1385000000,256000000.0,22782000000,22381750000.0,0,0,0,0,12062000000,1731000000.0,10331000000.0,13351776545,60000000.0,0.0,94000000.0,-363000000.0,-125000000.0,-395000000.0,-2776000000.0,0.0,3223000000.0,8000000.0,1261000000.0,1261000000.0,1261000000.0,0.0,0.0,0.235,2145000000.0,2343000000.0,1121000000,0.095,1.497,10.588,10.518,17741000000,0.0,26.505,2.493,2.495,1139000000,3556000000,5355000000.0,5355000000.0,0.0,0.061,0.151,0.1,0.416,0.0,343000000.0,1.0,503745578,504000000,508000000.0,10.625,19595000000,0,713000000.0,4336000000,38.879,-317000000.0
62,APC,ART,2003-12-31,2004-03-04,2003-12-31,2019-07-30,122000000,20546000000,20126000000.0,1324000000,19222000000,0.254,17.198,-2634000000.0,62000000,62000000,828000000.0,1287000000.0,0.772,1.389,5058000000,0.0,5058000000.0,5058000000,0,1297000000.0,0,0.009,0.22,2269000000.0,3566000000.0,0.696,3566000000.0,2269000000.0,2016000000.0,2.58,2.545,2.58,8599000000,8008750000.0,8599000000,17923605398,8.0,5.026,409000000.0,0.818,1.0,4294000000.0,0.838,1389000000,253000000.0,22438000000,21985250000.0,0,0,0,0,11947000000,1715000000.0,10232000000.0,12927605398,28000000.0,0.0,100000000.0,-414000000.0,-114000000.0,-391000000.0,-2634000000.0,0.0,3043000000.0,10000000.0,1287000000.0,1287000000.0,1287000000.0,0.0,0.0,0.251,2086000000.0,2208000000.0,1222000000,0.085,1.503,10.045,9.955,17396000000,0.0,25.685,2.524,2.507,1104000000,3199000000,5122000000.0,5122000000.0,0.0,0.064,0.161,0.103,0.443,0.0,352000000.0,1.0,503313428,500000000,506000000.0,10.244,19157000000,0,729000000.0,4252000000,38.314,-391000000.0
63,APC,ART,2003-09-30,2003-11-12,2003-09-30,2019-07-30,46000000,20362000000,19551500000.0,1426000000,18936000000,0.255,16.356,-2548000000.0,144000000,144000000,779000000.0,1302000000.0,0.773,1.49,5448000000,277000000.0,5171000000.0,5448000000,0,1249000000.0,0,0.009,0.2,2269000000.0,3518000000.0,0.705,3518000000.0,2269000000.0,2025000000.0,2.61,2.56,2.61,8178000000,7576750000.0,8178000000,16180432592,7.0,4.599,442000000.0,0.884,1.0,4212000000.0,0.844,1473000000,244000000.0,22348000000,21473250000.0,0,0,0,0,12184000000,1845000000.0,10339000000.0,10876432592,113000000.0,-204000000.0,35000000.0,-70000000.0,-104000000.0,-130000000.0,-2752000000.0,0.0,2990000000.0,5000000.0,1302000000.0,1302000000.0,1302000000.0,0.0,0.0,0.261,1975000000.0,2237000000.0,1093000000,0.077,1.33,8.354,8.305,17013000000,0.0,21.675,2.179,2.171,1118000000,2940000000,4991000000.0,4991000000.0,0.0,0.067,0.172,0.106,0.455,0.0,336000000.0,1.0,501796198,500000000,502000000.0,9.982,18889000000,0,723000000.0,4226000000,37.778,-419000000.0
64,APC,ART,2003-06-30,2003-08-11,2003-06-30,2019-07-30,-66000000,20193000000,18856000000.0,1494000000,18699000000,0.244,15.614,-2378000000.0,128000000,128000000,744000000.0,1217000000.0,0.664,1.587,5616000000,445000000.0,5171000000.0,5616000000,0,1205000000.0,0,0.009,0.188,2086000000.0,3291000000.0,0.715,3291000000.0,2086000000.0,1852000000.0,2.445,2.385,2.445,7807000000,7202500000.0,7807000000,16093151140,8.0,4.89,272000000.0,0.544,1.0,3858000000.0,0.838,1472000000,234000000.0,21959000000,20960750000.0,0,0,0,0,12386000000,2250000000.0,10136000000.0,10605151140,83000000.0,-204000000.0,52000000.0,19000000.0,-98000000.0,14000000.0,-2582000000.0,0.0,2650000000.0,1000000.0,1217000000.0,1217000000.0,1217000000.0,0.0,0.0,0.264,1798000000.0,2060000000.0,1243000000,0.077,1.358,8.714,8.691,16759000000,0.0,21.25,2.304,2.309,1200000000,2691000000,4602000000.0,4602000000.0,0.0,0.065,0.169,0.1,0.453,0.0,339000000.0,1.0,499065936,500000000,504000000.0,9.204,18721000000,0,635000000.0,4001000000,37.442,-756000000.0
65,APC,ART,2003-03-31,2003-05-14,2003-03-31,2019-07-30,-128000000,19403000000,18185500000.0,1604000000,17799000000,0.278,14.962,-1980000000.0,82000000,82000000,1476000000.0,1155000000.0,0.764,1.604,5425000000,254000000.0,5171000000.0,5425000000,0,1155000000.0,0,0.007,0.175,1930000000.0,3085000000.0,0.609,3085000000.0,1930000000.0,1716000000.0,2.32,2.25,2.32,7451000000,6898000000.0,7451000000,17112816920,9.0,5.547,503000000.0,1.01,1.0,3587000000.0,0.708,1451000000,214000000.0,21196000000,20477250000.0,0,0,0,0,11952000000,2099000000.0,9853000000.0,11769816920,56000000.0,-221000000.0,45000000.0,-159000000.0,-92000000.0,-227000000.0,-2201000000.0,0.0,2483000000.0,1000000.0,1155000000.0,1155000000.0,1155000000.0,0.0,0.0,0.228,1743000000.0,1844000000.0,1325000000,0.075,1.58,10.19,10.168,15904000000,0.0,23.59,2.325,2.32,1384000000,2415000000,5063000000.0,5063000000.0,0.0,0.064,0.167,0.094,0.381,0.0,330000000.0,1.0,498932468,498000000,516000000.0,10.167,17952000000,0,561000000.0,3816000000,36.048,-495000000.0
66,APC,ART,2002-12-31,2003-03-14,2002-12-31,2019-07-30,-198000000,18248000000,17611250000.0,1280000000,16968000000,0.219,13.853,-2196000000.0,34000000,34000000,747000000.0,825000000.0,0.688,1.656,5471000000,300000000.0,5171000000.0,5471000000,0,1134000000.0,0,0.008,0.175,1404000000.0,2538000000.0,0.658,2538000000.0,1404000000.0,1201000000.0,1.66,1.605,1.66,6871000000,6603000000.0,6871000000,16242837115,12.0,6.4,0.0,0.0,1.0,3113000000.0,0.806,1434000000,203000000.0,20390000000,20090500000.0,0,0,0,0,11377000000,1861000000.0,9516000000.0,10805837115,-3000000.0,-221000000.0,-10000000.0,361000000.0,-86000000.0,220000000.0,-2417000000.0,0.0,2196000000.0,-2000000.0,825000000.0,825000000.0,825000000.0,0.0,0.0,0.214,1688000000.0,1425000000.0,1050000000,0.105,1.573,13.098,13.075,15098000000,0.0,21.705,2.799,2.789,1108000000,2021000000,3860000000.0,3860000000.0,0.0,0.047,0.125,0.07,0.364,0.0,314000000.0,1.0,497850132,496000000,520000000.0,7.782,16814000000,0,376000000.0,3633000000,33.899,-581000000.0
67,APC,ART,2002-09-30,2002-11-14,2002-09-30,2019-07-30,-87000000,17580000000,17242000000.0,1051000000,16529000000,0.316,13.416,-2783000000.0,31000000,31000000,2652000000.0,624000000.0,0.822,1.631,5460000000,0.0,5460000000.0,5460000000,0,1110000000.0,0,0.007,0.15,1096000000.0,2206000000.0,0.405,2206000000.0,1096000000.0,923000000.0,1.25,1.22,1.25,6681000000,6450750000.0,6681000000,16716420731,15.0,7.578,-609000000.0,-1.223,1.0,2789000000.0,0.513,1433000000,173000000.0,20298000000,19631250000.0,0,0,0,0,10899000000,1278000000.0,9621000000.0,11287420731,-37000000.0,-17000000.0,-13000000.0,735000000.0,-81000000.0,564000000.0,-2800000000.0,0.0,2174000000.0,25000000.0,624000000.0,624000000.0,624000000.0,0.0,0.0,0.115,1642000000.0,1147000000.0,840000000,0.12,1.689,18.089,18.16,14572000000,0.0,22.7,2.075,2.078,853000000,1736000000,5441000000.0,5441000000.0,0.0,0.036,0.097,0.056,0.201,0.0,294000000.0,1.0,497243204,498000000,516000000.0,10.926,16147000000,0,299000000.0,3553000000,32.424,-227000000.0
68,APC,ART,2002-06-30,2002-08-14,2002-06-30,2019-07-30,3000000,17511000000,17338750000.0,1076000000,16435000000,0.359,13.284,-2968000000.0,45000000,45000000,3408000000.0,165000000.0,0.699,1.658,5541000000,300000000.0,5241000000.0,5541000000,0,1146000000.0,0,0.007,0.137,264000000.0,1410000000.0,0.226,1410000000.0,264000000.0,122000000.0,0.33,0.31,0.33,6589000000,6602000000.0,6589000000,15821774899,60.0,11.221,-736000000.0,-1.484,1.0,2825000000.0,0.453,1443000000,142000000.0,20025000000,19486000000.0,0,0,0,0,10922000000,1539000000.0,9383000000.0,10325774899,-255000000.0,-136000000.0,-127000000.0,828000000.0,-74000000.0,603000000.0,-3104000000.0,0.0,2232000000.0,14000000.0,165000000.0,165000000.0,165000000.0,0.0,0.0,0.026,2500000000.0,325000000.0,943000000,0.415,1.567,62.58,62.955,14498000000,0.0,20.775,1.657,1.653,899000000,1567000000,6233000000.0,6233000000.0,0.0,0.01,0.025,0.014,0.042,0.0,283000000.0,1.0,497028876,496000000,518000000.0,12.567,16068000000,0,-43000000.0,3518000000,32.395,-463000000.0
69,APC,ART,2002-03-31,2002-05-13,2002-03-31,2019-07-30,-83000000,17106000000,17650000000.0,1030000000,16076000000,0.383,12.643,-3391000000.0,26000000,26000000,3622000000.0,327000000.0,0.679,1.728,5518000000,278000000.0,5240000000.0,5518000000,0,1209000000.0,0,0.005,0.125,504000000.0,1713000000.0,0.253,1713000000.0,504000000.0,385000000.0,0.65,0.595,0.65,6271000000,6881250000.0,6271000000,18893776538,37.0,11.03,-763000000.0,-1.538,1.0,3137000000.0,0.464,1432000000,119000000.0,19649000000,19362000000.0,0,0,0,0,10835000000,1517000000.0,9318000000.0,13401776538,-567000000.0,-150000000.0,-118000000.0,600000000.0,-68000000.0,333000000.0,-3541000000.0,0.0,2628000000.0,13000000.0,327000000.0,327000000.0,327000000.0,0.0,0.0,0.048,2539000000.0,598000000.0,932000000,0.192,2.137,40.984,41.515,14165000000,0.0,26.985,1.983,1.98,879000000,1346000000,6759000000.0,6759000000.0,0.0,0.019,0.048,0.026,0.075,0.0,270000000.0,1.0,496638004,496000000,526000000.0,13.627,15674000000,0,58000000.0,3444000000,31.601,-487000000.0
70,APC,ART,2001-12-31,2002-03-25,2001-12-31,2019-07-30,-49000000,16771000000,18049750000.0,1201000000,15570000000,0.464,12.524,-3178000000.0,37000000,37000000,4420000000.0,-188000000.0,0.667,1.678,5050000000,412000000.0,4638000000.0,5050000000,0,1228000000.0,0,0.004,0.125,-310000000.0,918000000.0,0.11,918000000.0,-310000000.0,-402000000.0,-0.375,-0.375,-0.375,6262000000,7174500000.0,6262000000,18918509775,-61.0,20.608,143000000.0,0.286,1.0,3949000000.0,0.472,1430000000,92000000.0,18553000000,19226250000.0,0,0,0,0,10509000000,1801000000.0,8708000000.0,13905509775,-162000000.0,-940000000.0,-67000000.0,811000000.0,-64000000.0,620000000.0,-4118000000.0,0.0,3321000000.0,15000000.0,-188000000.0,-188000000.0,-188000000.0,0.0,0.0,-0.022,4267000000.0,-318000000.0,1132000000,-0.333,2.221,-73.965,-74.747,13637000000,0.0,28.03,1.662,1.675,1018000000,1276000000,8369000000.0,8369000000.0,0.0,-0.01,-0.026,-0.016,-0.037,0.0,247000000.0,1.0,496093820,500000000,500000000.0,16.738,15341000000,0,-214000000.0,3451000000,30.682,-600000000.0
71,APC,ART,2001-09-30,2002-02-05,2001-09-30,2019-07-30,-4000000,16266000000,18004500000.0,1416000000,14850000000,0.624,12.406,-2866100000.0,68000000,68000000,6763400000.0,1215100000.0,0.967,1.622,4717000000,109000000.0,4608000000.0,4717000000,0,1235000000.0,0,0.005,0.112,1986000000.0,3221000000.0,0.287,3221000000.0,1986000000.0,1897500000.0,2.62,2.47,2.62,6203000000,7255500000.0,6203000000,16624227691,8.0,5.161,478000000.0,0.956,1.0,4471500000.0,0.398,1435000000,88500000.0,18016000000,18933500000.0,0,0,0,0,10063000000,1464000000.0,8599000000.0,11975227691,-61400000.0,-937600000.0,36300000.0,439800000.0,-59600000.0,409200000.0,-3803700000.0,0.0,3344100000.0,-11000000.0,1215100000.0,1223300000.0,1223300000.0,0.0,0.0,0.109,2635900000.0,1835600000.0,920000000,0.043,1.931,9.789,9.187,12902000000,-8200000.0,24.07,1.066,1.071,1193000000,1188000000,11234900000.0,11234900000.0,0.0,0.068,0.169,0.105,0.177,0.0,256100000.0,1.0,497516730,500000000,500000000.0,22.47,14831000000,0,682400000.0,3282000000,29.662,-48000000.0
72,APC,ART,2001-09-30,2001-11-14,2001-09-30,2019-07-30,-4000000,17967000000,18004500000.0,1416000000,16551000000,0.624,14.572,-2866100000.0,68000000,68000000,6763400000.0,1215100000.0,0.967,1.466,4717000000,109000000.0,4608000000.0,4717000000,0,1235000000.0,0,0.004,0.1,1986000000.0,3221000000.0,0.287,3221000000.0,1986000000.0,1897500000.0,2.62,2.47,2.62,7286000000,7255500000.0,7286000000,18370511413,9.0,5.703,478000000.0,0.956,1.0,4471500000.0,0.398,1435000000,88500000.0,19717000000,18933500000.0,0,0,0,0,10681000000,1464000000.0,9217000000.0,13721511413,-61400000.0,-937600000.0,36300000.0,439800000.0,-59600000.0,409200000.0,-3803700000.0,0.0,3344100000.0,-11000000.0,1215100000.0,1223300000.0,1223300000.0,0.0,0.0,0.109,2635900000.0,1835600000.0,920000000,0.038,1.883,11.217,10.527,14603000000,-8200000.0,27.58,1.221,1.227,1193000000,2271000000,11234900000.0,11234900000.0,0.0,0.068,0.169,0.105,0.177,0.0,256100000.0,1.0,497516730,500000000,500000000.0,22.47,16532000000,0,682400000.0,3900000000,33.064,-48000000.0
73,APC,ART,2001-06-30,2001-08-13,2001-06-30,2019-07-30,35000000,18756000000,17285650000.0,1737000000,17019000000,0.604,15.351,-2707563000.0,300000000,300000000,5955200000.0,1733500000.0,0.789,1.434,4689000000,748000000.0,3941000000.0,4689000000,0,1135751000.0,0,0.004,0.1,2920500000.0,4056251000.0,0.388,4056251000.0,2920500000.0,2822100000.0,3.695,3.525,3.695,7706000000,6994900000.0,7706000000,18396719717,6.0,4.535,687802000.0,1.37,1.0,4492800000.0,0.43,1415000000,98400000.0,19529000000,18515850000.0,0,0,0,0,11050000000,2201000000.0,8849000000.0,14007719717,295130000.0,-874000000.0,290861000.0,283325000.0,-60719000.0,480328000.0,-3581563000.0,0.0,3395365000.0,1000000.0,1733500000.0,1739000000.0,1739000000.0,0.0,0.0,0.166,1708000000.0,2784800000.0,1104000000,0.027,1.818,8.055,7.559,15064000000,-5500000.0,27.93,1.341,1.342,1233000000,2553000000,10448000000.0,10448000000.0,0.0,0.101,0.249,0.158,0.28,-808000.0,232800000.0,1.0,501529528,502000000,536000000.0,20.813,17341000000,0,1088600000.0,4177000000,34.544,-464000000.0
74,APC,ART,2001-03-31,2001-05-14,2001-03-31,2019-07-30,-5000000,18705000000,13738740500.0,2288000000,16417000000,0.618,14.888,-2050140000.0,593000000,593000000,4851008000.0,1410168000.0,0.959,1.513,4905000000,666000000.0,4239000000.0,4905000000,0,858692000.0,0,0.003,0.1,2452633000.0,3311325000.0,0.39,3311325000.0,2452633000.0,2358709000.0,3.185,3.055,3.185,7444000000,5485066750.0,7444000000,20304540966,8.0,6.132,585017000.0,1.17,1.0,3639335000.0,0.429,1524000000,93924000.0,19106000000,15195131500.0,0,0,0,0,11261000000,2387000000.0,8874000000.0,15992540966,583400000.0,-843000000.0,286471000.0,576909000.0,-55867000.0,841383000.0,-2893140000.0,0.0,2635157000.0,0.0,1410168000.0,1412938000.0,1412938000.0,0.0,0.0,0.166,1336402000.0,2302933000.0,1180000000,0.031,2.148,11.319,10.017,14471000000,-2770000.0,31.905,1.884,1.879,1282000000,2165000000,8490343000.0,8490343000.0,0.0,0.103,0.258,0.161,0.289,-393000.0,198876000.0,1.0,501255006,500000000,526000000.0,16.981,17181000000,0,948541000.0,3981000000,34.362,-99000000.0
75,APC,ART,2000-12-31,2001-03-15,2000-12-31,2019-07-30,3000000,16590000000,10117450750.0,1894000000,14696000000,0.562,17.897,-1647000000.0,199000000,199000000,3262000000.0,796000000.0,1.13,1.519,3984000000,0.0,3984000000.0,3984000000,0,625000000.0,0,0.003,0.1,1491000000.0,2116000000.0,0.372,2116000000.0,1491000000.0,1398000000.0,2.16,2.08,2.16,6586000000,4020724000.0,6586000000,19669802429,13.0,9.296,-111000000.0,-0.302,1.0,2424000000.0,0.426,1317000000,93000000.0,17382000000,11870697750.0,0,0,0,0,10004000000,1676000000.0,8328000000.0,15884802429,154000000.0,-53000000.0,288000000.0,24000000.0,-50000000.0,318000000.0,-1700000000.0,0.0,1536000000.0,0.0,796000000.0,796000000.0,796000000.0,0.0,0.0,0.14,1005000000.0,1419000000.0,1256000000,0.046,2.412,19.956,14.683,13011000000,0.0,31.715,2.794,2.053,1376000000,1521000000,5686000000.0,5686000000.0,0.0,0.079,0.198,0.126,0.262,0.0,180000000.0,1.0,500860868,368000000,386000000.0,15.451,15273000000,0,602000000.0,3633000000,41.503,218000000.0
76,APC,ART,2000-09-30,2000-11-13,2000-09-30,2019-07-30,1800000,15091600000,6994541500.0,1103700000,13987900000,0.248,13.549,-1155925000.0,129200000,129200000,246554000.0,398597000.0,,1.417,4111300000,,,4111300000,0,402881000.0,0,0.003,0.1,802732000.0,1205613000.0,0.696,1205613000.0,802732000.0,714131000.0,1.09,1.055,1.09,6243600000,2707862500.0,6243600000,18523607624,23.0,15.364,-120334000.0,-0.261,1.0,1486226000.0,0.858,1027300000,88601000.0,18046400000,8906038250.0,98300000,0,0,0,8848000000,,,14541507624,114366000.0,-55400000.0,180810000.0,105217000.0,-42509000.0,279150000.0,-1200375000.0,0.0,1035591000.0,0.0,398597000.0,387707000.0,387707000.0,0.0,0.0,0.224,648794000.0,837432000.0,832300000,0.092,2.329,37.506,26.812,12675200000,10890000.0,29.225,8.392,7.772,835000000,1097900000,1732780000.0,1732780000.0,0.0,0.055,0.143,0.09,0.463,484000.0,134565000.0,1.0,497570834,460800000,460800000.0,3.76,14064300000,0,315534000.0,3425400000,30.521,
77,APC,ART,2000-06-30,2000-08-14,2000-06-30,2019-07-30,0,4568362000,4180086250.0,449476000,4118886000,0.229,6.497,-843161000.0,4639000,4639000,161970000.0,171709000.0,,1.741,1682403000,,,1682403000,0,226878000.0,0,0.003,0.1,405907000.0,632785000.0,0.661,632785000.0,405907000.0,327307000.0,0.63,0.615,0.63,1666667000,1523919750.0,1666667000,9139763229,23.0,14.444,-382029000.0,-1.489,1.0,794645000.0,0.831,0,78600000.0,6246126000,5703037000.0,51111000,0,0,0,2901695000,,,7461999229,-12222000.0,0.0,34954000.0,346192000.0,-36493000.0,358857000.0,-832211000.0,0.0,461132000.0,0.0,171709000.0,160789000.0,160789000.0,0.0,0.0,0.168,388738000.0,405907000.0,343659000,0.159,4.477,46.409,46.135,4012339000,10920000.0,29.065,7.8,7.794,388697000,864666000,956615000.0,956615000.0,0.0,0.038,0.106,0.071,0.424,1766000.0,115504000.0,1.0,256734878,256520000,256520000.0,3.729,4568362000,0,155598000.0,708079000,17.809,
78,APC,ART,2000-03-31,2000-05-15,2000-03-31,2019-07-30,0,4219841000,3960647250.0,322726000,3897115000,0.205,6.196,-623277000.0,9369000,9369000,150602000.0,104733000.0,,1.66,1597793000,,,1597793000,0,218875000.0,0,0.004,0.1,292196000.0,511071000.0,0.63,511071000.0,292196000.0,215616000.0,0.37,0.365,0.37,1586629000,1480450750.0,1586629000,8320643450,28.0,16.281,-288525000.0,-1.127,1.0,661189000.0,0.814,0,76580000.0,5808265000,5389488250.0,32133000,0,0,0,2633212000,,,6732219450,-6161000.0,0.0,280046000.0,11651000.0,-36446000.0,271414000.0,-612327000.0,0.0,334752000.0,0.0,104733000.0,93813000.0,93813000.0,0.0,0.0,0.116,368993000.0,292196000.0,214705000,0.27,4.243,71.762,71.027,3807703000,10920000.0,26.28,8.293,8.29,277533000,796146000,811791000.0,811791000.0,0.0,0.024,0.063,0.054,0.36,1751000.0,108623000.0,1.0,256172734,256092000,256092000.0,3.17,4219841000,0,110883000.0,659192000,16.478,
79,APC,ART,1999-12-31,2000-03-16,1999-12-31,2019-07-30,0,4098363000,3820144750.0,355942000,3742421000,0.184,5.33,-551070000.0,44769000,44769000,141719000.0,42579000.0,,2.071,1469768000,,,1469768000,0,218091000.0,0,0.006,0.1,178941000.0,397032000.0,0.566,397032000.0,178941000.0,104817000.0,0.125,0.125,0.125,1334554000,1392426750.0,1334554000,5657178305,32.0,14.249,-233366000.0,-0.932,1.0,559385000.0,0.798,0,74124000.0,5523362000,5240291000.0,46090000,0,0,0,2763809000,,,4232179305,27761000.0,0.0,264817000.0,17930000.0,-36070000.0,246400000.0,-536343000.0,0.0,317704000.0,0.0,42579000.0,31659000.0,31659000.0,0.0,0.0,0.045,380444000.0,178941000.0,298589000,0.8,3.171,133.68,132.24,3681151000,10920000.0,16.53,6.036,5.903,259658000,763480000,701104000.0,701104000.0,0.0,0.008,0.023,0.034,0.255,1673000.0,102946000.0,1.0,256030206,250374000,250374000.0,2.8,4098363000,0,62238000.0,618991000,16.369,
80,APC,ART,1999-09-30,1999-11-15,1999-09-30,2019-07-30,0,3833779000,3703801500.0,259981000,3573798000,0.166,5.916,-573521000.0,14803000,14803000,143478000.0,-42159000.0,,1.543,1415419000,,,1415419000,0,215423000.0,0,0.006,0.1,25519000.0,240942000.0,0.393,240942000.0,25519000.0,-46094000.0,-0.225,-0.225,-0.225,1507829000,1323652250.0,1507829000,5513092656,216.0,22.881,-355292000.0,-1.394,1.0,469876000.0,0.766,0,71613000.0,5234395000,5126474750.0,27855000,0,0,0,2325950000,,,4112476656,-5078000.0,0.0,264114000.0,130674000.0,-35613000.0,342492000.0,-565799000.0,0.0,218229000.0,0.0,-42159000.0,-53079000.0,-53079000.0,0.0,0.0,-0.087,444357000.0,25519000.0,185009000,-0.444,2.727,-77.478,-71.667,3523844000,10920000.0,16.125,6.705,6.701,211762000,741859000,613354000.0,613354000.0,0.0,-0.014,-0.04,0.005,0.042,1505000.0,102243000.0,1.0,255037312,254874000,254874000.0,2.406,3833779000,0,-3935000.0,566995000,15.042,
81,APC,ART,1999-06-30,1999-08-12,1999-06-30,2019-07-30,0,3690606000,3619610000.0,233925000,3456681000,0.158,5.959,-607244000.0,16861000,16861000,150110000.0,-63207000.0,,1.472,1318186000,,,1318186000,0,215237000.0,0,0.005,0.1,-17441000.0,197796000.0,0.345,197796000.0,-17441000.0,-86146000.0,-0.31,-0.31,-0.31,1492791000,1276146500.0,1492791000,6096099562,-350.0,30.82,-427583000.0,-1.707,1.0,423500000.0,0.738,0,68705000.0,4991931000,5012516000.0,30175000,0,0,0,2197815000,,,4794774562,-12818000.0,0.0,267204000.0,166379000.0,-35324000.0,386873000.0,-579352000.0,0.0,179661000.0,0.0,-63207000.0,-74127000.0,-74127000.0,0.0,0.0,-0.129,440941000.0,-17441000.0,174012000,-0.323,3.212,-64.683,-60.694,3404027000,10920000.0,18.815,8.359,8.217,183709000,729450000,573610000.0,573610000.0,0.0,-0.02,-0.058,-0.003,-0.03,1286000.0,99554000.0,1.0,254837872,250510000,250510000.0,2.29,3690606000,0,-22939000.0,541259000,14.732,
82,APC,ART,1999-03-31,1999-05-13,1999-03-31,2019-07-30,0,3657831000,3537054250.0,204121000,3453710000,0.155,5.123,-759772000.0,15530000,15530000,154319000.0,-69558000.0,,1.963,1569175000,,,1569175000,0,209686000.0,0,0.005,0.1,-38581000.0,171105000.0,0.311,171105000.0,-38581000.0,-102560000.0,-0.33,-0.33,-0.33,1234533000,1233123000.0,1234533000,5999451701,-156.0,35.063,-657659000.0,-2.729,1.0,395298000.0,0.719,0,63979000.0,5211476000,4887974000.0,33586000,0,0,0,2423298000,,,4445806701,7628000.0,0.0,16144000.0,465620000.0,-33890000.0,637395000.0,-731880000.0,0.0,102113000.0,0.0,-69558000.0,-79386000.0,-79386000.0,0.0,0.0,-0.144,433879000.0,-38581000.0,166285000,-0.303,3.601,-56.002,-55.682,3414038000,9828000.0,18.375,8.089,8.057,151410000,727859000,549617000.0,549617000.0,0.0,-0.022,-0.064,-0.008,-0.07,1166000.0,98081000.0,1.0,241948664,240984000,240984000.0,2.281,3657831000,0,-33002000.0,529751000,15.179,
83,APC,ART,1998-12-31,1999-03-15,1998-12-31,2019-07-30,0,3632990000,3420054250.0,229928000,3403062000,0.164,4.411,-911390000.0,17008000,17008000,160520000.0,-42188000.0,,2.429,1452115000,,,1452115000,0,204499000.0,0,0.006,0.1,-7388000.0,197111000.0,0.352,197111000.0,-7388000.0,-65087000.0,-0.205,-0.205,-0.205,1059456000,1205174000.0,1059456000,5546179426,-751.0,28.137,-671748000.0,-2.797,1.0,399734000.0,0.713,0,57699000.0,5068097000,4658014500.0,25860000,0,0,0,2573534000,,,4111072426,8101000.0,0.0,15407000.0,469659000.0,-29628000.0,655734000.0,-887275000.0,0.0,239642000.0,0.0,-42188000.0,-49286000.0,-49286000.0,0.0,0.0,-0.088,407122000.0,-7388000.0,227988000,-0.488,3.88,-83.413,-83.244,3381538000,7098000.0,17.065,7.338,7.317,181491000,756971000,560254000.0,560254000.0,0.0,-0.014,-0.041,-0.002,-0.013,1145000.0,94914000.0,1.0,240906676,240206000,240206000.0,2.332,3632990000,0,-22899000.0,541758000,15.124,
84,APC,ART,1998-09-30,1998-11-13,1998-09-30,2019-07-30,0,3497013000,3259923000.0,205168000,3291845000,,5.484,,19881000,19881000,,,,1.654,1301428000,,,1301428000,0,,0,0.006,0.088,,,,,,,,,,1317806000,1219505000.0,1317806000,5027292142,,,,,1.0,,,0,,4778560000,4381338500.0,20961000,0,0,0,2179207000,,,3745745142,,,,,,,,,,,,,,,,,,,157870000,,2.842,,,3260275000,,15.565,,,157750000,819631000,,,,,,,,,,1.0,240651792,240280000,,,3497013000,0,,565699000,14.554,
85,APC,ART,1998-06-30,1998-08-14,1998-06-30,2019-07-30,0,3360383000,,216346000,3144037000,,5.501,,29679000,29679000,,,,1.544,1163059000,,,1163059000,0,,0,0.005,0.081,,,,,,,,,,1320697000,,1320697000,5021662262,,,,,1.0,,,0,,4493763000,,29863000,0,0,0,2039686000,,,3888282262,,,,,,,,,,,,,,,,,,,168906000,,2.944,,,3117547000,,16.19,,,153417000,827981000,,,,,,,,,,1.0,240165674,240098000,,,3360383000,0,,568484000,13.996,
86,APC,ART,1998-03-31,1998-05-15,1998-03-31,2019-07-30,0,3189831000,,198633000,2991198000,,4.685,,7902000,7902000,,,,1.841,1109709000,,,1109709000,0,,0,0.004,0.075,,,,,,,,,,1122737000,,1122737000,5194235373,,,,,1.0,,,0,,4291638000,,30731000,0,0,0,2067094000,,,4092428373,,,,,,,,,,,,,,,,,,,249951000,,3.645,,,2966713000,,17.047,,,156397000,831307000,,,,,,,,,,1.0,240060324,239668000,,,3189831000,0,,570863000,13.309,
87,APC,ART,1997-12-31,1998-03-18,1997-12-31,2019-07-30,0,2992465000,,218994000,2773471000,,4.675,-677843000.0,8907000,8907000,154657000.0,107318000.0,,1.68,977835000,,,977835000,0,198821000.0,0,0.005,0.075,205318000.0,404139000.0,0.6,404139000.0,205318000.0,164359000.0,0.45,0.445,0.45,1116780000,,1116780000,4694108627,23.0,11.615,-315886000.0,-1.322,1.0,518544000.0,0.77,0,40959000.0,3961393000,,28564000,0,0,0,1875685000,,,3725180627,-5694000.0,0.0,11002000.0,224684000.0,-17926000.0,221867000.0,-589518000.0,0.0,361957000.0,0.0,107318000.0,107318000.0,107318000.0,0.0,0.0,0.159,315164000.0,203380000.0,202822000,0.167,3.336,34.712,34.55,2754779000,0.0,15.547,5.534,5.517,177157000,828787000,673201000.0,673201000.0,0.0,,,,0.305,2306000.0,73569000.0,1.0,239599976,238868000,238868000.0,2.818,2992465000,0,57041000.0,560591000,12.528,
