None,ticker,dimension,calendardate,datekey,reportperiod,lastupdated,accoci,assets,assetsavg,assetsc,assetsnc,assetturnover,bvps,capex,cashneq,cashnequsd,cor,consolinc,currentratio,de,debt,debtc,debtnc,debtusd,deferredrev,depamor,deposits,divyield,dps,ebit,ebitda,ebitdamargin,ebitdausd,ebitusd,ebt,eps,epsdil,epsusd,equity,equityavg,equityusd,ev,evebit,evebitda,fcf,fcfps,fxusd,gp,grossmargin,intangibles,intexp,invcap,invcapavg,inventory,investments,investmentsc,investmentsnc,liabilities,liabilitiesc,liabilitiesnc,marketcap,ncf,ncfbus,ncfcommon,ncfdebt,ncfdiv,ncff,ncfi,ncfinv,ncfo,ncfx,netinc,netinccmn,netinccmnusd,netincdis,netincnci,netmargin,opex,opinc,payables,payoutratio,pb,pe,pe1,ppnenet,prefdivis,price,ps,ps1,receivables,retearn,revenue,revenueusd,rnd,roa,roe,roic,ros,sbcomp,sgna,sharefactor,sharesbas,shareswa,shareswadil,sps,tangibles,taxassets,taxexp,taxliabilities,tbvps,workingcapital
0,APC,MRY,2018-12-31,2018-12-31,2018-12-31,2019-07-30,-335000000.0,40376000000.0,40919500000.0,3795000000.0,36581000000.0,0.327,16.857,-5766000000.0,1295000000.0,1295000000.0,3078000000.0,752000000.0,0.815,3.464,16417000000.0,947000000.0,15470000000.0,16417000000.0,0.0,4254000000.0,0.0,0.024,1.05,2295000000.0,6549000000.0,0.489,6549000000.0,2295000000.0,1348000000.0,1.2,1.2,1.2,8496000000.0,8710000000.0,8496000000.0,36917674744.0,16.0,5.637,163000000.0,0.323,1.0,10304000000.0,0.77,5630000000.0,947000000.0,45210000000.0,44530250000.0,0.0,0.0,0.0,0.0,29433000000.0,4658000000.0,24775000000.0,22107674744.0,-3245000000.0,0.0,-2725000000.0,615000000.0,-528000000.0,-3177000000.0,-5982000000.0,0.0,5929000000.0,-15000000.0,615000000.0,615000000.0,615000000.0,0.0,137000000.0,0.046,7685000000.0,2619000000.0,2003000000.0,0.875,2.602,35.947,36.533,28615000000.0,0.0,43.84,1.652,1.651,2026000000.0,1245000000.0,13382000000.0,13382000000.0,459000000.0,0.015,0.071,0.052,0.171,0.0,1084000000.0,1.0,504280902.0,504000000,504000000.0,26.552,34746000000.0,0.0,733000000.0,2437000000.0,68.94,-863000000.0
1,APC,MRY,2017-12-31,2017-12-31,2017-12-31,2019-07-30,-338000000.0,42086000000.0,43563750000.0,6762000000.0,35324000000.0,0.273,19.518,-1023000000.0,4553000000.0,4553000000.0,3454000000.0,-211000000.0,1.731,2.645,15689000000.0,142000000.0,15547000000.0,15689000000.0,0.0,4279000000.0,0.0,0.004,0.2,-1001000000.0,3278000000.0,0.275,3278000000.0,-1001000000.0,-1933000000.0,-0.85,-0.85,-0.85,10696000000.0,11201500000.0,10696000000.0,39671531358.0,-40.0,12.102,2986000000.0,5.449,1.0,8454000000.0,0.71,5662000000.0,932000000.0,43654000000.0,44347250000.0,0.0,0.0,0.0,0.0,28296000000.0,3906000000.0,24390000000.0,29349531358.0,1366000000.0,25000000.0,-1092000000.0,268000000.0,-111000000.0,-1613000000.0,-1030000000.0,0.0,4009000000.0,0.0,-456000000.0,-456000000.0,-456000000.0,0.0,245000000.0,-0.038,9019000000.0,-565000000.0,1894000000.0,-0.235,2.744,-64.363,-63.106,27451000000.0,0.0,53.64,2.465,2.468,1829000000.0,1109000000.0,11908000000.0,11908000000.0,2535000000.0,-0.01,-0.041,-0.023,-0.084,0.0,994000000.0,1.0,547157557.0,548000000,548000000.0,21.73,36424000000.0,0.0,-1477000000.0,2234000000.0,66.467,2856000000.0
2,APC,MRY,2016-12-31,2016-12-31,2016-12-31,2019-07-30,-391000000.0,45564000000.0,45734000000.0,5266000000.0,40298000000.0,0.172,23.395,-1149000000.0,3184000000.0,3184000000.0,2892000000.0,-2808000000.0,1.582,2.462,15323000000.0,42000000.0,15281000000.0,15323000000.0,0.0,4301000000.0,0.0,0.003,0.2,-3202000000.0,1099000000.0,0.14,1099000000.0,-3202000000.0,-4092000000.0,-5.9,-5.9,-5.9,12212000000.0,11944750000.0,12212000000.0,50870159548.0,-16.0,46.288,1851000000.0,3.546,1.0,4977000000.0,0.632,5904000000.0,890000000.0,48471000000.0,48850500000.0,0.0,0.0,0.0,0.0,30067000000.0,3328000000.0,26739000000.0,38972159548.0,2283000000.0,-1740000000.0,2150000000.0,-893000000.0,-105000000.0,2008000000.0,-2742000000.0,0.0,3000000000.0,17000000.0,-3071000000.0,-3071000000.0,-3071000000.0,0.0,263000000.0,-0.39,7349000000.0,-2372000000.0,1617000000.0,-0.034,3.191,-12.69,-11.819,32168000000.0,0.0,69.73,4.953,4.626,1728000000.0,1704000000.0,7869000000.0,7869000000.0,944000000.0,-0.067,-0.257,-0.066,-0.407,0.0,1223000000.0,1.0,558900897.0,522000000,522000000.0,15.075,39660000000.0,0.0,-1021000000.0,4324000000.0,75.977,1938000000.0
3,APC,MRY,2015-12-31,2015-12-31,2015-12-31,2019-07-30,-383000000.0,46331000000.0,50152500000.0,3981000000.0,42350000000.0,0.173,25.234,-4652000000.0,939000000.0,939000000.0,3185000000.0,-6812000000.0,0.952,2.408,15668000000.0,32000000.0,15636000000.0,15668000000.0,0.0,4603000000.0,0.0,0.022,1.08,-8744000000.0,-4141000000.0,-0.476,-4141000000.0,-8744000000.0,-9569000000.0,-13.18,-13.18,-13.18,12819000000.0,14904750000.0,12819000000.0,38538574844.0,-4.0,-9.307,-6529000000.0,-12.852,1.0,5513000000.0,0.634,6331000000.0,825000000.0,50549000000.0,53371250000.0,0.0,0.0,0.0,0.0,30874000000.0,4180000000.0,26694000000.0,24685574844.0,-6430000000.0,-3000000.0,-21000000.0,576000000.0,-553000000.0,220000000.0,-4771000000.0,0.0,-1877000000.0,-2000000.0,-6692000000.0,-6692000000.0,-6692000000.0,0.0,-120000000.0,-0.769,14322000000.0,-8809000000.0,2850000000.0,-0.082,1.926,-3.689,-3.686,33751000000.0,0.0,48.58,2.838,2.837,2469000000.0,4880000000.0,8698000000.0,8698000000.0,2644000000.0,-0.133,-0.449,-0.164,-1.005,0.0,1176000000.0,1.0,508142751.0,508000000,508000000.0,17.122,40000000000.0,0.0,-2877000000.0,5718000000.0,78.74,-199000000.0
4,APC,MRY,2014-12-31,2014-12-31,2014-12-31,2019-07-30,-517000000.0,60967000000.0,59537250000.0,10499000000.0,50468000000.0,0.31,38.982,-4540000000.0,7369000000.0,7369000000.0,3317000000.0,-1563000000.0,1.026,1.959,15092000000.0,0.0,15092000000.0,15092000000.0,0.0,4550000000.0,0.0,0.012,0.99,639000000.0,5189000000.0,0.281,5189000000.0,639000000.0,-133000000.0,-3.47,-3.47,-3.47,19725000000.0,19713250000.0,19725000000.0,48175158165.0,75.0,9.284,3926000000.0,7.759,1.0,15153000000.0,0.82,6569000000.0,772000000.0,51887000000.0,50447750000.0,0.0,0.0,0.0,0.0,38649000000.0,10234000000.0,28415000000.0,41782158165.0,3671000000.0,-1527000000.0,76000000.0,1516000000.0,-505000000.0,1675000000.0,-6472000000.0,0.0,8466000000.0,2000000.0,-1750000000.0,-1750000000.0,-1750000000.0,0.0,187000000.0,-0.095,9750000000.0,5403000000.0,3683000000.0,-0.285,2.118,-23.876,-23.775,41589000000.0,0.0,82.5,2.262,2.26,2527000000.0,12125000000.0,18470000000.0,18470000000.0,1639000000.0,-0.029,-0.089,0.013,0.035,0.0,1316000000.0,1.0,506450402.0,506000000,506000000.0,36.502,54398000000.0,0.0,1617000000.0,8859000000.0,107.506,265000000.0
5,APC,MRY,2013-12-31,2013-12-31,2013-12-31,2019-07-30,-285000000.0,55781000000.0,54990750000.0,7108000000.0,48673000000.0,0.265,43.54,-7154000000.0,3698000000.0,3698000000.0,2942000000.0,941000000.0,1.246,1.47,13565000000.0,500000000.0,13065000000.0,13565000000.0,0.0,3927000000.0,0.0,0.007,0.54,2652000000.0,6579000000.0,0.451,6579000000.0,2652000000.0,1966000000.0,1.58,1.58,1.58,21857000000.0,21869500000.0,21857000000.0,49627133522.0,19.0,7.543,1734000000.0,3.454,1.0,11639000000.0,0.798,5662000000.0,686000000.0,54283000000.0,54054250000.0,0.0,0.0,0.0,0.0,32131000000.0,5703000000.0,26428000000.0,39919133522.0,1227000000.0,-473000000.0,92000000.0,235000000.0,-274000000.0,623000000.0,-8216000000.0,0.0,8888000000.0,-68000000.0,801000000.0,801000000.0,801000000.0,0.0,140000000.0,0.055,8306000000.0,3333000000.0,3530000000.0,0.342,1.826,49.837,50.203,40929000000.0,0.0,79.32,2.738,2.731,2722000000.0,14356000000.0,14581000000.0,14581000000.0,1329000000.0,0.015,0.037,0.049,0.182,0.0,1090000000.0,1.0,503266938.0,502000000,505000000.0,29.046,50119000000.0,0.0,1165000000.0,9245000000.0,99.839,1405000000.0
6,APC,MRY,2012-12-31,2012-12-31,2012-12-31,2019-07-30,-640000000.0,52589000000.0,53290000000.0,6795000000.0,45794000000.0,0.252,41.258,-6585000000.0,2471000000.0,2471000000.0,2694000000.0,2445000000.0,1.701,1.489,13269000000.0,0.0,13269000000.0,13269000000.0,0.0,3964000000.0,0.0,0.005,0.36,4253000000.0,8217000000.0,0.613,8217000000.0,4253000000.0,3511000000.0,4.76,4.74,4.76,20629000000.0,20384250000.0,20629000000.0,48746108010.0,11.0,5.932,1754000000.0,3.508,1.0,10717000000.0,0.799,5680000000.0,742000000.0,53713000000.0,54355000000.0,0.0,0.0,0.0,0.0,30707000000.0,3994000000.0,26713000000.0,37137108010.0,-226000000.0,0.0,66000000.0,-2071000000.0,-181000000.0,-1659000000.0,-6869000000.0,0.0,8339000000.0,-37000000.0,2391000000.0,2391000000.0,2391000000.0,0.0,54000000.0,0.178,6990000000.0,3727000000.0,2989000000.0,0.076,1.8,15.532,15.611,38398000000.0,0.0,74.31,2.769,2.77,2747000000.0,13829000000.0,13411000000.0,13411000000.0,1946000000.0,0.045,0.117,0.078,0.317,0.0,1246000000.0,1.0,499759225.0,500000000,502000000.0,26.822,46909000000.0,0.0,1120000000.0,8759000000.0,93.818,2801000000.0
7,APC,MRY,2011-12-31,2011-12-31,2011-12-31,2019-07-30,-612000000.0,51779000000.0,52367750000.0,6931000000.0,44848000000.0,0.267,36.355,-5095000000.0,2697000000.0,2697000000.0,2675000000.0,-2568000000.0,1.415,1.811,15230000000.0,170000000.0,15060000000.0,15230000000.0,0.0,3830000000.0,0.0,0.005,0.36,-2666000000.0,1164000000.0,0.083,1164000000.0,-2666000000.0,-3505000000.0,-5.32,-5.32,-5.32,18105000000.0,19777250000.0,18105000000.0,47472165435.0,-18.0,40.784,-2590000000.0,-5.201,1.0,11292000000.0,0.808,5831000000.0,839000000.0,53582000000.0,51800000000.0,0.0,0.0,0.0,0.0,32796000000.0,4899000000.0,27897000000.0,38010165435.0,-983000000.0,-802000000.0,-11000000.0,2438000000.0,-181000000.0,2510000000.0,-5975000000.0,0.0,2505000000.0,-23000000.0,-2649000000.0,-2649000000.0,-2649000000.0,0.0,81000000.0,-0.19,13162000000.0,-1870000000.0,3299000000.0,-0.068,2.099,-14.349,-14.348,37501000000.0,0.0,76.33,2.721,2.722,3259000000.0,11619000000.0,13967000000.0,13967000000.0,1076000000.0,-0.051,-0.134,-0.051,-0.191,0.0,1060000000.0,1.0,497971511.0,498000000,498000000.0,28.046,45948000000.0,0.0,-856000000.0,8479000000.0,92.265,2032000000.0
8,APC,MRY,2010-12-31,2010-12-31,2010-12-31,2019-07-30,-549000000.0,51559000000.0,51160000000.0,6675000000.0,44884000000.0,0.215,41.786,-4938000000.0,3680000000.0,3680000000.0,2261000000.0,821000000.0,1.623,1.456,13013000000.0,291000000.0,12722000000.0,13013000000.0,0.0,3714000000.0,0.0,0.005,0.36,2436000000.0,6150000000.0,0.56,6150000000.0,2436000000.0,1581000000.0,1.53,1.52,1.53,20684000000.0,20658750000.0,20684000000.0,46997322134.0,19.0,7.642,309000000.0,0.624,1.0,8723000000.0,0.794,5311000000.0,855000000.0,51467000000.0,50703250000.0,0.0,0.0,0.0,0.0,30120000000.0,4114000000.0,26006000000.0,37744322134.0,149000000.0,0.0,65000000.0,-280000000.0,-180000000.0,-122000000.0,-4964000000.0,0.0,5247000000.0,-12000000.0,761000000.0,761000000.0,761000000.0,0.0,60000000.0,0.069,6954000000.0,1769000000.0,2726000000.0,0.235,1.825,49.598,49.778,37957000000.0,0.0,76.16,3.436,3.432,2423000000.0,14449000000.0,10984000000.0,10984000000.0,974000000.0,0.015,0.037,0.048,0.222,0.0,967000000.0,1.0,495592465.0,495000000,497000000.0,22.19,46248000000.0,0.0,820000000.0,9861000000.0,93.43,2561000000.0
9,APC,MRY,2009-12-31,2009-12-31,2009-12-31,2019-07-30,-512000000.0,50123000000.0,49281250000.0,6083000000.0,44040000000.0,0.183,41.517,-4176000000.0,3531000000.0,3531000000.0,2140000000.0,-103000000.0,1.591,1.491,12748000000.0,0.0,12748000000.0,12748000000.0,0.0,3532000000.0,0.0,0.006,0.36,562000000.0,4094000000.0,0.455,4094000000.0,562000000.0,-140000000.0,-0.28,-0.28,-0.28,19928000000.0,19451250000.0,19928000000.0,39874143461.0,71.0,9.74,-250000000.0,-0.521,1.0,6860000000.0,0.762,5322000000.0,702000000.0,50194000000.0,50017500000.0,0.0,0.0,0.0,0.0,29708000000.0,3824000000.0,25884000000.0,30680143461.0,1171000000.0,0.0,1337000000.0,365000000.0,-176000000.0,1481000000.0,-4236000000.0,0.0,3926000000.0,0.0,-135000000.0,-135000000.0,-135000000.0,0.0,32000000.0,-0.015,6483000000.0,377000000.0,2876000000.0,-1.286,1.54,-227.26,-222.929,37204000000.0,0.0,62.42,3.409,3.329,2052000000.0,13868000000.0,9000000000.0,9000000000.0,1107000000.0,-0.003,-0.007,0.011,0.062,0.0,983000000.0,1.0,491511430.0,480000000,480000000.0,18.75,44801000000.0,0.0,-5000000.0,9925000000.0,93.335,2259000000.0
10,APC,MRY,2008-12-31,2008-12-31,2008-12-31,2019-07-30,-119000000.0,48923000000.0,48956000000.0,5095000000.0,43828000000.0,0.31,40.419,-2346000000.0,2360000000.0,2360000000.0,2457000000.0,3283000000.0,0.92,1.584,12339000000.0,1472000000.0,10867000000.0,12339000000.0,0.0,3194000000.0,0.0,0.009,0.36,6140000000.0,9334000000.0,0.616,9334000000.0,6140000000.0,5408000000.0,6.92,6.91,6.92,18795000000.0,17578500000.0,18795000000.0,28413978045.0,5.0,3.044,4096000000.0,8.809,1.0,12705000000.0,0.838,5413000000.0,732000000.0,47953000000.0,49822250000.0,0.0,0.0,0.0,0.0,29767000000.0,5536000000.0,24231000000.0,17695978045.0,1092000000.0,0.0,-606000000.0,-2421000000.0,-170000000.0,-2822000000.0,-2528000000.0,0.0,6442000000.0,0.0,3260000000.0,3260000000.0,3260000000.0,-63000000.0,23000000.0,0.215,7104000000.0,5601000000.0,3166000000.0,0.052,0.942,5.428,5.571,37047000000.0,0.0,38.55,1.167,1.182,1687000000.0,14179000000.0,15162000000.0,15162000000.0,1369000000.0,0.067,0.185,0.123,0.405,0.0,866000000.0,1.0,459039638.0,465000000,466000000.0,32.606,43510000000.0,0.0,2148000000.0,9974000000.0,93.57,-441000000.0
11,APC,MRY,2007-12-31,2007-12-31,2007-12-31,2019-07-30,-133000000.0,48451000000.0,50729250000.0,4486000000.0,43965000000.0,0.324,35.191,4014000000.0,1268000000.0,1268000000.0,2579000000.0,3778000000.0,0.857,1.961,14747000000.0,1396000000.0,13351000000.0,14747000000.0,0.0,2840000000.0,0.0,0.005,0.36,7420000000.0,10260000000.0,0.625,10260000000.0,7420000000.0,6337000000.0,8.03,8.01,8.03,16364000000.0,15858000000.0,16364000000.0,44085056560.0,6.0,4.297,6914000000.0,14.869,1.0,13837000000.0,0.843,5166000000.0,1083000000.0,51530000000.0,51742500000.0,0.0,0.0,0.0,0.0,32087000000.0,5234000000.0,26853000000.0,30635056560.0,757000000.0,-100000000.0,79000000.0,-5491000000.0,-170000000.0,-5921000000.0,3778000000.0,0.0,2900000000.0,0.0,3778000000.0,3778000000.0,3778000000.0,0.0,0.0,0.23,5966000000.0,7871000000.0,2778000000.0,0.045,1.872,8.109,8.181,37451000000.0,0.0,65.69,1.866,1.861,2576000000.0,11089000000.0,16416000000.0,16416000000.0,905000000.0,0.074,0.238,0.143,0.452,0.0,936000000.0,1.0,466357993.0,465000000,467000000.0,35.303,43285000000.0,0.0,2559000000.0,10214000000.0,93.086,-748000000.0
12,APC,MRY,2006-12-31,2006-12-31,2006-12-31,2019-07-30,-137000000.0,54964000000.0,40418000000.0,4612000000.0,50352000000.0,0.253,26.963,-3120000000.0,491000000.0,491000000.0,1716000000.0,4749000000.0,0.275,3.432,22991000000.0,11471000000.0,11520000000.0,22991000000.0,0.0,1752000000.0,0.0,0.008,0.36,6662000000.0,8414000000.0,0.822,8414000000.0,6662000000.0,6012000000.0,10.31,10.24,10.31,12403000000.0,12524000000.0,12403000000.0,46031082729.0,7.0,5.471,1373000000.0,2.985,1.0,8514000000.0,0.832,4332000000.0,650000000.0,56374000000.0,39725000000.0,0.0,0.0,0.0,0.0,42561000000.0,16758000000.0,25803000000.0,20008082729.0,-228000000.0,-21087000000.0,-12000000.0,16121000000.0,-170000000.0,15823000000.0,-20555000000.0,0.0,4493000000.0,11000000.0,4749000000.0,4746000000.0,4746000000.0,-2275000000.0,0.0,0.464,4133000000.0,4381000000.0,3501000000.0,0.035,1.613,4.216,4.221,41436000000.0,3000000.0,43.52,1.956,1.957,3291000000.0,7409000000.0,10230000000.0,10230000000.0,737000000.0,0.117,0.379,0.168,0.651,0.0,768000000.0,1.0,459744548.0,460000000,464000000.0,22.239,50632000000.0,0.0,1263000000.0,11870000000.0,110.07,-12146000000.0
13,APC,MRY,2005-12-31,2005-12-31,2005-12-31,2019-07-30,544000000.0,22588000000.0,21482250000.0,2916000000.0,19672000000.0,0.294,23.513,-2477000000.0,561000000.0,561000000.0,727000000.0,2331000000.0,1.213,1.044,3627000000.0,80000000.0,3547000000.0,3627000000.0,0.0,901000000.0,0.0,0.008,0.36,3830000000.0,4731000000.0,0.75,4731000000.0,3830000000.0,3609000000.0,4.95,4.9,4.95,11051000000.0,10305500000.0,11051000000.0,24942073663.0,7.0,5.272,1335000000.0,2.84,1.0,5581000000.0,0.885,1089000000.0,221000000.0,22162000000.0,20857000000.0,0.0,0.0,0.0,0.0,11537000000.0,2403000000.0,9134000000.0,22278073663.0,-135000000.0,0.0,-779000000.0,-166000000.0,-175000000.0,-1031000000.0,-2919000000.0,0.0,3812000000.0,3000000.0,2331000000.0,2326000000.0,2326000000.0,-356000000.0,0.0,0.369,2183000000.0,3398000000.0,1485000000.0,0.073,2.016,9.578,9.571,15195000000.0,5000000.0,47.375,3.532,3.53,1602000000.0,6957000000.0,6308000000.0,6308000000.0,445000000.0,0.108,0.226,0.184,0.607,0.0,477000000.0,1.0,470249576.0,470000000,475000000.0,13.421,21499000000.0,0.0,1278000000.0,3993000000.0,45.743,513000000.0
14,APC,MRY,2004-12-31,2004-12-31,2004-12-31,2019-07-30,381000000.0,20192000000.0,21078500000.0,2502000000.0,17690000000.0,0.243,18.607,-399000000.0,874000000.0,874000000.0,738000000.0,1606000000.0,1.255,1.175,3840000000.0,169000000.0,3671000000.0,3840000000.0,0.0,1132000000.0,0.0,0.009,0.28,2763000000.0,3895000000.0,0.76,3895000000.0,2763000000.0,2405000000.0,3.21,3.18,3.21,9285000000.0,9199750000.0,9285000000.0,20359906044.0,7.0,5.227,2808000000.0,5.627,1.0,4386000000.0,0.856,1309000000.0,358000000.0,19856000000.0,21813250000.0,0.0,0.0,0.0,0.0,10907000000.0,1993000000.0,8914000000.0,16029906044.0,812000000.0,-46000000.0,-1116000000.0,-1170000000.0,-144000000.0,-2361000000.0,-37000000.0,0.0,3207000000.0,3000000.0,1606000000.0,1601000000.0,1601000000.0,-305000000.0,0.0,0.312,1869000000.0,2517000000.0,1460000000.0,0.087,1.726,10.012,10.095,15913000000.0,5000000.0,32.405,3.128,3.156,1350000000.0,4661000000.0,5124000000.0,5124000000.0,0.0,0.076,0.174,0.127,0.539,0.0,373000000.0,1.0,494673848.0,499000000,503000000.0,10.269,18883000000.0,0.0,799000000.0,4414000000.0,37.842,509000000.0
15,APC,MRY,2003-12-31,2003-12-31,2003-12-31,2019-07-30,122000000.0,20546000000.0,20126000000.0,1324000000.0,19222000000.0,0.254,17.198,-2634000000.0,62000000.0,62000000.0,828000000.0,1287000000.0,0.772,1.389,5058000000.0,0.0,5058000000.0,5058000000.0,0.0,1297000000.0,0.0,0.009,0.22,2269000000.0,3566000000.0,0.697,3566000000.0,2269000000.0,2016000000.0,2.58,2.545,2.58,8599000000.0,8008750000.0,8599000000.0,18102312030.0,8.0,5.076,409000000.0,0.818,1.0,4285000000.0,0.838,1389000000.0,253000000.0,22438000000.0,21985250000.0,0.0,0.0,0.0,0.0,11947000000.0,1715000000.0,10232000000.0,12798312030.0,28000000.0,0.0,100000000.0,-414000000.0,-114000000.0,-391000000.0,-2634000000.0,0.0,3043000000.0,10000000.0,1287000000.0,1287000000.0,1287000000.0,0.0,0.0,0.252,2086000000.0,2199000000.0,1222000000.0,0.085,1.488,9.944,9.886,17396000000.0,0.0,25.505,2.503,2.494,1104000000.0,3199000000.0,5113000000.0,5113000000.0,0.0,0.064,0.161,0.103,0.444,0.0,392000000.0,1.0,501796198.0,500000000,506000000.0,10.226,19157000000.0,0.0,729000000.0,4252000000.0,38.314,-391000000.0
16,APC,MRY,2002-12-31,2002-12-31,2002-12-31,2019-07-30,-198000000.0,18248000000.0,17611250000.0,1280000000.0,16968000000.0,0.218,14.056,-2196000000.0,34000000.0,34000000.0,747000000.0,825000000.0,0.688,1.617,5471000000.0,300000000.0,5171000000.0,5471000000.0,0.0,1121000000.0,0.0,0.007,0.163,1404000000.0,2525000000.0,0.657,2525000000.0,1404000000.0,1201000000.0,1.66,1.605,1.66,6972000000.0,6628250000.0,6972000000.0,17337974736.0,12.0,6.867,0.0,0.0,1.0,3098000000.0,0.806,1434000000.0,203000000.0,20390000000.0,20090500000.0,0.0,0.0,0.0,0.0,11276000000.0,1861000000.0,9415000000.0,11908974736.0,-3000000.0,-221000000.0,-10000000.0,361000000.0,-86000000.0,220000000.0,-2417000000.0,0.0,2196000000.0,-2000000.0,825000000.0,825000000.0,825000000.0,0.0,0.0,0.215,1688000000.0,1410000000.0,1050000000.0,0.098,1.708,14.435,14.428,15098000000.0,0.0,23.95,3.097,3.09,1108000000.0,2021000000.0,3845000000.0,3845000000.0,0.0,0.047,0.124,0.07,0.365,0.0,314000000.0,1.0,497243204.0,496000000,520000000.0,7.752,16814000000.0,0.0,376000000.0,3633000000.0,33.899,-581000000.0
17,APC,MRY,2001-12-31,2001-12-31,2001-12-31,2019-07-30,-49000000.0,16771000000.0,17624500000.0,1201000000.0,15570000000.0,0.268,12.524,-3178000000.0,37000000.0,37000000.0,769000000.0,-188000000.0,0.667,1.678,5050000000.0,412000000.0,4638000000.0,5050000000.0,0.0,1227000000.0,0.0,0.004,0.112,-310000000.0,917000000.0,0.194,917000000.0,-310000000.0,-402000000.0,-0.375,-0.375,-0.375,6262000000.0,6903750000.0,6262000000.0,18790913050.0,-61.0,20.492,143000000.0,0.286,1.0,3949000000.0,0.837,1430000000.0,92000000.0,18553000000.0,18801000000.0,0.0,0.0,0.0,0.0,10509000000.0,1801000000.0,8708000000.0,14141913050.0,-162000000.0,-940000000.0,-67000000.0,811000000.0,-64000000.0,620000000.0,-4118000000.0,0.0,3321000000.0,15000000.0,-188000000.0,-188000000.0,-188000000.0,0.0,0.0,-0.04,4312000000.0,-363000000.0,1132000000.0,-0.299,2.258,-75.223,-75.8,13637000000.0,0.0,28.425,2.997,3.012,1018000000.0,1276000000.0,4718000000.0,4718000000.0,0.0,-0.011,-0.027,-0.016,-0.066,0.0,292000000.0,1.0,497516730.0,500000000,500000000.0,9.436,15341000000.0,0.0,-214000000.0,3451000000.0,30.682,-600000000.0
18,APC,MRY,2000-12-31,2000-12-31,2000-12-31,2019-07-30,3000000.0,16590000000.0,10117450750.0,1894000000.0,14696000000.0,0.288,17.897,-1647000000.0,199000000.0,199000000.0,487000000.0,796000000.0,1.13,1.519,3984000000.0,0.0,3984000000.0,3984000000.0,0.0,658000000.0,0.0,0.003,0.1,1491000000.0,2149000000.0,0.738,2149000000.0,1491000000.0,1398000000.0,2.16,2.08,2.16,6586000000.0,4020724000.0,6586000000.0,21665767440.0,15.0,10.082,-111000000.0,-0.302,1.0,2424000000.0,0.833,1317000000.0,93000000.0,17382000000.0,11870697750.0,0.0,0.0,0.0,0.0,10004000000.0,1676000000.0,8328000000.0,17683667440.0,154000000.0,-53000000.0,288000000.0,24000000.0,-50000000.0,318000000.0,-1700000000.0,0.0,1536000000.0,0.0,796000000.0,796000000.0,796000000.0,0.0,0.0,0.273,1072000000.0,1352000000.0,1256000000.0,0.046,2.685,22.216,16.454,13011000000.0,0.0,35.54,6.075,4.493,1376000000.0,1521000000.0,2911000000.0,2911000000.0,0.0,0.079,0.198,0.126,0.512,0.0,270000000.0,1.0,497570834.0,368000000,386000000.0,7.91,15273000000.0,0.0,602000000.0,3633000000.0,41.503,218000000.0
19,APC,MRY,1999-12-31,1999-12-31,1999-12-31,2019-07-30,0.0,4098000000.0,3820054000.0,356000000.0,3742000000.0,0.447,5.34,-551000000.0,45000000.0,45000000.0,1151000000.0,32000000.0,0.92,2.07,1443000000.0,0.0,1443000000.0,1443000000.0,0.0,220000000.0,0.0,0.006,0.1,168000000.0,388000000.0,0.227,388000000.0,168000000.0,94000000.0,0.125,0.125,0.125,1335000000.0,1392538250.0,1335000000.0,5752827729.0,34.0,14.827,-233000000.0,-0.932,1.0,555000000.0,0.325,0.0,74000000.0,5109000000.0,5136700500.0,0.0,0.0,0.0,0.0,2763000000.0,387000000.0,2376000000.0,4352211729.0,28000000.0,0.0,264000000.0,18000000.0,-36000000.0,246000000.0,-536000000.0,0.0,318000000.0,0.0,32000000.0,32000000.0,32000000.0,0.0,0.0,0.019,380000000.0,175000000.0,325000000.0,0.8,3.26,136.007,136.52,3681000000.0,0.0,17.065,2.551,2.501,260000000.0,764000000.0,1706000000.0,1706000000.0,0.0,0.008,0.023,0.033,0.098,0.0,102000000.0,1.0,255037312.0,250000000,252000000.0,6.824,4098000000.0,0.0,62000000.0,577000000.0,16.392,-31000000.0
20,APC,MRY,1998-12-31,1998-12-31,1998-12-31,2019-07-30,0.0,3632990000.0,3420054250.0,229928000.0,3403062000.0,0.382,4.414,-911000000.0,17008000.0,17008000.0,908000000.0,-49000000.0,,2.429,1452115000.0,,,1452115000.0,0.0,206000000.0,0.0,0.006,0.094,-14000000.0,192000000.0,0.147,192000000.0,-14000000.0,-72000000.0,-0.205,-0.205,-0.205,1059456000.0,1205174000.0,1059456000.0,4997210668.0,-357.0,26.027,-672000000.0,-2.8,1.0,399000000.0,0.305,0.0,58000000.0,5068097000.0,4658014500.0,25860000.0,0.0,0.0,0.0,2573534000.0,,,3715663668.0,8000000.0,0.0,15000000.0,470000000.0,-30000000.0,656000000.0,-887000000.0,0.0,239000000.0,0.0,-49000000.0,-49000000.0,-49000000.0,0.0,0.0,-0.037,407000000.0,-8000000.0,227988000.0,-0.459,3.507,-75.83,-75.317,3381538000.0,0.0,15.44,2.843,2.835,181491000.0,756971000.0,1307000000.0,1307000000.0,0.0,-0.014,-0.041,-0.003,-0.011,0.0,95000000.0,1.0,240651792.0,240000000,240000000.0,5.446,3632990000.0,0.0,-23000000.0,541758000.0,15.137,
21,APC,MRY,1997-12-31,1997-12-31,1997-12-31,2019-07-30,0.0,2992465000.0,2788247500.0,218994000.0,2773471000.0,0.242,4.675,-677843000.0,8907000.0,8907000.0,154657000.0,107318000.0,,1.68,977835000.0,,,977835000.0,0.0,198821000.0,0.0,0.005,0.075,205318000.0,404139000.0,0.599,404139000.0,205318000.0,164359000.0,0.45,0.445,0.45,1116780000.0,1065430000.0,1116780000.0,,,,-315886000.0,-1.322,1.0,520482000.0,0.771,0.0,40959000.0,3961393000.0,3639933000.0,28564000.0,0.0,0.0,0.0,1875685000.0,,,3635330636.0,-5694000.0,0.0,11002000.0,224684000.0,-17926000.0,221867000.0,-589518000.0,0.0,361957000.0,0.0,107318000.0,107318000.0,107318000.0,0.0,0.0,0.159,315164000.0,205318000.0,202822000.0,0.167,3.255,33.874,33.717,2754779000.0,0.0,15.172,5.385,5.368,177157000.0,828787000.0,675139000.0,675139000.0,0.0,0.038,0.101,0.056,0.304,2306000.0,73569000.0,1.0,239599976.0,238868000,238868000.0,2.826,2992465000.0,0.0,57041000.0,560591000.0,12.528,
22,APC,MRY,1996-12-31,1996-12-31,1996-12-31,2019-07-30,0.0,2584030000.0,,269808000.0,2314222000.0,,4.279,-381056000.0,14601000.0,14601000.0,115308000.0,100720000.0,,1.548,749044000.0,,,749044000.0,0.0,167183000.0,0.0,0.005,0.075,196763000.0,363946000.0,0.638,363946000.0,196763000.0,157790000.0,0.425,0.425,0.425,1014080000.0,,1014080000.0,,,,-66515000.0,-0.281,1.0,454838000.0,0.798,0.0,38973000.0,3318473000.0,,24540000.0,0.0,0.0,0.0,1569950000.0,,,,-2489000.0,0.0,19619000.0,57041000.0,-17780000.0,64026000.0,-381056000.0,0.0,314541000.0,0.0,100720000.0,100720000.0,100720000.0,0.0,0.0,0.177,258075000.0,196763000.0,244219000.0,0.176,,,38.088,2297456000.0,0.0,16.188,,6.729,226824000.0,739395000.0,570146000.0,570146000.0,0.0,,,,0.345,1827000.0,67673000.0,1.0,,236990000,236990000.0,2.406,2584030000.0,0.0,57070000.0,509200000.0,10.904,
23,APC,MRY,1995-12-31,1995-12-31,1995-12-31,2019-07-30,,,,,,,,-268367000.0,,,105829000.0,21035000.0,,,,,,,,164742000.0,,0.006,0.075,65624000.0,230366000.0,0.531,230366000.0,65624000.0,29266000.0,0.09,0.09,0.09,,,,,,,-20071000.0,-0.085,1.0,328185000.0,0.756,,36358000.0,,,,,,,,,,,10560000.0,0.0,5034000.0,44727000.0,-17692000.0,30631000.0,-268367000.0,0.0,248296000.0,0.0,21035000.0,21035000.0,21035000.0,0.0,0.0,0.048,263711000.0,64474000.0,,0.833,,,150.361,,0.0,13.533,,7.35,,,434014000.0,434014000.0,0.0,,,,0.151,1718000.0,59477000.0,,,235740000,235740000.0,1.841,,,8231000.0,,,
0,APC,MRQ,2019-06-30,2019-06-30,2019-06-30,2019-07-30,-379000000.0,41129000000.0,,3471000000.0,37658000000.0,,15.831,-1278000000.0,1394000000.0,1394000000.0,806000000.0,-945000000.0,0.915,4.091,18229000000.0,31000000.0,18198000000.0,18229000000.0,0.0,1161000000.0,0.0,0.016,0.3,-567000000.0,594000000.0,0.173,594000000.0,-567000000.0,-816000000.0,-2.09,-2.09,-2.09,7773000000.0,,7773000000.0,51327501752.0,41.0,8.897,-502000000.0,-1.022,1.0,2636000000.0,0.766,5614000000.0,249000000.0,48558000000.0,,0.0,0.0,0.0,0.0,31798000000.0,3792000000.0,28006000000.0,35429501752.0,-629000000.0,0.0,30000000.0,233000000.0,-149000000.0,-149000000.0,-1257000000.0,0.0,776000000.0,1000000.0,-1025000000.0,-1025000000.0,-1025000000.0,0.0,80000000.0,-0.298,2851000000.0,-215000000.0,1729000000.0,-0.144,4.558,-61.617,-59.294,29091000000.0,0.0,70.56,2.585,2.528,1779000000.0,-149000000.0,3442000000.0,3442000000.0,90000000.0,,,,,0.0,368000000.0,1.0,502118789.0,491000000,491000000.0,7.01,35515000000.0,0.0,209000000.0,2555000000.0,72.332,-321000000.0
1,APC,MRQ,2019-03-31,2019-03-31,2019-03-31,2019-07-30,-329000000.0,41993000000.0,,4429000000.0,37564000000.0,,18.22,-1382000000.0,2026000000.0,2026000000.0,767000000.0,96000000.0,0.77,3.524,17924000000.0,2021000000.0,15903000000.0,17924000000.0,0.0,1081000000.0,0.0,0.024,0.3,404000000.0,1485000000.0,0.461,1485000000.0,404000000.0,151000000.0,-0.03,-0.03,-0.03,8928000000.0,,8928000000.0,37842716116.0,17.0,5.761,-253000000.0,-0.516,1.0,2451000000.0,0.762,5622000000.0,253000000.0,46520000000.0,,0.0,0.0,0.0,0.0,31460000000.0,5749000000.0,25711000000.0,22720716116.0,731000000.0,0.0,-17000000.0,1553000000.0,-150000000.0,1129000000.0,-1528000000.0,0.0,1129000000.0,1000000.0,-15000000.0,-15000000.0,-15000000.0,0.0,111000000.0,-0.005,1617000000.0,834000000.0,1946000000.0,-10.0,2.545,47.434,47.874,28936000000.0,0.0,45.48,1.676,1.644,2065000000.0,1024000000.0,3218000000.0,3218000000.0,49000000.0,,,,,0.0,267000000.0,1.0,499575992.0,490000000,490000000.0,6.567,36371000000.0,0.0,166000000.0,2624000000.0,74.227,-1320000000.0
2,APC,MRQ,2018-12-31,2018-12-31,2018-12-31,2019-07-30,-335000000.0,40376000000.0,,3795000000.0,36581000000.0,,17.164,-1268000000.0,1295000000.0,1295000000.0,855000000.0,134000000.0,0.815,3.464,16417000000.0,947000000.0,15470000000.0,16417000000.0,0.0,1131000000.0,0.0,0.024,0.3,570000000.0,1701000000.0,0.508,1701000000.0,570000000.0,328000000.0,0.21,0.21,0.21,8496000000.0,,8496000000.0,36917674744.0,16.0,5.637,359000000.0,0.725,1.0,2494000000.0,0.745,5630000000.0,242000000.0,45210000000.0,,0.0,0.0,0.0,0.0,29433000000.0,4658000000.0,24775000000.0,22107674744.0,-564000000.0,0.0,-255000000.0,-327000000.0,-148000000.0,-871000000.0,-1323000000.0,0.0,1627000000.0,3000000.0,102000000.0,102000000.0,102000000.0,0.0,32000000.0,0.03,2224000000.0,270000000.0,2003000000.0,1.429,2.602,35.947,36.533,28615000000.0,0.0,43.84,1.652,1.651,2026000000.0,1245000000.0,3349000000.0,3349000000.0,79000000.0,,,,,0.0,270000000.0,1.0,504280902.0,495000000,492000000.0,6.766,34746000000.0,0.0,226000000.0,2437000000.0,70.194,-863000000.0
3,APC,MRQ,2018-09-30,2018-09-30,2018-09-30,2019-07-30,-383000000.0,41145000000.0,,4471000000.0,36674000000.0,,17.437,-1605000000.0,1883000000.0,1883000000.0,778000000.0,427000000.0,0.874,3.437,16693000000.0,938000000.0,15755000000.0,16693000000.0,0.0,1130000000.0,0.0,0.012,0.25,859000000.0,1989000000.0,0.538,1989000000.0,859000000.0,619000000.0,0.72,0.72,0.72,8701000000.0,,8701000000.0,48490979997.0,26.0,8.072,42000000.0,0.084,1.0,2919000000.0,0.79,5638000000.0,240000000.0,45200000000.0,,0.0,0.0,0.0,0.0,29908000000.0,5117000000.0,24791000000.0,34518979997.0,-439000000.0,0.0,-503000000.0,339000000.0,-126000000.0,-480000000.0,-1603000000.0,0.0,1647000000.0,-3000000.0,363000000.0,363000000.0,363000000.0,0.0,64000000.0,0.098,1940000000.0,979000000.0,2144000000.0,0.347,3.967,23.183,24.513,28744000000.0,0.0,67.41,2.663,2.595,2191000000.0,1291000000.0,3697000000.0,3697000000.0,118000000.0,,,,,0.0,248000000.0,1.0,512075063.0,499000000,500000000.0,7.409,35507000000.0,0.0,256000000.0,2455000000.0,71.156,-646000000.0
4,APC,MRQ,2018-06-30,2018-06-30,2018-06-30,2019-07-30,-410000000.0,41081000000.0,,4632000000.0,36449000000.0,,17.663,-1717000000.0,2321000000.0,2321000000.0,736000000.0,17000000.0,0.854,3.324,16293000000.0,938000000.0,15355000000.0,16293000000.0,0.0,1003000000.0,0.0,0.008,0.25,391000000.0,1394000000.0,0.424,1394000000.0,391000000.0,154000000.0,0.05,0.05,0.05,8902000000.0,,8902000000.0,50773214459.0,584.0,12.069,-492000000.0,-0.976,1.0,2555000000.0,0.776,5646000000.0,237000000.0,43980000000.0,,0.0,0.0,0.0,0.0,29586000000.0,5427000000.0,24159000000.0,37730214459.0,-1052000000.0,0.0,-8000000.0,-65000000.0,-127000000.0,-319000000.0,-1943000000.0,0.0,1225000000.0,-15000000.0,29000000.0,29000000.0,29000000.0,0.0,-12000000.0,0.009,1736000000.0,819000000.0,2246000000.0,5.0,4.238,88.361,96.382,28502000000.0,0.0,73.25,3.208,3.139,1909000000.0,1054000000.0,3291000000.0,3291000000.0,94000000.0,,,,,0.0,288000000.0,1.0,515088252.0,504000000,505000000.0,6.53,35435000000.0,0.0,125000000.0,2317000000.0,70.308,-795000000.0
5,APC,MRQ,2018-03-31,2018-03-31,2018-03-31,2019-07-30,-410000000.0,41076000000.0,,5530000000.0,35546000000.0,,16.875,-1176000000.0,3361000000.0,3361000000.0,709000000.0,174000000.0,1.168,3.354,16404000000.0,761000000.0,15643000000.0,16404000000.0,0.0,990000000.0,0.0,0.007,0.25,475000000.0,1465000000.0,0.481,1465000000.0,475000000.0,247000000.0,0.23,0.22,0.23,8741000000.0,,8741000000.0,43303551390.0,-82.0,11.943,254000000.0,0.49,1.0,2336000000.0,0.767,5654000000.0,228000000.0,43731000000.0,,0.0,0.0,0.0,0.0,29320000000.0,4734000000.0,24586000000.0,32167551390.0,-1190000000.0,0.0,-1959000000.0,668000000.0,-127000000.0,-1507000000.0,-1113000000.0,0.0,1430000000.0,0.0,121000000.0,121000000.0,121000000.0,0.0,53000000.0,0.04,1785000000.0,551000000.0,2059000000.0,1.087,3.68,-1892.209,-1208.2,27758000000.0,0.0,60.41,2.876,2.797,1795000000.0,1152000000.0,3045000000.0,3045000000.0,168000000.0,,,,,0.0,278000000.0,1.0,532487194.0,518000000,519000000.0,5.878,35422000000.0,0.0,126000000.0,2267000000.0,68.382,796000000.0
6,APC,MRQ,2017-12-31,2017-12-31,2017-12-31,2019-07-30,-338000000.0,42086000000.0,,6762000000.0,35324000000.0,,19.955,-965000000.0,4553000000.0,4553000000.0,917000000.0,1039000000.0,1.731,2.645,15689000000.0,142000000.0,15547000000.0,15689000000.0,0.0,1044000000.0,0.0,0.004,0.05,115000000.0,1159000000.0,0.396,1159000000.0,115000000.0,-135000000.0,1.75,1.76,1.75,10696000000.0,,10696000000.0,39671531358.0,-40.0,12.102,425000000.0,0.793,1.0,2012000000.0,0.687,5662000000.0,250000000.0,43654000000.0,,0.0,0.0,0.0,0.0,28296000000.0,3906000000.0,24390000000.0,29349531358.0,-702000000.0,25000000.0,-1055000000.0,119000000.0,-27000000.0,-1086000000.0,-1002000000.0,0.0,1390000000.0,-4000000.0,976000000.0,976000000.0,976000000.0,0.0,63000000.0,0.333,1661000000.0,351000000.0,1894000000.0,0.029,2.744,-64.363,-63.106,27451000000.0,0.0,53.64,2.465,2.468,1829000000.0,1109000000.0,2929000000.0,2929000000.0,169000000.0,,,,,0.0,226000000.0,1.0,547157557.0,536000000,536000000.0,5.465,36424000000.0,0.0,-1111000000.0,2234000000.0,67.955,2856000000.0
7,APC,MRQ,2017-09-30,2017-09-30,2017-09-30,2019-07-30,-337000000.0,43128000000.0,,7473000000.0,35655000000.0,,19.497,-1222000000.0,5251000000.0,5251000000.0,869000000.0,-641000000.0,2.029,2.709,15573000000.0,149000000.0,15424000000.0,15573000000.0,0.0,1083000000.0,0.0,0.004,0.05,-894000000.0,189000000.0,0.076,189000000.0,-894000000.0,-1124000000.0,-1.27,-1.27,-1.27,10782000000.0,,10782000000.0,36845495579.0,-25.0,12.829,-583000000.0,-1.054,1.0,1627000000.0,0.652,5671000000.0,230000000.0,44096000000.0,,0.0,0.0,0.0,0.0,29206000000.0,3683000000.0,25523000000.0,27373495579.0,-758000000.0,0.0,0.0,53000000.0,-28000000.0,-155000000.0,-1247000000.0,0.0,639000000.0,5000000.0,-699000000.0,-699000000.0,-699000000.0,0.0,58000000.0,-0.28,2376000000.0,-749000000.0,1770000000.0,-0.039,2.539,-14.059,-13.917,27832000000.0,0.0,48.85,2.408,2.377,1882000000.0,160000000.0,2496000000.0,2496000000.0,750000000.0,,,,,0.0,261000000.0,1.0,560358149.0,553000000,553000000.0,4.514,37457000000.0,0.0,-425000000.0,3378000000.0,67.734,3790000000.0
8,APC,MRQ,2017-06-30,2017-06-30,2017-06-30,2019-07-30,-343000000.0,44348000000.0,,7984000000.0,36364000000.0,,20.783,-493000000.0,6008000000.0,6008000000.0,813000000.0,-334000000.0,2.531,2.588,15480000000.0,44000000.0,15436000000.0,15480000000.0,0.0,1037000000.0,0.0,0.004,0.05,-224000000.0,813000000.0,0.299,813000000.0,-224000000.0,-453000000.0,-0.76,-0.76,-0.76,11472000000.0,,11472000000.0,34900776608.0,-24.0,12.11,364000000.0,0.659,1.0,1903000000.0,0.701,5714000000.0,229000000.0,44952000000.0,,0.0,0.0,0.0,0.0,29692000000.0,3154000000.0,26538000000.0,25405776608.0,175000000.0,0.0,-16000000.0,78000000.0,-28000000.0,-174000000.0,-504000000.0,0.0,857000000.0,-4000000.0,-415000000.0,-415000000.0,-415000000.0,0.0,81000000.0,-0.153,1970000000.0,-67000000.0,1626000000.0,-0.066,2.215,-12.226,-11.777,28516000000.0,0.0,45.34,2.36,2.325,1654000000.0,887000000.0,2716000000.0,2716000000.0,532000000.0,,,,,0.0,244000000.0,1.0,560339140.0,552000000,552000000.0,4.92,38634000000.0,0.0,-38000000.0,4232000000.0,69.989,4830000000.0
9,APC,MRQ,2017-03-31,2017-03-31,2017-03-31,2019-07-30,-391000000.0,44693000000.0,,7707000000.0,36986000000.0,,21.517,1657000000.0,5831000000.0,5831000000.0,855000000.0,-275000000.0,2.049,2.498,15326000000.0,42000000.0,15284000000.0,15326000000.0,0.0,1115000000.0,0.0,0.003,0.05,2000000.0,1117000000.0,0.297,1117000000.0,2000000.0,-221000000.0,-0.58,-0.58,-0.58,11856000000.0,,11856000000.0,46795732162.0,-23.0,20.669,2780000000.0,5.045,1.0,2912000000.0,0.773,5739000000.0,223000000.0,44687000000.0,,0.0,0.0,0.0,0.0,29614000000.0,3762000000.0,25852000000.0,34656732162.0,2651000000.0,0.0,-21000000.0,18000000.0,-28000000.0,-198000000.0,1723000000.0,0.0,1123000000.0,3000000.0,-318000000.0,-318000000.0,-318000000.0,0.0,43000000.0,-0.084,3012000000.0,-100000000.0,1637000000.0,-0.086,2.923,-14.716,-13.933,29065000000.0,0.0,62.0,3.479,3.429,1577000000.0,1330000000.0,3767000000.0,3767000000.0,1084000000.0,,,,,0.0,263000000.0,1.0,558979551.0,551000000,551000000.0,6.837,38954000000.0,0.0,97000000.0,3664000000.0,70.697,3945000000.0
10,APC,MRQ,2016-12-31,2016-12-31,2016-12-31,2019-07-30,-391000000.0,45564000000.0,,5266000000.0,40298000000.0,,22.123,188000000.0,3184000000.0,3184000000.0,782000000.0,-452000000.0,1.582,2.462,15323000000.0,42000000.0,15281000000.0,15323000000.0,0.0,1099000000.0,0.0,0.003,0.05,-346000000.0,753000000.0,0.315,753000000.0,-346000000.0,-579000000.0,-0.9,-0.9,-0.9,12212000000.0,,12212000000.0,50870159548.0,-16.0,46.288,1311000000.0,2.375,1.0,1605000000.0,0.672,5904000000.0,233000000.0,48471000000.0,,0.0,0.0,0.0,0.0,30067000000.0,3328000000.0,26739000000.0,38972159548.0,-758000000.0,-1740000000.0,-6000000.0,-584000000.0,-27000000.0,-413000000.0,-1486000000.0,0.0,1123000000.0,18000000.0,-515000000.0,-515000000.0,-515000000.0,0.0,63000000.0,-0.216,1988000000.0,-383000000.0,1617000000.0,-0.056,3.191,-12.69,-11.819,32168000000.0,0.0,69.73,4.953,4.626,1728000000.0,1704000000.0,2387000000.0,2387000000.0,438000000.0,,,,,0.0,107000000.0,1.0,558900897.0,552000000,552000000.0,4.324,39660000000.0,0.0,-64000000.0,4324000000.0,71.848,1938000000.0
11,APC,MRQ,2016-09-30,2016-09-30,2016-09-30,2019-07-30,-518000000.0,45417000000.0,,5918000000.0,39499000000.0,,24.371,-358000000.0,3980000000.0,3980000000.0,745000000.0,-747000000.0,1.573,2.342,15878000000.0,788000000.0,15090000000.0,15878000000.0,0.0,1069000000.0,0.0,0.007,0.05,-870000000.0,199000000.0,0.105,199000000.0,-870000000.0,-1090000000.0,-1.61,-1.61,-1.61,12600000000.0,,12600000000.0,46621585236.0,-10.0,-146.609,427000000.0,0.826,1.0,1148000000.0,0.606,6197000000.0,220000000.0,47356000000.0,,0.0,0.0,0.0,0.0,29505000000.0,3762000000.0,25743000000.0,32342585236.0,2586000000.0,0.0,2157000000.0,0.0,-27000000.0,2092000000.0,-291000000.0,0.0,785000000.0,0.0,-830000000.0,-830000000.0,-830000000.0,0.0,83000000.0,-0.438,1941000000.0,-793000000.0,1983000000.0,-0.031,2.567,-8.498,-8.505,31099000000.0,0.0,63.36,4.292,4.347,1591000000.0,2246000000.0,1893000000.0,1893000000.0,304000000.0,,,,,0.0,362000000.0,1.0,510457469.0,517000000,517000000.0,3.662,39220000000.0,0.0,-260000000.0,4656000000.0,75.861,2156000000.0
12,APC,MRQ,2016-06-30,2016-06-30,2016-06-30,2019-07-30,-487000000.0,44033000000.0,,3212000000.0,40821000000.0,,22.12,8000000.0,1394000000.0,1394000000.0,700000000.0,-611000000.0,0.99,2.609,15673000000.0,32000000.0,15641000000.0,15673000000.0,0.0,984000000.0,0.0,0.012,0.05,-789000000.0,195000000.0,0.102,195000000.0,-789000000.0,-1006000000.0,-1.36,-1.36,-1.36,11281000000.0,,11281000000.0,42984217941.0,-6.0,-18.221,1237000000.0,2.425,1.0,1215000000.0,0.634,6237000000.0,217000000.0,48831000000.0,,0.0,0.0,0.0,0.0,29433000000.0,3244000000.0,26189000000.0,27180217941.0,-1553000000.0,0.0,-1000000.0,-3233000000.0,-26000000.0,-2790000000.0,8000000.0,0.0,1229000000.0,0.0,-692000000.0,-692000000.0,-692000000.0,0.0,81000000.0,-0.361,1547000000.0,-332000000.0,2200000000.0,-0.037,2.409,-5.216,-5.195,32345000000.0,0.0,53.25,3.708,3.705,1500000000.0,3103000000.0,1915000000.0,1915000000.0,76000000.0,,,,,0.0,305000000.0,1.0,510426628.0,510000000,510000000.0,3.755,37796000000.0,0.0,-314000000.0,4968000000.0,74.11,-32000000.0
13,APC,MRQ,2016-03-31,2016-03-31,2016-03-31,2019-07-30,-491000000.0,47922000000.0,,5767000000.0,42155000000.0,,22.959,-987000000.0,2947000000.0,2947000000.0,665000000.0,-998000000.0,0.866,2.843,18751000000.0,3025000000.0,15726000000.0,18751000000.0,0.0,1149000000.0,0.0,0.018,0.05,-1197000000.0,-48000000.0,-0.029,-48000000.0,-1197000000.0,-1417000000.0,-2.03,-2.03,-2.03,11686000000.0,,11686000000.0,38489987791.0,-7.0,-38.452,-1124000000.0,-2.208,1.0,1009000000.0,0.603,6325000000.0,220000000.0,50744000000.0,,0.0,0.0,0.0,0.0,33221000000.0,6657000000.0,26564000000.0,23677987791.0,2008000000.0,0.0,0.0,2924000000.0,-25000000.0,3119000000.0,-973000000.0,0.0,-137000000.0,-1000000.0,-1034000000.0,-1034000000.0,-1034000000.0,0.0,36000000.0,-0.618,1873000000.0,-864000000.0,2505000000.0,-0.025,2.026,-5.311,-5.31,33526000000.0,0.0,46.57,2.941,2.944,2392000000.0,3821000000.0,1674000000.0,1674000000.0,126000000.0,,,,,0.0,449000000.0,1.0,508438647.0,509000000,509000000.0,3.289,41597000000.0,0.0,-383000000.0,5279000000.0,81.723,-890000000.0
14,APC,MRQ,2015-12-31,2015-12-31,2015-12-31,2019-07-30,-383000000.0,46331000000.0,,3981000000.0,42350000000.0,,25.234,-1039000000.0,939000000.0,939000000.0,750000000.0,-1524000000.0,0.952,2.408,15668000000.0,32000000.0,15636000000.0,15668000000.0,0.0,1022000000.0,0.0,0.022,0.27,-1686000000.0,-664000000.0,-0.323,-664000000.0,-1686000000.0,-1895000000.0,-2.45,-2.45,-2.45,12819000000.0,,12819000000.0,38538574844.0,-4.0,-9.307,-782000000.0,-1.539,1.0,1303000000.0,0.635,6331000000.0,209000000.0,50549000000.0,,0.0,0.0,0.0,0.0,30874000000.0,4180000000.0,26694000000.0,24685574844.0,-1133000000.0,-3000000.0,-4000000.0,-107000000.0,-138000000.0,-314000000.0,-1075000000.0,0.0,257000000.0,-1000000.0,-1250000000.0,-1250000000.0,-1250000000.0,0.0,-274000000.0,-0.609,3445000000.0,-2142000000.0,2850000000.0,-0.11,1.926,-3.689,-3.686,33751000000.0,0.0,48.58,2.838,2.837,2469000000.0,4880000000.0,2053000000.0,2053000000.0,384000000.0,,,,,0.0,288000000.0,1.0,508142751.0,508000000,508000000.0,4.041,40000000000.0,0.0,-645000000.0,5718000000.0,78.74,-199000000.0
15,APC,MRQ,2015-09-30,2015-09-30,2015-09-30,2019-07-30,-487000000.0,49182000000.0,,5187000000.0,43995000000.0,,27.715,-812000000.0,2072000000.0,2072000000.0,816000000.0,-2160000000.0,1.169,2.282,15925000000.0,33000000.0,15892000000.0,15925000000.0,0.0,1111000000.0,0.0,0.018,0.27,-2953000000.0,-1842000000.0,-1.091,-1842000000.0,-2953000000.0,-3152000000.0,-4.41,-4.41,-4.41,14079000000.0,,14079000000.0,44563856033.0,-6.0,-17.408,315000000.0,0.62,1.0,872000000.0,0.517,6343000000.0,199000000.0,52254000000.0,,0.0,0.0,0.0,0.0,32130000000.0,4438000000.0,27692000000.0,30678856033.0,-101000000.0,0.0,1000000.0,-138000000.0,-138000000.0,-315000000.0,-911000000.0,0.0,1127000000.0,-2000000.0,-2235000000.0,-2235000000.0,-2235000000.0,0.0,75000000.0,-1.324,3421000000.0,-2549000000.0,3074000000.0,-0.061,2.179,-5.256,-5.242,35381000000.0,0.0,60.39,3.123,3.123,2469000000.0,6268000000.0,1688000000.0,1688000000.0,1074000000.0,,,,,0.0,303000000.0,1.0,508012188.0,508000000,508000000.0,3.323,42839000000.0,0.0,-917000000.0,6090000000.0,84.329,749000000.0
16,APC,MRQ,2015-06-30,2015-06-30,2015-06-30,2019-07-30,-496000000.0,52124000000.0,,5410000000.0,46714000000.0,,32.262,-866000000.0,2173000000.0,2173000000.0,764000000.0,108000000.0,1.159,1.999,16058000000.0,33000000.0,16025000000.0,16058000000.0,0.0,1214000000.0,0.0,0.014,0.27,339000000.0,1553000000.0,0.589,1553000000.0,339000000.0,138000000.0,0.12,0.12,0.12,16389000000.0,,16389000000.0,54206468080.0,-22.0,22.94,377000000.0,0.742,1.0,1872000000.0,0.71,6420000000.0,201000000.0,54920000000.0,,0.0,0.0,0.0,0.0,32765000000.0,4669000000.0,28096000000.0,39649468080.0,-135000000.0,0.0,6000000.0,-893000000.0,-138000000.0,-520000000.0,-860000000.0,0.0,1243000000.0,2000000.0,61000000.0,61000000.0,61000000.0,0.0,47000000.0,0.023,1782000000.0,90000000.0,3034000000.0,2.25,2.419,-15.765,-15.675,37820000000.0,0.0,78.06,3.017,3.017,2602000000.0,8641000000.0,2636000000.0,2636000000.0,103000000.0,,,,,0.0,278000000.0,1.0,507935794.0,508000000,509000000.0,5.189,45704000000.0,0.0,77000000.0,7594000000.0,89.969,741000000.0
17,APC,MRQ,2015-03-31,2015-03-31,2015-03-31,2019-07-30,-507000000.0,52973000000.0,,5165000000.0,47808000000.0,,32.213,-1935000000.0,2308000000.0,2308000000.0,855000000.0,-3236000000.0,0.988,2.084,16865000000.0,500000000.0,16365000000.0,16865000000.0,0.0,1256000000.0,0.0,0.013,0.27,-4444000000.0,-3188000000.0,-1.374,-3188000000.0,-4444000000.0,-4660000000.0,-6.45,-6.45,-6.45,16332000000.0,,16332000000.0,49678710101.0,-25.0,18.406,-6439000000.0,-12.7,1.0,1466000000.0,0.632,6540000000.0,216000000.0,55762000000.0,,0.0,0.0,0.0,0.0,34039000000.0,5228000000.0,28811000000.0,41955710101.0,-5061000000.0,0.0,-24000000.0,1714000000.0,-139000000.0,1369000000.0,-1925000000.0,0.0,-4504000000.0,-1000000.0,-3268000000.0,-3268000000.0,-3268000000.0,0.0,32000000.0,-1.408,5674000000.0,-4208000000.0,3252000000.0,-0.042,2.569,-17.861,-17.809,38270000000.0,0.0,82.81,2.807,2.809,2174000000.0,8718000000.0,2321000000.0,2321000000.0,1083000000.0,,,,,0.0,307000000.0,1.0,506650285.0,507000000,507000000.0,4.578,46433000000.0,0.0,-1392000000.0,7521000000.0,91.584,-63000000.0
18,APC,MRQ,2014-12-31,2014-12-31,2014-12-31,2019-07-30,-517000000.0,60967000000.0,,10499000000.0,50468000000.0,,38.752,-2021000000.0,7369000000.0,7369000000.0,816000000.0,-350000000.0,1.026,1.959,15092000000.0,0.0,15092000000.0,15092000000.0,0.0,1215000000.0,0.0,0.012,0.27,-298000000.0,917000000.0,0.289,917000000.0,-298000000.0,-497000000.0,-0.78,-0.78,-0.78,19725000000.0,,19725000000.0,48175158165.0,75.0,9.284,-69000000.0,-0.136,1.0,2361000000.0,0.743,6569000000.0,199000000.0,51887000000.0,,0.0,0.0,0.0,0.0,38649000000.0,10234000000.0,28415000000.0,41782158165.0,-966000000.0,-1527000000.0,-5000000.0,267000000.0,-137000000.0,658000000.0,-3577000000.0,0.0,1952000000.0,1000000.0,-395000000.0,-395000000.0,-395000000.0,0.0,45000000.0,-0.124,2840000000.0,-479000000.0,3683000000.0,-0.346,2.118,-23.876,-23.775,41589000000.0,0.0,82.5,2.262,2.26,2527000000.0,12125000000.0,3177000000.0,3177000000.0,639000000.0,,,,,0.0,332000000.0,1.0,506450402.0,509000000,509000000.0,6.242,54398000000.0,0.0,-102000000.0,8859000000.0,106.872,265000000.0
19,APC,MRQ,2014-09-30,2014-09-30,2014-09-30,2019-07-30,-267000000.0,60665000000.0,,11739000000.0,48926000000.0,,40.864,-705000000.0,8335000000.0,8335000000.0,866000000.0,1147000000.0,1.069,1.843,14728000000.0,0.0,14728000000.0,14728000000.0,0.0,1163000000.0,0.0,0.009,0.27,1918000000.0,3081000000.0,0.615,3081000000.0,1918000000.0,1714000000.0,2.13,2.12,2.13,20677000000.0,,20677000000.0,59373880532.0,245.0,13.061,1618000000.0,3.198,1.0,4144000000.0,0.827,5501000000.0,204000000.0,50574000000.0,,0.0,0.0,0.0,0.0,38102000000.0,10983000000.0,27119000000.0,51324880532.0,2970000000.0,4000000.0,43000000.0,1249000000.0,-138000000.0,1441000000.0,-795000000.0,0.0,2323000000.0,1000000.0,1087000000.0,1087000000.0,1087000000.0,0.0,60000000.0,0.217,2446000000.0,1698000000.0,3653000000.0,0.127,2.482,-24.153,-23.868,41104000000.0,0.0,101.44,2.755,2.755,2712000000.0,12633000000.0,5010000000.0,5010000000.0,199000000.0,,,,,0.0,381000000.0,1.0,505962939.0,506000000,508000000.0,9.901,55164000000.0,0.0,627000000.0,7512000000.0,109.02,756000000.0
20,APC,MRQ,2014-06-30,2014-06-30,2014-06-30,2019-07-30,-273000000.0,58414000000.0,,8980000000.0,49434000000.0,,38.279,-2570000000.0,5365000000.0,5365000000.0,804000000.0,266000000.0,0.835,1.927,13414000000.0,0.0,13414000000.0,13414000000.0,0.0,1048000000.0,0.0,0.007,0.27,841000000.0,1889000000.0,0.426,1889000000.0,841000000.0,655000000.0,0.45,0.45,0.45,19331000000.0,,19331000000.0,62933272765.0,-58.0,20.566,-108000000.0,-0.214,1.0,3635000000.0,0.819,5595000000.0,186000000.0,50108000000.0,,0.0,0.0,0.0,0.0,37242000000.0,10760000000.0,26482000000.0,55288272765.0,-559000000.0,0.0,60000000.0,-85000000.0,-138000000.0,-362000000.0,-2682000000.0,0.0,2462000000.0,23000000.0,227000000.0,227000000.0,227000000.0,0.0,39000000.0,0.051,2426000000.0,1209000000.0,3979000000.0,0.6,2.86,-18.247,-18.184,41487000000.0,0.0,109.47,3.164,3.164,3079000000.0,11684000000.0,4439000000.0,4439000000.0,502000000.0,,,,,0.0,305000000.0,1.0,505054104.0,505000000,507000000.0,8.79,52819000000.0,0.0,428000000.0,9186000000.0,104.592,-1780000000.0
21,APC,MRQ,2014-03-31,2014-03-31,2014-03-31,2019-07-30,-279000000.0,58103000000.0,,9664000000.0,48439000000.0,,37.937,756000000.0,5924000000.0,5924000000.0,831000000.0,-2626000000.0,0.884,1.945,13569000000.0,0.0,13569000000.0,13569000000.0,0.0,1124000000.0,0.0,0.007,0.18,-1822000000.0,-698000000.0,-0.119,-698000000.0,-1822000000.0,-2005000000.0,-5.3,-5.3,-5.3,19120000000.0,,19120000000.0,52566316179.0,-210.0,13.91,2485000000.0,4.931,1.0,5013000000.0,0.858,5597000000.0,183000000.0,49222000000.0,,0.0,0.0,0.0,0.0,37186000000.0,10929000000.0,26257000000.0,42699316179.0,2226000000.0,-4000000.0,-22000000.0,85000000.0,-92000000.0,-62000000.0,582000000.0,0.0,1729000000.0,-23000000.0,-2669000000.0,-2669000000.0,-2669000000.0,0.0,43000000.0,-0.457,2038000000.0,2975000000.0,3940000000.0,-0.034,2.233,-18.342,-18.307,40564000000.0,0.0,84.76,2.583,2.584,3049000000.0,11595000000.0,5844000000.0,5844000000.0,299000000.0,,,,,0.0,298000000.0,1.0,503767298.0,504000000,504000000.0,11.595,52506000000.0,0.0,664000000.0,9343000000.0,104.179,-1265000000.0
22,APC,MRQ,2013-12-31,2013-12-31,2013-12-31,2019-07-30,-285000000.0,55781000000.0,,7108000000.0,48673000000.0,,43.54,-2278000000.0,3698000000.0,3698000000.0,772000000.0,-725000000.0,1.246,1.47,13565000000.0,500000000.0,13065000000.0,13565000000.0,0.0,969000000.0,0.0,0.007,0.18,-695000000.0,274000000.0,0.082,274000000.0,-695000000.0,-868000000.0,-1.53,-1.52,-1.53,21857000000.0,,21857000000.0,49627133522.0,19.0,7.543,-174000000.0,-0.347,1.0,2566000000.0,0.769,5662000000.0,173000000.0,54283000000.0,,0.0,0.0,0.0,0.0,32131000000.0,5703000000.0,26428000000.0,39919133522.0,-241000000.0,0.0,-1000000.0,-176000000.0,-92000000.0,-8000000.0,-2315000000.0,0.0,2104000000.0,-22000000.0,-770000000.0,-770000000.0,-770000000.0,0.0,45000000.0,-0.231,2351000000.0,215000000.0,3530000000.0,-0.118,1.826,49.837,50.203,40929000000.0,0.0,79.32,2.738,2.731,2722000000.0,14356000000.0,3338000000.0,3338000000.0,615000000.0,,,,,0.0,303000000.0,1.0,503266938.0,502000000,508000000.0,6.649,50119000000.0,0.0,-98000000.0,9245000000.0,99.839,1405000000.0
23,APC,MRQ,2013-09-30,2013-09-30,2013-09-30,2019-07-30,-578000000.0,55294000000.0,,7140000000.0,48154000000.0,,44.417,-1763000000.0,3939000000.0,3939000000.0,749000000.0,223000000.0,1.507,1.405,13647000000.0,0.0,13647000000.0,13647000000.0,0.0,996000000.0,0.0,0.005,0.18,599000000.0,1595000000.0,0.414,1595000000.0,599000000.0,422000000.0,0.36,0.36,0.36,22342000000.0,,22342000000.0,55703603880.0,14.0,6.9,16000000.0,0.032,1.0,3104000000.0,0.806,5663000000.0,177000000.0,54601000000.0,,0.0,0.0,0.0,0.0,31393000000.0,4738000000.0,26655000000.0,46746603880.0,-642000000.0,-338000000.0,28000000.0,16000000.0,-90000000.0,-85000000.0,-2312000000.0,0.0,1779000000.0,-24000000.0,182000000.0,182000000.0,182000000.0,0.0,41000000.0,0.047,2415000000.0,689000000.0,3070000000.0,0.5,2.092,26.351,26.418,40485000000.0,0.0,92.99,3.19,3.192,2465000000.0,15218000000.0,3853000000.0,3853000000.0,272000000.0,,,,,0.0,255000000.0,1.0,502705709.0,503000000,505000000.0,7.66,49631000000.0,0.0,240000000.0,9372000000.0,98.67,2402000000.0
24,APC,MRQ,2013-06-30,2013-06-30,2013-06-30,2019-07-30,-599000000.0,55300000000.0,,7899000000.0,47401000000.0,,44.201,-1764000000.0,4581000000.0,4581000000.0,720000000.0,959000000.0,1.576,1.424,13538000000.0,0.0,13538000000.0,13538000000.0,0.0,940000000.0,0.0,0.004,0.09,1668000000.0,2608000000.0,0.746,2608000000.0,1668000000.0,1496000000.0,1.84,1.83,1.84,22189000000.0,,22189000000.0,53019621808.0,13.0,6.618,738000000.0,1.47,1.0,2777000000.0,0.794,5677000000.0,172000000.0,53567000000.0,,0.0,0.0,0.0,0.0,31591000000.0,5013000000.0,26578000000.0,43091621808.0,846000000.0,0.0,74000000.0,-76000000.0,-46000000.0,333000000.0,-1972000000.0,0.0,2502000000.0,-17000000.0,929000000.0,929000000.0,929000000.0,0.0,30000000.0,0.266,1637000000.0,1140000000.0,3286000000.0,0.049,1.942,25.156,25.274,39831000000.0,0.0,85.93,3.049,3.052,2556000000.0,15126000000.0,3497000000.0,3497000000.0,178000000.0,,,,,0.0,260000000.0,1.0,501473546.0,502000000,504000000.0,6.966,49623000000.0,0.0,567000000.0,9378000000.0,98.851,2886000000.0
25,APC,MRQ,2013-03-31,2013-03-31,2013-03-31,2019-07-30,-619000000.0,53588000000.0,,7310000000.0,46278000000.0,,42.096,-1349000000.0,3735000000.0,3735000000.0,701000000.0,484000000.0,1.795,1.482,13663000000.0,0.0,13663000000.0,13663000000.0,0.0,1022000000.0,0.0,0.004,0.09,1080000000.0,2102000000.0,0.54,2102000000.0,1080000000.0,916000000.0,0.91,0.91,0.91,21090000000.0,,21090000000.0,54572493727.0,21.0,8.151,1154000000.0,2.303,1.0,3192000000.0,0.82,5678000000.0,164000000.0,53766000000.0,,0.0,0.0,0.0,0.0,31258000000.0,4072000000.0,27186000000.0,43774493727.0,1264000000.0,-135000000.0,-9000000.0,471000000.0,-46000000.0,383000000.0,-1617000000.0,0.0,2503000000.0,-5000000.0,460000000.0,460000000.0,460000000.0,0.0,24000000.0,0.118,1903000000.0,1289000000.0,2909000000.0,0.099,2.076,62.985,63.37,38970000000.0,0.0,87.45,3.159,3.162,2760000000.0,14243000000.0,3893000000.0,3893000000.0,264000000.0,,,,,0.0,275000000.0,1.0,500565966.0,501000000,503000000.0,7.77,47910000000.0,0.0,456000000.0,8964000000.0,95.629,3238000000.0
26,APC,MRQ,2012-12-31,2012-12-31,2012-12-31,2019-07-30,-640000000.0,52589000000.0,,6795000000.0,45794000000.0,,41.012,-1577000000.0,2471000000.0,2471000000.0,700000000.0,190000000.0,1.701,1.489,13269000000.0,0.0,13269000000.0,13269000000.0,0.0,1028000000.0,0.0,0.005,0.09,740000000.0,1768000000.0,0.518,1768000000.0,740000000.0,559000000.0,0.41,0.4,0.41,20629000000.0,,20629000000.0,48746108010.0,11.0,5.932,643000000.0,1.278,1.0,2710000000.0,0.795,5680000000.0,181000000.0,53713000000.0,,0.0,0.0,0.0,0.0,30707000000.0,3994000000.0,26713000000.0,37137108010.0,-61000000.0,0.0,24000000.0,-963000000.0,-45000000.0,-602000000.0,-1673000000.0,0.0,2220000000.0,-6000000.0,203000000.0,203000000.0,203000000.0,0.0,-13000000.0,0.06,2222000000.0,488000000.0,2989000000.0,0.22,1.8,15.532,15.611,38398000000.0,0.0,74.31,2.769,2.77,2747000000.0,13829000000.0,3410000000.0,3410000000.0,284000000.0,,,,,0.0,430000000.0,1.0,499759225.0,503000000,505000000.0,6.779,46909000000.0,0.0,356000000.0,8759000000.0,93.258,2801000000.0
27,APC,MRQ,2012-09-30,2012-09-30,2012-09-30,2019-07-30,-561000000.0,52718000000.0,,7324000000.0,45394000000.0,,40.786,-1713000000.0,2532000000.0,2532000000.0,673000000.0,142000000.0,1.518,1.534,14141000000.0,1039000000.0,13102000000.0,14141000000.0,0.0,979000000.0,0.0,0.005,0.09,554000000.0,1533000000.0,0.46,1533000000.0,554000000.0,369000000.0,0.24,0.24,0.24,20393000000.0,,20393000000.0,46975554561.0,14.0,6.596,516000000.0,1.032,1.0,2659000000.0,0.798,5754000000.0,185000000.0,53749000000.0,,0.0,0.0,0.0,0.0,31287000000.0,4824000000.0,26463000000.0,34937554561.0,-262000000.0,0.0,27000000.0,-650000000.0,-45000000.0,-694000000.0,-1789000000.0,0.0,2229000000.0,-8000000.0,121000000.0,121000000.0,121000000.0,0.0,21000000.0,0.036,1843000000.0,816000000.0,2882000000.0,0.375,1.713,19.092,19.209,37976000000.0,0.0,69.92,2.524,2.526,2924000000.0,13671000000.0,3332000000.0,3332000000.0,297000000.0,,,,,0.0,285000000.0,1.0,499678984.0,500000000,502000000.0,6.664,46964000000.0,0.0,248000000.0,8743000000.0,93.928,2500000000.0
28,APC,MRQ,2012-06-30,2012-06-30,2012-06-30,2019-07-30,-578000000.0,53332000000.0,,8430000000.0,44902000000.0,,40.472,-1639000000.0,2794000000.0,2794000000.0,650000000.0,-70000000.0,1.433,1.584,14832000000.0,1739000000.0,13093000000.0,14832000000.0,0.0,1027000000.0,0.0,0.005,0.09,265000000.0,1292000000.0,0.401,1292000000.0,265000000.0,75000000.0,-0.18,-0.18,-0.18,20236000000.0,,20236000000.0,45500357577.0,-28.0,20.607,360000000.0,0.72,1.0,2572000000.0,0.798,5757000000.0,190000000.0,53730000000.0,,0.0,0.0,0.0,0.0,32054000000.0,5883000000.0,26171000000.0,33071357577.0,-163000000.0,0.0,2000000.0,-606000000.0,-46000000.0,-440000000.0,-1709000000.0,0.0,1999000000.0,-13000000.0,-89000000.0,-89000000.0,-89000000.0,0.0,19000000.0,-0.028,2851000000.0,-279000000.0,2873000000.0,-0.5,1.634,-24.643,-24.338,37484000000.0,0.0,66.2,2.413,2.415,2951000000.0,13595000000.0,3222000000.0,3222000000.0,1121000000.0,,,,,0.0,262000000.0,1.0,499567335.0,500000000,500000000.0,6.444,47575000000.0,0.0,164000000.0,8809000000.0,95.15,2547000000.0
29,APC,MRQ,2012-03-31,2012-03-31,2012-03-31,2019-07-30,-595000000.0,54521000000.0,,8714000000.0,45807000000.0,,40.639,-1656000000.0,2957000000.0,2957000000.0,671000000.0,2183000000.0,1.779,1.645,15386000000.0,39000000.0,15347000000.0,15386000000.0,0.0,930000000.0,0.0,0.005,0.09,2694000000.0,3624000000.0,1.051,3624000000.0,2694000000.0,2508000000.0,4.3,4.28,4.3,20279000000.0,,20279000000.0,51579838082.0,-77.0,16.633,235000000.0,0.471,1.0,2776000000.0,0.805,5825000000.0,186000000.0,56228000000.0,,0.0,0.0,0.0,0.0,33357000000.0,4897000000.0,28460000000.0,39046838082.0,260000000.0,0.0,13000000.0,148000000.0,-45000000.0,77000000.0,-1698000000.0,0.0,1891000000.0,-10000000.0,2156000000.0,2156000000.0,2156000000.0,0.0,27000000.0,0.625,74000000.0,2702000000.0,3556000000.0,0.021,1.925,-55.073,-54.028,38166000000.0,0.0,78.34,2.757,2.761,3248000000.0,13730000000.0,3447000000.0,3447000000.0,244000000.0,,,,,0.0,269000000.0,1.0,498427854.0,499000000,501000000.0,6.908,48696000000.0,0.0,352000000.0,8864000000.0,97.587,3817000000.0
30,APC,MRQ,2011-12-31,2011-12-31,2011-12-31,2019-07-30,-612000000.0,51779000000.0,,6931000000.0,44848000000.0,,36.355,-1060000000.0,2697000000.0,2697000000.0,722000000.0,-339000000.0,1.415,1.811,15230000000.0,170000000.0,15060000000.0,15230000000.0,0.0,928000000.0,0.0,0.005,0.09,-255000000.0,673000000.0,0.175,673000000.0,-255000000.0,-452000000.0,-0.72,-0.72,-0.72,18105000000.0,,18105000000.0,47472165435.0,-18.0,40.784,-3147000000.0,-6.319,1.0,3117000000.0,0.812,5831000000.0,197000000.0,53582000000.0,,0.0,0.0,0.0,0.0,32796000000.0,4899000000.0,27897000000.0,38010165435.0,-790000000.0,0.0,-37000000.0,2541000000.0,-46000000.0,2403000000.0,-1086000000.0,0.0,-2087000000.0,-20000000.0,-358000000.0,-358000000.0,-358000000.0,0.0,19000000.0,-0.093,3258000000.0,-141000000.0,3299000000.0,-0.125,2.099,-14.349,-14.348,37501000000.0,0.0,76.33,2.721,2.722,3259000000.0,11619000000.0,3839000000.0,3839000000.0,354000000.0,,,,,0.0,276000000.0,1.0,497971511.0,498000000,498000000.0,7.709,45948000000.0,0.0,-94000000.0,8479000000.0,92.265,2032000000.0
31,APC,MRQ,2011-09-30,2011-09-30,2011-09-30,2019-07-30,-501000000.0,53062000000.0,,7604000000.0,45458000000.0,,37.398,-1291000000.0,3487000000.0,3487000000.0,693000000.0,-3028000000.0,0.967,1.802,12949000000.0,141000000.0,12808000000.0,12949000000.0,0.0,932000000.0,0.0,0.006,0.09,-4313000000.0,-3381000000.0,-1.057,-3381000000.0,-4313000000.0,-4519000000.0,-6.12,-6.12,-6.12,18624000000.0,,18624000000.0,41206872834.0,-21.0,22.346,175000000.0,0.351,1.0,2506000000.0,0.783,5832000000.0,206000000.0,48829000000.0,,0.0,0.0,0.0,0.0,33563000000.0,7863000000.0,25700000000.0,31386872834.0,81000000.0,2000000.0,7000000.0,-290000000.0,-45000000.0,-68000000.0,-1300000000.0,0.0,1466000000.0,-17000000.0,-3051000000.0,-3051000000.0,-3051000000.0,0.0,23000000.0,-0.954,6132000000.0,-3626000000.0,2446000000.0,-0.015,1.685,-14.398,-14.428,38116000000.0,0.0,63.05,2.448,2.449,3428000000.0,12023000000.0,3199000000.0,3199000000.0,307000000.0,,,,,0.0,293000000.0,1.0,497809244.0,498000000,498000000.0,6.424,47230000000.0,0.0,-1468000000.0,8670000000.0,94.839,-259000000.0
32,APC,MRQ,2011-06-30,2011-06-30,2011-06-30,2019-07-30,-517000000.0,52617000000.0,,6870000000.0,45747000000.0,,43.114,-1386000000.0,3406000000.0,3406000000.0,648000000.0,562000000.0,1.665,1.41,13226000000.0,425000000.0,12801000000.0,13226000000.0,0.0,985000000.0,0.0,0.005,0.09,1200000000.0,2185000000.0,0.594,2185000000.0,1200000000.0,984000000.0,1.09,1.08,1.09,21471000000.0,,21471000000.0,47922692309.0,18.0,7.403,451000000.0,0.906,1.0,3028000000.0,0.824,5836000000.0,216000000.0,52474000000.0,,0.0,0.0,0.0,0.0,30269000000.0,4127000000.0,26142000000.0,38189692309.0,-54000000.0,-442000000.0,14000000.0,20000000.0,-45000000.0,-56000000.0,-1839000000.0,0.0,1837000000.0,4000000.0,544000000.0,544000000.0,544000000.0,0.0,18000000.0,0.148,2027000000.0,1001000000.0,2286000000.0,0.083,1.779,45.195,45.153,38343000000.0,0.0,76.76,3.138,3.141,2926000000.0,15119000000.0,3676000000.0,3676000000.0,236000000.0,,,,,0.0,282000000.0,1.0,497520744.0,498000000,500000000.0,7.382,46781000000.0,0.0,440000000.0,10077000000.0,93.938,2743000000.0
33,APC,MRQ,2011-03-31,2011-03-31,2011-03-31,2019-07-30,-533000000.0,52013000000.0,,6687000000.0,45326000000.0,,42.07,-1358000000.0,3460000000.0,3460000000.0,612000000.0,237000000.0,1.645,1.446,13193000000.0,424000000.0,12769000000.0,13193000000.0,0.0,985000000.0,0.0,0.004,0.09,702000000.0,1687000000.0,0.519,1687000000.0,702000000.0,482000000.0,0.43,0.43,0.43,20909000000.0,,20909000000.0,49986463880.0,30.0,9.258,-69000000.0,-0.139,1.0,2641000000.0,0.812,5366000000.0,220000000.0,52315000000.0,,0.0,0.0,0.0,0.0,30229000000.0,4065000000.0,26164000000.0,40653463880.0,-220000000.0,-362000000.0,5000000.0,167000000.0,-45000000.0,231000000.0,-1750000000.0,0.0,1289000000.0,10000000.0,216000000.0,216000000.0,216000000.0,0.0,21000000.0,0.066,1745000000.0,896000000.0,2385000000.0,0.209,1.944,155.76,154.566,38423000000.0,0.0,81.92,3.663,3.669,2708000000.0,14620000000.0,3253000000.0,3253000000.0,179000000.0,,,,,0.0,209000000.0,1.0,496258104.0,497000000,499000000.0,6.545,46647000000.0,0.0,266000000.0,10026000000.0,93.857,2622000000.0
34,APC,MRQ,2010-12-31,2010-12-31,2010-12-31,2019-07-30,-549000000.0,51559000000.0,,6675000000.0,44884000000.0,,41.786,-1419000000.0,3680000000.0,3680000000.0,598000000.0,129000000.0,1.623,1.456,13013000000.0,291000000.0,12722000000.0,13013000000.0,0.0,869000000.0,0.0,0.005,0.09,484000000.0,1353000000.0,0.503,1353000000.0,484000000.0,271000000.0,0.23,0.22,0.23,20684000000.0,,20684000000.0,46997322134.0,19.0,7.642,-104000000.0,-0.21,1.0,2093000000.0,0.778,5311000000.0,213000000.0,51467000000.0,,0.0,0.0,0.0,0.0,30120000000.0,4114000000.0,26006000000.0,37744322134.0,-538000000.0,0.0,10000000.0,-707000000.0,-44000000.0,-435000000.0,-1415000000.0,0.0,1315000000.0,-3000000.0,111000000.0,111000000.0,111000000.0,0.0,18000000.0,0.041,1816000000.0,277000000.0,2726000000.0,0.391,1.825,49.598,49.778,37957000000.0,0.0,76.16,3.436,3.432,2423000000.0,14449000000.0,2691000000.0,2691000000.0,325000000.0,,,,,0.0,281000000.0,1.0,495592465.0,495000000,500000000.0,5.436,46248000000.0,0.0,160000000.0,9861000000.0,93.43,2561000000.0
35,APC,MRQ,2010-09-30,2010-09-30,2010-09-30,2019-07-30,-493000000.0,51826000000.0,,7080000000.0,44746000000.0,,41.591,-1125000000.0,4218000000.0,4218000000.0,561000000.0,-8000000.0,1.505,1.487,13471000000.0,718000000.0,12753000000.0,13471000000.0,0.0,962000000.0,0.0,0.006,0.09,286000000.0,1248000000.0,0.489,1248000000.0,286000000.0,68000000.0,-0.05,-0.05,-0.05,20629000000.0,,20629000000.0,37212725921.0,15.0,5.959,-76000000.0,-0.153,1.0,1989000000.0,0.78,5312000000.0,218000000.0,51063000000.0,,0.0,0.0,0.0,0.0,30682000000.0,4704000000.0,25978000000.0,28235725921.0,844000000.0,0.0,3000000.0,903000000.0,-46000000.0,852000000.0,-1077000000.0,0.0,1049000000.0,20000000.0,-26000000.0,-26000000.0,-26000000.0,0.0,18000000.0,-0.01,1793000000.0,196000000.0,2904000000.0,-1.8,1.369,32.123,31.694,37711000000.0,0.0,57.05,2.636,2.642,2069000000.0,14382000000.0,2550000000.0,2550000000.0,296000000.0,,,,,0.0,273000000.0,1.0,494929464.0,496000000,496000000.0,5.141,46514000000.0,0.0,94000000.0,9820000000.0,93.778,2376000000.0
36,APC,MRQ,2010-06-30,2010-06-30,2010-06-30,2019-07-30,-507000000.0,50547000000.0,,6074000000.0,44473000000.0,,41.727,-1224000000.0,3374000000.0,3374000000.0,541000000.0,-28000000.0,1.301,1.421,12351000000.0,909000000.0,11442000000.0,12351000000.0,0.0,902000000.0,0.0,0.01,0.09,209000000.0,1111000000.0,0.427,1111000000.0,209000000.0,9000000.0,-0.08,-0.08,-0.08,20655000000.0,,20655000000.0,27100321968.0,10.0,4.212,342000000.0,0.691,1.0,2063000000.0,0.792,5313000000.0,200000000.0,49542000000.0,,0.0,0.0,0.0,0.0,29342000000.0,4669000000.0,24673000000.0,17855321968.0,-318000000.0,0.0,13000000.0,-611000000.0,-45000000.0,-575000000.0,-1291000000.0,0.0,1566000000.0,-18000000.0,-40000000.0,-40000000.0,-40000000.0,0.0,12000000.0,-0.015,1686000000.0,377000000.0,2778000000.0,-1.125,0.864,16.159,16.04,37619000000.0,0.0,36.09,1.618,1.619,2106000000.0,14454000000.0,2604000000.0,2604000000.0,198000000.0,,,,,0.0,203000000.0,1.0,494744305.0,495000000,495000000.0,5.261,45234000000.0,0.0,49000000.0,9746000000.0,91.382,1405000000.0
37,APC,MRQ,2010-03-31,2010-03-31,2010-03-31,2019-07-30,-522000000.0,50708000000.0,,6402000000.0,44306000000.0,,41.921,-1170000000.0,3692000000.0,3692000000.0,561000000.0,728000000.0,1.642,1.431,12937000000.0,478000000.0,12459000000.0,12937000000.0,0.0,981000000.0,0.0,0.005,0.09,1457000000.0,2438000000.0,0.777,2438000000.0,1457000000.0,1233000000.0,1.44,1.43,1.44,20667000000.0,,20667000000.0,45090318208.0,19.0,7.397,147000000.0,0.298,1.0,2578000000.0,0.821,5313000000.0,224000000.0,50741000000.0,,0.0,0.0,0.0,0.0,29583000000.0,3899000000.0,25684000000.0,35873318208.0,161000000.0,0.0,39000000.0,135000000.0,-45000000.0,36000000.0,-1181000000.0,0.0,1317000000.0,-11000000.0,716000000.0,716000000.0,716000000.0,0.0,12000000.0,0.228,1659000000.0,919000000.0,2449000000.0,0.063,1.736,39.035,39.368,37353000000.0,0.0,72.83,3.468,3.471,2099000000.0,14539000000.0,3139000000.0,3139000000.0,155000000.0,,,,,0.0,210000000.0,1.0,492562381.0,493000000,496000000.0,6.367,45395000000.0,0.0,517000000.0,9952000000.0,92.079,2503000000.0
38,APC,MRQ,2009-12-31,2009-12-31,2009-12-31,2019-07-30,-512000000.0,50123000000.0,,6083000000.0,44040000000.0,,40.504,-1355000000.0,3531000000.0,3531000000.0,484000000.0,238000000.0,1.591,1.491,12748000000.0,0.0,12748000000.0,12748000000.0,0.0,884000000.0,0.0,0.006,0.09,564000000.0,1448000000.0,0.599,1448000000.0,564000000.0,366000000.0,0.49,0.49,0.49,19928000000.0,,19928000000.0,39874143461.0,71.0,9.74,-255000000.0,-0.518,1.0,1933000000.0,0.8,5322000000.0,198000000.0,50194000000.0,,0.0,0.0,0.0,0.0,29708000000.0,3824000000.0,25884000000.0,30680143461.0,-55000000.0,0.0,-6000000.0,-40000000.0,-45000000.0,153000000.0,-1308000000.0,0.0,1100000000.0,0.0,229000000.0,229000000.0,229000000.0,0.0,9000000.0,0.095,1742000000.0,191000000.0,2876000000.0,0.184,1.54,-227.26,-222.929,37204000000.0,0.0,62.42,3.409,3.329,2052000000.0,13868000000.0,2417000000.0,2417000000.0,294000000.0,,,,,0.0,325000000.0,1.0,491511430.0,492000000,492000000.0,4.913,44801000000.0,0.0,137000000.0,9925000000.0,91.059,2259000000.0
39,APC,MRQ,2009-09-30,2009-09-30,2009-09-30,2019-07-30,-101000000.0,49476000000.0,,6056000000.0,43420000000.0,,40.367,-762000000.0,3586000000.0,3586000000.0,521000000.0,206000000.0,2.101,1.478,12780000000.0,0.0,12780000000.0,12780000000.0,0.0,909000000.0,0.0,0.006,0.09,528000000.0,1437000000.0,0.5,1437000000.0,528000000.0,407000000.0,0.4,0.4,0.4,19820000000.0,,19820000000.0,40116678165.0,30.0,8.447,303000000.0,0.617,1.0,2353000000.0,0.819,5323000000.0,121000000.0,50465000000.0,,0.0,0.0,0.0,0.0,29291000000.0,2882000000.0,26409000000.0,30770678165.0,59000000.0,0.0,10000000.0,-100000000.0,-44000000.0,-152000000.0,-854000000.0,0.0,1065000000.0,0.0,200000000.0,200000000.0,200000000.0,0.0,6000000.0,0.07,1574000000.0,779000000.0,2043000000.0,0.225,1.553,72.916,71.284,36703000000.0,0.0,62.73,3.13,3.133,1849000000.0,13684000000.0,2874000000.0,2874000000.0,224000000.0,,,,,0.0,223000000.0,1.0,490525716.0,491000000,493000000.0,5.853,44153000000.0,0.0,207000000.0,10174000000.0,89.925,3174000000.0
40,APC,MRQ,2009-06-30,2009-06-30,2009-06-30,2019-07-30,-107000000.0,49372000000.0,,5646000000.0,43726000000.0,,41.084,-931000000.0,3527000000.0,3527000000.0,585000000.0,-216000000.0,1.65,1.501,12873000000.0,0.0,12873000000.0,12873000000.0,0.0,933000000.0,0.0,0.008,0.09,-160000000.0,773000000.0,0.404,773000000.0,-160000000.0,-361000000.0,-0.48,-0.48,-0.48,19597000000.0,,19597000000.0,31722459682.0,7.0,4.129,297000000.0,0.623,1.0,1328000000.0,0.694,5332000000.0,201000000.0,49964000000.0,,0.0,0.0,0.0,0.0,29411000000.0,3422000000.0,25989000000.0,20897459682.0,1362000000.0,0.0,1341000000.0,-132000000.0,-45000000.0,1073000000.0,-939000000.0,0.0,1228000000.0,0.0,-226000000.0,-226000000.0,-226000000.0,0.0,10000000.0,-0.118,1650000000.0,-322000000.0,2635000000.0,-0.188,1.066,8.755,8.953,36909000000.0,0.0,45.39,1.594,1.652,1538000000.0,13528000000.0,1913000000.0,1913000000.0,288000000.0,,,,,0.0,226000000.0,1.0,460397878.0,477000000,477000000.0,4.01,44040000000.0,0.0,-135000000.0,9857000000.0,92.327,2224000000.0
41,APC,MRQ,2009-03-31,2009-03-31,2009-03-31,2019-07-30,-113000000.0,48154000000.0,,4552000000.0,43602000000.0,,40.13,-1128000000.0,2165000000.0,2165000000.0,550000000.0,-331000000.0,1.091,1.589,12990000000.0,1020000000.0,11970000000.0,12990000000.0,0.0,806000000.0,0.0,0.009,0.09,-370000000.0,436000000.0,0.243,436000000.0,-370000000.0,-552000000.0,-0.73,-0.73,-0.73,18460000000.0,,18460000000.0,27863772246.0,6.0,3.439,-595000000.0,-1.293,1.0,1246000000.0,0.694,5359000000.0,182000000.0,49447000000.0,,0.0,0.0,0.0,0.0,29332000000.0,4173000000.0,25159000000.0,17884772246.0,-195000000.0,0.0,-8000000.0,637000000.0,-42000000.0,407000000.0,-1135000000.0,0.0,533000000.0,0.0,-338000000.0,-338000000.0,-338000000.0,0.0,7000000.0,-0.188,1517000000.0,-271000000.0,2637000000.0,-0.123,0.969,6.785,6.945,37154000000.0,0.0,38.89,1.279,1.28,1433000000.0,13799000000.0,1796000000.0,1796000000.0,301000000.0,,,,,0.0,209000000.0,1.0,459881004.0,460000000,460000000.0,3.904,42795000000.0,0.0,-214000000.0,9757000000.0,93.033,379000000.0
42,APC,MRQ,2008-12-31,2008-12-31,2008-12-31,2019-07-30,-119000000.0,48923000000.0,,5095000000.0,43828000000.0,,40.948,320000000.0,2360000000.0,2360000000.0,600000000.0,794000000.0,0.92,1.584,12339000000.0,1472000000.0,10867000000.0,12339000000.0,0.0,756000000.0,0.0,0.009,0.09,1347000000.0,2103000000.0,0.647,2103000000.0,1347000000.0,1173000000.0,1.69,1.69,1.69,18795000000.0,,18795000000.0,28413978045.0,5.0,3.044,707000000.0,1.54,1.0,2649000000.0,0.815,5413000000.0,174000000.0,47953000000.0,,0.0,0.0,0.0,0.0,29767000000.0,5536000000.0,24231000000.0,17695978045.0,379000000.0,0.0,-6000000.0,-355000000.0,-41000000.0,-348000000.0,340000000.0,0.0,387000000.0,0.0,786000000.0,786000000.0,786000000.0,-5000000.0,8000000.0,0.242,1794000000.0,855000000.0,3166000000.0,0.053,0.942,5.428,5.571,37047000000.0,0.0,38.55,1.167,1.182,1687000000.0,14179000000.0,3249000000.0,3249000000.0,489000000.0,,,,,0.0,247000000.0,1.0,459039638.0,459000000,460000000.0,7.078,43510000000.0,0.0,387000000.0,9974000000.0,94.793,-441000000.0
43,APC,MRQ,2008-09-30,2008-09-30,2008-09-30,2019-07-30,-123000000.0,49229000000.0,,4986000000.0,44243000000.0,,39.079,-1126000000.0,1980000000.0,1980000000.0,679000000.0,2175000000.0,0.8,1.703,12698000000.0,1708000000.0,10990000000.0,12698000000.0,0.0,844000000.0,0.0,0.007,0.09,3526000000.0,4370000000.0,0.711,4370000000.0,3526000000.0,3346000000.0,4.59,4.58,4.59,18211000000.0,,18211000000.0,35108645556.0,6.0,3.975,2425000000.0,5.204,1.0,5470000000.0,0.89,5100000000.0,180000000.0,48615000000.0,,0.0,0.0,0.0,0.0,31018000000.0,6232000000.0,24786000000.0,22725645556.0,1328000000.0,0.0,-611000000.0,-341000000.0,-42000000.0,-1009000000.0,-1214000000.0,0.0,3551000000.0,0.0,2165000000.0,2165000000.0,2165000000.0,-1000000.0,10000000.0,0.352,1913000000.0,3557000000.0,3251000000.0,0.02,1.248,8.3,8.481,36877000000.0,0.0,48.51,1.466,1.459,2148000000.0,13435000000.0,6149000000.0,6149000000.0,373000000.0,,,,,0.0,216000000.0,1.0,468473419.0,466000000,467000000.0,13.195,44129000000.0,0.0,1181000000.0,9805000000.0,94.697,-1246000000.0
44,APC,MRQ,2008-06-30,2008-06-30,2008-06-30,2019-07-30,-127000000.0,49337000000.0,,5167000000.0,44170000000.0,,35.579,-681000000.0,652000000.0,652000000.0,611000000.0,28000000.0,1.061,1.963,13035000000.0,52000000.0,12983000000.0,13035000000.0,0.0,784000000.0,0.0,0.005,0.09,410000000.0,1194000000.0,0.429,1194000000.0,410000000.0,259000000.0,0.05,0.05,0.05,16651000000.0,,16651000000.0,47480328538.0,15.0,7.689,-185000000.0,-0.395,1.0,2175000000.0,0.781,5115000000.0,151000000.0,51734000000.0,,0.0,0.0,0.0,0.0,32686000000.0,4871000000.0,27815000000.0,35034328538.0,-660000000.0,0.0,5000000.0,-726000000.0,-43000000.0,-397000000.0,-759000000.0,0.0,496000000.0,0.0,23000000.0,23000000.0,23000000.0,0.0,5000000.0,0.008,1781000000.0,394000000.0,3198000000.0,1.8,2.104,33.271,34.648,36811000000.0,0.0,74.84,2.838,2.837,3280000000.0,11316000000.0,2786000000.0,2786000000.0,264000000.0,,,,,0.0,199000000.0,1.0,468123043.0,468000000,469000000.0,5.953,44222000000.0,0.0,236000000.0,10295000000.0,94.491,296000000.0
45,APC,MRQ,2008-03-31,2008-03-31,2008-03-31,2019-07-30,-129000000.0,48335000000.0,,4308000000.0,44027000000.0,,35.592,-859000000.0,1308000000.0,1308000000.0,567000000.0,286000000.0,0.926,1.902,13754000000.0,396000000.0,13358000000.0,13754000000.0,0.0,810000000.0,0.0,0.006,0.09,857000000.0,1667000000.0,0.56,1667000000.0,857000000.0,630000000.0,0.61,0.6,0.61,16657000000.0,,16657000000.0,42981148674.0,8.0,5.295,1149000000.0,2.455,1.0,2411000000.0,0.81,5140000000.0,227000000.0,50987000000.0,,0.0,0.0,0.0,0.0,31678000000.0,4654000000.0,27024000000.0,29502148674.0,45000000.0,0.0,6000000.0,-999000000.0,-44000000.0,-1068000000.0,-895000000.0,0.0,2008000000.0,0.0,286000000.0,286000000.0,286000000.0,0.0,0.0,0.096,1616000000.0,795000000.0,2754000000.0,0.148,1.771,12.592,12.785,36619000000.0,0.0,63.03,2.086,2.086,2149000000.0,11332000000.0,2978000000.0,2978000000.0,243000000.0,,,,,0.0,204000000.0,1.0,468065186.0,468000000,469000000.0,6.363,43195000000.0,0.0,344000000.0,10141000000.0,92.297,-346000000.0
46,APC,MRQ,2007-12-31,2007-12-31,2007-12-31,2019-07-30,-133000000.0,48451000000.0,,4486000000.0,43965000000.0,,35.191,-468000000.0,1268000000.0,1268000000.0,529000000.0,262000000.0,0.857,1.961,14747000000.0,1396000000.0,13351000000.0,14747000000.0,0.0,750000000.0,0.0,0.005,0.09,852000000.0,1602000000.0,0.447,1602000000.0,852000000.0,630000000.0,0.47,0.48,0.47,16364000000.0,,16364000000.0,44085056560.0,6.0,4.297,416000000.0,0.895,1.0,3057000000.0,0.852,5166000000.0,222000000.0,51530000000.0,,0.0,0.0,0.0,0.0,32087000000.0,5234000000.0,26853000000.0,30635056560.0,25000000.0,-93000000.0,5000000.0,-45000000.0,-40000000.0,-272000000.0,-587000000.0,0.0,884000000.0,0.0,262000000.0,264000000.0,264000000.0,22000000.0,0.0,0.074,1672000000.0,1385000000.0,2778000000.0,0.191,1.872,8.109,8.181,37451000000.0,-2000000.0,65.69,1.866,1.861,2576000000.0,11089000000.0,3586000000.0,3586000000.0,291000000.0,,,,,0.0,255000000.0,1.0,466357993.0,465000000,467000000.0,7.712,43285000000.0,0.0,368000000.0,10214000000.0,93.086,-748000000.0
47,APC,MRQ,2007-09-30,2007-09-30,2007-09-30,2019-07-30,-136000000.0,47570000000.0,,3523000000.0,44047000000.0,,34.689,-918000000.0,1243000000.0,1243000000.0,586000000.0,481000000.0,0.481,1.943,14693000000.0,3549000000.0,11144000000.0,14693000000.0,0.0,655000000.0,0.0,0.007,0.09,1057000000.0,1712000000.0,0.572,1712000000.0,1057000000.0,835000000.0,1.03,1.03,1.03,16165000000.0,,16165000000.0,40268301400.0,5.0,3.413,50000000.0,0.107,1.0,2409000000.0,0.804,5169000000.0,222000000.0,48534000000.0,,0.0,0.0,0.0,0.0,31405000000.0,7317000000.0,24088000000.0,25033301400.0,-404000000.0,-7000000.0,18000000.0,-321000000.0,-43000000.0,-408000000.0,-964000000.0,0.0,968000000.0,0.0,481000000.0,480000000.0,480000000.0,12000000.0,0.0,0.16,1348000000.0,1061000000.0,2406000000.0,0.087,1.549,4.605,4.582,37557000000.0,1000000.0,53.75,1.563,1.564,1579000000.0,10979000000.0,2995000000.0,2995000000.0,253000000.0,,,,,0.0,171000000.0,1.0,465735840.0,466000000,468000000.0,6.427,42401000000.0,0.0,354000000.0,10143000000.0,90.989,-3794000000.0
48,APC,MRQ,2007-06-30,2007-06-30,2007-06-30,2019-07-30,-138000000.0,51016000000.0,,4595000000.0,46421000000.0,,33.966,2202000000.0,1647000000.0,1647000000.0,718000000.0,1313000000.0,0.48,2.23,16882000000.0,5744000000.0,11138000000.0,16882000000.0,0.0,712000000.0,0.0,0.007,0.09,2424000000.0,3136000000.0,0.684,3136000000.0,2424000000.0,2101000000.0,2.82,2.81,2.82,15794000000.0,,15794000000.0,41774497247.0,4.0,3.328,2439000000.0,5.245,1.0,3867000000.0,0.843,4740000000.0,323000000.0,51941000000.0,,0.0,0.0,0.0,0.0,35222000000.0,9570000000.0,25652000000.0,24119497247.0,-2002000000.0,0.0,41000000.0,-4400000000.0,-43000000.0,-4370000000.0,2131000000.0,0.0,237000000.0,0.0,1313000000.0,1313000000.0,1313000000.0,-7000000.0,0.0,0.286,1473000000.0,2394000000.0,2704000000.0,0.032,1.527,3.804,3.792,39146000000.0,0.0,51.99,1.46,1.463,2322000000.0,10661000000.0,4585000000.0,4585000000.0,222000000.0,,,,,0.0,246000000.0,1.0,463925702.0,465000000,467000000.0,9.86,46276000000.0,0.0,788000000.0,11759000000.0,99.518,-4975000000.0
49,APC,MRQ,2007-03-31,2007-03-31,2007-03-31,2019-07-30,-139000000.0,55880000000.0,,6820000000.0,49060000000.0,,32.633,3198000000.0,3620000000.0,3620000000.0,746000000.0,1722000000.0,0.483,2.698,21275000000.0,9748000000.0,11527000000.0,21275000000.0,0.0,723000000.0,0.0,0.008,0.09,3087000000.0,3810000000.0,0.726,3810000000.0,3087000000.0,2771000000.0,3.71,3.7,3.71,15109000000.0,,15109000000.0,42403966567.0,5.0,3.888,4009000000.0,8.659,1.0,4504000000.0,0.858,4461000000.0,316000000.0,54965000000.0,,0.0,0.0,0.0,0.0,40771000000.0,14109000000.0,26662000000.0,19903966567.0,3138000000.0,0.0,15000000.0,-725000000.0,-44000000.0,-871000000.0,3198000000.0,0.0,811000000.0,0.0,1722000000.0,1721000000.0,1721000000.0,-27000000.0,0.0,0.328,1473000000.0,3031000000.0,2706000000.0,0.024,1.317,3.407,3.395,43695000000.0,1000000.0,42.98,1.448,1.447,2683000000.0,10052000000.0,5250000000.0,5250000000.0,139000000.0,,,,,0.0,264000000.0,1.0,463098338.0,463000000,465000000.0,11.339,51419000000.0,0.0,1049000000.0,12722000000.0,111.056,-7289000000.0
50,APC,MRQ,2006-12-31,2006-12-31,2006-12-31,2019-07-30,-137000000.0,54964000000.0,,4612000000.0,50352000000.0,,26.963,-1497000000.0,491000000.0,491000000.0,735000000.0,1923000000.0,0.275,3.432,22991000000.0,11471000000.0,11520000000.0,22991000000.0,0.0,791000000.0,0.0,0.008,0.09,2350000000.0,3141000000.0,0.987,3141000000.0,2350000000.0,2012000000.0,4.17,4.15,4.17,12403000000.0,,12403000000.0,46031082729.0,7.0,5.471,-642000000.0,-1.396,1.0,2448000000.0,0.769,4332000000.0,338000000.0,56374000000.0,,0.0,0.0,0.0,0.0,42561000000.0,16758000000.0,25803000000.0,20008082729.0,-1417000000.0,-123000000.0,49000000.0,-4838000000.0,-43000000.0,-4793000000.0,2520000000.0,0.0,855000000.0,1000000.0,1923000000.0,1922000000.0,1922000000.0,-1955000000.0,0.0,0.604,2038000000.0,410000000.0,3501000000.0,0.022,1.613,4.216,4.221,41436000000.0,1000000.0,43.52,1.956,1.957,3291000000.0,7409000000.0,3183000000.0,3183000000.0,404000000.0,,,,,0.0,306000000.0,1.0,459744548.0,460000000,464000000.0,6.92,50632000000.0,0.0,89000000.0,11870000000.0,110.07,-12146000000.0
51,APC,MRQ,2006-09-30,2006-09-30,2006-09-30,2019-07-30,490000000.0,60176000000.0,,5350000000.0,54826000000.0,,29.939,51000000.0,1803000000.0,1803000000.0,505000000.0,1385000000.0,0.253,3.369,27826000000.0,16663000000.0,11163000000.0,27826000000.0,0.0,306000000.0,0.0,0.008,0.09,2161000000.0,2467000000.0,0.704,2467000000.0,2161000000.0,1958000000.0,3.01,2.99,3.01,13772000000.0,,13772000000.0,23039478715.0,4.0,3.483,1510000000.0,3.283,1.0,3001000000.0,0.856,8053000000.0,203000000.0,56967000000.0,,0.0,0.0,0.0,0.0,46404000000.0,21179000000.0,25225000000.0,20138478715.0,1108000000.0,-20964000000.0,1000000.0,20969000000.0,-42000000.0,20704000000.0,-21056000000.0,0.0,1459000000.0,1000000.0,1385000000.0,1385000000.0,1385000000.0,-75000000.0,0.0,0.395,929000000.0,2072000000.0,2718000000.0,0.03,1.462,5.605,5.626,42305000000.0,0.0,43.83,2.224,2.227,2583000000.0,8045000000.0,3506000000.0,3506000000.0,122000000.0,,,,,0.0,181000000.0,1.0,459467915.0,460000000,463000000.0,7.622,52123000000.0,0.0,573000000.0,11337000000.0,113.311,-15829000000.0
52,APC,MRQ,2006-06-30,2006-06-30,2006-06-30,2019-07-30,525000000.0,23665000000.0,,2572000000.0,21093000000.0,,26.937,-899000000.0,671000000.0,671000000.0,250000000.0,815000000.0,1.165,0.914,3572000000.0,211000000.0,3361000000.0,3572000000.0,0.0,362000000.0,0.0,0.008,0.09,1127000000.0,1489000000.0,0.823,1489000000.0,1127000000.0,1076000000.0,1.77,1.76,1.77,12364000000.0,,12364000000.0,24673900827.0,6.0,4.566,58000000.0,0.126,1.0,1559000000.0,0.862,1092000000.0,51000000.0,23267000000.0,,0.0,0.0,0.0,0.0,11301000000.0,2207000000.0,9094000000.0,21866900827.0,0.0,0.0,26000000.0,18000000.0,-43000000.0,78000000.0,-1044000000.0,0.0,957000000.0,9000000.0,815000000.0,814000000.0,814000000.0,-152000000.0,0.0,0.45,591000000.0,968000000.0,1262000000.0,0.051,1.769,7.798,7.883,16233000000.0,1000000.0,47.69,3.092,3.095,1325000000.0,6626000000.0,1809000000.0,1809000000.0,0.0,,,,,0.0,123000000.0,1.0,458521720.0,459000000,463000000.0,3.941,22573000000.0,0.0,261000000.0,4070000000.0,49.179,365000000.0
53,APC,MRQ,2006-03-31,2006-03-31,2006-03-31,2019-07-30,489000000.0,22867000000.0,,2535000000.0,20332000000.0,,25.124,-775000000.0,820000000.0,820000000.0,217000000.0,661000000.0,1.16,0.979,3627000000.0,235000000.0,3392000000.0,3627000000.0,0.0,293000000.0,0.0,0.007,0.09,1062000000.0,1355000000.0,0.797,1355000000.0,1062000000.0,1009000000.0,1.43,1.42,1.43,11557000000.0,,11557000000.0,26214867935.0,6.0,5.288,447000000.0,0.972,1.0,1484000000.0,0.872,1196000000.0,53000000.0,22292000000.0,,0.0,0.0,0.0,0.0,11310000000.0,2186000000.0,9124000000.0,23276867935.0,81000000.0,0.0,-88000000.0,-28000000.0,-42000000.0,-166000000.0,-975000000.0,0.0,1222000000.0,0.0,661000000.0,660000000.0,660000000.0,-96000000.0,0.0,0.388,518000000.0,966000000.0,1453000000.0,0.063,2.014,9.326,9.44,18474000000.0,1000000.0,50.505,3.496,3.489,1497000000.0,7576000000.0,1701000000.0,1701000000.0,0.0,,,,,0.0,105000000.0,1.0,460882446.0,460000000,465000000.0,3.698,21671000000.0,0.0,348000000.0,4852000000.0,47.111,349000000.0
54,APC,MRQ,2005-12-31,2005-12-31,2005-12-31,2019-07-30,544000000.0,22588000000.0,,2916000000.0,19672000000.0,,23.817,-590000000.0,561000000.0,561000000.0,213000000.0,735000000.0,1.213,1.044,3627000000.0,80000000.0,3547000000.0,3627000000.0,0.0,81000000.0,0.0,0.008,0.09,1222000000.0,1303000000.0,0.639,1303000000.0,1222000000.0,1157000000.0,1.58,1.56,1.58,11051000000.0,,11051000000.0,24942073663.0,7.0,5.272,347000000.0,0.748,1.0,1825000000.0,0.895,1089000000.0,65000000.0,22162000000.0,,0.0,0.0,0.0,0.0,11537000000.0,2403000000.0,9134000000.0,22278073663.0,-273000000.0,0.0,-520000000.0,0.0,-43000000.0,-543000000.0,-659000000.0,0.0,937000000.0,-8000000.0,735000000.0,734000000.0,734000000.0,-159000000.0,0.0,0.36,807000000.0,1018000000.0,1485000000.0,0.057,2.016,9.578,9.571,15195000000.0,1000000.0,47.375,3.532,3.53,1602000000.0,6957000000.0,2038000000.0,2038000000.0,445000000.0,,,,,0.0,202000000.0,1.0,470249576.0,464000000,469000000.0,4.392,21499000000.0,0.0,422000000.0,3993000000.0,46.334,513000000.0
55,APC,MRQ,2005-09-30,2005-09-30,2005-09-30,2019-07-30,390000000.0,22012000000.0,,2980000000.0,19032000000.0,,22.45,-743000000.0,1012000000.0,1012000000.0,173000000.0,598000000.0,1.224,1.082,3676000000.0,72000000.0,3604000000.0,3676000000.0,0.0,272000000.0,0.0,0.007,0.09,985000000.0,1257000000.0,0.824,1257000000.0,985000000.0,934000000.0,1.27,1.25,1.27,10574000000.0,,10574000000.0,25389929574.0,8.0,6.111,401000000.0,0.851,1.0,1352000000.0,0.887,1286000000.0,51000000.0,20955000000.0,,0.0,0.0,0.0,0.0,11438000000.0,2435000000.0,9003000000.0,22629929574.0,97000000.0,0.0,-158000000.0,0.0,-44000000.0,-174000000.0,-893000000.0,0.0,1144000000.0,20000000.0,598000000.0,596000000.0,596000000.0,-66000000.0,0.0,0.391,469000000.0,883000000.0,1411000000.0,0.071,2.14,11.332,11.385,17283000000.0,2000000.0,47.875,4.434,4.418,1605000000.0,6124000000.0,1525000000.0,1525000000.0,0.0,,,,,0.0,87000000.0,1.0,472687824.0,471000000,476000000.0,3.238,20726000000.0,0.0,336000000.0,4539000000.0,44.004,545000000.0
56,APC,MRQ,2005-06-30,2005-06-30,2005-06-30,2019-07-30,294000000.0,20827000000.0,,2435000000.0,18392000000.0,,21.303,-511000000.0,915000000.0,915000000.0,172000000.0,507000000.0,1.259,1.071,3675000000.0,72000000.0,3603000000.0,3675000000.0,0.0,224000000.0,0.0,0.008,0.09,818000000.0,1042000000.0,0.747,1042000000.0,818000000.0,767000000.0,1.07,1.06,1.07,10055000000.0,,10055000000.0,22209695207.0,7.0,5.53,284000000.0,0.602,1.0,1222000000.0,0.877,1299000000.0,51000000.0,20354000000.0,,0.0,0.0,0.0,0.0,10772000000.0,1934000000.0,8838000000.0,19363695207.0,-82000000.0,0.0,28000000.0,-169000000.0,-44000000.0,-138000000.0,-734000000.0,0.0,795000000.0,-5000000.0,507000000.0,506000000.0,506000000.0,-68000000.0,0.0,0.363,465000000.0,757000000.0,1318000000.0,0.084,1.926,10.758,11.012,16601000000.0,1000000.0,41.075,3.767,3.771,1223000000.0,5571000000.0,1394000000.0,1394000000.0,0.0,,,,,0.0,98000000.0,1.0,471422890.0,472000000,477000000.0,2.953,19528000000.0,0.0,260000000.0,4433000000.0,41.373,501000000.0
57,APC,MRQ,2005-03-31,2005-03-31,2005-03-31,2019-07-30,293000000.0,20502000000.0,,2478000000.0,18024000000.0,,20.131,-633000000.0,997000000.0,997000000.0,200000000.0,491000000.0,1.19,1.149,3843000000.0,200000000.0,3643000000.0,3843000000.0,0.0,324000000.0,0.0,0.008,0.09,819000000.0,1143000000.0,0.749,1143000000.0,819000000.0,767000000.0,1.035,1.025,1.035,9542000000.0,,9542000000.0,20989110929.0,7.0,5.219,303000000.0,0.639,1.0,1326000000.0,0.869,1308000000.0,52000000.0,19957000000.0,,0.0,0.0,0.0,0.0,10960000000.0,2083000000.0,8877000000.0,18023110929.0,123000000.0,0.0,-129000000.0,3000000.0,-44000000.0,-176000000.0,-633000000.0,0.0,936000000.0,-4000000.0,491000000.0,490000000.0,490000000.0,0.0,0.0,0.321,511000000.0,815000000.0,1267000000.0,0.087,1.889,10.608,10.997,16232000000.0,1000000.0,38.05,3.473,3.475,1209000000.0,5108000000.0,1526000000.0,1526000000.0,0.0,,,,,0.0,102000000.0,1.0,473669144.0,474000000,478000000.0,3.219,19194000000.0,0.0,276000000.0,4404000000.0,40.494,395000000.0
58,APC,MRQ,2004-12-31,2004-12-31,2004-12-31,2019-07-30,381000000.0,20192000000.0,,2502000000.0,17690000000.0,,19.184,1367000000.0,874000000.0,874000000.0,57000000.0,406000000.0,1.255,1.175,3840000000.0,169000000.0,3671000000.0,3840000000.0,0.0,40000000.0,0.0,0.009,0.07,673000000.0,713000000.0,1.082,713000000.0,673000000.0,575000000.0,0.83,0.82,0.83,9285000000.0,,9285000000.0,20359906044.0,7.0,5.227,1817000000.0,3.754,1.0,602000000.0,0.914,1309000000.0,98000000.0,19856000000.0,,0.0,0.0,0.0,0.0,10907000000.0,1993000000.0,8914000000.0,16029906044.0,720000000.0,0.0,-794000000.0,-596000000.0,-34000000.0,-1500000000.0,1775000000.0,0.0,450000000.0,-5000000.0,406000000.0,405000000.0,405000000.0,-305000000.0,0.0,0.615,247000000.0,355000000.0,1460000000.0,0.084,1.726,10.012,10.095,15913000000.0,1000000.0,32.405,3.128,3.156,1350000000.0,4661000000.0,659000000.0,659000000.0,0.0,,,,,0.0,104000000.0,1.0,494673848.0,484000000,488000000.0,1.362,18883000000.0,0.0,169000000.0,4414000000.0,39.014,509000000.0
59,APC,MRQ,2004-09-30,2004-09-30,2004-09-30,2019-07-30,151000000.0,21539000000.0,,1670000000.0,19869000000.0,,18.89,-294000000.0,154000000.0,154000000.0,244000000.0,401000000.0,0.598,1.28,4484000000.0,364000000.0,4120000000.0,4484000000.0,0.0,387000000.0,0.0,0.008,0.07,731000000.0,1118000000.0,0.716,1118000000.0,731000000.0,600000000.0,0.795,0.79,0.795,9445000000.0,,9445000000.0,21358132158.0,8.0,5.322,698000000.0,1.396,1.0,1318000000.0,0.844,1395000000.0,131000000.0,21680000000.0,,0.0,0.0,0.0,0.0,12094000000.0,2794000000.0,9300000000.0,16604132158.0,-155000000.0,-46000000.0,-215000000.0,-579000000.0,-37000000.0,-814000000.0,-340000000.0,0.0,992000000.0,7000000.0,401000000.0,399000000.0,399000000.0,0.0,0.0,0.255,571000000.0,747000000.0,1446000000.0,0.088,1.758,11.144,11.191,18034000000.0,2000000.0,33.18,2.896,2.893,1332000000.0,4289000000.0,1562000000.0,1562000000.0,0.0,,,,,0.0,98000000.0,1.0,500425924.0,500000000,506000000.0,3.124,20144000000.0,0.0,199000000.0,4274000000.0,40.288,-1124000000.0
60,APC,MRQ,2004-06-30,2004-06-30,2004-06-30,2019-07-30,29000000.0,21603000000.0,,1716000000.0,19887000000.0,,18.157,-746000000.0,309000000.0,309000000.0,222000000.0,406000000.0,0.84,1.361,5063000000.0,168000000.0,4895000000.0,5063000000.0,0.0,357000000.0,0.0,0.009,0.07,691000000.0,1048000000.0,0.726,1048000000.0,691000000.0,625000000.0,0.8,0.795,0.8,9151000000.0,,9151000000.0,19677745435.0,8.0,5.217,134000000.0,0.266,1.0,1221000000.0,0.846,1378000000.0,66000000.0,22935000000.0,,0.0,0.0,0.0,0.0,12452000000.0,2044000000.0,10408000000.0,14759745435.0,167000000.0,0.0,-122000000.0,3000000.0,-37000000.0,31000000.0,-746000000.0,0.0,880000000.0,2000000.0,406000000.0,405000000.0,405000000.0,0.0,0.0,0.281,534000000.0,687000000.0,1309000000.0,0.087,1.613,10.813,10.792,18066000000.0,1000000.0,29.3,2.678,2.679,1249000000.0,3925000000.0,1443000000.0,1443000000.0,0.0,,,,,0.0,92000000.0,1.0,503745578.0,504000000,508000000.0,2.863,20225000000.0,0.0,219000000.0,4437000000.0,40.129,-328000000.0
61,APC,MRQ,2004-03-31,2004-03-31,2004-03-31,2019-07-30,58000000.0,20980000000.0,,1414000000.0,19566000000.0,,17.694,-726000000.0,142000000.0,142000000.0,215000000.0,393000000.0,0.817,1.353,5060000000.0,0.0,5060000000.0,5060000000.0,0.0,348000000.0,0.0,0.009,0.07,668000000.0,1016000000.0,0.696,1016000000.0,668000000.0,605000000.0,0.78,0.775,0.78,8918000000.0,,8918000000.0,18046917188.0,8.0,5.033,159000000.0,0.315,1.0,1245000000.0,0.853,1385000000.0,63000000.0,22782000000.0,,0.0,0.0,0.0,0.0,12062000000.0,1731000000.0,10331000000.0,13050917188.0,80000000.0,0.0,15000000.0,2000000.0,-36000000.0,-78000000.0,-726000000.0,0.0,885000000.0,-1000000.0,393000000.0,392000000.0,392000000.0,0.0,0.0,0.268,517000000.0,728000000.0,1121000000.0,0.09,1.463,10.35,10.29,17741000000.0,1000000.0,25.93,2.454,2.457,1139000000.0,3556000000.0,1460000000.0,1460000000.0,0.0,,,,,0.0,79000000.0,1.0,503313428.0,504000000,508000000.0,2.897,19595000000.0,0.0,212000000.0,4336000000.0,38.879,-317000000.0
62,APC,MRQ,2003-12-31,2003-12-31,2003-12-31,2019-07-30,122000000.0,20546000000.0,,1324000000.0,19222000000.0,,16.994,-524000000.0,62000000.0,62000000.0,241000000.0,294000000.0,0.772,1.389,5058000000.0,0.0,5058000000.0,5058000000.0,0.0,343000000.0,0.0,0.009,0.07,488000000.0,831000000.0,0.655,831000000.0,488000000.0,422000000.0,0.59,0.585,0.59,8599000000.0,,8599000000.0,18102312030.0,8.0,5.076,220000000.0,0.435,1.0,1028000000.0,0.81,1389000000.0,66000000.0,22438000000.0,,0.0,0.0,0.0,0.0,11947000000.0,1715000000.0,10232000000.0,12798312030.0,-82000000.0,0.0,76000000.0,-390000000.0,-36000000.0,-306000000.0,-524000000.0,0.0,744000000.0,4000000.0,294000000.0,294000000.0,294000000.0,0.0,0.0,0.232,542000000.0,486000000.0,1222000000.0,0.119,1.488,9.944,9.886,17396000000.0,0.0,25.505,2.503,2.494,1104000000.0,3199000000.0,1269000000.0,1269000000.0,0.0,,,,,0.0,110000000.0,1.0,501796198.0,506000000,500000000.0,2.508,19157000000.0,0.0,128000000.0,4252000000.0,37.86,-391000000.0
63,APC,MRQ,2003-09-30,2003-09-30,2003-09-30,2019-07-30,46000000.0,20362000000.0,,1426000000.0,18936000000.0,,16.356,-627000000.0,144000000.0,144000000.0,207000000.0,274000000.0,0.773,1.49,5448000000.0,277000000.0,5171000000.0,5448000000.0,0.0,341000000.0,0.0,0.01,0.05,536000000.0,877000000.0,0.654,877000000.0,536000000.0,477000000.0,0.545,0.545,0.545,8178000000.0,,8178000000.0,15908496744.0,7.0,4.526,257000000.0,0.514,1.0,1133000000.0,0.846,1473000000.0,59000000.0,22348000000.0,,0.0,0.0,0.0,0.0,12184000000.0,1845000000.0,10339000000.0,10420496744.0,16000000.0,0.0,-10000000.0,-167000000.0,-27000000.0,-244000000.0,-627000000.0,0.0,884000000.0,3000000.0,274000000.0,274000000.0,274000000.0,0.0,0.0,0.204,593000000.0,540000000.0,1093000000.0,0.092,1.274,8.003,8.0,17013000000.0,0.0,20.88,2.101,2.105,1118000000.0,2940000000.0,1340000000.0,1340000000.0,0.0,,,,,0.0,108000000.0,1.0,499065936.0,500000000,502000000.0,2.68,18889000000.0,0.0,203000000.0,4226000000.0,37.778,-419000000.0
64,APC,MRQ,2003-06-30,2003-06-30,2003-06-30,2019-07-30,-66000000.0,20193000000.0,,1494000000.0,18699000000.0,,15.614,-899000000.0,128000000.0,128000000.0,204000000.0,301000000.0,0.664,1.587,5616000000.0,445000000.0,5171000000.0,5616000000.0,0.0,323000000.0,0.0,0.008,0.05,539000000.0,862000000.0,0.69,862000000.0,539000000.0,471000000.0,0.605,0.6,0.605,7807000000.0,,7807000000.0,16436763426.0,8.0,5.023,-189000000.0,-0.378,1.0,1045000000.0,0.837,1472000000.0,68000000.0,21959000000.0,,0.0,0.0,0.0,0.0,12386000000.0,2250000000.0,10136000000.0,11093763426.0,46000000.0,0.0,13000000.0,192000000.0,-26000000.0,233000000.0,-899000000.0,0.0,710000000.0,2000000.0,301000000.0,301000000.0,301000000.0,0.0,0.0,0.241,493000000.0,552000000.0,1243000000.0,0.083,1.421,9.116,9.094,16759000000.0,0.0,22.235,2.434,2.44,1200000000.0,2691000000.0,1249000000.0,1249000000.0,0.0,,,,,0.0,86000000.0,1.0,498932468.0,500000000,504000000.0,2.498,18721000000.0,0.0,170000000.0,4001000000.0,37.442,-756000000.0
65,APC,MRQ,2003-03-31,2003-03-31,2003-03-31,2019-07-30,-128000000.0,19403000000.0,,1604000000.0,17799000000.0,,14.962,-584000000.0,82000000.0,82000000.0,176000000.0,418000000.0,0.764,1.604,5425000000.0,254000000.0,5171000000.0,5425000000.0,0.0,290000000.0,0.0,0.008,0.05,706000000.0,996000000.0,0.794,996000000.0,706000000.0,646000000.0,0.84,0.815,0.84,7451000000.0,,7451000000.0,16763090503.0,9.0,5.462,121000000.0,0.243,1.0,1079000000.0,0.86,1451000000.0,60000000.0,21196000000.0,,0.0,0.0,0.0,0.0,11952000000.0,2099000000.0,9853000000.0,11326090503.0,48000000.0,0.0,21000000.0,-49000000.0,-25000000.0,-74000000.0,-584000000.0,0.0,705000000.0,1000000.0,418000000.0,418000000.0,418000000.0,0.0,0.0,0.333,458000000.0,621000000.0,1325000000.0,0.06,1.52,9.806,9.806,15904000000.0,0.0,22.75,2.628,2.629,1384000000.0,2415000000.0,1255000000.0,1255000000.0,0.0,,,,,0.0,88000000.0,1.0,497850132.0,498000000,516000000.0,2.52,17952000000.0,0.0,228000000.0,3816000000.0,36.048,-495000000.0
66,APC,MRQ,2002-12-31,2002-12-31,2002-12-31,2019-07-30,-198000000.0,18248000000.0,,1280000000.0,16968000000.0,,14.056,-438000000.0,34000000.0,34000000.0,192000000.0,309000000.0,0.688,1.617,5471000000.0,300000000.0,5171000000.0,5471000000.0,0.0,292000000.0,0.0,0.007,0.05,488000000.0,780000000.0,0.7,780000000.0,488000000.0,431000000.0,0.62,0.6,0.62,6972000000.0,,6972000000.0,17337974736.0,12.0,6.867,253000000.0,0.51,1.0,923000000.0,0.828,1434000000.0,57000000.0,20390000000.0,,0.0,0.0,0.0,0.0,11276000000.0,1861000000.0,9415000000.0,11908974736.0,3000000.0,-204000000.0,11000000.0,-46000000.0,-26000000.0,-45000000.0,-642000000.0,0.0,691000000.0,-1000000.0,309000000.0,309000000.0,309000000.0,0.0,0.0,0.277,431000000.0,492000000.0,1050000000.0,0.081,1.708,14.435,14.428,15098000000.0,0.0,23.95,3.097,3.09,1108000000.0,2021000000.0,1115000000.0,1115000000.0,0.0,,,,,0.0,87000000.0,1.0,497243204.0,496000000,520000000.0,2.248,16814000000.0,0.0,122000000.0,3633000000.0,33.899,-581000000.0
67,APC,MRQ,2002-09-30,2002-09-30,2002-09-30,2019-07-30,-87000000.0,17580000000.0,,1051000000.0,16529000000.0,,13.416,-457000000.0,31000000.0,31000000.0,172000000.0,189000000.0,0.822,1.631,5460000000.0,0.0,5460000000.0,5460000000.0,0.0,281000000.0,0.0,0.007,0.037,353000000.0,634000000.0,0.676,634000000.0,353000000.0,304000000.0,0.38,0.37,0.38,6681000000.0,,6681000000.0,16564833069.0,15.0,7.547,87000000.0,0.175,1.0,766000000.0,0.817,1433000000.0,49000000.0,20298000000.0,,0.0,0.0,0.0,0.0,10899000000.0,1278000000.0,9621000000.0,11068833069.0,-14000000.0,0.0,7000000.0,-78000000.0,-21000000.0,-100000000.0,-457000000.0,0.0,544000000.0,-1000000.0,189000000.0,189000000.0,189000000.0,0.0,0.0,0.201,416000000.0,350000000.0,840000000.0,0.097,1.657,17.739,17.816,14572000000.0,0.0,22.27,3.137,3.144,853000000.0,1736000000.0,938000000.0,938000000.0,0.0,,,,,0.0,78000000.0,1.0,497028876.0,498000000,516000000.0,1.884,16147000000.0,0.0,115000000.0,3553000000.0,32.424,-227000000.0
68,APC,MRQ,2002-06-30,2002-06-30,2002-06-30,2019-07-30,3000000.0,17511000000.0,,1076000000.0,16435000000.0,,13.284,-501000000.0,45000000.0,45000000.0,200000000.0,239000000.0,0.699,1.658,5541000000.0,300000000.0,5241000000.0,5541000000.0,0.0,276000000.0,0.0,0.006,0.037,383000000.0,659000000.0,0.658,659000000.0,383000000.0,335000000.0,0.48,0.465,0.48,6589000000.0,,6589000000.0,17734126799.0,-12.0,-60.733,42000000.0,0.085,1.0,802000000.0,0.8,1443000000.0,48000000.0,20025000000.0,,0.0,0.0,0.0,0.0,10922000000.0,1539000000.0,9383000000.0,12242126799.0,19000000.0,-17000000.0,6000000.0,14000000.0,-20000000.0,-8000000.0,-518000000.0,0.0,543000000.0,2000000.0,239000000.0,239000000.0,239000000.0,0.0,0.0,0.239,438000000.0,364000000.0,943000000.0,0.077,1.858,-13.336,-13.433,14498000000.0,0.0,24.65,3.401,3.396,899000000.0,1567000000.0,1002000000.0,1002000000.0,0.0,,,,,0.0,77000000.0,1.0,496638004.0,496000000,518000000.0,2.02,16068000000.0,0.0,96000000.0,3518000000.0,32.395,-463000000.0
69,APC,MRQ,2002-03-31,2002-03-31,2002-03-31,2019-07-30,-83000000.0,17106000000.0,,1030000000.0,16076000000.0,,12.643,-800000000.0,26000000.0,26000000.0,183000000.0,88000000.0,0.679,1.728,5518000000.0,278000000.0,5240000000.0,5518000000.0,0.0,272000000.0,0.0,0.004,0.037,180000000.0,452000000.0,0.572,452000000.0,180000000.0,131000000.0,0.175,0.17,0.175,6271000000.0,,6271000000.0,19012767600.0,-16.0,1728.433,-382000000.0,-0.77,1.0,607000000.0,0.768,1432000000.0,49000000.0,19649000000.0,,0.0,0.0,0.0,0.0,10835000000.0,1517000000.0,9318000000.0,13999767600.0,-11000000.0,0.0,-34000000.0,471000000.0,-19000000.0,373000000.0,-800000000.0,0.0,418000000.0,-2000000.0,88000000.0,88000000.0,88000000.0,0.0,0.0,0.111,403000000.0,204000000.0,932000000.0,0.211,2.232,-18.518,-18.627,14165000000.0,0.0,28.22,2.895,2.894,879000000.0,1346000000.0,790000000.0,790000000.0,0.0,,,,,0.0,72000000.0,1.0,496093820.0,496000000,526000000.0,1.593,15674000000.0,0.0,43000000.0,3444000000.0,31.601,-487000000.0
70,APC,MRQ,2001-12-31,2001-12-31,2001-12-31,2019-07-30,-49000000.0,16771000000.0,,1201000000.0,15570000000.0,,12.524,-1025000000.0,37000000.0,37000000.0,197000000.0,108000000.0,0.667,1.678,5050000000.0,412000000.0,4638000000.0,5050000000.0,0.0,270000000.0,0.0,0.004,0.037,180000000.0,450000000.0,0.564,450000000.0,180000000.0,153000000.0,0.215,0.215,0.215,6262000000.0,,6262000000.0,18790913050.0,-61.0,20.492,-356000000.0,-0.712,1.0,601000000.0,0.753,1430000000.0,27000000.0,18553000000.0,,0.0,0.0,0.0,0.0,10509000000.0,1801000000.0,8708000000.0,14141913050.0,-31000000.0,0.0,8000000.0,328000000.0,-21000000.0,299000000.0,-1025000000.0,0.0,669000000.0,26000000.0,108000000.0,108000000.0,108000000.0,0.0,0.0,0.135,430000000.0,171000000.0,1132000000.0,0.172,2.258,-75.223,-75.8,13637000000.0,0.0,28.425,2.997,3.012,1018000000.0,1276000000.0,798000000.0,798000000.0,0.0,,,,,0.0,112000000.0,1.0,497516730.0,500000000,500000000.0,1.596,15341000000.0,0.0,45000000.0,3451000000.0,30.682,-600000000.0
71,APC,MRQ,2001-09-30,2001-09-30,2001-09-30,2019-07-30,-4000000.0,16266000000.0,,1416000000.0,14850000000.0,,12.406,-642000000.0,68000000.0,68000000.0,195000000.0,-1353000000.0,0.967,1.622,4717000000.0,109000000.0,4608000000.0,4717000000.0,0.0,327000000.0,0.0,0.004,0.025,-2180000000.0,-1853000000.0,-1.835,-1853000000.0,-2180000000.0,-2198000000.0,-2.705,-2.705,-2.705,6203000000.0,,6203000000.0,16445769853.0,53.0,10.415,-40000000.0,-0.08,1.0,815000000.0,0.807,1435000000.0,18000000.0,18016000000.0,,0.0,0.0,0.0,0.0,10063000000.0,1464000000.0,8599000000.0,12056769853.0,-232000000.0,-119000000.0,-107000000.0,15000000.0,-14000000.0,-61000000.0,-761000000.0,0.0,602000000.0,-12000000.0,-1353000000.0,-1353000000.0,-1353000000.0,0.0,0.0,-1.34,2975000000.0,-2160000000.0,920000000.0,-0.009,1.944,76.309,46.68,12902000000.0,0.0,24.04,2.003,1.997,1193000000.0,1188000000.0,1010000000.0,1010000000.0,0.0,,,,,0.0,67000000.0,1.0,501529528.0,500000000,500000000.0,2.02,14831000000.0,0.0,-845000000.0,3282000000.0,29.662,-48000000.0
72,APC,MRQ,2001-06-30,2001-06-30,2001-06-30,2019-07-30,35000000.0,18756000000.0,,1737000000.0,17019000000.0,,15.351,-924000000.0,300000000.0,300000000.0,1124000000.0,401000000.0,0.789,1.434,4689000000.0,748000000.0,3941000000.0,4689000000.0,0.0,339000000.0,0.0,0.004,0.025,623000000.0,962000000.0,0.43,962000000.0,623000000.0,598000000.0,0.8,0.75,0.8,7706000000.0,,7706000000.0,17823328687.0,6.0,4.331,15000000.0,0.03,1.0,1114000000.0,0.498,1415000000.0,25000000.0,19529000000.0,,0.0,0.0,0.0,0.0,11050000000.0,2201000000.0,8849000000.0,13511328687.0,-293000000.0,-31000000.0,15000000.0,-214000000.0,-14000000.0,-278000000.0,-955000000.0,0.0,939000000.0,1000000.0,401000000.0,401000000.0,401000000.0,0.0,0.0,0.179,477000000.0,637000000.0,1104000000.0,0.031,1.753,7.686,7.178,15064000000.0,0.0,26.955,1.979,1.981,1233000000.0,2553000000.0,2238000000.0,2238000000.0,0.0,,,,,0.0,64000000.0,1.0,501255006.0,502000000,536000000.0,4.458,17341000000.0,0.0,197000000.0,4177000000.0,34.544,-464000000.0
73,APC,MRQ,2001-03-31,2001-03-31,2001-03-31,2019-07-30,-5000000.0,18705000000.0,,2288000000.0,16417000000.0,,14.888,-587000000.0,593000000.0,593000000.0,1590000000.0,656000000.0,0.959,1.513,4905000000.0,666000000.0,4239000000.0,4905000000.0,0.0,291000000.0,0.0,0.003,0.025,1067000000.0,1358000000.0,0.451,1358000000.0,1067000000.0,1045000000.0,1.31,1.25,1.31,7444000000.0,,7444000000.0,19507022647.0,8.0,5.826,524000000.0,1.048,1.0,1419000000.0,0.472,1524000000.0,22000000.0,19106000000.0,,0.0,0.0,0.0,0.0,11261000000.0,2387000000.0,8874000000.0,15722022647.0,394000000.0,-790000000.0,17000000.0,682000000.0,-15000000.0,660000000.0,-1377000000.0,0.0,1111000000.0,0.0,656000000.0,656000000.0,656000000.0,0.0,0.0,0.218,430000000.0,989000000.0,1180000000.0,0.019,2.112,11.064,9.794,14471000000.0,0.0,31.39,2.945,2.94,1282000000.0,2165000000.0,3009000000.0,3009000000.0,0.0,,,,,0.0,49000000.0,1.0,500860868.0,500000000,526000000.0,6.018,17181000000.0,0.0,389000000.0,3981000000.0,34.362,-99000000.0
74,APC,MRQ,2000-12-31,2000-12-31,2000-12-31,2019-07-30,3000000.0,16590000000.0,,1894000000.0,14696000000.0,,17.897,-710000000.0,199000000.0,199000000.0,-1363000000.0,454000000.0,1.13,1.519,3984000000.0,0.0,3984000000.0,3984000000.0,0.0,310000000.0,0.0,0.003,0.025,802000000.0,1112000000.0,-4.672,1112000000.0,802000000.0,778000000.0,1.11,1.065,1.11,6586000000.0,,6586000000.0,21665767440.0,15.0,10.082,-20000000.0,-0.054,1.0,1125000000.0,-4.727,1317000000.0,24000000.0,17382000000.0,,0.0,0.0,0.0,0.0,10004000000.0,1676000000.0,8328000000.0,17683667440.0,70000000.0,2000000.0,111000000.0,-43000000.0,-17000000.0,88000000.0,-708000000.0,0.0,690000000.0,0.0,454000000.0,454000000.0,454000000.0,0.0,0.0,-1.908,522000000.0,603000000.0,1256000000.0,0.023,2.685,22.216,16.454,13011000000.0,0.0,35.54,6.075,4.493,1376000000.0,1521000000.0,-238000000.0,-238000000.0,0.0,,,,,0.0,167000000.0,1.0,497570834.0,368000000,386000000.0,-0.647,15273000000.0,0.0,324000000.0,3633000000.0,41.503,218000000.0
75,APC,MRQ,2000-09-30,2000-09-30,2000-09-30,2019-07-30,1800000.0,15091600000.0,,1103700000.0,13987900000.0,,13.573,-484000000.0,129200000.0,129200000.0,980000000.0,247000000.0,,1.417,4111300000.0,,,4111300000.0,0.0,228000000.0,0.0,0.003,0.025,455000000.0,683000000.0,0.375,683000000.0,455000000.0,427000000.0,0.535,0.515,0.535,6243600000.0,,6243600000.0,10209063996.0,13.0,8.738,168000000.0,0.365,1.0,840000000.0,0.462,1027300000.0,28000000.0,18046400000.0,,98300000.0,0.0,0.0,0.0,8848000000.0,,,8531299996.0,124000000.0,-55000000.0,149000000.0,-142000000.0,-15000000.0,11000000.0,-539000000.0,0.0,652000000.0,0.0,247000000.0,247000000.0,247000000.0,0.0,0.0,0.136,347000000.0,493000000.0,832300000.0,0.047,1.366,23.039,32.739,12675200000.0,0.0,33.23,1.914,3.429,835000000.0,1097900000.0,1820000000.0,1820000000.0,0.0,,,,,0.0,43000000.0,1.0,256734878.0,460000000,482000000.0,3.957,14064300000.0,0.0,180000000.0,3425400000.0,30.575,
76,APC,MRQ,2000-06-30,2000-06-30,2000-06-30,2019-07-30,0.0,4568362000.0,,449476000.0,4118886000.0,,6.51,-266000000.0,4639000.0,4639000.0,508000000.0,64000000.0,,1.741,1682403000.0,,,1682403000.0,0.0,61000000.0,0.0,0.004,0.025,134000000.0,195000000.0,0.261,195000000.0,134000000.0,114000000.0,0.25,0.24,0.25,1666667000.0,,1666667000.0,7904362757.0,22.0,13.239,-87000000.0,-0.34,1.0,240000000.0,0.321,0.0,20000000.0,6246126000.0,,51111000.0,0.0,0.0,0.0,2901695000.0,,,6315938757.0,-4000000.0,0.0,10000000.0,80000000.0,-9000000.0,83000000.0,-266000000.0,0.0,179000000.0,0.0,64000000.0,64000000.0,64000000.0,0.0,0.0,0.086,103000000.0,137000000.0,343659000.0,0.1,3.79,44.447,44.423,4012339000.0,0.0,24.655,2.241,2.24,388697000.0,864666000.0,748000000.0,748000000.0,0.0,,,,,0.0,30000000.0,1.0,256172734.0,256000000,276000000.0,2.922,4568362000.0,0.0,50000000.0,708079000.0,17.845,
77,APC,MRQ,2000-03-31,2000-03-31,2000-03-31,2019-07-30,0.0,4219841000.0,,322726000.0,3897115000.0,,6.198,-187000000.0,9369000.0,9369000.0,441000000.0,31000000.0,,1.66,1597793000.0,,,1597793000.0,0.0,59000000.0,0.0,0.005,0.025,99000000.0,158000000.0,0.239,158000000.0,99000000.0,78000000.0,0.12,0.12,0.12,1586629000.0,,1586629000.0,6377903335.0,23.0,12.823,-172000000.0,-0.672,1.0,220000000.0,0.333,0.0,21000000.0,5808265000.0,,32133000.0,0.0,0.0,0.0,2633212000.0,,,4952904335.0,-36000000.0,0.0,18000000.0,129000000.0,-9000000.0,136000000.0,-187000000.0,0.0,15000000.0,0.0,31000000.0,31000000.0,31000000.0,0.0,0.0,0.047,101000000.0,119000000.0,214705000.0,0.208,3.122,57.55,57.746,3807703000.0,0.0,19.345,2.22,2.219,277533000.0,796146000.0,661000000.0,661000000.0,0.0,,,,,0.0,30000000.0,1.0,256030206.0,256000000,262000000.0,2.582,4219841000.0,0.0,47000000.0,659192000.0,16.484,
78,APC,MRQ,1999-12-31,1999-12-31,1999-12-31,2019-07-30,0.0,4098000000.0,,356000000.0,3742000000.0,,5.264,-221900000.0,45000000.0,45000000.0,1047300000.0,20200000.0,0.92,2.07,1443000000.0,0.0,1443000000.0,1443000000.0,0.0,56600000.0,0.0,0.006,0.025,75800000.0,132400000.0,0.108,132400000.0,75800000.0,56800000.0,0.11,0.11,0.11,1335000000.0,,1335000000.0,5752827729.0,34.0,14.827,-29900000.0,-0.118,1.0,181300000.0,0.148,0.0,19000000.0,5109000000.0,,0.0,0.0,0.0,0.0,2763000000.0,387000000.0,2376000000.0,4352211729.0,30200000.0,0.0,3300000.0,38100000.0,-9100000.0,48900000.0,-210700000.0,0.0,192000000.0,0.0,20200000.0,28300000.0,28300000.0,0.0,0.0,0.023,98200000.0,83100000.0,325000000.0,0.227,3.26,136.007,136.52,3681000000.0,-8100000.0,17.065,2.551,2.501,260000000.0,764000000.0,1228600000.0,1228600000.0,0.0,,,,,0.0,29800000.0,1.0,255037312.0,253600000,261600000.0,4.845,4098000000.0,0.0,36600000.0,577000000.0,16.159,-31000000.0
79,APC,MRQ,1999-09-30,1999-09-30,1999-09-30,2019-07-30,0.0,3833779000.0,,259981000.0,3573798000.0,,5.918,-170754000.0,14803000.0,14803000.0,35200000.0,21500000.0,,1.543,1415419000.0,,,1415419000.0,0.0,52938000.0,0.0,0.007,0.025,58700000.0,111638000.0,0.619,111638000.0,58700000.0,40800000.0,0.075,0.075,0.075,1507829000.0,,1507829000.0,5195247684.0,274.0,21.917,-91961000.0,-0.361,1.0,145100000.0,0.805,0.0,17900000.0,5234395000.0,,27855000.0,0.0,0.0,0.0,2325950000.0,,,3893922684.0,-2053000.0,0.0,1698000.0,99487000.0,-9042000.0,89885000.0,-170731000.0,0.0,78793000.0,0.0,21500000.0,18800000.0,18800000.0,0.0,0.0,0.104,86000000.0,59100000.0,185009000.0,0.333,2.582,-73.783,-67.911,3523844000.0,2700000.0,15.28,2.862,2.862,211762000.0,741859000.0,180300000.0,180300000.0,0.0,,,,,-715000.0,24600000.0,1.0,254837872.0,254800000,254800000.0,0.708,3833779000.0,0.0,19300000.0,566995000.0,15.046,
80,APC,MRQ,1999-06-30,1999-06-30,1999-06-30,2019-07-30,0.0,3690606000.0,,233925000.0,3456681000.0,,5.959,-46693000.0,16861000.0,16861000.0,34440000.0,10692000.0,,1.472,1318186000.0,,,1318186000.0,0.0,53938000.0,0.0,0.005,0.025,41422000.0,95360000.0,0.59,95360000.0,41422000.0,22918000.0,0.03,0.03,0.03,1492791000.0,,1492791000.0,6006710161.0,-250.0,31.174,5719000.0,0.023,1.0,127079000.0,0.787,0.0,18504000.0,4991931000.0,,30175000.0,0.0,0.0,0.0,2197815000.0,,,4453065161.0,1331000.0,0.0,255702000.0,-254957000.0,-9101000.0,-4388000.0,-46693000.0,0.0,52412000.0,0.0,10692000.0,7962000.0,7962000.0,0.0,0.0,0.049,85657000.0,41422000.0,174012000.0,0.833,2.983,-60.306,-59.371,3404027000.0,2730000.0,18.405,3.373,3.492,183709000.0,729450000.0,161519000.0,161519000.0,0.0,,,,,400000.0,23195000.0,1.0,241948664.0,250510000,250510000.0,0.645,3690606000.0,0.0,12226000.0,541259000.0,14.732,
81,APC,MRQ,1999-03-31,1999-03-31,1999-03-31,2019-07-30,0.0,3657831000.0,,204121000.0,3453710000.0,,5.123,-111653000.0,15530000.0,15530000.0,34056000.0,-20355000.0,,1.963,1569175000.0,,,1569175000.0,0.0,56524000.0,0.0,0.005,0.025,-7858000.0,48666000.0,0.357,48666000.0,-7858000.0,-26496000.0,-0.095,-0.095,-0.095,1234533000.0,,1234533000.0,5982220510.0,-132.0,36.039,-116858000.0,-0.485,1.0,102308000.0,0.75,0.0,18638000.0,5211476000.0,,33586000.0,0.0,0.0,0.0,2423298000.0,,,4547113510.0,-1478000.0,0.0,3300000.0,135370000.0,-8757000.0,111603000.0,-107876000.0,0.0,-5205000.0,0.0,-20355000.0,-23085000.0,-23085000.0,0.0,0.0,-0.169,110166000.0,-7858000.0,166285000.0,-0.263,3.683,-57.486,-57.197,3414038000.0,2730000.0,18.875,3.508,3.509,151410000.0,727859000.0,136364000.0,136364000.0,0.0,,,,,315000.0,24409000.0,1.0,240906676.0,240984000,240984000.0,0.566,3657831000.0,0.0,-6141000.0,529751000.0,15.179,
82,APC,MRQ,1998-12-31,1998-12-31,1998-12-31,2019-07-30,0.0,3632990000.0,,229928000.0,3403062000.0,,4.415,-244086000.0,17008000.0,17008000.0,787246000.0,-60820000.0,,2.429,1452115000.0,,,1452115000.0,0.0,54714000.0,0.0,0.006,0.025,-73332000.0,-18618000.0,-0.021,-18618000.0,-73332000.0,-90205000.0,-0.235,-0.235,-0.235,1059456000.0,,1059456000.0,4997210668.0,-357.0,26.027,-152512000.0,-0.636,1.0,95036000.0,0.108,0.0,16873000.0,5068097000.0,,25860000.0,0.0,0.0,0.0,2573534000.0,,,3715663668.0,-2974000.0,0.0,3000000.0,151102000.0,-9024000.0,145708000.0,-240256000.0,0.0,91574000.0,0.0,-60820000.0,-56452000.0,-56452000.0,0.0,0.0,-0.064,162368000.0,-67332000.0,227988000.0,-0.106,3.507,-75.83,-75.317,3381538000.0,-4368000.0,15.44,2.843,2.835,181491000.0,756971000.0,882282000.0,882282000.0,0.0,,,,,-829000.0,30086000.0,1.0,240651792.0,239952000,239952000.0,3.677,3632990000.0,0.0,-29385000.0,541758000.0,15.14,
83,APC,MRQ,1998-09-30,1998-09-30,1998-09-30,2019-07-30,0.0,3497013000.0,,205168000.0,3291845000.0,,5.484,-204422000.0,19881000.0,19881000.0,41848000.0,464000.0,,1.654,1301428000.0,,,1301428000.0,0.0,51562000.0,0.0,0.004,0.025,15715000.0,67277000.0,0.48,67277000.0,15715000.0,724000.0,-0.01,-0.01,-0.01,1317806000.0,,1317806000.0,5853836322.0,44.0,17.251,-164184000.0,-0.683,1.0,98343000.0,0.701,0.0,14991000.0,4778560000.0,,20961000.0,0.0,0.0,0.0,2179207000.0,,,4720456322.0,-9798000.0,0.0,4795000.0,135205000.0,-8814000.0,134216000.0,-184252000.0,0.0,40238000.0,0.0,464000.0,-2266000.0,-2266000.0,0.0,0.0,-0.016,82628000.0,15715000.0,157870000.0,-2.5,3.582,95.421,95.878,3260275000.0,2730000.0,19.655,7.483,7.487,157750000.0,819631000.0,140191000.0,140191000.0,0.0,,,,,255000.0,21950000.0,1.0,240165674.0,240280000,240280000.0,0.583,3497013000.0,0.0,260000.0,565699000.0,14.554,
84,APC,MRQ,1998-06-30,1998-06-30,1998-06-30,2019-07-30,0.0,3360383000.0,,216346000.0,3144037000.0,,5.501,-199221000.0,29679000.0,29679000.0,38649000.0,4341000.0,,1.544,1163059000.0,,,1163059000.0,0.0,48387000.0,0.0,0.005,0.025,20282000.0,68669000.0,0.499,68669000.0,20282000.0,6504000.0,0.01,0.01,0.01,1320697000.0,,1320697000.0,5134220292.0,33.0,14.213,-224357000.0,-0.934,1.0,98877000.0,0.719,0.0,13778000.0,4493763000.0,,29863000.0,0.0,0.0,0.0,2039686000.0,,,4032413292.0,21777000.0,0.0,4642000.0,44284000.0,-7667000.0,246134000.0,-199221000.0,0.0,-25136000.0,0.0,4341000.0,2703000.0,2703000.0,0.0,0.0,0.02,78595000.0,20282000.0,168906000.0,2.5,3.053,58.587,58.939,3117547000.0,1638000.0,16.797,6.21,6.211,153417000.0,827981000.0,137526000.0,137526000.0,0.0,,,,,280000.0,21722000.0,1.0,240060324.0,240098000,240098000.0,0.573,3360383000.0,0.0,2163000.0,568484000.0,13.996,
85,APC,MRQ,1998-03-31,1998-03-31,1998-03-31,2019-07-30,0.0,3189831000.0,,198633000.0,2991198000.0,,4.685,-263271000.0,7902000.0,7902000.0,40257000.0,7015000.0,,1.841,1109709000.0,,,1109709000.0,0.0,51337000.0,0.0,0.004,0.019,23335000.0,74672000.0,0.508,74672000.0,23335000.0,10977000.0,0.03,0.03,0.03,1122737000.0,,1122737000.0,5102027586.0,31.0,13.779,-130947000.0,-0.546,1.0,106744000.0,0.726,0.0,12358000.0,4291638000.0,,30731000.0,0.0,0.0,0.0,2067094000.0,,,4133099586.0,-1005000.0,0.0,2563000.0,139409000.0,-4495000.0,129942000.0,-263271000.0,0.0,132324000.0,0.0,7015000.0,7015000.0,7015000.0,0.0,0.0,0.048,83409000.0,23335000.0,249951000.0,0.633,3.681,51.729,51.493,2966713000.0,0.0,17.25,6.351,6.353,156397000.0,831307000.0,147001000.0,147001000.0,0.0,,,,,294000.0,21243000.0,1.0,239599976.0,239668000,239668000.0,0.613,3189831000.0,0.0,3962000.0,570863000.0,13.309,
86,APC,MRQ,1997-12-31,1997-12-31,1997-12-31,2019-07-30,0.0,2992465000.0,,218994000.0,2773471000.0,,4.663,-184582000.0,8907000.0,8907000.0,49027000.0,42018000.0,,1.68,977835000.0,,,977835000.0,0.0,54502000.0,0.0,0.005,0.019,74213000.0,128715000.0,0.625,128715000.0,74213000.0,61911000.0,0.175,0.175,0.175,1116780000.0,,1116780000.0,,,,-70676000.0,-0.295,1.0,157048000.0,0.762,0.0,12302000.0,3961393000.0,,28564000.0,0.0,0.0,0.0,1875685000.0,,,3635330636.0,-4931000.0,0.0,1904000.0,65162000.0,-4493000.0,65320000.0,-184157000.0,0.0,113906000.0,0.0,42018000.0,42018000.0,42018000.0,0.0,0.0,0.204,82835000.0,74213000.0,202822000.0,0.109,3.255,33.874,33.717,2754779000.0,0.0,15.172,5.385,5.368,177157000.0,828787000.0,206075000.0,206075000.0,0.0,,,,,882000.0,19896000.0,1.0,239599976.0,239498000,239498000.0,0.86,2992465000.0,0.0,19893000.0,560591000.0,12.495,
87,APC,MRQ,1997-09-30,1997-09-30,1997-09-30,2019-07-30,,,,,,,,-186839000.0,,,39319000.0,17092000.0,,,,,,,,51058000.0,,0.004,0.019,38130000.0,89188000.0,0.562,89188000.0,38130000.0,26678000.0,0.07,0.07,0.07,,,,,,,-103893000.0,-0.435,1.0,119398000.0,0.752,,11452000.0,,,,,,,,,,,-2304000.0,0.0,2894000.0,98598000.0,-4479000.0,101589000.0,-186839000.0,0.0,82946000.0,0.0,17092000.0,17092000.0,17092000.0,0.0,0.0,0.108,81268000.0,38130000.0,,0.271,,,,,0.0,17.97,,,,,158717000.0,158717000.0,0.0,,,,,471000.0,19486000.0,1.0,,238968000,238968000.0,0.664,,,9586000.0,,,
88,APC,MRQ,1997-06-30,1997-06-30,1997-06-30,2019-07-30,,,,,,,,-188585000.0,,,33456000.0,13774000.0,,,,,,,,47922000.0,,0.005,0.019,29771000.0,77693000.0,0.559,77693000.0,29771000.0,21804000.0,0.06,0.055,0.06,,,,,,,-117924000.0,-0.494,1.0,105546000.0,0.759,,7967000.0,,,,,,,,,,,-25228000.0,0.0,1652000.0,91973000.0,-4401000.0,92696000.0,-188585000.0,0.0,70661000.0,0.0,13774000.0,13774000.0,13774000.0,0.0,0.0,0.099,75775000.0,29771000.0,,0.317,,,,,0.0,15.0,,,,,139002000.0,139002000.0,0.0,,,,,364000.0,17152000.0,1.0,,238560000,238560000.0,0.583,,,8030000.0,,,
89,APC,MRQ,1997-03-31,1997-03-31,1997-03-31,2019-07-30,,,,,,,,-117837000.0,,,32855000.0,34434000.0,,,,,,,,45339000.0,,0.005,0.019,63203000.0,108542000.0,0.637,108542000.0,63203000.0,53965000.0,0.145,0.142,0.145,,,,,,,-23393000.0,-0.098,1.0,137651000.0,0.807,,9238000.0,,,,,,,,,,,26769000.0,0.0,4552000.0,-31049000.0,-4553000.0,-37738000.0,-29937000.0,0.0,94444000.0,0.0,34434000.0,34434000.0,34434000.0,0.0,0.0,0.202,75287000.0,62364000.0,,0.131,,,,,0.0,14.033,,,,,170506000.0,170506000.0,0.0,,,,,589000.0,17035000.0,1.0,,238448000,476892000.0,0.715,,,19531000.0,,,
90,APC,MRQ,1996-12-31,1996-12-31,1996-12-31,2019-07-30,0.0,2584030000.0,,269808000.0,2314222000.0,,4.279,,14601000.0,14601000.0,,,,1.548,749044000.0,,,749044000.0,0.0,,0.0,0.005,0.019,,,,,,,,,,1014080000.0,,1014080000.0,,,,,,1.0,,,0.0,,3318473000.0,,24540000.0,0.0,0.0,0.0,1569950000.0,,,,,,,,,,,,,,,,,,,,,,244219000.0,,,,38.088,2297456000.0,,16.188,,6.729,226824000.0,739395000.0,,,,,,,,,,1.0,,236990000,,,2584030000.0,0.0,,509200000.0,10.904,
0,APC,MRT,2019-06-30,2019-06-30,2019-06-30,2019-07-30,-379000000.0,41129000000.0,41160750000.0,3471000000.0,37658000000.0,0.333,15.831,-5533000000.0,1394000000.0,1394000000.0,3206000000.0,-288000000.0,0.915,4.091,18229000000.0,31000000.0,18198000000.0,18229000000.0,0.0,4503000000.0,0.0,0.016,1.15,1266000000.0,5769000000.0,0.421,5769000000.0,1266000000.0,282000000.0,-1.19,-1.19,-1.19,7773000000.0,8474500000.0,7773000000.0,51327501752.0,41.0,8.897,-354000000.0,-0.721,1.0,10500000000.0,0.766,5614000000.0,984000000.0,48558000000.0,46372000000.0,0.0,0.0,0.0,0.0,31798000000.0,3792000000.0,28006000000.0,35429501752.0,-901000000.0,0.0,-745000000.0,1798000000.0,-573000000.0,-371000000.0,-5711000000.0,0.0,5179000000.0,2000000.0,-575000000.0,-575000000.0,-575000000.0,0.0,287000000.0,-0.042,8632000000.0,1868000000.0,1729000000.0,-0.966,4.558,-61.617,-59.294,29091000000.0,0.0,70.56,2.585,2.528,1779000000.0,-149000000.0,13706000000.0,13706000000.0,336000000.0,-0.014,-0.068,0.027,0.092,0.0,1153000000.0,1.0,502118789.0,491000000,491000000.0,27.914,35515000000.0,0.0,857000000.0,2555000000.0,72.332,-321000000.0
1,APC,MRT,2019-03-31,2019-03-31,2019-03-31,2019-07-30,-329000000.0,41993000000.0,41148750000.0,4429000000.0,37564000000.0,0.329,18.22,-5972000000.0,2026000000.0,2026000000.0,3136000000.0,674000000.0,0.77,3.524,17924000000.0,2021000000.0,15903000000.0,17924000000.0,0.0,4345000000.0,0.0,0.024,1.1,2224000000.0,6569000000.0,0.485,6569000000.0,2224000000.0,1252000000.0,0.95,0.95,0.95,8928000000.0,8756750000.0,8928000000.0,37842716116.0,17.0,5.761,-344000000.0,-0.702,1.0,10419000000.0,0.769,5622000000.0,972000000.0,46520000000.0,45227500000.0,0.0,0.0,0.0,0.0,31460000000.0,5749000000.0,25711000000.0,22720716116.0,-1324000000.0,0.0,-783000000.0,1500000000.0,-551000000.0,-541000000.0,-6397000000.0,0.0,5628000000.0,-14000000.0,479000000.0,479000000.0,479000000.0,0.0,195000000.0,0.035,7517000000.0,2902000000.0,1946000000.0,1.158,2.545,47.434,47.874,28936000000.0,0.0,45.48,1.676,1.644,2065000000.0,1024000000.0,13555000000.0,13555000000.0,340000000.0,0.012,0.055,0.049,0.164,0.0,1073000000.0,1.0,499575992.0,490000000,490000000.0,27.663,36371000000.0,0.0,773000000.0,2624000000.0,74.227,-1320000000.0
2,APC,MRT,2018-12-31,2018-12-31,2018-12-31,2019-07-30,-335000000.0,40376000000.0,40919500000.0,3795000000.0,36581000000.0,0.327,16.857,-5766000000.0,1295000000.0,1295000000.0,3078000000.0,752000000.0,0.815,3.464,16417000000.0,947000000.0,15470000000.0,16417000000.0,0.0,4254000000.0,0.0,0.024,1.05,2295000000.0,6549000000.0,0.489,6549000000.0,2295000000.0,1348000000.0,1.2,1.2,1.2,8496000000.0,8710000000.0,8496000000.0,36917674744.0,16.0,5.637,163000000.0,0.323,1.0,10304000000.0,0.77,5630000000.0,947000000.0,45210000000.0,44530250000.0,0.0,0.0,0.0,0.0,29433000000.0,4658000000.0,24775000000.0,22107674744.0,-3245000000.0,0.0,-2725000000.0,615000000.0,-528000000.0,-3177000000.0,-5982000000.0,0.0,5929000000.0,-15000000.0,615000000.0,615000000.0,615000000.0,0.0,137000000.0,0.046,7685000000.0,2619000000.0,2003000000.0,0.875,2.602,35.947,36.533,28615000000.0,0.0,43.84,1.652,1.651,2026000000.0,1245000000.0,13382000000.0,13382000000.0,459000000.0,0.015,0.071,0.052,0.171,0.0,1084000000.0,1.0,504280902.0,504000000,504000000.0,26.552,34746000000.0,0.0,733000000.0,2437000000.0,68.94,-863000000.0
3,APC,MRT,2018-09-30,2018-09-30,2018-09-30,2019-07-30,-383000000.0,41145000000.0,41347000000.0,4471000000.0,36674000000.0,0.313,17.437,-5463000000.0,1883000000.0,1883000000.0,3140000000.0,1657000000.0,0.874,3.437,16693000000.0,938000000.0,15755000000.0,16693000000.0,0.0,4167000000.0,0.0,0.012,0.8,1840000000.0,6007000000.0,0.463,6007000000.0,1840000000.0,885000000.0,2.75,2.75,2.75,8701000000.0,9260000000.0,8701000000.0,48490979997.0,26.0,8.072,229000000.0,0.459,1.0,9822000000.0,0.758,5638000000.0,955000000.0,45200000000.0,44141250000.0,0.0,0.0,0.0,0.0,29908000000.0,5117000000.0,24791000000.0,34518979997.0,-3383000000.0,25000000.0,-3525000000.0,1061000000.0,-407000000.0,-3392000000.0,-5661000000.0,0.0,5692000000.0,-22000000.0,1489000000.0,1489000000.0,1489000000.0,0.0,168000000.0,0.115,7122000000.0,2700000000.0,2144000000.0,0.291,3.967,23.183,24.513,28744000000.0,0.0,67.41,2.663,2.595,2191000000.0,1291000000.0,12962000000.0,12962000000.0,549000000.0,0.036,0.161,0.042,0.142,0.0,1040000000.0,1.0,512075063.0,499000000,500000000.0,25.976,35507000000.0,0.0,-604000000.0,2455000000.0,71.156,-646000000.0
4,APC,MRT,2018-06-30,2018-06-30,2018-06-30,2019-07-30,-410000000.0,41081000000.0,41842750000.0,4632000000.0,36449000000.0,0.281,17.663,-5080000000.0,2321000000.0,2321000000.0,3231000000.0,589000000.0,0.854,3.324,16293000000.0,938000000.0,15355000000.0,16293000000.0,0.0,4120000000.0,0.0,0.008,0.6,87000000.0,4207000000.0,0.358,4207000000.0,87000000.0,-858000000.0,0.76,0.76,0.76,8902000000.0,9780250000.0,8902000000.0,50773214459.0,584.0,12.069,-396000000.0,-0.786,1.0,8530000000.0,0.725,5646000000.0,945000000.0,43980000000.0,43865250000.0,0.0,0.0,0.0,0.0,29586000000.0,5427000000.0,24159000000.0,37730214459.0,-3702000000.0,25000000.0,-3022000000.0,775000000.0,-309000000.0,-3067000000.0,-5305000000.0,0.0,4684000000.0,-14000000.0,427000000.0,427000000.0,427000000.0,0.0,162000000.0,0.036,7558000000.0,972000000.0,2246000000.0,0.789,4.238,88.361,96.382,28502000000.0,0.0,73.25,3.208,3.139,1909000000.0,1054000000.0,11761000000.0,11761000000.0,1181000000.0,0.01,0.044,0.002,0.007,0.0,1053000000.0,1.0,515088252.0,504000000,505000000.0,23.335,35435000000.0,0.0,-1285000000.0,2317000000.0,70.308,-795000000.0
5,APC,MRT,2018-03-31,2018-03-31,2018-03-31,2019-07-30,-410000000.0,41076000000.0,42659500000.0,5530000000.0,35546000000.0,0.262,16.875,-3856000000.0,3361000000.0,3361000000.0,3308000000.0,238000000.0,1.168,3.354,16404000000.0,761000000.0,15643000000.0,16404000000.0,0.0,4154000000.0,0.0,0.007,0.4,-528000000.0,3626000000.0,0.324,3626000000.0,-528000000.0,-1465000000.0,-0.05,-0.05,-0.05,8741000000.0,10422750000.0,8741000000.0,43303551390.0,-82.0,11.943,460000000.0,0.888,1.0,7878000000.0,0.704,5654000000.0,937000000.0,43731000000.0,44108250000.0,0.0,0.0,0.0,0.0,29320000000.0,4734000000.0,24586000000.0,32167551390.0,-2475000000.0,25000000.0,-3030000000.0,918000000.0,-210000000.0,-2922000000.0,-3866000000.0,0.0,4316000000.0,-3000000.0,-17000000.0,-17000000.0,-17000000.0,0.0,255000000.0,-0.002,7792000000.0,86000000.0,2059000000.0,-8.0,3.68,-1892.209,-1208.2,27758000000.0,0.0,60.41,2.876,2.797,1795000000.0,1152000000.0,11186000000.0,11186000000.0,1619000000.0,0.0,-0.002,-0.012,-0.047,0.0,1009000000.0,1.0,532487194.0,518000000,519000000.0,21.595,35422000000.0,0.0,-1448000000.0,2267000000.0,68.382,796000000.0
6,APC,MRT,2017-12-31,2017-12-31,2017-12-31,2019-07-30,-338000000.0,42086000000.0,43563750000.0,6762000000.0,35324000000.0,0.273,19.518,-1023000000.0,4553000000.0,4553000000.0,3454000000.0,-211000000.0,1.731,2.645,15689000000.0,142000000.0,15547000000.0,15689000000.0,0.0,4279000000.0,0.0,0.004,0.2,-1001000000.0,3278000000.0,0.275,3278000000.0,-1001000000.0,-1933000000.0,-0.85,-0.85,-0.85,10696000000.0,11201500000.0,10696000000.0,39671531358.0,-40.0,12.102,2986000000.0,5.449,1.0,8454000000.0,0.71,5662000000.0,932000000.0,43654000000.0,44347250000.0,0.0,0.0,0.0,0.0,28296000000.0,3906000000.0,24390000000.0,29349531358.0,1366000000.0,25000000.0,-1092000000.0,268000000.0,-111000000.0,-1613000000.0,-1030000000.0,0.0,4009000000.0,0.0,-456000000.0,-456000000.0,-456000000.0,0.0,245000000.0,-0.038,9019000000.0,-565000000.0,1894000000.0,-0.235,2.744,-64.363,-63.106,27451000000.0,0.0,53.64,2.465,2.468,1829000000.0,1109000000.0,11908000000.0,11908000000.0,2535000000.0,-0.01,-0.041,-0.023,-0.084,0.0,994000000.0,1.0,547157557.0,548000000,548000000.0,21.73,36424000000.0,0.0,-1477000000.0,2234000000.0,66.467,2856000000.0
7,APC,MRT,2017-09-30,2017-09-30,2017-09-30,2019-07-30,-337000000.0,43128000000.0,44433250000.0,7473000000.0,35655000000.0,0.256,19.497,130000000.0,5251000000.0,5251000000.0,3319000000.0,-1702000000.0,2.029,2.709,15573000000.0,149000000.0,15424000000.0,15573000000.0,0.0,4334000000.0,0.0,0.004,0.2,-1462000000.0,2872000000.0,0.253,2872000000.0,-1462000000.0,-2377000000.0,-3.51,-3.51,-3.51,10782000000.0,11580500000.0,10782000000.0,36845495579.0,-25.0,12.829,3872000000.0,7.002,1.0,8047000000.0,0.708,5671000000.0,915000000.0,44096000000.0,45551500000.0,0.0,0.0,0.0,0.0,29206000000.0,3683000000.0,25523000000.0,27373495579.0,1310000000.0,-1740000000.0,-43000000.0,-435000000.0,-111000000.0,-940000000.0,-1514000000.0,0.0,3742000000.0,22000000.0,-1947000000.0,-1947000000.0,-1947000000.0,0.0,245000000.0,-0.171,9346000000.0,-1299000000.0,1770000000.0,-0.057,2.539,-14.059,-13.917,27832000000.0,0.0,48.85,2.408,2.377,1882000000.0,160000000.0,11366000000.0,11366000000.0,2804000000.0,-0.044,-0.168,-0.032,-0.129,0.0,875000000.0,1.0,560358149.0,553000000,553000000.0,20.553,37457000000.0,0.0,-430000000.0,3378000000.0,67.734,3790000000.0
8,APC,MRT,2017-06-30,2017-06-30,2017-06-30,2019-07-30,-343000000.0,44348000000.0,45005500000.0,7984000000.0,36364000000.0,0.239,20.783,994000000.0,6008000000.0,6008000000.0,3195000000.0,-1808000000.0,2.531,2.588,15480000000.0,44000000.0,15436000000.0,15480000000.0,0.0,4320000000.0,0.0,0.004,0.2,-1438000000.0,2882000000.0,0.268,2882000000.0,-1438000000.0,-2343000000.0,-3.85,-3.85,-3.85,11472000000.0,12035000000.0,11472000000.0,34900776608.0,-24.0,12.11,4882000000.0,8.844,1.0,7568000000.0,0.703,5714000000.0,905000000.0,44952000000.0,46366500000.0,0.0,0.0,0.0,0.0,29692000000.0,3154000000.0,26538000000.0,25405776608.0,4654000000.0,-1740000000.0,2114000000.0,-488000000.0,-110000000.0,1307000000.0,-558000000.0,0.0,3888000000.0,17000000.0,-2078000000.0,-2078000000.0,-2078000000.0,0.0,270000000.0,-0.193,8911000000.0,-1343000000.0,1626000000.0,-0.052,2.215,-12.226,-11.777,28516000000.0,0.0,45.34,2.36,2.325,1654000000.0,887000000.0,10763000000.0,10763000000.0,2358000000.0,-0.046,-0.173,-0.031,-0.134,0.0,976000000.0,1.0,560339140.0,552000000,552000000.0,19.498,38634000000.0,0.0,-265000000.0,4232000000.0,69.989,4830000000.0
9,APC,MRT,2017-03-31,2017-03-31,2017-03-31,2019-07-30,-391000000.0,44693000000.0,44926750000.0,7707000000.0,36986000000.0,0.222,21.517,1495000000.0,5831000000.0,5831000000.0,3082000000.0,-2085000000.0,2.049,2.498,15326000000.0,42000000.0,15284000000.0,15326000000.0,0.0,4267000000.0,0.0,0.003,0.2,-2003000000.0,2264000000.0,0.227,2264000000.0,-2003000000.0,-2896000000.0,-4.45,-4.45,-4.45,11856000000.0,11987250000.0,11856000000.0,46795732162.0,-23.0,20.669,5755000000.0,10.445,1.0,6880000000.0,0.691,5739000000.0,893000000.0,44687000000.0,47336250000.0,0.0,0.0,0.0,0.0,29614000000.0,3762000000.0,25852000000.0,34656732162.0,2926000000.0,-1740000000.0,2129000000.0,-3799000000.0,-108000000.0,-1309000000.0,-46000000.0,0.0,4260000000.0,21000000.0,-2355000000.0,-2355000000.0,-2355000000.0,0.0,270000000.0,-0.236,8488000000.0,-1608000000.0,1637000000.0,-0.045,2.923,-14.716,-13.933,29065000000.0,0.0,62.0,3.479,3.429,1577000000.0,1330000000.0,9962000000.0,9962000000.0,1902000000.0,-0.052,-0.196,-0.042,-0.201,0.0,1037000000.0,1.0,558979551.0,551000000,551000000.0,18.08,38954000000.0,0.0,-541000000.0,3664000000.0,70.697,3945000000.0
10,APC,MRT,2016-12-31,2016-12-31,2016-12-31,2019-07-30,-391000000.0,45564000000.0,45734000000.0,5266000000.0,40298000000.0,0.172,23.395,-1149000000.0,3184000000.0,3184000000.0,2892000000.0,-2808000000.0,1.582,2.462,15323000000.0,42000000.0,15281000000.0,15323000000.0,0.0,4301000000.0,0.0,0.003,0.2,-3202000000.0,1099000000.0,0.14,1099000000.0,-3202000000.0,-4092000000.0,-5.9,-5.9,-5.9,12212000000.0,11944750000.0,12212000000.0,50870159548.0,-16.0,46.288,1851000000.0,3.546,1.0,4977000000.0,0.632,5904000000.0,890000000.0,48471000000.0,48850500000.0,0.0,0.0,0.0,0.0,30067000000.0,3328000000.0,26739000000.0,38972159548.0,2283000000.0,-1740000000.0,2150000000.0,-893000000.0,-105000000.0,2008000000.0,-2742000000.0,0.0,3000000000.0,17000000.0,-3071000000.0,-3071000000.0,-3071000000.0,0.0,263000000.0,-0.39,7349000000.0,-2372000000.0,1617000000.0,-0.034,3.191,-12.69,-11.819,32168000000.0,0.0,69.73,4.953,4.626,1728000000.0,1704000000.0,7869000000.0,7869000000.0,944000000.0,-0.067,-0.257,-0.066,-0.407,0.0,1223000000.0,1.0,558900897.0,522000000,522000000.0,15.075,39660000000.0,0.0,-1021000000.0,4324000000.0,75.977,1938000000.0
11,APC,MRT,2016-09-30,2016-09-30,2016-09-30,2019-07-30,-518000000.0,45417000000.0,45925750000.0,5918000000.0,39499000000.0,0.164,24.371,-2376000000.0,3980000000.0,3980000000.0,2860000000.0,-3880000000.0,1.573,2.342,15878000000.0,788000000.0,15090000000.0,15878000000.0,0.0,4224000000.0,0.0,0.007,0.42,-4542000000.0,-318000000.0,-0.042,-318000000.0,-4542000000.0,-5408000000.0,-7.45,-7.45,-7.45,12600000000.0,12096500000.0,12600000000.0,46621585236.0,-10.0,-146.609,-242000000.0,-0.468,1.0,4675000000.0,0.62,6197000000.0,866000000.0,47356000000.0,49370000000.0,0.0,0.0,0.0,0.0,29505000000.0,3762000000.0,25743000000.0,32342585236.0,1908000000.0,-3000000.0,2152000000.0,-416000000.0,-216000000.0,2107000000.0,-2331000000.0,0.0,2134000000.0,-2000000.0,-3806000000.0,-3806000000.0,-3806000000.0,0.0,-74000000.0,-0.505,8806000000.0,-4131000000.0,1983000000.0,-0.056,2.567,-8.498,-8.505,31099000000.0,0.0,63.36,4.292,4.347,1591000000.0,2246000000.0,7535000000.0,7535000000.0,890000000.0,-0.083,-0.315,-0.092,-0.603,0.0,1404000000.0,1.0,510457469.0,517000000,517000000.0,14.574,39220000000.0,0.0,-1602000000.0,4656000000.0,75.861,2156000000.0
12,APC,MRT,2016-06-30,2016-06-30,2016-06-30,2019-07-30,-487000000.0,44033000000.0,46867000000.0,3212000000.0,40821000000.0,0.156,22.12,-2830000000.0,1394000000.0,1394000000.0,2931000000.0,-5293000000.0,0.99,2.609,15673000000.0,32000000.0,15641000000.0,15673000000.0,0.0,4266000000.0,0.0,0.012,0.64,-6625000000.0,-2359000000.0,-0.322,-2359000000.0,-6625000000.0,-7470000000.0,-10.25,-10.25,-10.25,11281000000.0,12466250000.0,11281000000.0,42984217941.0,-6.0,-18.221,-354000000.0,-0.694,1.0,4399000000.0,0.6,6237000000.0,845000000.0,48831000000.0,50594500000.0,0.0,0.0,0.0,0.0,29433000000.0,3244000000.0,26189000000.0,27180217941.0,-779000000.0,-3000000.0,-4000000.0,-554000000.0,-327000000.0,-300000000.0,-2951000000.0,0.0,2476000000.0,-4000000.0,-5211000000.0,-5211000000.0,-5211000000.0,0.0,-82000000.0,-0.711,10286000000.0,-5887000000.0,2200000000.0,-0.062,2.409,-5.216,-5.195,32345000000.0,0.0,53.25,3.708,3.705,1500000000.0,3103000000.0,7330000000.0,7330000000.0,1660000000.0,-0.111,-0.418,-0.131,-0.904,0.0,1345000000.0,1.0,510426628.0,510000000,510000000.0,14.373,37796000000.0,0.0,-2259000000.0,4968000000.0,74.11,-32000000.0
13,APC,MRT,2016-03-31,2016-03-31,2016-03-31,2019-07-30,-491000000.0,47922000000.0,48889750000.0,5767000000.0,42155000000.0,0.165,22.959,-3704000000.0,2947000000.0,2947000000.0,2995000000.0,-4574000000.0,0.866,2.843,18751000000.0,3025000000.0,15726000000.0,18751000000.0,0.0,4496000000.0,0.0,0.018,0.86,-5497000000.0,-1001000000.0,-0.124,-1001000000.0,-5497000000.0,-6326000000.0,-8.77,-8.77,-8.77,11686000000.0,13743250000.0,11686000000.0,38489987791.0,-7.0,-38.452,-1214000000.0,-2.385,1.0,5056000000.0,0.628,6325000000.0,829000000.0,50744000000.0,52116750000.0,0.0,0.0,0.0,0.0,33221000000.0,6657000000.0,26564000000.0,23677987791.0,639000000.0,-3000000.0,3000000.0,1786000000.0,-439000000.0,1970000000.0,-3819000000.0,0.0,2490000000.0,-2000000.0,-4458000000.0,-4458000000.0,-4458000000.0,0.0,-116000000.0,-0.554,10521000000.0,-5465000000.0,2505000000.0,-0.098,2.026,-5.311,-5.31,33526000000.0,0.0,46.57,2.941,2.944,2392000000.0,3821000000.0,8051000000.0,8051000000.0,1687000000.0,-0.091,-0.324,-0.105,-0.683,0.0,1318000000.0,1.0,508438647.0,509000000,509000000.0,15.817,41597000000.0,0.0,-1868000000.0,5279000000.0,81.723,-890000000.0
14,APC,MRT,2015-12-31,2015-12-31,2015-12-31,2019-07-30,-383000000.0,46331000000.0,50152500000.0,3981000000.0,42350000000.0,0.173,25.234,-4652000000.0,939000000.0,939000000.0,3185000000.0,-6812000000.0,0.952,2.408,15668000000.0,32000000.0,15636000000.0,15668000000.0,0.0,4603000000.0,0.0,0.022,1.08,-8744000000.0,-4141000000.0,-0.476,-4141000000.0,-8744000000.0,-9569000000.0,-13.18,-13.18,-13.18,12819000000.0,14904750000.0,12819000000.0,38538574844.0,-4.0,-9.307,-6529000000.0,-12.852,1.0,5513000000.0,0.634,6331000000.0,825000000.0,50549000000.0,53371250000.0,0.0,0.0,0.0,0.0,30874000000.0,4180000000.0,26694000000.0,24685574844.0,-6430000000.0,-3000000.0,-21000000.0,576000000.0,-553000000.0,220000000.0,-4771000000.0,0.0,-1877000000.0,-2000000.0,-6692000000.0,-6692000000.0,-6692000000.0,0.0,-120000000.0,-0.769,14322000000.0,-8809000000.0,2850000000.0,-0.082,1.926,-3.689,-3.686,33751000000.0,0.0,48.58,2.838,2.837,2469000000.0,4880000000.0,8698000000.0,8698000000.0,2644000000.0,-0.133,-0.449,-0.164,-1.005,0.0,1176000000.0,1.0,508142751.0,508000000,508000000.0,17.122,40000000000.0,0.0,-2877000000.0,5718000000.0,78.74,-199000000.0
15,APC,MRT,2015-09-30,2015-09-30,2015-09-30,2019-07-30,-487000000.0,49182000000.0,53811500000.0,5187000000.0,43995000000.0,0.183,27.715,-5634000000.0,2072000000.0,2072000000.0,3251000000.0,-5638000000.0,1.169,2.282,15925000000.0,33000000.0,15892000000.0,15925000000.0,0.0,4796000000.0,0.0,0.018,1.08,-7356000000.0,-2560000000.0,-0.261,-2560000000.0,-7356000000.0,-8171000000.0,-11.52,-11.52,-11.52,14079000000.0,16631250000.0,14079000000.0,44563856033.0,-6.0,-17.408,-5816000000.0,-11.449,1.0,6571000000.0,0.669,6343000000.0,815000000.0,52254000000.0,53705750000.0,0.0,0.0,0.0,0.0,32130000000.0,4438000000.0,27692000000.0,30678856033.0,-6263000000.0,-1527000000.0,-22000000.0,950000000.0,-552000000.0,1192000000.0,-7273000000.0,0.0,-182000000.0,0.0,-5837000000.0,-5837000000.0,-5837000000.0,0.0,199000000.0,-0.594,13717000000.0,-7146000000.0,3074000000.0,-0.094,2.179,-5.256,-5.242,35381000000.0,0.0,60.39,3.123,3.123,2469000000.0,6268000000.0,9822000000.0,9822000000.0,2899000000.0,-0.108,-0.351,-0.137,-0.749,0.0,1220000000.0,1.0,508012188.0,508000000,508000000.0,19.335,42839000000.0,0.0,-2334000000.0,6090000000.0,84.329,749000000.0
16,APC,MRT,2015-06-30,2015-06-30,2015-06-30,2019-07-30,-496000000.0,52124000000.0,56682250000.0,5410000000.0,46714000000.0,0.232,32.262,-5527000000.0,2173000000.0,2173000000.0,3301000000.0,-2331000000.0,1.159,1.999,16058000000.0,33000000.0,16025000000.0,16058000000.0,0.0,4848000000.0,0.0,0.014,1.08,-2485000000.0,2363000000.0,0.18,2363000000.0,-2485000000.0,-3305000000.0,-4.98,-4.99,-4.98,16389000000.0,18280750000.0,16389000000.0,54206468080.0,-22.0,22.94,-4513000000.0,-8.884,1.0,9843000000.0,0.749,6420000000.0,820000000.0,54920000000.0,53285750000.0,0.0,0.0,0.0,0.0,32765000000.0,4669000000.0,28096000000.0,39649468080.0,-3192000000.0,-1523000000.0,20000000.0,2337000000.0,-552000000.0,2948000000.0,-7157000000.0,0.0,1014000000.0,3000000.0,-2515000000.0,-2515000000.0,-2515000000.0,0.0,184000000.0,-0.191,12742000000.0,-2899000000.0,3034000000.0,-0.217,2.419,-15.765,-15.675,37820000000.0,0.0,78.06,3.017,3.017,2602000000.0,8641000000.0,13144000000.0,13144000000.0,2024000000.0,-0.044,-0.138,-0.047,-0.189,0.0,1298000000.0,1.0,507935794.0,508000000,509000000.0,25.874,45704000000.0,0.0,-790000000.0,7594000000.0,89.969,741000000.0
17,APC,MRT,2015-03-31,2015-03-31,2015-03-31,2019-07-30,-507000000.0,52973000000.0,58254750000.0,5165000000.0,47808000000.0,0.257,32.213,-7231000000.0,2308000000.0,2308000000.0,3341000000.0,-2173000000.0,0.988,2.084,16865000000.0,500000000.0,16365000000.0,16865000000.0,0.0,4682000000.0,0.0,0.013,1.08,-1983000000.0,2699000000.0,0.181,2699000000.0,-1983000000.0,-2788000000.0,-4.65,-4.66,-4.65,16332000000.0,19016250000.0,16332000000.0,49678710101.0,-25.0,18.406,-4998000000.0,-9.858,1.0,11606000000.0,0.776,6540000000.0,805000000.0,55762000000.0,52082750000.0,0.0,0.0,0.0,0.0,34039000000.0,5228000000.0,28811000000.0,41955710101.0,-3616000000.0,-1523000000.0,74000000.0,3145000000.0,-552000000.0,3106000000.0,-8979000000.0,0.0,2233000000.0,24000000.0,-2349000000.0,-2349000000.0,-2349000000.0,0.0,176000000.0,-0.157,13386000000.0,-1780000000.0,3252000000.0,-0.232,2.569,-17.861,-17.809,38270000000.0,0.0,82.81,2.807,2.809,2174000000.0,8718000000.0,14947000000.0,14947000000.0,2423000000.0,-0.04,-0.124,-0.038,-0.133,0.0,1325000000.0,1.0,506650285.0,507000000,507000000.0,29.481,46433000000.0,0.0,-439000000.0,7521000000.0,91.584,-63000000.0
18,APC,MRT,2014-12-31,2014-12-31,2014-12-31,2019-07-30,-517000000.0,60967000000.0,59537250000.0,10499000000.0,50468000000.0,0.31,38.982,-4540000000.0,7369000000.0,7369000000.0,3317000000.0,-1563000000.0,1.026,1.959,15092000000.0,0.0,15092000000.0,15092000000.0,0.0,4550000000.0,0.0,0.012,0.99,639000000.0,5189000000.0,0.281,5189000000.0,639000000.0,-133000000.0,-3.47,-3.47,-3.47,19725000000.0,19713250000.0,19725000000.0,48175158165.0,75.0,9.284,3926000000.0,7.759,1.0,15153000000.0,0.82,6569000000.0,772000000.0,51887000000.0,50447750000.0,0.0,0.0,0.0,0.0,38649000000.0,10234000000.0,28415000000.0,41782158165.0,3671000000.0,-1527000000.0,76000000.0,1516000000.0,-505000000.0,1675000000.0,-6472000000.0,0.0,8466000000.0,2000000.0,-1750000000.0,-1750000000.0,-1750000000.0,0.0,187000000.0,-0.095,9750000000.0,5403000000.0,3683000000.0,-0.285,2.118,-23.876,-23.775,41589000000.0,0.0,82.5,2.262,2.26,2527000000.0,12125000000.0,18470000000.0,18470000000.0,1639000000.0,-0.029,-0.089,0.013,0.035,0.0,1316000000.0,1.0,506450402.0,506000000,506000000.0,36.502,54398000000.0,0.0,1617000000.0,8859000000.0,107.506,265000000.0
19,APC,MRT,2014-09-30,2014-09-30,2014-09-30,2019-07-30,-267000000.0,60665000000.0,58240750000.0,11739000000.0,48926000000.0,0.32,40.864,-4797000000.0,8335000000.0,8335000000.0,3273000000.0,-1938000000.0,1.069,1.843,14728000000.0,0.0,14728000000.0,14728000000.0,0.0,4304000000.0,0.0,0.009,0.9,242000000.0,4546000000.0,0.244,4546000000.0,242000000.0,-504000000.0,-4.25,-4.25,-4.25,20677000000.0,20246250000.0,20677000000.0,59373880532.0,245.0,13.061,3821000000.0,7.551,1.0,15358000000.0,0.824,5501000000.0,746000000.0,50574000000.0,51046750000.0,0.0,0.0,0.0,0.0,38102000000.0,10983000000.0,27119000000.0,51324880532.0,4396000000.0,0.0,80000000.0,1073000000.0,-460000000.0,1009000000.0,-5210000000.0,0.0,8618000000.0,-21000000.0,-2125000000.0,-2125000000.0,-2125000000.0,0.0,187000000.0,-0.114,9261000000.0,6097000000.0,3653000000.0,-0.212,2.482,-24.153,-23.868,41104000000.0,0.0,101.44,2.755,2.755,2712000000.0,12633000000.0,18631000000.0,18631000000.0,1615000000.0,-0.036,-0.105,0.005,0.013,0.0,1287000000.0,1.0,505962939.0,506000000,508000000.0,36.82,55164000000.0,0.0,1621000000.0,7512000000.0,109.02,756000000.0
20,APC,MRT,2014-06-30,2014-06-30,2014-06-30,2019-07-30,-273000000.0,58414000000.0,56898000000.0,8980000000.0,49434000000.0,0.307,38.279,-5855000000.0,5365000000.0,5365000000.0,3156000000.0,-2862000000.0,0.835,1.927,13414000000.0,0.0,13414000000.0,13414000000.0,0.0,4137000000.0,0.0,0.007,0.81,-1077000000.0,3060000000.0,0.175,3060000000.0,-1077000000.0,-1796000000.0,-6.02,-6.01,-6.02,19331000000.0,20662500000.0,19331000000.0,62933272765.0,-58.0,20.566,2219000000.0,4.394,1.0,14318000000.0,0.819,5595000000.0,719000000.0,50108000000.0,52053500000.0,0.0,0.0,0.0,0.0,37242000000.0,10760000000.0,26482000000.0,55288272765.0,784000000.0,-342000000.0,65000000.0,-160000000.0,-412000000.0,-517000000.0,-6727000000.0,0.0,8074000000.0,-46000000.0,-3030000000.0,-3030000000.0,-3030000000.0,0.0,168000000.0,-0.173,9230000000.0,5088000000.0,3979000000.0,-0.135,2.86,-18.247,-18.184,41487000000.0,0.0,109.47,3.164,3.164,3079000000.0,11684000000.0,17474000000.0,17474000000.0,1688000000.0,-0.053,-0.147,-0.021,-0.062,0.0,1161000000.0,1.0,505054104.0,505000000,507000000.0,34.602,52819000000.0,0.0,1234000000.0,9186000000.0,104.592,-1780000000.0
21,APC,MRT,2014-03-31,2014-03-31,2014-03-31,2019-07-30,-279000000.0,58103000000.0,56119500000.0,9664000000.0,48439000000.0,0.295,37.937,-5049000000.0,5924000000.0,5924000000.0,3072000000.0,-2169000000.0,0.884,1.945,13569000000.0,0.0,13569000000.0,13569000000.0,0.0,4029000000.0,0.0,0.007,0.63,-250000000.0,3779000000.0,0.229,3779000000.0,-250000000.0,-955000000.0,-4.63,-4.63,-4.63,19120000000.0,21377000000.0,19120000000.0,52566316179.0,-210.0,13.91,3065000000.0,6.081,1.0,13460000000.0,0.814,5597000000.0,705000000.0,49222000000.0,52918250000.0,0.0,0.0,0.0,0.0,37186000000.0,10929000000.0,26257000000.0,42699316179.0,2189000000.0,-342000000.0,79000000.0,-151000000.0,-320000000.0,178000000.0,-6017000000.0,0.0,8114000000.0,-86000000.0,-2328000000.0,-2328000000.0,-2328000000.0,0.0,159000000.0,-0.141,8441000000.0,5019000000.0,3940000000.0,-0.136,2.233,-18.342,-18.307,40564000000.0,0.0,84.76,2.583,2.584,3049000000.0,11595000000.0,16532000000.0,16532000000.0,1364000000.0,-0.041,-0.109,-0.005,-0.015,0.0,1116000000.0,1.0,503767298.0,504000000,504000000.0,32.802,52506000000.0,0.0,1373000000.0,9343000000.0,104.179,-1265000000.0
22,APC,MRT,2013-12-31,2013-12-31,2013-12-31,2019-07-30,-285000000.0,55781000000.0,54990750000.0,7108000000.0,48673000000.0,0.265,43.54,-7154000000.0,3698000000.0,3698000000.0,2942000000.0,941000000.0,1.246,1.47,13565000000.0,500000000.0,13065000000.0,13565000000.0,0.0,3927000000.0,0.0,0.007,0.54,2652000000.0,6579000000.0,0.451,6579000000.0,2652000000.0,1966000000.0,1.58,1.58,1.58,21857000000.0,21869500000.0,21857000000.0,49627133522.0,19.0,7.543,1734000000.0,3.454,1.0,11639000000.0,0.798,5662000000.0,686000000.0,54283000000.0,54054250000.0,0.0,0.0,0.0,0.0,32131000000.0,5703000000.0,26428000000.0,39919133522.0,1227000000.0,-473000000.0,92000000.0,235000000.0,-274000000.0,623000000.0,-8216000000.0,0.0,8888000000.0,-68000000.0,801000000.0,801000000.0,801000000.0,0.0,140000000.0,0.055,8306000000.0,3333000000.0,3530000000.0,0.342,1.826,49.837,50.203,40929000000.0,0.0,79.32,2.738,2.731,2722000000.0,14356000000.0,14581000000.0,14581000000.0,1329000000.0,0.015,0.037,0.049,0.182,0.0,1090000000.0,1.0,503266938.0,502000000,505000000.0,29.046,50119000000.0,0.0,1165000000.0,9245000000.0,99.839,1405000000.0
23,APC,MRT,2013-09-30,2013-09-30,2013-09-30,2019-07-30,-578000000.0,55294000000.0,54192750000.0,7140000000.0,48154000000.0,0.27,44.417,-6453000000.0,3939000000.0,3939000000.0,2870000000.0,1856000000.0,1.507,1.405,13647000000.0,0.0,13647000000.0,13647000000.0,0.0,3986000000.0,0.0,0.005,0.45,4087000000.0,8073000000.0,0.551,8073000000.0,4087000000.0,3393000000.0,3.52,3.5,3.52,22342000000.0,21562500000.0,22342000000.0,55703603880.0,14.0,6.9,2551000000.0,5.072,1.0,11783000000.0,0.804,5663000000.0,694000000.0,54601000000.0,53911750000.0,0.0,0.0,0.0,0.0,31393000000.0,4738000000.0,26655000000.0,46746603880.0,1407000000.0,-473000000.0,117000000.0,-552000000.0,-227000000.0,29000000.0,-7574000000.0,0.0,9004000000.0,-52000000.0,1774000000.0,1774000000.0,1774000000.0,0.0,82000000.0,0.121,8177000000.0,3606000000.0,3070000000.0,0.128,2.092,26.351,26.418,40485000000.0,0.0,92.99,3.19,3.192,2465000000.0,15218000000.0,14653000000.0,14653000000.0,998000000.0,0.033,0.082,0.076,0.279,0.0,1220000000.0,1.0,502705709.0,503000000,505000000.0,29.131,49631000000.0,0.0,1619000000.0,9372000000.0,98.67,2402000000.0
24,APC,MRT,2013-06-30,2013-06-30,2013-06-30,2019-07-30,-599000000.0,55300000000.0,53548750000.0,7899000000.0,47401000000.0,0.264,44.201,-6403000000.0,4581000000.0,4581000000.0,2794000000.0,1775000000.0,1.576,1.424,13538000000.0,0.0,13538000000.0,13538000000.0,0.0,3969000000.0,0.0,0.004,0.36,4042000000.0,8011000000.0,0.567,8011000000.0,4042000000.0,3340000000.0,3.4,3.38,3.4,22189000000.0,21075250000.0,22189000000.0,53019621808.0,13.0,6.618,3051000000.0,6.078,1.0,11338000000.0,0.802,5677000000.0,702000000.0,53567000000.0,53698750000.0,0.0,0.0,0.0,0.0,31591000000.0,5013000000.0,26578000000.0,43091621808.0,1787000000.0,-135000000.0,116000000.0,-1218000000.0,-182000000.0,-580000000.0,-7051000000.0,0.0,9454000000.0,-36000000.0,1713000000.0,1713000000.0,1713000000.0,0.0,62000000.0,0.121,7605000000.0,3733000000.0,3286000000.0,0.106,1.942,25.156,25.274,39831000000.0,0.0,85.93,3.049,3.052,2556000000.0,15126000000.0,14132000000.0,14132000000.0,1023000000.0,0.032,0.081,0.075,0.286,0.0,1250000000.0,1.0,501473546.0,502000000,504000000.0,28.151,49623000000.0,0.0,1627000000.0,9378000000.0,98.851,2886000000.0
25,APC,MRT,2013-03-31,2013-03-31,2013-03-31,2019-07-30,-619000000.0,53588000000.0,53056750000.0,7310000000.0,46278000000.0,0.261,42.096,-6278000000.0,3735000000.0,3735000000.0,2724000000.0,746000000.0,1.795,1.482,13663000000.0,0.0,13663000000.0,13663000000.0,0.0,4056000000.0,0.0,0.004,0.36,2639000000.0,6695000000.0,0.483,6695000000.0,2639000000.0,1919000000.0,1.38,1.37,1.38,21090000000.0,20587000000.0,21090000000.0,54572493727.0,21.0,8.151,2673000000.0,5.335,1.0,11133000000.0,0.803,5678000000.0,720000000.0,53766000000.0,53739500000.0,0.0,0.0,0.0,0.0,31258000000.0,4072000000.0,27186000000.0,43774493727.0,778000000.0,-135000000.0,44000000.0,-1748000000.0,-182000000.0,-1353000000.0,-6788000000.0,0.0,8951000000.0,-32000000.0,695000000.0,695000000.0,695000000.0,0.0,51000000.0,0.05,8819000000.0,2314000000.0,2909000000.0,0.261,2.076,62.985,63.37,38970000000.0,0.0,87.45,3.159,3.162,2760000000.0,14243000000.0,13857000000.0,13857000000.0,1966000000.0,0.013,0.034,0.049,0.19,0.0,1252000000.0,1.0,500565966.0,501000000,503000000.0,27.659,47910000000.0,0.0,1224000000.0,8964000000.0,95.629,3238000000.0
26,APC,MRT,2012-12-31,2012-12-31,2012-12-31,2019-07-30,-640000000.0,52589000000.0,53290000000.0,6795000000.0,45794000000.0,0.252,41.258,-6585000000.0,2471000000.0,2471000000.0,2694000000.0,2445000000.0,1.701,1.489,13269000000.0,0.0,13269000000.0,13269000000.0,0.0,3964000000.0,0.0,0.005,0.36,4253000000.0,8217000000.0,0.613,8217000000.0,4253000000.0,3511000000.0,4.76,4.74,4.76,20629000000.0,20384250000.0,20629000000.0,48746108010.0,11.0,5.932,1754000000.0,3.508,1.0,10717000000.0,0.799,5680000000.0,742000000.0,53713000000.0,54355000000.0,0.0,0.0,0.0,0.0,30707000000.0,3994000000.0,26713000000.0,37137108010.0,-226000000.0,0.0,66000000.0,-2071000000.0,-181000000.0,-1659000000.0,-6869000000.0,0.0,8339000000.0,-37000000.0,2391000000.0,2391000000.0,2391000000.0,0.0,54000000.0,0.178,6990000000.0,3727000000.0,2989000000.0,0.076,1.8,15.532,15.611,38398000000.0,0.0,74.31,2.769,2.77,2747000000.0,13829000000.0,13411000000.0,13411000000.0,1946000000.0,0.045,0.117,0.078,0.317,0.0,1246000000.0,1.0,499759225.0,500000000,502000000.0,26.822,46909000000.0,0.0,1120000000.0,8759000000.0,93.818,2801000000.0
27,APC,MRT,2012-09-30,2012-09-30,2012-09-30,2019-07-30,-561000000.0,52718000000.0,53087500000.0,7324000000.0,45394000000.0,0.261,40.786,-6068000000.0,2532000000.0,2532000000.0,2716000000.0,1916000000.0,1.518,1.534,14141000000.0,1039000000.0,13102000000.0,14141000000.0,0.0,3864000000.0,0.0,0.005,0.36,3258000000.0,7122000000.0,0.515,7122000000.0,3258000000.0,2500000000.0,3.64,3.62,3.64,20393000000.0,19753250000.0,20393000000.0,46975554561.0,14.0,6.596,-2036000000.0,-4.072,1.0,11124000000.0,0.804,5754000000.0,758000000.0,53749000000.0,54322250000.0,0.0,0.0,0.0,0.0,31287000000.0,4824000000.0,26463000000.0,34937554561.0,-955000000.0,0.0,5000000.0,1433000000.0,-182000000.0,1346000000.0,-6282000000.0,0.0,4032000000.0,-51000000.0,1830000000.0,1830000000.0,1830000000.0,0.0,86000000.0,0.132,8026000000.0,3098000000.0,2882000000.0,0.099,1.713,19.092,19.209,37976000000.0,0.0,69.92,2.524,2.526,2924000000.0,13671000000.0,13840000000.0,13840000000.0,2016000000.0,0.034,0.093,0.06,0.235,0.0,1092000000.0,1.0,499678984.0,500000000,502000000.0,27.68,46964000000.0,0.0,670000000.0,8743000000.0,93.928,2500000000.0
28,APC,MRT,2012-06-30,2012-06-30,2012-06-30,2019-07-30,-578000000.0,53332000000.0,53173500000.0,8430000000.0,44902000000.0,0.258,40.472,-5646000000.0,2794000000.0,2794000000.0,2736000000.0,-1254000000.0,1.433,1.584,14832000000.0,1739000000.0,13093000000.0,14832000000.0,0.0,3817000000.0,0.0,0.005,0.36,-1609000000.0,2208000000.0,0.161,2208000000.0,-1609000000.0,-2388000000.0,-2.72,-2.74,-2.72,20236000000.0,19311000000.0,20236000000.0,45500357577.0,-28.0,20.607,-2377000000.0,-4.754,1.0,10971000000.0,0.8,5757000000.0,779000000.0,53730000000.0,53092250000.0,0.0,0.0,0.0,0.0,32054000000.0,5883000000.0,26171000000.0,33071357577.0,-612000000.0,2000000.0,-15000000.0,1793000000.0,-182000000.0,1972000000.0,-5793000000.0,0.0,3269000000.0,-60000000.0,-1342000000.0,-1342000000.0,-1342000000.0,0.0,88000000.0,-0.098,12315000000.0,-1344000000.0,2873000000.0,-0.132,1.634,-24.643,-24.338,37484000000.0,0.0,66.2,2.413,2.415,2951000000.0,13595000000.0,13707000000.0,13707000000.0,2026000000.0,-0.025,-0.069,-0.03,-0.117,0.0,1100000000.0,1.0,499567335.0,500000000,500000000.0,27.414,47575000000.0,0.0,-1046000000.0,8809000000.0,95.15,2547000000.0
29,APC,MRT,2012-03-31,2012-03-31,2012-03-31,2019-07-30,-595000000.0,54521000000.0,52994750000.0,8714000000.0,45807000000.0,0.267,40.639,-5393000000.0,2957000000.0,2957000000.0,2734000000.0,-622000000.0,1.779,1.645,15386000000.0,39000000.0,15347000000.0,15386000000.0,0.0,3775000000.0,0.0,0.005,0.36,-674000000.0,3101000000.0,0.219,3101000000.0,-674000000.0,-1479000000.0,-1.45,-1.48,-1.45,20279000000.0,19619750000.0,20279000000.0,51579838082.0,-77.0,16.633,-2286000000.0,-4.581,1.0,11427000000.0,0.807,5825000000.0,805000000.0,56228000000.0,52778250000.0,0.0,0.0,0.0,0.0,33357000000.0,4897000000.0,28460000000.0,39046838082.0,-503000000.0,-440000000.0,-3000000.0,2419000000.0,-181000000.0,2356000000.0,-5923000000.0,0.0,3107000000.0,-43000000.0,-709000000.0,-709000000.0,-709000000.0,0.0,87000000.0,-0.05,11491000000.0,-64000000.0,3556000000.0,-0.248,1.925,-55.073,-54.028,38166000000.0,0.0,78.34,2.757,2.761,3248000000.0,13730000000.0,14161000000.0,14161000000.0,1141000000.0,-0.013,-0.036,-0.013,-0.048,0.0,1120000000.0,1.0,498427854.0,499000000,501000000.0,28.379,48696000000.0,0.0,-770000000.0,8864000000.0,97.587,3817000000.0
30,APC,MRT,2011-12-31,2011-12-31,2011-12-31,2019-07-30,-612000000.0,51779000000.0,52367750000.0,6931000000.0,44848000000.0,0.267,36.355,-5095000000.0,2697000000.0,2697000000.0,2675000000.0,-2568000000.0,1.415,1.811,15230000000.0,170000000.0,15060000000.0,15230000000.0,0.0,3830000000.0,0.0,0.005,0.36,-2666000000.0,1164000000.0,0.083,1164000000.0,-2666000000.0,-3505000000.0,-5.32,-5.32,-5.32,18105000000.0,19777250000.0,18105000000.0,47472165435.0,-18.0,40.784,-2590000000.0,-5.201,1.0,11292000000.0,0.808,5831000000.0,839000000.0,53582000000.0,51800000000.0,0.0,0.0,0.0,0.0,32796000000.0,4899000000.0,27897000000.0,38010165435.0,-983000000.0,-802000000.0,-11000000.0,2438000000.0,-181000000.0,2510000000.0,-5975000000.0,0.0,2505000000.0,-23000000.0,-2649000000.0,-2649000000.0,-2649000000.0,0.0,81000000.0,-0.19,13162000000.0,-1870000000.0,3299000000.0,-0.068,2.099,-14.349,-14.348,37501000000.0,0.0,76.33,2.721,2.722,3259000000.0,11619000000.0,13967000000.0,13967000000.0,1076000000.0,-0.051,-0.134,-0.051,-0.191,0.0,1060000000.0,1.0,497971511.0,498000000,498000000.0,28.046,45948000000.0,0.0,-856000000.0,8479000000.0,92.265,2032000000.0
31,APC,MRT,2011-09-30,2011-09-30,2011-09-30,2019-07-30,-501000000.0,53062000000.0,52312750000.0,7604000000.0,45458000000.0,0.245,37.398,-5454000000.0,3487000000.0,3487000000.0,2551000000.0,-2100000000.0,0.967,1.802,12949000000.0,141000000.0,12808000000.0,12949000000.0,0.0,3771000000.0,0.0,0.006,0.36,-1927000000.0,1844000000.0,0.144,1844000000.0,-1927000000.0,-2782000000.0,-4.37,-4.39,-4.37,18624000000.0,20422000000.0,18624000000.0,41206872834.0,-21.0,22.346,453000000.0,0.91,1.0,10268000000.0,0.801,5832000000.0,855000000.0,48829000000.0,51271250000.0,0.0,0.0,0.0,0.0,33563000000.0,7863000000.0,25700000000.0,31386872834.0,-731000000.0,-802000000.0,36000000.0,-810000000.0,-179000000.0,-328000000.0,-6304000000.0,0.0,5907000000.0,-6000000.0,-2180000000.0,-2180000000.0,-2180000000.0,0.0,80000000.0,-0.17,11720000000.0,-1452000000.0,2446000000.0,-0.082,1.685,-14.398,-14.428,38116000000.0,0.0,63.05,2.448,2.449,3428000000.0,12023000000.0,12819000000.0,12819000000.0,1047000000.0,-0.042,-0.107,-0.038,-0.15,0.0,1065000000.0,1.0,497809244.0,498000000,498000000.0,25.741,47230000000.0,0.0,-602000000.0,8670000000.0,94.839,-259000000.0
32,APC,MRT,2011-06-30,2011-06-30,2011-06-30,2019-07-30,-517000000.0,52617000000.0,52003750000.0,6870000000.0,45747000000.0,0.234,43.114,-5288000000.0,3406000000.0,3406000000.0,2419000000.0,920000000.0,1.665,1.41,13226000000.0,425000000.0,12801000000.0,13226000000.0,0.0,3801000000.0,0.0,0.005,0.36,2672000000.0,6473000000.0,0.532,6473000000.0,2672000000.0,1805000000.0,1.7,1.68,1.7,21471000000.0,20923250000.0,21471000000.0,47922692309.0,18.0,7.403,202000000.0,0.406,1.0,9751000000.0,0.801,5836000000.0,867000000.0,52474000000.0,51829750000.0,0.0,0.0,0.0,0.0,30269000000.0,4127000000.0,26142000000.0,38189692309.0,32000000.0,-804000000.0,32000000.0,383000000.0,-180000000.0,592000000.0,-6081000000.0,0.0,5490000000.0,31000000.0,845000000.0,845000000.0,845000000.0,0.0,75000000.0,0.069,7381000000.0,2370000000.0,2286000000.0,0.212,1.779,45.195,45.153,38343000000.0,0.0,76.76,3.138,3.141,2926000000.0,15119000000.0,12170000000.0,12170000000.0,1036000000.0,0.016,0.04,0.052,0.22,0.0,1045000000.0,1.0,497520744.0,498000000,500000000.0,24.438,46781000000.0,0.0,960000000.0,10077000000.0,93.938,2743000000.0
33,APC,MRT,2011-03-31,2011-03-31,2011-03-31,2019-07-30,-533000000.0,52013000000.0,51486250000.0,6687000000.0,45326000000.0,0.216,42.07,-5126000000.0,3460000000.0,3460000000.0,2312000000.0,330000000.0,1.645,1.446,13193000000.0,424000000.0,12769000000.0,13193000000.0,0.0,3718000000.0,0.0,0.004,0.36,1681000000.0,5399000000.0,0.486,5399000000.0,1681000000.0,830000000.0,0.53,0.52,0.53,20909000000.0,20719250000.0,20909000000.0,49986463880.0,30.0,9.258,93000000.0,0.187,1.0,8786000000.0,0.792,5366000000.0,851000000.0,52315000000.0,51096750000.0,0.0,0.0,0.0,0.0,30229000000.0,4065000000.0,26164000000.0,40653463880.0,-232000000.0,-362000000.0,31000000.0,-248000000.0,-180000000.0,73000000.0,-5533000000.0,0.0,5219000000.0,9000000.0,261000000.0,261000000.0,261000000.0,0.0,69000000.0,0.024,7040000000.0,1746000000.0,2385000000.0,0.679,1.944,155.76,154.566,38423000000.0,0.0,81.92,3.663,3.669,2708000000.0,14620000000.0,11098000000.0,11098000000.0,998000000.0,0.005,0.013,0.033,0.151,0.0,966000000.0,1.0,496258104.0,497000000,499000000.0,22.33,46647000000.0,0.0,569000000.0,10026000000.0,93.857,2622000000.0
34,APC,MRT,2010-12-31,2010-12-31,2010-12-31,2019-07-30,-549000000.0,51559000000.0,51160000000.0,6675000000.0,44884000000.0,0.215,41.786,-4938000000.0,3680000000.0,3680000000.0,2261000000.0,821000000.0,1.623,1.456,13013000000.0,291000000.0,12722000000.0,13013000000.0,0.0,3714000000.0,0.0,0.005,0.36,2436000000.0,6150000000.0,0.56,6150000000.0,2436000000.0,1581000000.0,1.53,1.52,1.53,20684000000.0,20658750000.0,20684000000.0,46997322134.0,19.0,7.642,309000000.0,0.624,1.0,8723000000.0,0.794,5311000000.0,855000000.0,51467000000.0,50703250000.0,0.0,0.0,0.0,0.0,30120000000.0,4114000000.0,26006000000.0,37744322134.0,149000000.0,0.0,65000000.0,-280000000.0,-180000000.0,-122000000.0,-4964000000.0,0.0,5247000000.0,-12000000.0,761000000.0,761000000.0,761000000.0,0.0,60000000.0,0.069,6954000000.0,1769000000.0,2726000000.0,0.235,1.825,49.598,49.778,37957000000.0,0.0,76.16,3.436,3.432,2423000000.0,14449000000.0,10984000000.0,10984000000.0,974000000.0,0.015,0.037,0.048,0.222,0.0,967000000.0,1.0,495592465.0,495000000,497000000.0,22.19,46248000000.0,0.0,820000000.0,9861000000.0,93.43,2561000000.0
35,APC,MRT,2010-09-30,2010-09-30,2010-09-30,2019-07-30,-493000000.0,51826000000.0,50801000000.0,7080000000.0,44746000000.0,0.211,41.591,-4874000000.0,4218000000.0,4218000000.0,2147000000.0,930000000.0,1.505,1.487,13471000000.0,718000000.0,12753000000.0,13471000000.0,0.0,3729000000.0,0.0,0.006,0.36,2516000000.0,6245000000.0,0.583,6245000000.0,2516000000.0,1676000000.0,1.8,1.79,1.8,20629000000.0,20469750000.0,20629000000.0,37212725921.0,15.0,5.959,158000000.0,0.319,1.0,8563000000.0,0.8,5312000000.0,840000000.0,51063000000.0,50385000000.0,0.0,0.0,0.0,0.0,30682000000.0,4704000000.0,25978000000.0,28235725921.0,632000000.0,0.0,49000000.0,387000000.0,-181000000.0,466000000.0,-4857000000.0,0.0,5032000000.0,-9000000.0,879000000.0,879000000.0,879000000.0,0.0,51000000.0,0.082,6880000000.0,1683000000.0,2904000000.0,0.2,1.369,32.123,31.694,37711000000.0,0.0,57.05,2.636,2.642,2069000000.0,14382000000.0,10710000000.0,10710000000.0,943000000.0,0.017,0.043,0.05,0.235,0.0,1011000000.0,1.0,494929464.0,496000000,496000000.0,21.593,46514000000.0,0.0,797000000.0,9820000000.0,93.778,2376000000.0
36,APC,MRT,2010-06-30,2010-06-30,2010-06-30,2019-07-30,-507000000.0,50547000000.0,50213500000.0,6074000000.0,44473000000.0,0.22,41.727,-4511000000.0,3374000000.0,3374000000.0,2107000000.0,1144000000.0,1.301,1.421,12351000000.0,909000000.0,11442000000.0,12351000000.0,0.0,3676000000.0,0.0,0.01,0.36,2758000000.0,6434000000.0,0.583,6434000000.0,2758000000.0,2015000000.0,2.25,2.24,2.25,20655000000.0,20267500000.0,20655000000.0,27100321968.0,10.0,4.212,537000000.0,1.085,1.0,8927000000.0,0.809,5313000000.0,743000000.0,49542000000.0,50235500000.0,0.0,0.0,0.0,0.0,29342000000.0,4669000000.0,24673000000.0,17855321968.0,-153000000.0,0.0,56000000.0,-616000000.0,-179000000.0,-538000000.0,-4634000000.0,0.0,5048000000.0,-29000000.0,1105000000.0,1105000000.0,1105000000.0,0.0,39000000.0,0.1,6661000000.0,2266000000.0,2778000000.0,0.16,0.864,16.159,16.04,37619000000.0,0.0,36.09,1.618,1.619,2106000000.0,14454000000.0,11034000000.0,11034000000.0,871000000.0,0.022,0.055,0.055,0.25,0.0,961000000.0,1.0,494744305.0,495000000,495000000.0,22.291,45234000000.0,0.0,910000000.0,9746000000.0,91.382,1405000000.0
37,APC,MRT,2010-03-31,2010-03-31,2010-03-31,2019-07-30,-522000000.0,50708000000.0,49919750000.0,6402000000.0,44306000000.0,0.207,41.921,-4218000000.0,3692000000.0,3692000000.0,2151000000.0,956000000.0,1.642,1.431,12937000000.0,478000000.0,12459000000.0,12937000000.0,0.0,3707000000.0,0.0,0.005,0.36,2389000000.0,6096000000.0,0.589,6096000000.0,2389000000.0,1645000000.0,1.85,1.84,1.85,20667000000.0,20003000000.0,20667000000.0,45090318208.0,19.0,7.397,492000000.0,0.998,1.0,8192000000.0,0.792,5313000000.0,744000000.0,50741000000.0,50341000000.0,0.0,0.0,0.0,0.0,29583000000.0,3899000000.0,25684000000.0,35873318208.0,1527000000.0,0.0,1384000000.0,-137000000.0,-179000000.0,1110000000.0,-4282000000.0,0.0,4710000000.0,-11000000.0,919000000.0,919000000.0,919000000.0,0.0,37000000.0,0.089,6625000000.0,1567000000.0,2449000000.0,0.195,1.736,39.035,39.368,37353000000.0,0.0,72.83,3.468,3.471,2099000000.0,14539000000.0,10343000000.0,10343000000.0,961000000.0,0.018,0.046,0.047,0.231,0.0,984000000.0,1.0,492562381.0,493000000,496000000.0,20.98,45395000000.0,0.0,726000000.0,9952000000.0,92.079,2503000000.0
38,APC,MRT,2009-12-31,2009-12-31,2009-12-31,2019-07-30,-512000000.0,50123000000.0,49281250000.0,6083000000.0,44040000000.0,0.183,41.517,-4176000000.0,3531000000.0,3531000000.0,2140000000.0,-103000000.0,1.591,1.491,12748000000.0,0.0,12748000000.0,12748000000.0,0.0,3532000000.0,0.0,0.006,0.36,562000000.0,4094000000.0,0.455,4094000000.0,562000000.0,-140000000.0,-0.28,-0.28,-0.28,19928000000.0,19451250000.0,19928000000.0,39874143461.0,71.0,9.74,-250000000.0,-0.521,1.0,6860000000.0,0.762,5322000000.0,702000000.0,50194000000.0,50017500000.0,0.0,0.0,0.0,0.0,29708000000.0,3824000000.0,25884000000.0,30680143461.0,1171000000.0,0.0,1337000000.0,365000000.0,-176000000.0,1481000000.0,-4236000000.0,0.0,3926000000.0,0.0,-135000000.0,-135000000.0,-135000000.0,0.0,32000000.0,-0.015,6483000000.0,377000000.0,2876000000.0,-1.286,1.54,-227.26,-222.929,37204000000.0,0.0,62.42,3.409,3.329,2052000000.0,13868000000.0,9000000000.0,9000000000.0,1107000000.0,-0.003,-0.007,0.011,0.062,0.0,983000000.0,1.0,491511430.0,480000000,480000000.0,18.75,44801000000.0,0.0,-5000000.0,9925000000.0,93.335,2259000000.0
39,APC,MRT,2009-09-30,2009-09-30,2009-09-30,2019-07-30,-101000000.0,49476000000.0,48981250000.0,6056000000.0,43420000000.0,0.201,40.367,-2501000000.0,3586000000.0,3586000000.0,2256000000.0,453000000.0,2.101,1.478,12780000000.0,0.0,12780000000.0,12780000000.0,0.0,3404000000.0,0.0,0.006,0.36,1345000000.0,4749000000.0,0.483,4749000000.0,1345000000.0,667000000.0,0.88,0.88,0.88,19820000000.0,19168000000.0,19820000000.0,40116678165.0,30.0,8.447,712000000.0,1.45,1.0,7576000000.0,0.771,5323000000.0,678000000.0,50465000000.0,49457250000.0,0.0,0.0,0.0,0.0,29291000000.0,2882000000.0,26409000000.0,30770678165.0,1605000000.0,0.0,1337000000.0,50000000.0,-172000000.0,980000000.0,-2588000000.0,0.0,3213000000.0,0.0,422000000.0,422000000.0,422000000.0,-5000000.0,31000000.0,0.043,6535000000.0,1041000000.0,2043000000.0,0.409,1.553,72.916,71.284,36703000000.0,0.0,62.73,3.13,3.133,1849000000.0,13684000000.0,9832000000.0,9832000000.0,1302000000.0,0.009,0.022,0.027,0.137,0.0,905000000.0,1.0,490525716.0,491000000,493000000.0,20.024,44153000000.0,0.0,245000000.0,10174000000.0,89.925,3174000000.0
40,APC,MRT,2009-06-30,2009-06-30,2009-06-30,2019-07-30,-107000000.0,49372000000.0,48919500000.0,5646000000.0,43726000000.0,0.268,41.084,-2865000000.0,3527000000.0,3527000000.0,2414000000.0,2422000000.0,1.65,1.501,12873000000.0,0.0,12873000000.0,12873000000.0,0.0,3339000000.0,0.0,0.008,0.36,4343000000.0,7682000000.0,0.586,7682000000.0,4343000000.0,3606000000.0,5.07,5.06,5.07,19597000000.0,18765750000.0,19597000000.0,31722459682.0,7.0,4.129,2834000000.0,5.941,1.0,10693000000.0,0.816,5332000000.0,737000000.0,49964000000.0,48994750000.0,0.0,0.0,0.0,0.0,29411000000.0,3422000000.0,25989000000.0,20897459682.0,2874000000.0,0.0,716000000.0,-191000000.0,-170000000.0,123000000.0,-2948000000.0,0.0,5699000000.0,0.0,2387000000.0,2387000000.0,2387000000.0,-6000000.0,35000000.0,0.182,6874000000.0,3819000000.0,2635000000.0,0.071,1.066,8.755,8.953,36909000000.0,0.0,45.39,1.594,1.652,1538000000.0,13528000000.0,13107000000.0,13107000000.0,1451000000.0,0.049,0.127,0.089,0.331,0.0,898000000.0,1.0,460397878.0,477000000,477000000.0,27.478,44040000000.0,0.0,1219000000.0,9857000000.0,92.327,2224000000.0
41,APC,MRT,2009-03-31,2009-03-31,2009-03-31,2019-07-30,-113000000.0,48154000000.0,48910750000.0,4552000000.0,43602000000.0,0.286,40.13,-2615000000.0,2165000000.0,2165000000.0,2440000000.0,2666000000.0,1.091,1.589,12990000000.0,1020000000.0,11970000000.0,12990000000.0,0.0,3190000000.0,0.0,0.009,0.36,4913000000.0,8103000000.0,0.58,8103000000.0,4913000000.0,4226000000.0,5.6,5.59,5.6,18460000000.0,18029250000.0,18460000000.0,27863772246.0,6.0,3.439,2352000000.0,5.113,1.0,11540000000.0,0.825,5359000000.0,687000000.0,49447000000.0,49437250000.0,0.0,0.0,0.0,0.0,29332000000.0,4173000000.0,25159000000.0,17884772246.0,852000000.0,0.0,-620000000.0,-785000000.0,-168000000.0,-1347000000.0,-2768000000.0,0.0,4967000000.0,0.0,2636000000.0,2636000000.0,2636000000.0,-6000000.0,30000000.0,0.189,7005000000.0,4535000000.0,2637000000.0,0.064,0.969,6.785,6.945,37154000000.0,0.0,38.89,1.279,1.28,1433000000.0,13799000000.0,13980000000.0,13980000000.0,1427000000.0,0.054,0.146,0.099,0.351,0.0,871000000.0,1.0,459881004.0,460000000,460000000.0,30.391,42795000000.0,0.0,1590000000.0,9757000000.0,93.033,379000000.0
42,APC,MRT,2008-12-31,2008-12-31,2008-12-31,2019-07-30,-119000000.0,48923000000.0,48956000000.0,5095000000.0,43828000000.0,0.31,40.419,-2346000000.0,2360000000.0,2360000000.0,2457000000.0,3283000000.0,0.92,1.584,12339000000.0,1472000000.0,10867000000.0,12339000000.0,0.0,3194000000.0,0.0,0.009,0.36,6140000000.0,9334000000.0,0.616,9334000000.0,6140000000.0,5408000000.0,6.92,6.91,6.92,18795000000.0,17578500000.0,18795000000.0,28413978045.0,5.0,3.044,4096000000.0,8.809,1.0,12705000000.0,0.838,5413000000.0,732000000.0,47953000000.0,49822250000.0,0.0,0.0,0.0,0.0,29767000000.0,5536000000.0,24231000000.0,17695978045.0,1092000000.0,0.0,-606000000.0,-2421000000.0,-170000000.0,-2822000000.0,-2528000000.0,0.0,6442000000.0,0.0,3260000000.0,3260000000.0,3260000000.0,-63000000.0,23000000.0,0.215,7104000000.0,5601000000.0,3166000000.0,0.052,0.942,5.428,5.571,37047000000.0,0.0,38.55,1.167,1.182,1687000000.0,14179000000.0,15162000000.0,15162000000.0,1369000000.0,0.067,0.185,0.123,0.405,0.0,866000000.0,1.0,459039638.0,465000000,466000000.0,32.606,43510000000.0,0.0,2148000000.0,9974000000.0,93.57,-441000000.0
43,APC,MRT,2008-09-30,2008-09-30,2008-09-30,2019-07-30,-123000000.0,49229000000.0,48838000000.0,4986000000.0,44243000000.0,0.317,39.079,-3134000000.0,1980000000.0,1980000000.0,2386000000.0,2751000000.0,0.8,1.703,12698000000.0,1708000000.0,10990000000.0,12698000000.0,0.0,3188000000.0,0.0,0.007,0.36,5645000000.0,8833000000.0,0.57,8833000000.0,5645000000.0,4865000000.0,5.72,5.71,5.72,18211000000.0,16970750000.0,18211000000.0,35108645556.0,6.0,3.975,3805000000.0,8.165,1.0,13113000000.0,0.846,5100000000.0,780000000.0,48615000000.0,50716500000.0,0.0,0.0,0.0,0.0,31018000000.0,6232000000.0,24786000000.0,22725645556.0,738000000.0,-93000000.0,-595000000.0,-2111000000.0,-169000000.0,-2746000000.0,-3455000000.0,0.0,6939000000.0,0.0,2736000000.0,2738000000.0,2738000000.0,21000000.0,15000000.0,0.177,6982000000.0,6131000000.0,3251000000.0,0.063,1.248,8.3,8.481,36877000000.0,-2000000.0,48.51,1.466,1.459,2148000000.0,13435000000.0,15499000000.0,15499000000.0,1171000000.0,0.056,0.161,0.111,0.364,0.0,874000000.0,1.0,468473419.0,466000000,467000000.0,33.26,44129000000.0,0.0,2129000000.0,9805000000.0,94.697,-1246000000.0
44,APC,MRT,2008-06-30,2008-06-30,2008-06-30,2019-07-30,-127000000.0,49337000000.0,48423250000.0,5167000000.0,44170000000.0,0.255,35.579,-2926000000.0,652000000.0,652000000.0,2293000000.0,1057000000.0,1.061,1.963,13035000000.0,52000000.0,12983000000.0,13035000000.0,0.0,2999000000.0,0.0,0.005,0.36,3176000000.0,6175000000.0,0.5,6175000000.0,3176000000.0,2354000000.0,2.16,2.16,2.16,16651000000.0,16459250000.0,16651000000.0,47480328538.0,15.0,7.689,1430000000.0,3.056,1.0,10052000000.0,0.814,5115000000.0,822000000.0,51734000000.0,50696250000.0,0.0,0.0,0.0,0.0,32686000000.0,4871000000.0,27815000000.0,35034328538.0,-994000000.0,-100000000.0,34000000.0,-2091000000.0,-170000000.0,-2145000000.0,-3205000000.0,0.0,4356000000.0,0.0,1052000000.0,1053000000.0,1053000000.0,34000000.0,5000000.0,0.085,6417000000.0,3635000000.0,3198000000.0,0.167,2.104,33.271,34.648,36811000000.0,-1000000.0,74.84,2.838,2.837,3280000000.0,11316000000.0,12345000000.0,12345000000.0,1051000000.0,0.022,0.064,0.063,0.257,0.0,829000000.0,1.0,468123043.0,468000000,469000000.0,26.378,44222000000.0,0.0,1302000000.0,10295000000.0,94.491,296000000.0
45,APC,MRT,2008-03-31,2008-03-31,2008-03-31,2019-07-30,-129000000.0,48335000000.0,48843000000.0,4308000000.0,44027000000.0,0.29,35.592,-43000000.0,1308000000.0,1308000000.0,2400000000.0,2342000000.0,0.926,1.902,13754000000.0,396000000.0,13358000000.0,13754000000.0,0.0,2927000000.0,0.0,0.006,0.36,5190000000.0,8117000000.0,0.574,8117000000.0,5190000000.0,4196000000.0,4.93,4.92,4.93,16657000000.0,16245000000.0,16657000000.0,42981148674.0,8.0,5.295,4054000000.0,8.662,1.0,11744000000.0,0.83,5140000000.0,994000000.0,50987000000.0,50748000000.0,0.0,0.0,0.0,0.0,31678000000.0,4654000000.0,27024000000.0,29502148674.0,-2336000000.0,-100000000.0,70000000.0,-5765000000.0,-170000000.0,-6118000000.0,-315000000.0,0.0,4097000000.0,0.0,2342000000.0,2343000000.0,2343000000.0,27000000.0,0.0,0.166,6109000000.0,5635000000.0,2754000000.0,0.073,1.771,12.592,12.785,36619000000.0,-1000000.0,63.03,2.086,2.086,2149000000.0,11332000000.0,14144000000.0,14144000000.0,1009000000.0,0.048,0.144,0.102,0.367,0.0,876000000.0,1.0,468065186.0,468000000,469000000.0,30.222,43195000000.0,0.0,1854000000.0,10141000000.0,92.297,-346000000.0
46,APC,MRT,2007-12-31,2007-12-31,2007-12-31,2019-07-30,-133000000.0,48451000000.0,50729250000.0,4486000000.0,43965000000.0,0.324,35.191,4014000000.0,1268000000.0,1268000000.0,2579000000.0,3778000000.0,0.857,1.961,14747000000.0,1396000000.0,13351000000.0,14747000000.0,0.0,2840000000.0,0.0,0.005,0.36,7420000000.0,10260000000.0,0.625,10260000000.0,7420000000.0,6337000000.0,8.03,8.01,8.03,16364000000.0,15858000000.0,16364000000.0,44085056560.0,6.0,4.297,6914000000.0,14.869,1.0,13837000000.0,0.843,5166000000.0,1083000000.0,51530000000.0,51742500000.0,0.0,0.0,0.0,0.0,32087000000.0,5234000000.0,26853000000.0,30635056560.0,757000000.0,-100000000.0,79000000.0,-5491000000.0,-170000000.0,-5921000000.0,3778000000.0,0.0,2900000000.0,0.0,3778000000.0,3778000000.0,3778000000.0,0.0,0.0,0.23,5966000000.0,7871000000.0,2778000000.0,0.045,1.872,8.109,8.181,37451000000.0,0.0,65.69,1.866,1.861,2576000000.0,11089000000.0,16416000000.0,16416000000.0,905000000.0,0.074,0.238,0.143,0.452,0.0,936000000.0,1.0,466357993.0,465000000,467000000.0,35.303,43285000000.0,0.0,2559000000.0,10214000000.0,93.086,-748000000.0
47,APC,MRT,2007-09-30,2007-09-30,2007-09-30,2019-07-30,-136000000.0,47570000000.0,52357500000.0,3523000000.0,44047000000.0,0.306,34.689,2985000000.0,1243000000.0,1243000000.0,2785000000.0,5439000000.0,0.481,1.943,14693000000.0,3549000000.0,11144000000.0,14693000000.0,0.0,2881000000.0,0.0,0.007,0.36,8918000000.0,11799000000.0,0.737,11799000000.0,8918000000.0,7719000000.0,11.73,11.69,11.73,16165000000.0,14867750000.0,16165000000.0,40268301400.0,5.0,3.413,5856000000.0,12.567,1.0,13228000000.0,0.826,5169000000.0,1199000000.0,48534000000.0,52953500000.0,0.0,0.0,0.0,0.0,31405000000.0,7317000000.0,24088000000.0,25033301400.0,-685000000.0,-130000000.0,123000000.0,-10284000000.0,-173000000.0,-10442000000.0,6885000000.0,0.0,2871000000.0,1000000.0,5439000000.0,5436000000.0,5436000000.0,-1977000000.0,0.0,0.339,6332000000.0,6896000000.0,2406000000.0,0.031,1.549,4.605,4.582,37557000000.0,3000000.0,53.75,1.563,1.564,1579000000.0,10979000000.0,16013000000.0,16013000000.0,1018000000.0,0.104,0.366,0.168,0.557,0.0,987000000.0,1.0,465735840.0,466000000,468000000.0,34.363,42401000000.0,0.0,2280000000.0,10143000000.0,90.989,-3794000000.0
48,APC,MRT,2007-06-30,2007-06-30,2007-06-30,2019-07-30,-138000000.0,51016000000.0,55509000000.0,4595000000.0,46421000000.0,0.298,33.966,3954000000.0,1647000000.0,1647000000.0,2704000000.0,6343000000.0,0.48,2.23,16882000000.0,5744000000.0,11138000000.0,16882000000.0,0.0,2532000000.0,0.0,0.007,0.36,10022000000.0,12554000000.0,0.76,12554000000.0,10022000000.0,8842000000.0,13.71,13.65,13.71,15794000000.0,14269500000.0,15794000000.0,41774497247.0,4.0,3.328,7316000000.0,15.733,1.0,13820000000.0,0.836,4740000000.0,1180000000.0,51941000000.0,55061750000.0,0.0,0.0,0.0,0.0,35222000000.0,9570000000.0,25652000000.0,24119497247.0,827000000.0,-21087000000.0,106000000.0,11006000000.0,-172000000.0,10670000000.0,-13207000000.0,0.0,3362000000.0,2000000.0,6343000000.0,6341000000.0,6341000000.0,-2064000000.0,0.0,0.384,5913000000.0,7907000000.0,2704000000.0,0.026,1.527,3.804,3.792,39146000000.0,2000000.0,51.99,1.46,1.463,2322000000.0,10661000000.0,16524000000.0,16524000000.0,887000000.0,0.114,0.444,0.182,0.607,0.0,997000000.0,1.0,463925702.0,465000000,467000000.0,35.535,46276000000.0,0.0,2499000000.0,11759000000.0,99.518,-4975000000.0
49,APC,MRT,2007-03-31,2007-03-31,2007-03-31,2019-07-30,-139000000.0,55880000000.0,48671250000.0,6820000000.0,49060000000.0,0.282,32.633,853000000.0,3620000000.0,3620000000.0,2236000000.0,5845000000.0,0.483,2.698,21275000000.0,9748000000.0,11527000000.0,21275000000.0,0.0,2182000000.0,0.0,0.008,0.36,8725000000.0,10907000000.0,0.793,10907000000.0,8725000000.0,7817000000.0,12.66,12.6,12.66,15109000000.0,13412000000.0,15109000000.0,42403966567.0,5.0,3.888,4935000000.0,10.659,1.0,11512000000.0,0.837,4461000000.0,908000000.0,54965000000.0,47893250000.0,0.0,0.0,0.0,0.0,40771000000.0,14109000000.0,26662000000.0,19903966567.0,2829000000.0,-21087000000.0,91000000.0,15424000000.0,-172000000.0,15118000000.0,-16382000000.0,0.0,4082000000.0,11000000.0,5845000000.0,5842000000.0,5842000000.0,-2209000000.0,0.0,0.425,5031000000.0,6481000000.0,2706000000.0,0.028,1.317,3.407,3.395,43695000000.0,3000000.0,42.98,1.448,1.447,2683000000.0,10052000000.0,13748000000.0,13748000000.0,665000000.0,0.12,0.436,0.182,0.635,0.0,874000000.0,1.0,463098338.0,463000000,465000000.0,29.693,51419000000.0,0.0,1972000000.0,12722000000.0,111.056,-7289000000.0
50,APC,MRT,2006-12-31,2006-12-31,2006-12-31,2019-07-30,-137000000.0,54964000000.0,40418000000.0,4612000000.0,50352000000.0,0.253,26.963,-3120000000.0,491000000.0,491000000.0,1716000000.0,4749000000.0,0.275,3.432,22991000000.0,11471000000.0,11520000000.0,22991000000.0,0.0,1752000000.0,0.0,0.008,0.36,6662000000.0,8414000000.0,0.822,8414000000.0,6662000000.0,6012000000.0,10.31,10.24,10.31,12403000000.0,12524000000.0,12403000000.0,46031082729.0,7.0,5.471,1373000000.0,2.985,1.0,8514000000.0,0.832,4332000000.0,650000000.0,56374000000.0,39725000000.0,0.0,0.0,0.0,0.0,42561000000.0,16758000000.0,25803000000.0,20008082729.0,-228000000.0,-21087000000.0,-12000000.0,16121000000.0,-170000000.0,15823000000.0,-20555000000.0,0.0,4493000000.0,11000000.0,4749000000.0,4746000000.0,4746000000.0,-2275000000.0,0.0,0.464,4133000000.0,4381000000.0,3501000000.0,0.035,1.613,4.216,4.221,41436000000.0,3000000.0,43.52,1.956,1.957,3291000000.0,7409000000.0,10230000000.0,10230000000.0,737000000.0,0.117,0.379,0.168,0.651,0.0,768000000.0,1.0,459744548.0,460000000,464000000.0,22.239,50632000000.0,0.0,1263000000.0,11870000000.0,110.07,-12146000000.0
51,APC,MRT,2006-09-30,2006-09-30,2006-09-30,2019-07-30,490000000.0,60176000000.0,32324000000.0,5350000000.0,54826000000.0,0.28,29.939,-2213000000.0,1803000000.0,1803000000.0,1185000000.0,3596000000.0,0.253,3.369,27826000000.0,16663000000.0,11163000000.0,27826000000.0,0.0,1042000000.0,0.0,0.008,0.36,5572000000.0,6614000000.0,0.731,6614000000.0,5572000000.0,5200000000.0,7.79,7.73,7.79,13772000000.0,12186000000.0,13772000000.0,23039478715.0,4.0,3.483,2362000000.0,5.135,1.0,7869000000.0,0.869,8053000000.0,372000000.0,56967000000.0,31172000000.0,0.0,0.0,0.0,0.0,46404000000.0,21179000000.0,25225000000.0,20138478715.0,916000000.0,-20964000000.0,-581000000.0,20959000000.0,-170000000.0,20073000000.0,-23734000000.0,0.0,4575000000.0,2000000.0,3596000000.0,3593000000.0,3593000000.0,-482000000.0,0.0,0.397,2845000000.0,5024000000.0,2718000000.0,0.046,1.462,5.605,5.626,42305000000.0,3000000.0,43.83,2.224,2.227,2583000000.0,8045000000.0,9054000000.0,9054000000.0,567000000.0,0.111,0.295,0.179,0.615,0.0,611000000.0,1.0,459467915.0,460000000,463000000.0,19.683,52123000000.0,0.0,1604000000.0,11337000000.0,113.311,-15829000000.0
52,APC,MRT,2006-06-30,2006-06-30,2006-06-30,2019-07-30,525000000.0,23665000000.0,22783000000.0,2572000000.0,21093000000.0,0.31,26.937,-3007000000.0,671000000.0,671000000.0,853000000.0,2809000000.0,1.165,0.914,3572000000.0,211000000.0,3361000000.0,3572000000.0,0.0,1008000000.0,0.0,0.008,0.36,4396000000.0,5404000000.0,0.764,5404000000.0,4396000000.0,4176000000.0,6.05,5.99,6.05,12364000000.0,11386500000.0,12364000000.0,24673900827.0,6.0,4.566,1253000000.0,2.73,1.0,6220000000.0,0.879,1092000000.0,220000000.0,23267000000.0,22169000000.0,0.0,0.0,0.0,0.0,11301000000.0,2207000000.0,9094000000.0,21866900827.0,-95000000.0,0.0,-740000000.0,-10000000.0,-172000000.0,-805000000.0,-3571000000.0,0.0,4260000000.0,21000000.0,2809000000.0,2804000000.0,2804000000.0,-473000000.0,0.0,0.396,2385000000.0,3835000000.0,1262000000.0,0.06,1.769,7.798,7.883,16233000000.0,5000000.0,47.69,3.092,3.095,1325000000.0,6626000000.0,7073000000.0,7073000000.0,445000000.0,0.123,0.246,0.198,0.622,0.0,517000000.0,1.0,458521720.0,459000000,463000000.0,15.41,22573000000.0,0.0,1367000000.0,4070000000.0,49.179,365000000.0
53,APC,MRT,2006-03-31,2006-03-31,2006-03-31,2019-07-30,489000000.0,22867000000.0,22073500000.0,2535000000.0,20332000000.0,0.302,25.124,-2619000000.0,820000000.0,820000000.0,775000000.0,2501000000.0,1.16,0.979,3627000000.0,235000000.0,3392000000.0,3627000000.0,0.0,870000000.0,0.0,0.007,0.36,4087000000.0,4957000000.0,0.745,4957000000.0,4087000000.0,3867000000.0,5.35,5.29,5.35,11557000000.0,10809250000.0,11557000000.0,26214867935.0,6.0,5.288,1479000000.0,3.215,1.0,5883000000.0,0.884,1196000000.0,220000000.0,22292000000.0,21440750000.0,0.0,0.0,0.0,0.0,11310000000.0,2186000000.0,9124000000.0,23276867935.0,-177000000.0,0.0,-738000000.0,-197000000.0,-173000000.0,-1021000000.0,-3261000000.0,0.0,4098000000.0,7000000.0,2501000000.0,2496000000.0,2496000000.0,-389000000.0,0.0,0.375,2259000000.0,3624000000.0,1453000000.0,0.067,2.014,9.326,9.44,18474000000.0,5000000.0,50.505,3.496,3.489,1497000000.0,7576000000.0,6658000000.0,6658000000.0,445000000.0,0.113,0.231,0.191,0.614,0.0,492000000.0,1.0,460882446.0,460000000,465000000.0,14.474,21671000000.0,0.0,1366000000.0,4852000000.0,47.111,349000000.0
54,APC,MRT,2005-12-31,2005-12-31,2005-12-31,2019-07-30,544000000.0,22588000000.0,21482250000.0,2916000000.0,19672000000.0,0.294,23.513,-2477000000.0,561000000.0,561000000.0,727000000.0,2331000000.0,1.213,1.044,3627000000.0,80000000.0,3547000000.0,3627000000.0,0.0,901000000.0,0.0,0.008,0.36,3830000000.0,4731000000.0,0.75,4731000000.0,3830000000.0,3609000000.0,4.95,4.9,4.95,11051000000.0,10305500000.0,11051000000.0,24942073663.0,7.0,5.272,1335000000.0,2.84,1.0,5581000000.0,0.885,1089000000.0,221000000.0,22162000000.0,20857000000.0,0.0,0.0,0.0,0.0,11537000000.0,2403000000.0,9134000000.0,22278073663.0,-135000000.0,0.0,-779000000.0,-166000000.0,-175000000.0,-1031000000.0,-2919000000.0,0.0,3812000000.0,3000000.0,2331000000.0,2326000000.0,2326000000.0,-356000000.0,0.0,0.369,2183000000.0,3398000000.0,1485000000.0,0.073,2.016,9.578,9.571,15195000000.0,5000000.0,47.375,3.532,3.53,1602000000.0,6957000000.0,6308000000.0,6308000000.0,445000000.0,0.108,0.226,0.184,0.607,0.0,477000000.0,1.0,470249576.0,470000000,475000000.0,13.421,21499000000.0,0.0,1278000000.0,3993000000.0,45.743,513000000.0
55,APC,MRT,2005-09-30,2005-09-30,2005-09-30,2019-07-30,390000000.0,22012000000.0,20883250000.0,2980000000.0,19032000000.0,0.244,22.45,-520000000.0,1012000000.0,1012000000.0,602000000.0,2002000000.0,1.224,1.082,3676000000.0,72000000.0,3604000000.0,3676000000.0,0.0,860000000.0,0.0,0.007,0.34,3295000000.0,4155000000.0,0.814,4155000000.0,3295000000.0,3043000000.0,4.205,4.155,4.205,10574000000.0,9864000000.0,10574000000.0,25389929574.0,8.0,6.111,2805000000.0,5.955,1.0,4502000000.0,0.882,1286000000.0,252000000.0,20955000000.0,20280500000.0,0.0,0.0,0.0,0.0,11438000000.0,2435000000.0,9003000000.0,22629929574.0,858000000.0,0.0,-1053000000.0,-762000000.0,-166000000.0,-1988000000.0,-485000000.0,0.0,3325000000.0,6000000.0,2002000000.0,1997000000.0,1997000000.0,-439000000.0,0.0,0.391,1692000000.0,2810000000.0,1411000000.0,0.081,2.14,11.332,11.385,17283000000.0,5000000.0,47.875,4.434,4.418,1605000000.0,6124000000.0,5104000000.0,5104000000.0,0.0,0.096,0.202,0.162,0.646,0.0,391000000.0,1.0,472687824.0,471000000,476000000.0,10.837,20726000000.0,0.0,1041000000.0,4539000000.0,44.004,545000000.0
56,APC,MRT,2005-06-30,2005-06-30,2005-06-30,2019-07-30,294000000.0,20827000000.0,20765000000.0,2435000000.0,18392000000.0,0.248,21.303,-71000000.0,915000000.0,915000000.0,673000000.0,1805000000.0,1.259,1.071,3675000000.0,72000000.0,3603000000.0,3675000000.0,0.0,975000000.0,0.0,0.008,0.32,3041000000.0,4016000000.0,0.781,4016000000.0,3041000000.0,2709000000.0,3.73,3.695,3.73,10055000000.0,9581750000.0,10055000000.0,22209695207.0,7.0,5.53,3102000000.0,6.572,1.0,4468000000.0,0.869,1299000000.0,332000000.0,20354000000.0,20461750000.0,0.0,0.0,0.0,0.0,10772000000.0,1934000000.0,8838000000.0,19363695207.0,606000000.0,-46000000.0,-1110000000.0,-1341000000.0,-159000000.0,-2628000000.0,68000000.0,0.0,3173000000.0,-7000000.0,1805000000.0,1800000000.0,1800000000.0,-373000000.0,0.0,0.35,1794000000.0,2674000000.0,1318000000.0,0.086,1.926,10.758,11.012,16601000000.0,5000000.0,41.075,3.767,3.771,1223000000.0,5571000000.0,5141000000.0,5141000000.0,0.0,0.087,0.188,0.149,0.592,0.0,402000000.0,1.0,471422890.0,472000000,477000000.0,10.892,19528000000.0,0.0,904000000.0,4433000000.0,41.373,501000000.0
57,APC,MRT,2005-03-31,2005-03-31,2005-03-31,2019-07-30,293000000.0,20502000000.0,20959000000.0,2478000000.0,18024000000.0,0.248,20.131,-306000000.0,997000000.0,997000000.0,723000000.0,1704000000.0,1.19,1.149,3843000000.0,200000000.0,3643000000.0,3843000000.0,0.0,1108000000.0,0.0,0.008,0.3,2914000000.0,4022000000.0,0.775,4022000000.0,2914000000.0,2567000000.0,3.46,3.43,3.46,9542000000.0,9355750000.0,9542000000.0,20989110929.0,7.0,5.219,2952000000.0,6.228,1.0,4467000000.0,0.861,1308000000.0,347000000.0,19957000000.0,21107000000.0,0.0,0.0,0.0,0.0,10960000000.0,2083000000.0,8877000000.0,18023110929.0,855000000.0,-46000000.0,-1260000000.0,-1169000000.0,-152000000.0,-2459000000.0,56000000.0,0.0,3258000000.0,0.0,1704000000.0,1699000000.0,1699000000.0,-305000000.0,0.0,0.327,1863000000.0,2604000000.0,1267000000.0,0.087,1.889,10.608,10.997,16232000000.0,5000000.0,38.05,3.473,3.475,1209000000.0,5108000000.0,5190000000.0,5190000000.0,0.0,0.081,0.182,0.138,0.561,0.0,396000000.0,1.0,473669144.0,474000000,478000000.0,10.949,19194000000.0,0.0,863000000.0,4404000000.0,40.494,395000000.0
58,APC,MRT,2004-12-31,2004-12-31,2004-12-31,2019-07-30,381000000.0,20192000000.0,21078500000.0,2502000000.0,17690000000.0,0.243,18.607,-399000000.0,874000000.0,874000000.0,738000000.0,1606000000.0,1.255,1.175,3840000000.0,169000000.0,3671000000.0,3840000000.0,0.0,1132000000.0,0.0,0.009,0.28,2763000000.0,3895000000.0,0.76,3895000000.0,2763000000.0,2405000000.0,3.21,3.18,3.21,9285000000.0,9199750000.0,9285000000.0,20359906044.0,7.0,5.227,2808000000.0,5.627,1.0,4386000000.0,0.856,1309000000.0,358000000.0,19856000000.0,21813250000.0,0.0,0.0,0.0,0.0,10907000000.0,1993000000.0,8914000000.0,16029906044.0,812000000.0,-46000000.0,-1116000000.0,-1170000000.0,-144000000.0,-2361000000.0,-37000000.0,0.0,3207000000.0,3000000.0,1606000000.0,1601000000.0,1601000000.0,-305000000.0,0.0,0.312,1869000000.0,2517000000.0,1460000000.0,0.087,1.726,10.012,10.095,15913000000.0,5000000.0,32.405,3.128,3.156,1350000000.0,4661000000.0,5124000000.0,5124000000.0,0.0,0.076,0.174,0.127,0.539,0.0,373000000.0,1.0,494673848.0,499000000,503000000.0,10.269,18883000000.0,0.0,799000000.0,4414000000.0,37.842,509000000.0
59,APC,MRT,2004-09-30,2004-09-30,2004-09-30,2019-07-30,151000000.0,21539000000.0,21167000000.0,1670000000.0,19869000000.0,0.271,18.89,-2290000000.0,154000000.0,154000000.0,922000000.0,1494000000.0,0.598,1.28,4484000000.0,364000000.0,4120000000.0,4484000000.0,0.0,1435000000.0,0.0,0.008,0.28,2578000000.0,4013000000.0,0.7,4013000000.0,2578000000.0,2252000000.0,2.965,2.945,2.965,9445000000.0,9028250000.0,9445000000.0,21358132158.0,8.0,5.322,1211000000.0,2.422,1.0,4812000000.0,0.839,1395000000.0,326000000.0,21680000000.0,22458750000.0,0.0,0.0,0.0,0.0,12094000000.0,2794000000.0,9300000000.0,16604132158.0,10000000.0,-46000000.0,-246000000.0,-964000000.0,-146000000.0,-1167000000.0,-2336000000.0,0.0,3501000000.0,12000000.0,1494000000.0,1490000000.0,1490000000.0,0.0,0.0,0.26,2164000000.0,2648000000.0,1446000000.0,0.094,1.758,11.144,11.191,18034000000.0,4000000.0,33.18,2.896,2.893,1332000000.0,4289000000.0,5734000000.0,5734000000.0,0.0,0.07,0.165,0.115,0.45,0.0,379000000.0,1.0,500425924.0,500000000,506000000.0,11.468,20144000000.0,0.0,758000000.0,4274000000.0,40.288,-1124000000.0
60,APC,MRT,2004-06-30,2004-06-30,2004-06-30,2019-07-30,29000000.0,21603000000.0,20872750000.0,1716000000.0,19887000000.0,0.264,18.157,-2623000000.0,309000000.0,309000000.0,885000000.0,1367000000.0,0.84,1.361,5063000000.0,168000000.0,4895000000.0,5063000000.0,0.0,1389000000.0,0.0,0.009,0.26,2383000000.0,3772000000.0,0.684,3772000000.0,2383000000.0,2129000000.0,2.715,2.7,2.715,9151000000.0,8711500000.0,9151000000.0,19677745435.0,8.0,5.217,770000000.0,1.528,1.0,4627000000.0,0.839,1378000000.0,254000000.0,22935000000.0,22625750000.0,0.0,0.0,0.0,0.0,12452000000.0,2044000000.0,10408000000.0,14759745435.0,181000000.0,0.0,-41000000.0,-552000000.0,-136000000.0,-597000000.0,-2623000000.0,0.0,3393000000.0,8000000.0,1367000000.0,1365000000.0,1365000000.0,0.0,0.0,0.248,2186000000.0,2441000000.0,1309000000.0,0.096,1.613,10.813,10.792,18066000000.0,2000000.0,29.3,2.678,2.679,1249000000.0,3925000000.0,5512000000.0,5512000000.0,0.0,0.065,0.157,0.105,0.432,0.0,389000000.0,1.0,503745578.0,504000000,508000000.0,10.937,20225000000.0,0.0,762000000.0,4437000000.0,40.129,-328000000.0
61,APC,MRT,2004-03-31,2004-03-31,2004-03-31,2019-07-30,58000000.0,20980000000.0,20520250000.0,1414000000.0,19566000000.0,0.259,17.694,-2776000000.0,142000000.0,142000000.0,867000000.0,1262000000.0,0.817,1.353,5060000000.0,0.0,5060000000.0,5060000000.0,0.0,1355000000.0,0.0,0.009,0.24,2231000000.0,3586000000.0,0.674,3586000000.0,2231000000.0,1975000000.0,2.52,2.505,2.52,8918000000.0,8375500000.0,8918000000.0,18046917188.0,8.0,5.033,447000000.0,0.887,1.0,4451000000.0,0.837,1385000000.0,256000000.0,22782000000.0,22381750000.0,0.0,0.0,0.0,0.0,12062000000.0,1731000000.0,10331000000.0,13050917188.0,60000000.0,0.0,94000000.0,-363000000.0,-125000000.0,-395000000.0,-2776000000.0,0.0,3223000000.0,8000000.0,1262000000.0,1261000000.0,1261000000.0,0.0,0.0,0.237,2145000000.0,2306000000.0,1121000000.0,0.095,1.463,10.35,10.29,17741000000.0,1000000.0,25.93,2.454,2.457,1139000000.0,3556000000.0,5318000000.0,5318000000.0,0.0,0.061,0.151,0.1,0.42,0.0,383000000.0,1.0,503313428.0,504000000,508000000.0,10.552,19595000000.0,0.0,713000000.0,4336000000.0,38.879,-317000000.0
62,APC,MRT,2003-12-31,2003-12-31,2003-12-31,2019-07-30,122000000.0,20546000000.0,20126000000.0,1324000000.0,19222000000.0,0.254,17.198,-2634000000.0,62000000.0,62000000.0,828000000.0,1287000000.0,0.772,1.389,5058000000.0,0.0,5058000000.0,5058000000.0,0.0,1297000000.0,0.0,0.009,0.22,2269000000.0,3566000000.0,0.697,3566000000.0,2269000000.0,2016000000.0,2.58,2.545,2.58,8599000000.0,8008750000.0,8599000000.0,18102312030.0,8.0,5.076,409000000.0,0.818,1.0,4285000000.0,0.838,1389000000.0,253000000.0,22438000000.0,21985250000.0,0.0,0.0,0.0,0.0,11947000000.0,1715000000.0,10232000000.0,12798312030.0,28000000.0,0.0,100000000.0,-414000000.0,-114000000.0,-391000000.0,-2634000000.0,0.0,3043000000.0,10000000.0,1287000000.0,1287000000.0,1287000000.0,0.0,0.0,0.252,2086000000.0,2199000000.0,1222000000.0,0.085,1.488,9.944,9.886,17396000000.0,0.0,25.505,2.503,2.494,1104000000.0,3199000000.0,5113000000.0,5113000000.0,0.0,0.064,0.161,0.103,0.444,0.0,392000000.0,1.0,501796198.0,500000000,506000000.0,10.226,19157000000.0,0.0,729000000.0,4252000000.0,38.314,-391000000.0
63,APC,MRT,2003-09-30,2003-09-30,2003-09-30,2019-07-30,46000000.0,20362000000.0,19551500000.0,1426000000.0,18936000000.0,0.254,16.356,-2548000000.0,144000000.0,144000000.0,779000000.0,1302000000.0,0.773,1.49,5448000000.0,277000000.0,5171000000.0,5448000000.0,0.0,1246000000.0,0.0,0.01,0.2,2269000000.0,3515000000.0,0.709,3515000000.0,2269000000.0,2025000000.0,2.61,2.56,2.61,8178000000.0,7602000000.0,8178000000.0,15908496744.0,7.0,4.526,442000000.0,0.884,1.0,4180000000.0,0.843,1473000000.0,244000000.0,22348000000.0,21473250000.0,0.0,0.0,0.0,0.0,12184000000.0,1845000000.0,10339000000.0,10420496744.0,113000000.0,-204000000.0,35000000.0,-70000000.0,-104000000.0,-130000000.0,-2752000000.0,0.0,2990000000.0,5000000.0,1302000000.0,1302000000.0,1302000000.0,0.0,0.0,0.263,1975000000.0,2205000000.0,1093000000.0,0.077,1.274,8.003,8.0,17013000000.0,0.0,20.88,2.101,2.105,1118000000.0,2940000000.0,4959000000.0,4959000000.0,0.0,0.067,0.171,0.106,0.458,0.0,369000000.0,1.0,499065936.0,500000000,502000000.0,9.918,18889000000.0,0.0,723000000.0,4226000000.0,37.778,-419000000.0
64,APC,MRT,2003-06-30,2003-06-30,2003-06-30,2019-07-30,-66000000.0,20193000000.0,18856000000.0,1494000000.0,18699000000.0,0.242,15.614,-2378000000.0,128000000.0,128000000.0,744000000.0,1217000000.0,0.664,1.587,5616000000.0,445000000.0,5171000000.0,5616000000.0,0.0,1186000000.0,0.0,0.008,0.188,2086000000.0,3272000000.0,0.718,3272000000.0,2086000000.0,1852000000.0,2.445,2.385,2.445,7807000000.0,7227750000.0,7807000000.0,16436763426.0,8.0,5.023,272000000.0,0.544,1.0,3813000000.0,0.837,1472000000.0,234000000.0,21959000000.0,20960750000.0,0.0,0.0,0.0,0.0,12386000000.0,2250000000.0,10136000000.0,11093763426.0,83000000.0,-204000000.0,52000000.0,19000000.0,-98000000.0,14000000.0,-2582000000.0,0.0,2650000000.0,1000000.0,1217000000.0,1217000000.0,1217000000.0,0.0,0.0,0.267,1798000000.0,2015000000.0,1243000000.0,0.077,1.421,9.116,9.094,16759000000.0,0.0,22.235,2.434,2.44,1200000000.0,2691000000.0,4557000000.0,4557000000.0,0.0,0.065,0.168,0.1,0.458,0.0,339000000.0,1.0,498932468.0,500000000,504000000.0,9.114,18721000000.0,0.0,635000000.0,4001000000.0,37.442,-756000000.0
65,APC,MRT,2003-03-31,2003-03-31,2003-03-31,2019-07-30,-128000000.0,19403000000.0,18185500000.0,1604000000.0,17799000000.0,0.237,14.962,-1980000000.0,82000000.0,82000000.0,740000000.0,1155000000.0,0.764,1.604,5425000000.0,254000000.0,5171000000.0,5425000000.0,0.0,1139000000.0,0.0,0.008,0.175,1930000000.0,3069000000.0,0.712,3069000000.0,1930000000.0,1716000000.0,2.32,2.25,2.32,7451000000.0,6923250000.0,7451000000.0,16763090503.0,9.0,5.462,503000000.0,1.01,1.0,3570000000.0,0.828,1451000000.0,214000000.0,21196000000.0,20477250000.0,0.0,0.0,0.0,0.0,11952000000.0,2099000000.0,9853000000.0,11326090503.0,56000000.0,-221000000.0,45000000.0,-159000000.0,-92000000.0,-227000000.0,-2201000000.0,0.0,2483000000.0,1000000.0,1155000000.0,1155000000.0,1155000000.0,0.0,0.0,0.268,1743000000.0,1827000000.0,1325000000.0,0.075,1.52,9.806,9.806,15904000000.0,0.0,22.75,2.628,2.629,1384000000.0,2415000000.0,4310000000.0,4310000000.0,0.0,0.064,0.167,0.094,0.448,0.0,330000000.0,1.0,497850132.0,498000000,516000000.0,8.655,17952000000.0,0.0,561000000.0,3816000000.0,36.048,-495000000.0
66,APC,MRT,2002-12-31,2002-12-31,2002-12-31,2019-07-30,-198000000.0,18248000000.0,17611250000.0,1280000000.0,16968000000.0,0.218,14.056,-2196000000.0,34000000.0,34000000.0,747000000.0,825000000.0,0.688,1.617,5471000000.0,300000000.0,5171000000.0,5471000000.0,0.0,1121000000.0,0.0,0.007,0.163,1404000000.0,2525000000.0,0.657,2525000000.0,1404000000.0,1201000000.0,1.66,1.605,1.66,6972000000.0,6628250000.0,6972000000.0,17337974736.0,12.0,6.867,0.0,0.0,1.0,3098000000.0,0.806,1434000000.0,203000000.0,20390000000.0,20090500000.0,0.0,0.0,0.0,0.0,11276000000.0,1861000000.0,9415000000.0,11908974736.0,-3000000.0,-221000000.0,-10000000.0,361000000.0,-86000000.0,220000000.0,-2417000000.0,0.0,2196000000.0,-2000000.0,825000000.0,825000000.0,825000000.0,0.0,0.0,0.215,1688000000.0,1410000000.0,1050000000.0,0.098,1.708,14.435,14.428,15098000000.0,0.0,23.95,3.097,3.09,1108000000.0,2021000000.0,3845000000.0,3845000000.0,0.0,0.047,0.124,0.07,0.365,0.0,314000000.0,1.0,497243204.0,496000000,520000000.0,7.752,16814000000.0,0.0,376000000.0,3633000000.0,33.899,-581000000.0
67,APC,MRT,2002-09-30,2002-09-30,2002-09-30,2019-07-30,-87000000.0,17580000000.0,17242000000.0,1051000000.0,16529000000.0,0.205,13.416,-2783000000.0,31000000.0,31000000.0,752000000.0,624000000.0,0.822,1.631,5460000000.0,0.0,5460000000.0,5460000000.0,0.0,1099000000.0,0.0,0.007,0.15,1096000000.0,2195000000.0,0.622,2195000000.0,1096000000.0,923000000.0,1.25,1.22,1.25,6681000000.0,6450750000.0,6681000000.0,16564833069.0,15.0,7.547,-609000000.0,-1.223,1.0,2776000000.0,0.787,1433000000.0,173000000.0,20298000000.0,19631250000.0,0.0,0.0,0.0,0.0,10899000000.0,1278000000.0,9621000000.0,11068833069.0,-37000000.0,-17000000.0,-13000000.0,735000000.0,-81000000.0,564000000.0,-2800000000.0,0.0,2174000000.0,25000000.0,624000000.0,624000000.0,624000000.0,0.0,0.0,0.177,1687000000.0,1089000000.0,840000000.0,0.12,1.657,17.739,17.816,14572000000.0,0.0,22.27,3.137,3.144,853000000.0,1736000000.0,3528000000.0,3528000000.0,0.0,0.036,0.097,0.056,0.311,0.0,339000000.0,1.0,497028876.0,498000000,516000000.0,7.084,16147000000.0,0.0,299000000.0,3553000000.0,32.424,-227000000.0
68,APC,MRT,2002-06-30,2002-06-30,2002-06-30,2019-07-30,3000000.0,17511000000.0,16913500000.0,1076000000.0,16435000000.0,0.213,13.284,-2968000000.0,45000000.0,45000000.0,775000000.0,-918000000.0,0.699,1.658,5541000000.0,300000000.0,5241000000.0,5541000000.0,0.0,1145000000.0,0.0,0.006,0.137,-1437000000.0,-292000000.0,-0.081,-292000000.0,-1437000000.0,-1579000000.0,-1.835,-1.855,-1.835,6589000000.0,6331250000.0,6589000000.0,17734126799.0,-12.0,-60.733,-736000000.0,-1.484,1.0,2825000000.0,0.785,1443000000.0,142000000.0,20025000000.0,19060750000.0,0.0,0.0,0.0,0.0,10922000000.0,1539000000.0,9383000000.0,12242126799.0,-255000000.0,-136000000.0,-127000000.0,828000000.0,-74000000.0,603000000.0,-3104000000.0,0.0,2232000000.0,14000000.0,-918000000.0,-918000000.0,-918000000.0,0.0,0.0,-0.255,4246000000.0,-1421000000.0,943000000.0,-0.075,1.858,-13.336,-13.433,14498000000.0,0.0,24.65,3.401,3.396,899000000.0,1567000000.0,3600000000.0,3600000000.0,0.0,-0.054,-0.145,-0.075,-0.399,0.0,328000000.0,1.0,496638004.0,496000000,518000000.0,7.258,16068000000.0,0.0,-661000000.0,3518000000.0,32.395,-463000000.0
69,APC,MRT,2002-03-31,2002-03-31,2002-03-31,2019-07-30,-83000000.0,17106000000.0,17224750000.0,1030000000.0,16076000000.0,0.281,12.643,-3391000000.0,26000000.0,26000000.0,1699000000.0,-756000000.0,0.679,1.728,5518000000.0,278000000.0,5240000000.0,5518000000.0,0.0,1208000000.0,0.0,0.004,0.125,-1197000000.0,11000000.0,0.002,11000000.0,-1197000000.0,-1316000000.0,-1.515,-1.57,-1.515,6271000000.0,6610500000.0,6271000000.0,19012767600.0,-16.0,1728.433,-763000000.0,-1.538,1.0,3137000000.0,0.649,1432000000.0,119000000.0,19649000000.0,18936750000.0,0.0,0.0,0.0,0.0,10835000000.0,1517000000.0,9318000000.0,13999767600.0,-567000000.0,-150000000.0,-118000000.0,600000000.0,-68000000.0,333000000.0,-3541000000.0,0.0,2628000000.0,13000000.0,-756000000.0,-756000000.0,-756000000.0,0.0,0.0,-0.156,4285000000.0,-1148000000.0,932000000.0,-0.083,2.232,-18.518,-18.627,14165000000.0,0.0,28.22,2.895,2.894,879000000.0,1346000000.0,4836000000.0,4836000000.0,0.0,-0.044,-0.114,-0.063,-0.248,0.0,315000000.0,1.0,496093820.0,496000000,526000000.0,9.75,15674000000.0,0.0,-560000000.0,3444000000.0,31.601,-487000000.0
70,APC,MRT,2001-12-31,2001-12-31,2001-12-31,2019-07-30,-49000000.0,16771000000.0,17624500000.0,1201000000.0,15570000000.0,0.268,12.524,-3178000000.0,37000000.0,37000000.0,769000000.0,-188000000.0,0.667,1.678,5050000000.0,412000000.0,4638000000.0,5050000000.0,0.0,1227000000.0,0.0,0.004,0.112,-310000000.0,917000000.0,0.194,917000000.0,-310000000.0,-402000000.0,-0.375,-0.375,-0.375,6262000000.0,6903750000.0,6262000000.0,18790913050.0,-61.0,20.492,143000000.0,0.286,1.0,3949000000.0,0.837,1430000000.0,92000000.0,18553000000.0,18801000000.0,0.0,0.0,0.0,0.0,10509000000.0,1801000000.0,8708000000.0,14141913050.0,-162000000.0,-940000000.0,-67000000.0,811000000.0,-64000000.0,620000000.0,-4118000000.0,0.0,3321000000.0,15000000.0,-188000000.0,-188000000.0,-188000000.0,0.0,0.0,-0.04,4312000000.0,-363000000.0,1132000000.0,-0.299,2.258,-75.223,-75.8,13637000000.0,0.0,28.425,2.997,3.012,1018000000.0,1276000000.0,4718000000.0,4718000000.0,0.0,-0.011,-0.027,-0.016,-0.066,0.0,292000000.0,1.0,497516730.0,500000000,500000000.0,9.436,15341000000.0,0.0,-214000000.0,3451000000.0,30.682,-600000000.0
71,APC,MRT,2001-09-30,2001-09-30,2001-09-30,2019-07-30,-4000000.0,16266000000.0,17579250000.0,1416000000.0,14850000000.0,0.342,12.406,-2863000000.0,68000000.0,68000000.0,1546000000.0,158000000.0,0.967,1.622,4717000000.0,109000000.0,4608000000.0,4717000000.0,0.0,1267000000.0,0.0,0.004,0.1,312000000.0,1579000000.0,0.262,1579000000.0,312000000.0,223000000.0,0.515,0.36,0.515,6203000000.0,6984750000.0,6203000000.0,16445769853.0,53.0,10.415,479000000.0,0.958,1.0,4473000000.0,0.743,1435000000.0,89000000.0,18016000000.0,18508250000.0,0.0,0.0,0.0,0.0,10063000000.0,1464000000.0,8599000000.0,12056769853.0,-61000000.0,-938000000.0,36000000.0,440000000.0,-60000000.0,409000000.0,-3801000000.0,0.0,3342000000.0,-11000000.0,158000000.0,158000000.0,158000000.0,0.0,0.0,0.026,4404000000.0,69000000.0,920000000.0,0.194,1.944,76.309,46.68,12902000000.0,0.0,24.04,2.003,1.997,1193000000.0,1188000000.0,6019000000.0,6019000000.0,0.0,0.009,0.023,0.017,0.052,0.0,347000000.0,1.0,501529528.0,500000000,500000000.0,12.038,14831000000.0,0.0,65000000.0,3282000000.0,29.662,-48000000.0
72,APC,MRT,2001-06-30,2001-06-30,2001-06-30,2019-07-30,35000000.0,18756000000.0,17285650000.0,1737000000.0,17019000000.0,0.395,15.351,-2705000000.0,300000000.0,300000000.0,2331000000.0,1758000000.0,0.789,1.434,4689000000.0,748000000.0,3941000000.0,4689000000.0,0.0,1168000000.0,0.0,0.004,0.1,2947000000.0,4115000000.0,0.603,4115000000.0,2947000000.0,2848000000.0,3.755,3.58,3.755,7706000000.0,6994900000.0,7706000000.0,17823328687.0,6.0,4.331,687000000.0,1.369,1.0,4498000000.0,0.659,1415000000.0,99000000.0,19529000000.0,18515850000.0,0.0,0.0,0.0,0.0,11050000000.0,2201000000.0,8849000000.0,13511328687.0,295000000.0,-874000000.0,292000000.0,283000000.0,-61000000.0,481000000.0,-3579000000.0,0.0,3392000000.0,1000000.0,1758000000.0,1758000000.0,1758000000.0,0.0,0.0,0.257,1776000000.0,2722000000.0,1104000000.0,0.027,1.753,7.686,7.178,15064000000.0,0.0,26.955,1.979,1.981,1233000000.0,2553000000.0,6829000000.0,6829000000.0,0.0,0.102,0.251,0.159,0.432,0.0,323000000.0,1.0,501255006.0,502000000,536000000.0,13.604,17341000000.0,0.0,1090000000.0,4177000000.0,34.544,-464000000.0
73,APC,MRT,2001-03-31,2001-03-31,2001-03-31,2019-07-30,-5000000.0,18705000000.0,13738740500.0,2288000000.0,16417000000.0,0.389,14.888,-2047000000.0,593000000.0,593000000.0,1715000000.0,1421000000.0,0.959,1.513,4905000000.0,666000000.0,4239000000.0,4905000000.0,0.0,890000000.0,0.0,0.003,0.1,2458000000.0,3348000000.0,0.627,3348000000.0,2458000000.0,2364000000.0,3.205,3.07,3.205,7444000000.0,5485066750.0,7444000000.0,19507022647.0,8.0,5.826,585000000.0,1.17,1.0,3624000000.0,0.679,1524000000.0,94000000.0,19106000000.0,15195131500.0,0.0,0.0,0.0,0.0,11261000000.0,2387000000.0,8874000000.0,15722022647.0,584000000.0,-843000000.0,287000000.0,577000000.0,-56000000.0,842000000.0,-2890000000.0,0.0,2632000000.0,0.0,1421000000.0,1421000000.0,1421000000.0,0.0,0.0,0.266,1402000000.0,2222000000.0,1180000000.0,0.031,2.112,11.064,9.794,14471000000.0,0.0,31.39,2.945,2.94,1282000000.0,2165000000.0,5339000000.0,5339000000.0,0.0,0.103,0.259,0.162,0.46,0.0,289000000.0,1.0,500860868.0,500000000,526000000.0,10.678,17181000000.0,0.0,943000000.0,3981000000.0,34.362,-99000000.0
74,APC,MRT,2000-12-31,2000-12-31,2000-12-31,2019-07-30,3000000.0,16590000000.0,10117450750.0,1894000000.0,14696000000.0,0.288,17.897,-1647000000.0,199000000.0,199000000.0,487000000.0,796000000.0,1.13,1.519,3984000000.0,0.0,3984000000.0,3984000000.0,0.0,658000000.0,0.0,0.003,0.1,1491000000.0,2149000000.0,0.738,2149000000.0,1491000000.0,1398000000.0,2.16,2.08,2.16,6586000000.0,4020724000.0,6586000000.0,21665767440.0,15.0,10.082,-111000000.0,-0.302,1.0,2424000000.0,0.833,1317000000.0,93000000.0,17382000000.0,11870697750.0,0.0,0.0,0.0,0.0,10004000000.0,1676000000.0,8328000000.0,17683667440.0,154000000.0,-53000000.0,288000000.0,24000000.0,-50000000.0,318000000.0,-1700000000.0,0.0,1536000000.0,0.0,796000000.0,796000000.0,796000000.0,0.0,0.0,0.273,1072000000.0,1352000000.0,1256000000.0,0.046,2.685,22.216,16.454,13011000000.0,0.0,35.54,6.075,4.493,1376000000.0,1521000000.0,2911000000.0,2911000000.0,0.0,0.079,0.198,0.126,0.512,0.0,270000000.0,1.0,497570834.0,368000000,386000000.0,7.91,15273000000.0,0.0,602000000.0,3633000000.0,41.503,218000000.0
75,APC,MRT,2000-09-30,2000-09-30,2000-09-30,2019-07-30,1800000.0,15091600000.0,6994450750.0,1103700000.0,13987900000.0,0.637,13.573,-1158900000.0,129200000.0,129200000.0,2976300000.0,362200000.0,,1.417,4111300000.0,,,4111300000.0,0.0,404600000.0,0.0,0.003,0.1,763800000.0,1168400000.0,0.262,1168400000.0,763800000.0,675800000.0,1.015,0.985,1.015,6243600000.0,2707974000.0,6243600000.0,10209063996.0,13.0,8.738,-120900000.0,-0.263,1.0,1481300000.0,0.332,1027300000.0,88000000.0,18046400000.0,8802447750.0,98300000.0,0.0,0.0,0.0,8848000000.0,,,8531299996.0,114200000.0,-55000000.0,180300000.0,105100000.0,-42100000.0,278900000.0,-1202700000.0,0.0,1038000000.0,0.0,362200000.0,370300000.0,370300000.0,0.0,0.0,0.083,649200000.0,832100000.0,832300000.0,0.099,1.366,23.039,32.739,12675200000.0,-8100000.0,33.23,1.914,3.429,835000000.0,1097900000.0,4457600000.0,4457600000.0,0.0,0.053,0.137,0.087,0.171,0.0,132800000.0,1.0,256734878.0,460000000,482000000.0,9.69,14064300000.0,0.0,313600000.0,3425400000.0,30.575,
76,APC,MRT,2000-06-30,2000-06-30,2000-06-30,2019-07-30,0.0,4568362000.0,4179995500.0,449476000.0,4118886000.0,0.674,6.51,-845654000.0,4639000.0,4639000.0,2031500000.0,136700000.0,,1.741,1682403000.0,,,1682403000.0,0.0,229538000.0,0.0,0.004,0.1,367500000.0,597038000.0,0.212,597038000.0,367500000.0,289600000.0,0.555,0.545,0.555,1666667000.0,1524031250.0,1666667000.0,7904362757.0,22.0,13.239,-380861000.0,-1.488,1.0,786400000.0,0.279,0.0,77900000.0,6246126000.0,5599446500.0,51111000.0,0.0,0.0,0.0,2901695000.0,,,6315938757.0,-11853000.0,0.0,32998000.0,346587000.0,-36142000.0,357785000.0,-834431000.0,0.0,464793000.0,0.0,136700000.0,142100000.0,142100000.0,0.0,0.0,0.05,388200000.0,398200000.0,343659000.0,0.18,3.79,44.447,44.423,4012339000.0,-5400000.0,24.655,2.241,2.24,388697000.0,864666000.0,2817900000.0,2817900000.0,0.0,0.034,0.093,0.066,0.13,-715000.0,114400000.0,1.0,256172734.0,256000000,276000000.0,11.007,4568362000.0,0.0,152900000.0,708079000.0,17.845,
77,APC,MRT,2000-03-31,2000-03-31,2000-03-31,2019-07-30,0.0,4219841000.0,3960556500.0,322726000.0,3897115000.0,0.563,6.198,-626347000.0,9369000.0,9369000.0,1557940000.0,83392000.0,,1.66,1597793000.0,,,1597793000.0,0.0,222476000.0,0.0,0.005,0.1,274922000.0,497398000.0,0.223,497398000.0,274922000.0,198518000.0,0.335,0.335,0.335,1586629000.0,1480562250.0,1586629000.0,6377903335.0,23.0,12.823,-288142000.0,-1.126,1.0,673479000.0,0.302,0.0,76404000.0,5808265000.0,5285897750.0,32133000.0,0.0,0.0,0.0,2633212000.0,,,4952904335.0,-6522000.0,0.0,278700000.0,11630000.0,-36243000.0,270397000.0,-615124000.0,0.0,338205000.0,0.0,83392000.0,86062000.0,86062000.0,0.0,0.0,0.039,370857000.0,302622000.0,214705000.0,0.299,3.122,57.55,57.746,3807703000.0,-2670000.0,19.345,2.22,2.219,277533000.0,796146000.0,2231419000.0,2231419000.0,0.0,0.022,0.058,0.052,0.123,-315000.0,107595000.0,1.0,256030206.0,256000000,262000000.0,8.716,4219841000.0,0.0,115126000.0,659192000.0,16.484,
78,APC,MRT,1999-12-31,1999-12-31,1999-12-31,2019-07-30,0.0,4098000000.0,3820054000.0,356000000.0,3742000000.0,0.447,5.34,-551000000.0,45000000.0,45000000.0,1151000000.0,32000000.0,0.92,2.07,1443000000.0,0.0,1443000000.0,1443000000.0,0.0,220000000.0,0.0,0.006,0.1,168000000.0,388000000.0,0.227,388000000.0,168000000.0,94000000.0,0.125,0.125,0.125,1335000000.0,1392538250.0,1335000000.0,5752827729.0,34.0,14.827,-233000000.0,-0.932,1.0,555000000.0,0.325,0.0,74000000.0,5109000000.0,5136700500.0,0.0,0.0,0.0,0.0,2763000000.0,387000000.0,2376000000.0,4352211729.0,28000000.0,0.0,264000000.0,18000000.0,-36000000.0,246000000.0,-536000000.0,0.0,318000000.0,0.0,32000000.0,32000000.0,32000000.0,0.0,0.0,0.019,380000000.0,175000000.0,325000000.0,0.8,3.26,136.007,136.52,3681000000.0,0.0,17.065,2.551,2.501,260000000.0,764000000.0,1706000000.0,1706000000.0,0.0,0.008,0.023,0.033,0.098,0.0,102000000.0,1.0,255037312.0,250000000,252000000.0,6.824,4098000000.0,0.0,62000000.0,577000000.0,16.392,-31000000.0
79,APC,MRT,1999-09-30,1999-09-30,1999-09-30,2019-07-30,0.0,3833779000.0,3703801500.0,259981000.0,3573798000.0,0.367,5.918,-573186000.0,14803000.0,14803000.0,890942000.0,-48983000.0,,1.543,1415419000.0,,,1415419000.0,0.0,218114000.0,0.0,0.007,0.1,18932000.0,237046000.0,0.174,237046000.0,18932000.0,-52983000.0,-0.225,-0.225,-0.225,1507829000.0,1323652250.0,1507829000.0,5195247684.0,274.0,21.917,-355612000.0,-1.396,1.0,469523000.0,0.345,0.0,71915000.0,5234395000.0,5126474750.0,27855000.0,0.0,0.0,0.0,2325950000.0,,,3893922684.0,-5174000.0,0.0,263700000.0,131002000.0,-35924000.0,342808000.0,-565556000.0,0.0,217574000.0,0.0,-48983000.0,-52775000.0,-52775000.0,0.0,0.0,-0.039,444191000.0,25332000.0,185009000.0,-0.444,2.582,-73.783,-67.911,3523844000.0,3792000.0,15.28,2.862,2.862,211762000.0,741859000.0,1360465000.0,1360465000.0,0.0,-0.014,-0.04,0.004,0.014,-829000.0,102290000.0,1.0,254837872.0,254800000,254800000.0,5.339,3833779000.0,0.0,-4000000.0,566995000.0,15.046,
80,APC,MRT,1999-06-30,1999-06-30,1999-06-30,2019-07-30,0.0,3690606000.0,3619610000.0,233925000.0,3456681000.0,0.365,5.959,-606854000.0,16861000.0,16861000.0,897590000.0,-70019000.0,,1.472,1318186000.0,,,1318186000.0,0.0,216738000.0,0.0,0.005,0.1,-24053000.0,192685000.0,0.146,192685000.0,-24053000.0,-93059000.0,-0.31,-0.31,-0.31,1492791000.0,1276146500.0,1492791000.0,6006710161.0,-250.0,31.174,-427835000.0,-1.708,1.0,422766000.0,0.32,0.0,69006000.0,4991931000.0,5012516000.0,30175000.0,0.0,0.0,0.0,2197815000.0,,,4453065161.0,-12919000.0,0.0,266797000.0,166720000.0,-35696000.0,387139000.0,-579077000.0,0.0,179019000.0,0.0,-70019000.0,-73841000.0,-73841000.0,0.0,0.0,-0.056,440819000.0,-18053000.0,174012000.0,-0.323,2.983,-60.306,-59.371,3404027000.0,3822000.0,18.405,3.373,3.492,183709000.0,729450000.0,1320356000.0,1320356000.0,0.0,-0.02,-0.058,-0.005,-0.018,141000.0,99640000.0,1.0,241948664.0,250510000,250510000.0,5.271,3690606000.0,0.0,-23040000.0,541259000.0,14.732,
81,APC,MRT,1999-03-31,1999-03-31,1999-03-31,2019-07-30,0.0,3657831000.0,3537054250.0,204121000.0,3453710000.0,0.367,5.123,-759382000.0,15530000.0,15530000.0,901799000.0,-76370000.0,,1.963,1569175000.0,,,1569175000.0,0.0,211187000.0,0.0,0.005,0.1,-45193000.0,165994000.0,0.128,165994000.0,-45193000.0,-109473000.0,-0.33,-0.33,-0.33,1234533000.0,1233123000.0,1234533000.0,5982220510.0,-132.0,36.039,-657911000.0,-2.73,1.0,394564000.0,0.304,0.0,64280000.0,5211476000.0,4887974000.0,33586000.0,0.0,0.0,0.0,2423298000.0,,,4547113510.0,7527000.0,0.0,15737000.0,465961000.0,-34262000.0,637661000.0,-731605000.0,0.0,101471000.0,0.0,-76370000.0,-79100000.0,-79100000.0,0.0,0.0,-0.061,433757000.0,-39193000.0,166285000.0,-0.303,3.683,-57.486,-57.197,3414038000.0,2730000.0,18.875,3.508,3.509,151410000.0,727859000.0,1296363000.0,1296363000.0,0.0,-0.022,-0.064,-0.009,-0.035,21000.0,98167000.0,1.0,240906676.0,240984000,240984000.0,5.379,3657831000.0,0.0,-33103000.0,529751000.0,15.179,
82,APC,MRT,1998-12-31,1998-12-31,1998-12-31,2019-07-30,0.0,3632990000.0,3420054250.0,229928000.0,3403062000.0,0.382,4.414,-911000000.0,17008000.0,17008000.0,908000000.0,-49000000.0,,2.429,1452115000.0,,,1452115000.0,0.0,206000000.0,0.0,0.006,0.094,-14000000.0,192000000.0,0.147,192000000.0,-14000000.0,-72000000.0,-0.205,-0.205,-0.205,1059456000.0,1205174000.0,1059456000.0,4997210668.0,-357.0,26.027,-672000000.0,-2.8,1.0,399000000.0,0.305,0.0,58000000.0,5068097000.0,4658014500.0,25860000.0,0.0,0.0,0.0,2573534000.0,,,3715663668.0,8000000.0,0.0,15000000.0,470000000.0,-30000000.0,656000000.0,-887000000.0,0.0,239000000.0,0.0,-49000000.0,-49000000.0,-49000000.0,0.0,0.0,-0.037,407000000.0,-8000000.0,227988000.0,-0.459,3.507,-75.83,-75.317,3381538000.0,0.0,15.44,2.843,2.835,181491000.0,756971000.0,1307000000.0,1307000000.0,0.0,-0.014,-0.041,-0.003,-0.011,0.0,95000000.0,1.0,240651792.0,240000000,240000000.0,5.446,3632990000.0,0.0,-23000000.0,541758000.0,15.137,
83,APC,MRT,1998-09-30,1998-09-30,1998-09-30,2019-07-30,0.0,3497013000.0,3259923000.0,205168000.0,3291845000.0,0.193,5.484,-851496000.0,19881000.0,19881000.0,169781000.0,53838000.0,,1.654,1301428000.0,,,1301428000.0,0.0,205788000.0,0.0,0.004,0.088,133545000.0,339333000.0,0.538,339333000.0,133545000.0,80116000.0,0.205,0.205,0.205,1317806000.0,1219505000.0,1317806000.0,5853836322.0,44.0,17.251,-590164000.0,-2.456,1.0,461012000.0,0.731,0.0,53429000.0,4778560000.0,4381338500.0,20961000.0,0.0,0.0,0.0,2179207000.0,,,4720456322.0,6043000.0,0.0,13904000.0,384060000.0,-25469000.0,575612000.0,-830901000.0,0.0,261332000.0,0.0,53838000.0,49470000.0,49470000.0,0.0,0.0,0.078,327467000.0,133545000.0,157870000.0,0.429,3.582,95.421,95.878,3260275000.0,4368000.0,19.655,7.483,7.487,157750000.0,819631000.0,630793000.0,630793000.0,0.0,0.015,0.041,0.03,0.212,1711000.0,84811000.0,1.0,240165674.0,240280000,240280000.0,2.625,3497013000.0,0.0,26278000.0,565699000.0,14.554,
84,APC,MRT,1998-06-30,1998-06-30,1998-06-30,2019-07-30,0.0,3360383000.0,,216346000.0,3144037000.0,,5.501,-833913000.0,29679000.0,29679000.0,167252000.0,70466000.0,,1.544,1163059000.0,,,1163059000.0,0.0,205284000.0,0.0,0.005,0.081,155960000.0,361244000.0,0.556,361244000.0,155960000.0,106070000.0,0.285,0.285,0.285,1320697000.0,,1320697000.0,5134220292.0,33.0,14.213,-529873000.0,-2.207,1.0,482067000.0,0.742,0.0,49890000.0,4493763000.0,,29863000.0,0.0,0.0,0.0,2039686000.0,,,4032413292.0,13537000.0,0.0,12003000.0,347453000.0,-21134000.0,542985000.0,-833488000.0,0.0,304040000.0,0.0,70466000.0,68828000.0,68828000.0,0.0,0.0,0.106,326107000.0,155960000.0,168906000.0,0.284,3.053,58.587,58.939,3117547000.0,1638000.0,16.797,6.21,6.211,153417000.0,827981000.0,649319000.0,649319000.0,0.0,,,,0.24,1927000.0,82347000.0,1.0,240060324.0,240098000,240098000.0,2.704,3360383000.0,0.0,35604000.0,568484000.0,13.996,
85,APC,MRT,1998-03-31,1998-03-31,1998-03-31,2019-07-30,0.0,3189831000.0,,198633000.0,2991198000.0,,4.685,-823277000.0,7902000.0,7902000.0,162059000.0,79899000.0,,1.841,1109709000.0,,,1109709000.0,0.0,204819000.0,0.0,0.004,0.075,165449000.0,370268000.0,0.569,370268000.0,165449000.0,121370000.0,0.335,0.33,0.335,1122737000.0,,1122737000.0,5102027586.0,31.0,13.779,-423440000.0,-1.767,1.0,488736000.0,0.751,0.0,44079000.0,4291638000.0,,30731000.0,0.0,0.0,0.0,2067094000.0,,,4133099586.0,-33468000.0,0.0,9013000.0,395142000.0,-17868000.0,389547000.0,-822852000.0,0.0,399837000.0,0.0,79899000.0,79899000.0,79899000.0,0.0,0.0,0.123,323287000.0,165449000.0,249951000.0,0.224,3.681,51.729,51.493,2966713000.0,0.0,17.25,6.351,6.353,156397000.0,831307000.0,650795000.0,650795000.0,0.0,,,,0.254,2011000.0,77777000.0,1.0,239599976.0,239668000,239668000.0,2.715,3189831000.0,0.0,41471000.0,570863000.0,13.309,
86,APC,MRT,1997-12-31,1997-12-31,1997-12-31,2019-07-30,0.0,2992465000.0,2788247500.0,218994000.0,2773471000.0,0.242,4.675,-677843000.0,8907000.0,8907000.0,154657000.0,107318000.0,,1.68,977835000.0,,,977835000.0,0.0,198821000.0,0.0,0.005,0.075,205318000.0,404139000.0,0.599,404139000.0,205318000.0,164359000.0,0.45,0.445,0.45,1116780000.0,1065430000.0,1116780000.0,,,,-315886000.0,-1.322,1.0,520482000.0,0.771,0.0,40959000.0,3961393000.0,3639933000.0,28564000.0,0.0,0.0,0.0,1875685000.0,,,3635330636.0,-5694000.0,0.0,11002000.0,224684000.0,-17926000.0,221867000.0,-589518000.0,0.0,361957000.0,0.0,107318000.0,107318000.0,107318000.0,0.0,0.0,0.159,315164000.0,205318000.0,202822000.0,0.167,3.255,33.874,33.717,2754779000.0,0.0,15.172,5.385,5.368,177157000.0,828787000.0,675139000.0,675139000.0,0.0,0.038,0.101,0.056,0.304,2306000.0,73569000.0,1.0,239599976.0,238868000,238868000.0,2.826,2992465000.0,0.0,57041000.0,560591000.0,12.528,
87,APC,MRT,1997-09-30,1997-09-30,1997-09-30,2019-07-30,,,,,,,,,,,,,,,,,,,,,,0.004,0.075,,,,,,,,,,,,,,,,,,1.0,,,,,,,,,,,,,,,,,,,,,,,,,,,,,,,,,,,,,,,,17.97,,,,,,,,,,,,,,1.0,,238968000,,,,,,,,
88,APC,MRT,1997-06-30,1997-06-30,1997-06-30,2019-07-30,,,,,,,,,,,,,,,,,,,,,,0.005,0.075,,,,,,,,,,,,,,,,,,1.0,,,,,,,,,,,,,,,,,,,,,,,,,,,,,,,,,,,,,,,,15.0,,,,,,,,,,,,,,1.0,,238560000,,,,,,,,
89,APC,MRT,1997-03-31,1997-03-31,1997-03-31,2019-07-30,,,,,,,,,,,,,,,,,,,,,,0.005,0.075,,,,,,,,,,,,,,,,,,1.0,,,,,,,,,,,,,,,,,,,,,,,,,,,,,,,,,,,,,,,,14.033,,,,,,,,,,,,,,1.0,,238448000,,,,,,,,
90,APC,MRT,1996-12-31,1996-12-31,1996-12-31,2019-07-30,0.0,2584030000.0,,269808000.0,2314222000.0,,4.279,-381056000.0,14601000.0,14601000.0,115308000.0,100720000.0,,1.548,749044000.0,,,749044000.0,0.0,167183000.0,0.0,0.005,0.075,196763000.0,363946000.0,0.638,363946000.0,196763000.0,157790000.0,0.425,0.425,0.425,1014080000.0,,1014080000.0,,,,-66515000.0,-0.281,1.0,454838000.0,0.798,0.0,38973000.0,3318473000.0,,24540000.0,0.0,0.0,0.0,1569950000.0,,,,-2489000.0,0.0,19619000.0,57041000.0,-17780000.0,64026000.0,-381056000.0,0.0,314541000.0,0.0,100720000.0,100720000.0,100720000.0,0.0,0.0,0.177,258075000.0,196763000.0,244219000.0,0.176,,,38.088,2297456000.0,0.0,16.188,,6.729,226824000.0,739395000.0,570146000.0,570146000.0,0.0,,,,0.345,1827000.0,67673000.0,1.0,,236990000,236990000.0,2.406,2584030000.0,0.0,57070000.0,509200000.0,10.904,
91,APC,MRT,1995-12-31,1995-12-31,1995-12-31,2019-07-30,,,,,,,,-268367000.0,,,105829000.0,21035000.0,,,,,,,,164742000.0,,0.006,0.075,65624000.0,230366000.0,0.531,230366000.0,65624000.0,29266000.0,0.09,0.09,0.09,,,,,,,-20071000.0,-0.085,1.0,328185000.0,0.756,,36358000.0,,,,,,,,,,,10560000.0,0.0,5034000.0,44727000.0,-17692000.0,30631000.0,-268367000.0,0.0,248296000.0,0.0,21035000.0,21035000.0,21035000.0,0.0,0.0,0.048,263711000.0,64474000.0,,0.833,,,150.361,,0.0,13.533,,7.35,,,434014000.0,434014000.0,0.0,,,,0.151,1718000.0,59477000.0,,,235740000,235740000.0,1.841,,,8231000.0,,,
