None,ticker,dimension,calendardate,datekey,reportperiod,lastupdated,accoci,assets,assetsavg,assetsc,assetsnc,assetturnover,bvps,capex,cashneq,cashnequsd,cor,consolinc,currentratio,de,debt,debtc,debtnc,debtusd,deferredrev,depamor,deposits,divyield,dps,ebit,ebitda,ebitdamargin,ebitdausd,ebitusd,ebt,eps,epsdil,epsusd,equity,equityavg,equityusd,ev,evebit,evebitda,fcf,fcfps,fxusd,gp,grossmargin,intangibles,intexp,invcap,invcapavg,inventory,investments,investmentsc,investmentsnc,liabilities,liabilitiesc,liabilitiesnc,marketcap,ncf,ncfbus,ncfcommon,ncfdebt,ncfdiv,ncff,ncfi,ncfinv,ncfo,ncfx,netinc,netinccmn,netinccmnusd,netincdis,netincnci,netmargin,opex,opinc,payables,payoutratio,pb,pe,pe1,ppnenet,prefdivis,price,ps,ps1,receivables,retearn,revenue,revenueusd,rnd,roa,roe,roic,ros,sbcomp,sgna,sharefactor,sharesbas,shareswa,shareswadil,sps,tangibles,taxassets,taxexp,taxliabilities,tbvps,workingcapital
0,CPRT,MRY,2021-12-31,2021-07-31,2021-07-31,2021-09-27,-100860000.0,4562143000.0,4129928750.0,1702611000.0,2859532000.0,0.652,14.938,-460466000.0,1048260000.0,1048260000.0,1349420000.0,936495000.0,4.044,0.293,518069000.0,22472000.0,495597000.0,518069000.0,20973000.0,123084000.0,0.0,0.0,0.0,1142093000.0,1265177000.0,0.47,1265177000.0,1142093000.0,1121846000.0,3.96,3.9,3.96,3529201000.0,3108000750.0,3529201000.0,34395275206.0,30.0,27.186,530425000.0,2.245,1.0,1343091000.0,0.499,401590000.0,20247000.0,3209331000.0,3059858750.0,44968000.0,0.0,0.0,0.0,1032942000.0,421031000.0,611911000.0,34777039206.0,570542000.0,-5000000.0,48185000.0,-1118000.0,0.0,40922000.0,-465466000.0,0.0,990891000.0,4195000.0,936495000.0,936495000.0,936495000.0,0.0,0.0,0.348,206665000.0,1136426000.0,369826000.0,0.0,9.854,37.135,37.121,2416111000.0,0.0,147.0,12.916,12.898,480628000.0,2868203000.0,2692511000.0,2692511000.0,0.0,0.227,0.301,0.373,0.424,40922000.0,206665000.0,1.0,236578498.0,236252000.0,240290000.0,11.397,4160553000.0,20012000.0,185351000.0,124074000.0,17.611,1281580000.0
1,CPRT,MRY,2020-12-31,2020-07-31,2020-07-31,2021-09-27,-121088000.0,3455261000.0,3130347000.0,963759000.0,2491502000.0,0.705,10.675,-589506000.0,477718000.0,477718000.0,1197781000.0,699907000.0,2.707,0.388,518622000.0,25572000.0,493050000.0,518622000.0,8233000.0,104257000.0,0.0,0.0,0.0,819710000.0,923967000.0,0.419,923967000.0,819710000.0,800839000.0,3.0,2.93,3.0,2489516000.0,2205463750.0,2489516000.0,22102906300.0,27.0,23.922,328379000.0,1.408,1.0,1007802000.0,0.457,391394000.0,18871000.0,2748727000.0,2673132250.0,20080000.0,0.0,0.0,0.0,965745000.0,356044000.0,609701000.0,21893004300.0,291399000.0,-11702000.0,79916000.0,-1065000.0,0.0,-27414000.0,-601208000.0,0.0,917885000.0,2136000.0,699907000.0,699907000.0,699907000.0,0.0,0.0,0.317,191703000.0,816099000.0,318530000.0,0.0,8.794,31.28,31.083,2060174000.0,0.0,93.25,9.926,9.86,350207000.0,1937853000.0,2205583000.0,2205583000.0,0.0,0.224,0.317,0.307,0.372,23322000.0,191703000.0,1.0,234777526.0,233202000.0,238656000.0,9.458,3063867000.0,26740000.0,100932000.0,120360000.0,13.138,607715000.0
2,CPRT,MRY,2019-12-31,2019-07-31,2019-07-31,2021-09-27,-132529000.0,2547617000.0,2404518250.0,687167000.0,1860450000.0,0.849,7.716,-355522000.0,186319000.0,186319000.0,1143615000.0,591693000.0,2.437,0.433,401229000.0,1138000.0,400091000.0,401229000.0,6466000.0,85334000.0,0.0,0.0,0.0,722536000.0,807870000.0,0.396,807870000.0,722536000.0,704951000.0,2.57,2.46,2.57,1778381000.0,1632236500.0,1778381000.0,18066686897.0,25.0,22.363,291124000.0,1.263,1.0,898342000.0,0.44,388477000.0,17585000.0,2092046000.0,1953665250.0,20941000.0,0.0,0.0,0.0,769236000.0,282004000.0,487232000.0,17763121897.0,-88201000.0,-745000.0,-323416000.0,0.0,0.0,-370304000.0,-356267000.0,0.0,646646000.0,-8276000.0,591693000.0,591693000.0,591693000.0,0.0,0.0,0.29,181867000.0,716475000.0,270918000.0,0.0,9.988,30.021,30.167,1427726000.0,0.0,77.53,8.699,8.751,367265000.0,1338328000.0,2041957000.0,2041957000.0,0.0,0.246,0.363,0.37,0.354,23445000.0,181867000.0,1.0,229112884.0,230489000.0,240453000.0,8.859,2159140000.0,19937000.0,113258000.0,87281000.0,9.368,405163000.0
3,CPRT,MRY,2018-12-31,2018-07-31,2018-07-31,2021-09-27,-107928000.0,2307698000.0,2169775500.0,709116000.0,1598582000.0,0.832,6.821,-281485000.0,274520000.0,274520000.0,1043329000.0,418007000.0,2.558,0.46,399898000.0,1151000.0,398747000.0,399898000.0,4488000.0,79040000.0,0.0,0.0,0.0,582739000.0,661779000.0,0.366,661779000.0,582739000.0,562371000.0,1.8,1.73,1.8,1581099000.0,1390182250.0,1581099000.0,13526232282.0,23.0,20.439,253584000.0,1.094,1.0,762366000.0,0.422,402127000.0,20368000.0,1753693000.0,1706078500.0,16734000.0,0.0,0.0,0.0,726599000.0,277256000.0,449343000.0,13330442282.0,64420000.0,-6991000.0,50312000.0,-231000000.0,0.0,-182038000.0,-288476000.0,0.0,535069000.0,-135000.0,417867000.0,417867000.0,417867000.0,0.0,140000.0,0.231,178021000.0,584345000.0,270944000.0,0.0,8.431,31.901,31.883,1163425000.0,0.0,57.39,7.382,7.367,351601000.0,1162146000.0,1805695000.0,1805695000.0,0.0,0.193,0.301,0.342,0.323,23221000.0,176890000.0,1.0,232278137.0,231793000.0,241877000.0,7.79,1905571000.0,15782000.0,144504000.0,47683000.0,8.221,431860000.0
4,CPRT,MRY,2017-12-31,2017-07-31,2017-07-31,2021-09-27,-100676000.0,1982501000.0,1851456000.0,587261000.0,1395240000.0,0.782,4.802,-171413000.0,210100000.0,210100000.0,815953000.0,394261000.0,1.944,0.805,633038000.0,82155000.0,550883000.0,633038000.0,5019000.0,57441000.0,0.0,0.0,0.0,463845000.0,521286000.0,0.36,521286000.0,463845000.0,440066000.0,1.72,1.66,1.72,1098066000.0,951876250.0,1098066000.0,7630415307.0,16.0,14.638,320645000.0,1.402,1.0,632028000.0,0.436,416181000.0,23779000.0,1687105000.0,1719522000.0,10163000.0,0.0,0.0,0.0,883901000.0,302153000.0,581748000.0,7253130307.0,54251000.0,-164378000.0,35458000.0,-7000000.0,0.0,-106975000.0,-335791000.0,0.0,492058000.0,4959000.0,394227000.0,394227000.0,394227000.0,0.0,34000.0,0.272,170729000.0,461299000.0,208415000.0,0.0,6.605,18.398,18.308,944056000.0,0.0,31.49,5.009,4.973,311846000.0,745370000.0,1447981000.0,1447981000.0,0.0,0.213,0.414,0.27,0.32,20840000.0,151364000.0,1.0,230331226.0,228686000.0,237019000.0,6.332,1566320000.0,7705000.0,45839000.0,34329000.0,6.849,285108000.0
5,CPRT,MRY,2016-12-31,2016-07-31,2016-07-31,2021-09-27,-109194000.0,1649820000.0,1683520750.0,499306000.0,1150514000.0,0.753,3.384,-173255000.0,155849000.0,155849000.0,723863000.0,270360000.0,1.791,1.13,640492000.0,76151000.0,564341000.0,640492000.0,4628000.0,49643000.0,0.0,0.0,0.0,419471000.0,469114000.0,0.37,469114000.0,419471000.0,395865000.0,1.18,1.11,1.18,774456000.0,809732000.0,774456000.0,6080470449.0,14.0,12.962,159243000.0,0.696,1.0,544586000.0,0.429,271959000.0,23606000.0,1583721000.0,1595126000.0,10388000.0,0.0,0.0,0.0,875364000.0,278783000.0,596581000.0,5517247449.0,-300163000.0,0.0,-426246000.0,-6032000.0,0.0,-448496000.0,-172876000.0,379000.0,332498000.0,-11289000.0,270360000.0,270360000.0,270360000.0,0.0,0.0,0.213,138116000.0,406470000.0,192379000.0,0.0,7.124,20.407,21.373,816791000.0,0.0,25.22,4.35,4.55,266270000.0,491194000.0,1268449000.0,1268449000.0,0.0,0.161,0.334,0.263,0.331,20864000.0,138116000.0,1.0,218764768.0,228846000.0,244295000.0,5.543,1377861000.0,43701000.0,125505000.0,35082000.0,6.021,220523000.0
6,CPRT,MRY,2015-12-31,2015-07-31,2015-07-31,2021-09-27,-68793000.0,1798660000.0,1822573500.0,734582000.0,1064078000.0,0.629,3.83,-77632000.0,456012000.0,456012000.0,662703000.0,219783000.0,3.447,0.865,644514000.0,53671000.0,590843000.0,644514000.0,3724000.0,48893000.0,0.0,0.0,0.0,350190000.0,399083000.0,0.348,399083000.0,350190000.0,332069000.0,0.87,0.84,0.87,964464000.0,1052775000.0,964464000.0,4544722992.0,13.0,11.388,187444000.0,0.744,1.0,483376000.0,0.422,289707000.0,18121000.0,1484329000.0,1382390500.0,8613000.0,0.0,0.0,0.0,834196000.0,213126000.0,621070000.0,4558592992.0,297344000.0,-4283000.0,-226771000.0,348939000.0,0.0,120362000.0,-81915000.0,0.0,265076000.0,-6179000.0,219783000.0,219783000.0,219783000.0,0.0,0.0,0.192,138975000.0,344401000.0,147452000.0,0.0,4.727,20.741,20.707,700402000.0,0.0,18.015,3.978,3.958,215696000.0,625437000.0,1146079000.0,1146079000.0,0.0,0.121,0.209,0.253,0.306,15183000.0,138975000.0,1.0,253044296.0,251829000.0,262851000.0,4.551,1508953000.0,38328000.0,112286000.0,34758000.0,5.992,521456000.0
7,CPRT,MRY,2014-12-31,2014-07-31,2014-07-31,2021-09-27,-20060000.0,1506804000.0,1454839250.0,412291000.0,1094513000.0,0.8,3.992,-78661000.0,158668000.0,158668000.0,694916000.0,178687000.0,1.688,0.502,302901000.0,79674000.0,223227000.0,302901000.0,4170000.0,53726000.0,0.0,0.0,0.0,278803000.0,332529000.0,0.286,332529000.0,278803000.0,270035000.0,0.71,0.68,0.71,1003499000.0,911657750.0,1003499000.0,4392849465.0,16.0,13.21,183933000.0,0.732,1.0,468573000.0,0.403,309022000.0,8768000.0,1097731000.0,1122193000.0,7259000.0,0.0,0.0,0.0,503305000.0,244284000.0,259021000.0,4207404465.0,95037000.0,-13442000.0,12179000.0,-91291000.0,0.0,-76823000.0,-92103000.0,0.0,262594000.0,1369000.0,178687000.0,178687000.0,178687000.0,0.0,0.0,0.154,193639000.0,274934000.0,152156000.0,0.0,4.193,23.546,23.507,692383000.0,0.0,16.69,3.616,3.606,196985000.0,619004000.0,1163489000.0,1163489000.0,0.0,0.123,0.196,0.248,0.24,19810000.0,164535000.0,1.0,252091340.0,251386000.0,262460000.0,4.628,1197782000.0,40812000.0,91348000.0,39427000.0,4.765,168007000.0
8,CPRT,MRY,2013-12-31,2013-07-31,2013-07-31,2021-09-27,-47161000.0,1334481000.0,1275408750.0,306452000.0,1028029000.0,0.82,3.052,-127188000.0,63631000.0,63631000.0,625464000.0,180025000.0,1.285,0.75,388748000.0,92338000.0,296410000.0,388748000.0,4832000.0,56728000.0,0.0,0.0,0.0,287139000.0,343867000.0,0.329,343867000.0,287139000.0,276872000.0,0.72,0.695,0.72,762401000.0,690792250.0,762401000.0,4329008249.0,15.0,12.589,72138000.0,0.289,1.0,420922000.0,0.402,285169000.0,10267000.0,1135870000.0,1126426500.0,10736000.0,0.0,0.0,0.0,572080000.0,238559000.0,333521000.0,4078172249.0,-76481000.0,-80833000.0,8381000.0,-80369000.0,0.0,-65891000.0,-208021000.0,0.0,199326000.0,-1895000.0,180025000.0,180025000.0,180025000.0,0.0,0.0,0.172,137930000.0,282992000.0,136648000.0,0.0,5.349,22.653,22.576,677517000.0,0.0,16.255,3.897,3.881,182714000.0,440780000.0,1046386000.0,1046386000.0,0.0,0.141,0.261,0.255,0.274,13460000.0,137930000.0,1.0,250887250.0,249824000.0,259562000.0,4.188,1049312000.0,41749000.0,96847000.0,35903000.0,4.2,67893000.0
9,CPRT,MRY,2012-12-31,2012-07-31,2012-07-31,2021-09-27,-38043000.0,1154000000.0,1181076250.0,321227000.0,832773000.0,0.782,2.19,-53564000.0,140112000.0,140112000.0,514575000.0,182119000.0,1.724,1.057,444120000.0,75170000.0,368950000.0,444120000.0,5390000.0,48167000.0,0.0,0.0,0.0,289397000.0,337564000.0,0.365,337564000.0,289397000.0,278056000.0,0.71,0.695,0.71,561117000.0,550516500.0,561117000.0,3277277877.0,11.0,9.709,176109000.0,0.687,1.0,409616000.0,0.443,204423000.0,11341000.0,1067266000.0,1080262250.0,8494000.0,0.0,0.0,0.0,592883000.0,186319000.0,406564000.0,3021485877.0,66103000.0,5477000.0,-187677000.0,68750000.0,0.0,-114873000.0,-48087000.0,0.0,229673000.0,-610000.0,182119000.0,182119000.0,182119000.0,0.0,0.0,0.197,123263000.0,286353000.0,102677000.0,0.0,5.385,16.591,16.732,587163000.0,0.0,11.88,3.269,3.294,137900000.0,272961000.0,924191000.0,924191000.0,0.0,0.154,0.331,0.268,0.313,17424000.0,114492000.0,1.0,254333828.0,256240000.0,262856000.0,3.607,949577000.0,28192000.0,95937000.0,32799000.0,3.706,134908000.0
10,CPRT,MRY,2011-12-31,2011-07-31,2011-07-31,2021-09-27,-23225000.0,1084436000.0,1168576500.0,241868000.0,842568000.0,0.746,1.835,-49568000.0,74009000.0,74009000.0,499351000.0,166375000.0,1.452,0.953,375756000.0,50370000.0,325386000.0,375756000.0,5636000.0,45694000.0,0.0,0.0,0.0,267955000.0,313649000.0,0.36,313649000.0,267955000.0,263877000.0,0.55,0.54,0.55,555172000.0,725469250.0,555172000.0,3185784776.0,12.0,10.157,193364000.0,0.639,1.0,372895000.0,0.428,211368000.0,4078000.0,1008189000.0,923157000.0,8016000.0,0.0,0.0,0.0,529264000.0,166626000.0,362638000.0,2989235776.0,-194179000.0,-34912000.0,-730599000.0,375000000.0,0.0,-354075000.0,-84480000.0,0.0,242932000.0,1444000.0,166375000.0,166375000.0,166375000.0,0.0,0.0,0.191,107605000.0,265290000.0,101708000.0,0.0,5.384,17.967,19.75,600388000.0,0.0,10.863,3.427,3.768,122859000.0,264457000.0,872246000.0,872246000.0,0.0,0.142,0.229,0.29,0.307,15460000.0,107605000.0,1.0,275188564.0,302596000.0,306704000.0,2.883,873068000.0,14570000.0,97502000.0,38813000.0,2.885,75242000.0
11,CPRT,MRY,2010-12-31,2010-07-31,2010-07-31,2021-09-27,-32741000.0,1228812000.0,1175511750.0,437415000.0,791397000.0,0.657,3.229,-73363000.0,268188000.0,268188000.0,424885000.0,151627000.0,4.079,0.13,975000.0,374000.0,601000.0,975000.0,10642000.0,43242000.0,0.0,0.0,0.0,239711000.0,282953000.0,0.366,282953000.0,239711000.0,239495000.0,0.45,0.445,0.45,1087234000.0,1024513750.0,1087234000.0,2808964667.0,12.0,9.927,126044000.0,0.374,1.0,347994000.0,0.45,188886000.0,216000.0,665489000.0,631934250.0,4976000.0,0.0,0.0,0.0,141578000.0,107224000.0,34354000.0,3073216667.0,105497000.0,-21362000.0,-4377000.0,0.0,0.0,1266000.0,-96025000.0,-1300000.0,199407000.0,849000.0,151627000.0,151627000.0,151627000.0,0.0,0.0,0.196,108924000.0,239070000.0,93740000.0,0.0,2.827,20.268,20.244,573514000.0,0.0,9.11,3.976,3.968,109061000.0,754468000.0,772879000.0,772879000.0,0.0,0.129,0.148,0.379,0.31,12312000.0,108924000.0,1.0,337345408.0,336660000.0,340108000.0,2.296,1039926000.0,21171000.0,87868000.0,35585000.0,3.089,330191000.0
12,CPRT,MRY,2009-12-31,2009-07-31,2009-07-31,2021-09-27,-27082000.0,1058032000.0,992311500.0,315933000.0,742099000.0,0.749,2.758,-71904000.0,162691000.0,162691000.0,430822000.0,141103000.0,3.05,0.148,0.0,0.0,0.0,0.0,13165000.0,41354000.0,0.0,0.0,0.0,229563000.0,270917000.0,0.365,270917000.0,229563000.0,229289000.0,0.422,0.415,0.422,921459000.0,854007250.0,921459000.0,2851425532.0,12.0,10.525,131435000.0,0.393,1.0,312260000.0,0.42,181539000.0,274000.0,610218000.0,603171000.0,4667000.0,0.0,0.0,0.0,136573000.0,103584000.0,32989000.0,2970388532.0,123737000.0,0.0,-4708000.0,-17502000.0,0.0,-17640000.0,-59904000.0,12000000.0,203339000.0,-2058000.0,141103000.0,141103000.0,141103000.0,-1557000.0,0.0,0.19,86935000.0,225325000.0,82773000.0,0.0,3.224,21.051,20.918,530886000.0,0.0,8.828,3.997,3.97,109248000.0,614101000.0,743082000.0,743082000.0,0.0,0.142,0.165,0.381,0.309,4843000.0,86935000.0,1.0,336492612.0,334148000.0,339720000.0,2.224,876493000.0,13185000.0,88186000.0,38480000.0,2.623,212349000.0
13,CPRT,MRY,2008-12-31,2008-07-31,2008-07-31,2021-09-27,833000.0,956247000.0,1023774500.0,212753000.0,743494000.0,0.767,2.285,-106144000.0,38954000.0,38954000.0,462589000.0,156932000.0,1.659,0.197,17502000.0,17502000.0,0.0,17502000.0,14518000.0,42804000.0,0.0,0.0,0.0,249859000.0,292663000.0,0.373,292663000.0,249859000.0,249650000.0,0.45,0.438,0.45,798996000.0,879396750.0,798996000.0,3678071599.0,15.0,12.568,87919000.0,0.251,1.0,322259000.0,0.411,226216000.0,209000.0,580327000.0,541554750.0,5334000.0,0.0,0.0,0.0,157251000.0,128252000.0,28999000.0,3774416599.0,-68667000.0,-38229000.0,-254865000.0,8246000.0,0.0,-229677000.0,-32600000.0,111773000.0,194063000.0,-453000.0,156932000.0,156932000.0,156932000.0,0.0,0.0,0.2,84342000.0,237917000.0,88883000.0,0.0,4.724,24.051,24.367,510340000.0,0.0,10.965,4.809,4.885,111705000.0,481490000.0,784848000.0,784848000.0,0.0,0.153,0.178,0.461,0.318,-10586000.0,84342000.0,1.0,344224040.0,349648000.0,359432000.0,2.245,730031000.0,25979000.0,92718000.0,33036000.0,2.088,84501000.0
14,CPRT,MRY,2007-12-31,2007-07-31,2007-07-31,2021-09-27,4447000.0,1014600000.0,984421750.0,363708000.0,650892000.0,0.57,2.429,-50249000.0,116769000.0,116769000.0,293898000.0,136338000.0,3.139,0.152,9256000.0,9256000.0,0.0,9256000.0,13897000.0,37089000.0,0.0,0.0,0.0,217504000.0,254593000.0,0.454,254593000.0,217504000.0,217421000.0,0.375,0.365,0.375,880866000.0,885126000.0,880866000.0,2320337762.0,11.0,9.114,131804000.0,0.363,1.0,266782000.0,0.476,213295000.0,83000.0,577934000.0,582958250.0,5999000.0,102625000.0,102625000.0,0.0,133734000.0,115858000.0,17876000.0,2569016762.0,-23504000.0,-120014000.0,-77172000.0,2688000.0,0.0,-70664000.0,-135561000.0,34702000.0,182053000.0,668000.0,136338000.0,136338000.0,136338000.0,0.0,0.0,0.243,63637000.0,203145000.0,85082000.0,0.0,2.916,18.843,18.76,420664000.0,0.0,7.035,4.582,4.55,109895000.0,670293000.0,560680000.0,560680000.0,0.0,0.138,0.154,0.373,0.388,-396000.0,63637000.0,1.0,365176512.0,362604000.0,373820000.0,1.546,801305000.0,10993000.0,81083000.0,21147000.0,2.21,247850000.0
15,CPRT,MRY,2006-12-31,2006-07-31,2006-07-31,2021-09-27,-37000.0,894705000.0,856874500.0,411350000.0,483355000.0,0.617,2.241,-87480000.0,126590000.0,126590000.0,298023000.0,96947000.0,4.936,0.105,0.0,0.0,0.0,0.0,15372000.0,31456000.0,0.0,0.0,0.0,158881000.0,190337000.0,0.36,190337000.0,158881000.0,158809000.0,0.268,0.26,0.268,809970000.0,764437250.0,809970000.0,2283672918.0,14.0,11.998,53724000.0,0.149,1.0,230548000.0,0.436,136275000.0,72000.0,548507000.0,517491750.0,971000.0,148725000.0,148725000.0,0.0,84735000.0,83333000.0,1402000.0,2407684918.0,-122518000.0,-31868000.0,-1812000.0,4180000.0,0.0,4685000.0,-267915000.0,-148725000.0,141204000.0,-492000.0,96947000.0,96947000.0,96947000.0,15713000.0,0.0,0.183,58986000.0,171562000.0,60770000.0,0.0,2.973,24.835,24.851,341943000.0,0.0,6.66,4.555,4.555,99959000.0,533955000.0,528571000.0,528571000.0,0.0,0.113,0.127,0.307,0.301,3530000.0,58986000.0,1.0,361514252.0,361488000.0,371700000.0,1.462,758430000.0,7201000.0,61862000.0,7191000.0,2.098,328017000.0
16,CPRT,MRY,2005-12-31,2005-07-31,2005-07-31,2021-09-27,354000.0,793528000.0,750835825.0,373807000.0,419721000.0,0.596,1.967,-60553000.0,252548000.0,252548000.0,245666000.0,102116000.0,4.666,0.119,0.0,0.0,0.0,0.0,12477000.0,30466000.0,0.0,0.0,0.0,164950000.0,195416000.0,0.436,195416000.0,164950000.0,164888000.0,0.282,0.275,0.282,709379000.0,666721125.0,709379000.0,1963394086.0,12.0,10.047,75438000.0,0.209,1.0,202065000.0,0.451,124451000.0,62000.0,336418000.0,377279825.0,0.0,0.0,0.0,0.0,84149000.0,80111000.0,4038000.0,2207297086.0,246828000.0,-4543000.0,3235000.0,0.0,0.0,3235000.0,107448000.0,172600000.0,135991000.0,154000.0,102116000.0,102116000.0,102116000.0,-293000.0,0.0,0.228,45629000.0,156436000.0,56965000.0,0.0,3.112,21.616,21.684,295270000.0,0.0,6.115,4.93,4.926,89002000.0,437008000.0,447731000.0,447731000.0,0.0,0.136,0.153,0.437,0.368,411000.0,45629000.0,1.0,360964364.0,360648000.0,371936000.0,1.241,669077000.0,0.0,62772000.0,13421000.0,1.855,293696000.0
17,CPRT,MRY,2004-12-31,2004-07-31,2004-07-31,2021-09-27,95000.0,673023000.0,637449050.0,293111000.0,379912000.0,0.613,1.683,-45896000.0,5720000.0,5720000.0,227625000.0,79220000.0,4.636,0.117,0.0,0.0,0.0,0.0,9721000.0,29649000.0,0.0,0.0,0.0,130152000.0,159801000.0,0.409,159801000.0,130152000.0,130149000.0,0.223,0.217,0.223,602263000.0,564649000.0,602263000.0,1836493474.0,14.0,11.492,69214000.0,0.193,1.0,163389000.0,0.418,122245000.0,3000.0,481835000.0,357062575.0,0.0,172600000.0,172600000.0,0.0,70760000.0,63223000.0,7537000.0,2002114674.0,329000.0,-867000.0,-4296000.0,0.0,0.0,-4296000.0,-110580000.0,-61245000.0,115110000.0,95000.0,79220000.0,79220000.0,79220000.0,-228000.0,0.0,0.203,38928000.0,124461000.0,44080000.0,0.0,3.324,25.273,24.944,261422000.0,0.0,5.562,5.12,5.09,81633000.0,334892000.0,391014000.0,391014000.0,0.0,0.124,0.14,0.365,0.333,0.0,38928000.0,1.0,359930728.0,357828000.0,366148000.0,1.093,550778000.0,0.0,50929000.0,15612000.0,1.539,229888000.0
18,CPRT,MRY,2003-12-31,2003-07-31,2003-07-31,2021-09-27,0.0,587100400.0,571902800.0,221089000.0,366011400.0,0.607,1.438,-76424000.0,116746400.0,116746400.0,224403000.0,57222000.0,4.08,0.117,107400.0,91200.0,16200.0,107400.0,9707500.0,25545000.0,0.0,0.0,0.0,94188000.0,119733000.0,0.345,119733000.0,94188000.0,94167000.0,0.158,0.155,0.158,525639500.0,513589325.0,525639500.0,731485801.0,8.0,6.109,2326000.0,0.006,1.0,123020000.0,0.354,121650300.0,21000.0,294627400.0,288154250.0,0.0,0.0,0.0,0.0,61460900.0,54183700.0,7277200.0,842191001.0,5391000.0,-92000.0,-18177000.0,-3485000.0,0.0,-21662000.0,-51697000.0,24819000.0,78750000.0,0.0,57222000.0,57222000.0,57222000.0,0.0,0.0,0.165,32266000.0,90754000.0,38309200.0,0.0,1.602,14.718,14.842,244361100.0,0.0,2.345,2.424,2.468,71552900.0,255671800.0,347423000.0,347423000.0,0.0,0.1,0.111,0.327,0.271,0.0,32266000.0,1.0,359143284.0,365632000.0,372072000.0,0.95,465450100.0,4017900.0,36945000.0,11915500.0,1.273,166905300.0
19,CPRT,MRY,2002-12-31,2002-07-31,2002-07-31,2021-09-27,0.0,535847600.0,469111550.0,225992400.0,309855200.0,0.675,1.37,-91396200.0,132690000.0,132690000.0,186952500.0,57389200.0,4.804,0.102,409200.0,324500.0,84700.0,409200.0,8352000.0,16308200.0,0.0,0.0,0.0,93697300.0,110005500.0,0.348,110005500.0,93697300.0,93657600.0,0.163,0.158,0.163,486217000.0,415844600.0,486217000.0,1066685582.0,11.0,9.697,-9405000.0,-0.027,1.0,129503300.0,0.409,112086500.0,39700.0,244433900.0,212861550.0,0.0,0.0,0.0,0.0,49630600.0,47046400.0,2584200.0,1210219482.0,117444800.0,-1413500.0,128866200.0,-302900.0,0.0,128563300.0,-93109700.0,0.0,81991200.0,0.0,57389200.0,57389200.0,57389200.0,0.0,0.0,0.181,39563800.0,89939500.0,31893400.0,0.0,2.489,21.088,20.399,197768700.0,0.0,3.325,3.824,3.729,64071900.0,198449600.0,316455800.0,316455800.0,0.0,0.122,0.138,0.44,0.296,0.0,23255600.0,1.0,363975784.0,354870400.0,365004000.0,0.892,423761100.0,0.0,36268400.0,7341600.0,1.194,178946000.0
20,CPRT,MRY,2001-12-31,2001-07-31,2001-07-31,2021-09-27,0.0,315064200.0,298702750.0,107864100.0,207200100.0,0.85,0.817,-48476900.0,15245200.0,15245200.0,152052500.0,42685000.0,2.446,0.171,712100.0,302900.0,409200.0,712100.0,8863100.0,14350000.0,0.0,0.0,0.0,71538200.0,85888200.0,0.338,85888200.0,71538200.0,71043700.0,0.13,0.125,0.13,269152400.0,247915525.0,269152400.0,1557783651.0,22.0,18.137,8421500.0,0.026,1.0,101836900.0,0.401,91118100.0,494500.0,165322700.0,154918400.0,0.0,0.0,0.0,0.0,45911800.0,44090300.0,1821500.0,1567602051.0,3080300.0,-1036700.0,3687900.0,-7842400.0,0.0,-4154500.0,-49663600.0,0.0,56898400.0,0.0,42685000.0,42685000.0,42685000.0,0.0,0.0,0.168,33719600.0,68117300.0,26769800.0,0.0,5.824,36.725,36.385,114997600.0,0.0,4.73,6.174,6.136,64907300.0,141060400.0,253889400.0,253889400.0,0.0,0.143,0.172,0.462,0.282,0.0,19369600.0,1.0,331416924.0,329358000.0,338457600.0,0.771,223946100.0,1084400.0,28358700.0,7958000.0,0.68,63773800.0
21,CPRT,MRY,2000-12-31,2000-07-31,2000-07-31,2021-09-27,0.0,262324300.0,244494750.0,91414500.0,170909800.0,0.777,0.68,-52757000.0,12164900.0,12164900.0,116697300.0,29429100.0,2.446,0.193,8554500.0,7842300.0,712200.0,8554500.0,7688100.0,11479000.0,0.0,0.0,0.0,48523800.0,60002800.0,0.316,60002800.0,48523800.0,47974000.0,0.09,0.087,0.09,219890400.0,203547400.0,219890400.0,703801027.0,15.0,11.729,-26561800.0,-0.082,1.0,73345000.0,0.386,90395600.0,549800.0,130946100.0,115219500.0,0.0,0.0,0.0,0.0,42433900.0,37372200.0,5061700.0,716815327.0,-24882900.0,-1972500.0,2917000.0,734400.0,0.0,3651400.0,-54729500.0,0.0,26195200.0,0.0,29429100.0,29429100.0,29429100.0,0.0,0.0,0.155,27128800.0,46216200.0,19984500.0,0.0,3.26,24.357,24.537,80514200.0,0.0,2.208,3.772,3.758,52509600.0,98375400.0,190042300.0,190042300.0,0.0,0.12,0.145,0.421,0.255,0.0,15649800.0,1.0,324595620.0,323404800.0,334839200.0,0.588,171928700.0,5025400.0,18544900.0,2834300.0,0.532,54042300.0
22,CPRT,MRY,1999-12-31,1999-07-31,1999-07-31,2021-09-27,0.0,218677100.0,207734675.0,89295200.0,129381900.0,0.682,0.574,-22467900.0,37047800.0,37047800.0,86480400.0,21966300.0,3.623,0.189,7820100.0,260100.0,7560000.0,7820100.0,5864600.0,9826400.0,0.0,0.0,0.0,35706700.0,45533100.0,0.321,45533100.0,35706700.0,35122700.0,0.068,0.067,0.068,183982400.0,173757100.0,183982400.0,611264100.0,17.0,13.425,8281000.0,0.026,1.0,55271000.0,0.39,77782500.0,584000.0,87018200.0,84907725.0,0.0,0.0,0.0,0.0,34694700.0,24648700.0,10046000.0,641378400.0,21314300.0,-395700.0,1375500.0,-605300.0,0.0,770200.0,-10204800.0,13062200.0,30748900.0,0.0,21966300.0,21966300.0,21966300.0,0.0,0.0,0.155,21885000.0,33386000.0,16586900.0,0.0,3.486,29.198,29.412,51599400.0,0.0,2.0,4.525,4.518,37531300.0,68946300.0,141751400.0,141751400.0,0.0,0.106,0.126,0.421,0.252,0.0,12058600.0,1.0,320689200.0,320251200.0,330828000.0,0.443,140894600.0,988800.0,13156400.0,1295500.0,0.44,64646500.0
23,CPRT,MRY,1998-12-31,1998-07-31,1998-07-31,2021-09-27,0.0,190942100.0,185710300.0,74988400.0,115953700.0,0.615,0.506,-19390700.0,15733500.0,15733500.0,71546900.0,15216200.0,3.72,0.192,8425400.0,621300.0,7804100.0,8425400.0,5602800.0,7844900.0,0.0,0.0,0.0,25595200.0,33440100.0,0.293,33440100.0,25595200.0,24944600.0,0.048,0.047,0.048,160182600.0,152687475.0,160182600.0,254507091.0,10.0,7.611,3388100.0,0.011,1.0,42659100.0,0.374,78391400.0,650600.0,85082900.0,69050400.0,0.0,13062200.0,13062200.0,0.0,30759500.0,20159700.0,10599800.0,282716591.0,-11951000.0,-1379900.0,1174800.0,-1327600.0,0.0,-152800.0,-34577000.0,-13062200.0,22778800.0,0.0,15216200.0,15216200.0,15216200.0,0.0,0.0,0.133,19151500.0,23507600.0,11674800.0,0.0,1.765,18.58,18.559,37562300.0,0.0,0.891,2.475,2.468,32751500.0,46980000.0,114206000.0,114206000.0,0.0,0.082,0.1,0.371,0.224,0.0,11306600.0,1.0,317361936.0,316351200.0,322792800.0,0.361,112550700.0,614900.0,9728400.0,1122000.0,0.356,54828700.0
24,CPRT,MRY,1997-12-31,1997-07-31,1997-07-31,2021-09-27,0.0,175339500.0,166702650.0,71291700.0,104047800.0,0.757,0.462,-9571800.0,27684500.0,27684500.0,89393500.0,11992600.0,3.188,0.228,9753000.0,1938800.0,7814200.0,9753000.0,5566300.0,7463300.0,0.0,0.0,0.0,20300900.0,27764200.0,0.22,27764200.0,20300900.0,19474800.0,0.039,0.037,0.039,142814400.0,134529700.0,142814400.0,223283750.0,11.0,8.042,14905700.0,0.048,1.0,36882400.0,0.292,73396500.0,826100.0,61649800.0,63336800.0,0.0,0.0,0.0,0.0,32525100.0,22361700.0,10163400.0,232314250.0,14658300.0,-839900.0,2778100.0,-1506800.0,0.0,1271300.0,-11090500.0,0.0,24477500.0,0.0,11992600.0,11992600.0,11992600.0,0.0,0.0,0.095,18029400.0,18853000.0,11757300.0,0.0,1.627,19.371,19.103,30651300.0,0.0,0.745,1.84,1.823,31337100.0,31763800.0,126275900.0,126275900.0,0.0,0.072,0.089,0.321,0.161,0.0,10566100.0,1.0,311831208.0,308973600.0,318160800.0,0.409,101943000.0,343700.0,7482200.0,1058400.0,0.33,48930000.0
25,CPRT,MRY,1996-12-31,1996-07-31,1996-07-31,2021-09-27,0.0,158065800.0,,57299300.0,100766500.0,,0.423,-11039600.0,13026200.0,13026200.0,83541800.0,11185400.0,3.428,0.252,11259800.0,772800.0,10487000.0,11259800.0,5570500.0,5996700.0,0.0,0.0,0.0,18640700.0,24637400.0,0.208,24637400.0,18640700.0,18189900.0,0.037,0.035,0.037,126245000.0,,126245000.0,,,,240900.0,0.001,1.0,34705800.0,0.294,74562300.0,450800.0,65023800.0,,1456400.0,0.0,0.0,0.0,31820800.0,16713300.0,15107500.0,,-753000.0,-511200.0,929200.0,-573700.0,0.0,355500.0,-12389000.0,0.0,11280500.0,0.0,11185400.0,11185400.0,11185400.0,0.0,0.0,0.095,16904200.0,17801600.0,10370000.0,0.0,,,15.203,26204200.0,0.0,0.562,,1.419,29992000.0,19771200.0,118247600.0,118247600.0,0.0,,,,0.158,91600.0,10907500.0,1.0,,298396800.0,317174400.0,0.396,83503500.0,1120600.0,7004500.0,610300.0,0.28,40586000.0
26,CPRT,MRY,1995-12-31,1995-07-31,1995-07-31,2021-09-27,,,,,,,,-34779100.0,,,37753400.0,6894300.0,,,,,,,,3397900.0,,0.0,0.0,11927700.0,15325600.0,0.264,15325600.0,11927700.0,11436700.0,0.027,,0.027,,,,,,,-29559500.0,,1.0,20363300.0,0.35,,491000.0,,,,,,,,,,,-4091300.0,-8562500.0,34252800.0,-368500.0,0.0,33884300.0,-43195200.0,146400.0,5219600.0,0.0,6894300.0,6894300.0,6894300.0,0.0,0.0,0.119,9102300.0,11261000.0,,0.0,,,31.728,,0.0,0.857,,,,,58116700.0,58116700.0,0.0,,,,0.205,68600.0,5704400.0,1.0,,,254740824.0,,,,4542400.0,,,
0,CPRT,MRQ,2021-06-30,2021-07-31,2021-07-31,2021-09-27,-100860000.0,4562143000.0,,1702611000.0,2859532000.0,,14.911,-96670000.0,1048260000.0,1048260000.0,391147000.0,255974000.0,4.044,0.293,518069000.0,22472000.0,495597000.0,518069000.0,20973000.0,29943000.0,0.0,0.0,0.0,304064000.0,334007000.0,0.446,334007000.0,304064000.0,299044000.0,1.08,1.07,1.08,3529201000.0,,3529201000.0,34395275206.0,30.0,27.186,132016000.0,0.558,1.0,357483000.0,0.478,401590000.0,5020000.0,3209331000.0,,44968000.0,0.0,0.0,0.0,1032942000.0,421031000.0,611911000.0,34777039206.0,136370000.0,-5000000.0,14476000.0,-156000.0,0.0,9113000.0,-101670000.0,0.0,228686000.0,241000.0,255974000.0,255974000.0,255974000.0,0.0,0.0,0.342,55983000.0,301500000.0,369826000.0,0.0,9.854,37.135,37.121,2416111000.0,0.0,147.0,12.916,12.898,480628000.0,2868203000.0,748630000.0,748630000.0,0.0,,,,,13777000.0,55983000.0,1.0,236578498.0,236678000.0,240713000.0,3.163,4160553000.0,20012000.0,43070000.0,124074000.0,17.579,1281580000.0
1,CPRT,MRQ,2021-03-31,2021-04-30,2021-04-30,2021-09-27,-101664000.0,4281946000.0,,1499371000.0,2782575000.0,,13.745,-80711000.0,911890000.0,911890000.0,352569000.0,286796000.0,3.63,0.318,530126000.0,24006000.0,506120000.0,530126000.0,20660000.0,32243000.0,0.0,0.0,0.0,328881000.0,361124000.0,0.492,361124000.0,328881000.0,323535000.0,1.21,1.19,1.21,3249377000.0,,3249377000.0,29319236312.0,28.0,25.159,288453000.0,1.22,1.0,381341000.0,0.52,390050000.0,5346000.0,3097087000.0,,39229000.0,0.0,0.0,0.0,1032569000.0,413045000.0,619524000.0,29423825312.0,295487000.0,0.0,5717000.0,-340000.0,0.0,5226000.0,-80711000.0,0.0,369164000.0,1808000.0,286796000.0,286796000.0,286796000.0,0.0,0.0,0.391,53230000.0,328111000.0,359239000.0,0.0,9.055,34.778,34.779,2353240000.0,0.0,124.51,11.915,11.919,434873000.0,2617436000.0,733910000.0,733910000.0,0.0,,,,,9367000.0,53230000.0,1.0,236316965.0,236396000.0,240208000.0,3.105,3891896000.0,10588000.0,36739000.0,122544000.0,16.463,1086326000.0
2,CPRT,MRQ,2020-12-31,2021-01-31,2021-01-31,2021-09-27,-106720000.0,3934438000.0,,1225467000.0,2708971000.0,,12.461,-136263000.0,616403000.0,616403000.0,309533000.0,193440000.0,3.303,0.337,511814000.0,23804000.0,488010000.0,511814000.0,14431000.0,31671000.0,0.0,0.0,0.0,257301000.0,288972000.0,0.468,288972000.0,257301000.0,252452000.0,0.82,0.81,0.82,2942592000.0,,2942592000.0,25835790360.0,28.0,25.077,-1755000.0,-0.007,1.0,307498000.0,0.498,391236000.0,4849000.0,3067598000.0,,30203000.0,0.0,0.0,0.0,991846000.0,371015000.0,620831000.0,25915583360.0,10671000.0,0.0,7978000.0,-295000.0,0.0,7385000.0,-136263000.0,0.0,134508000.0,5041000.0,193440000.0,193440000.0,193440000.0,0.0,0.0,0.314,49277000.0,258221000.0,324108000.0,0.0,8.807,36.669,36.583,2282948000.0,0.0,109.75,11.337,11.338,462405000.0,2330791000.0,617031000.0,617031000.0,0.0,,,,,8865000.0,49277000.0,1.0,236132878.0,236152000.0,240280000.0,2.613,3543202000.0,6719000.0,59012000.0,141165000.0,15.004,854452000.0
3,CPRT,MRQ,2020-09-30,2020-10-31,2020-10-31,2021-09-27,-128494000.0,3741188000.0,,1138176000.0,2603012000.0,,11.497,-146822000.0,605732000.0,605732000.0,296171000.0,200285000.0,2.793,0.38,525939000.0,25604000.0,500335000.0,525939000.0,9476000.0,29227000.0,0.0,0.0,0.0,251847000.0,281074000.0,0.474,281074000.0,251847000.0,246815000.0,0.85,0.83,0.85,2710833000.0,,2710833000.0,26082335091.0,30.0,26.745,111711000.0,0.474,1.0,296769000.0,0.501,388440000.0,5032000.0,2865419000.0,,28244000.0,0.0,0.0,0.0,1030355000.0,407536000.0,622819000.0,26041861091.0,128014000.0,0.0,20014000.0,-327000.0,0.0,19198000.0,-146822000.0,0.0,258533000.0,-2895000.0,200285000.0,200285000.0,200285000.0,0.0,0.0,0.338,48175000.0,248594000.0,359816000.0,0.0,9.607,38.184,37.924,2184334000.0,0.0,110.36,11.605,11.596,407897000.0,2137649000.0,592940000.0,592940000.0,0.0,,,,,8913000.0,48175000.0,1.0,235971920.0,235791000.0,239968000.0,2.515,3352748000.0,1127000.0,46530000.0,134813000.0,14.219,730640000.0
4,CPRT,MRQ,2020-06-30,2020-07-31,2020-07-31,2021-09-27,-121088000.0,3455261000.0,,963759000.0,2491502000.0,,10.6,-103929000.0,477718000.0,477718000.0,275228000.0,165533000.0,2.707,0.388,518622000.0,25572000.0,493050000.0,518622000.0,8233000.0,27501000.0,0.0,0.0,0.0,206686000.0,234187000.0,0.446,234187000.0,206686000.0,201883000.0,0.7,0.69,0.7,2489516000.0,,2489516000.0,22102906300.0,27.0,23.922,162988000.0,0.694,1.0,250431000.0,0.476,391394000.0,4803000.0,2748727000.0,,20080000.0,0.0,0.0,0.0,965745000.0,356044000.0,609701000.0,21893004300.0,171331000.0,-8434000.0,20305000.0,-1065000.0,0.0,15166000.0,-112363000.0,0.0,266917000.0,1611000.0,165533000.0,165533000.0,165533000.0,0.0,0.0,0.315,44716000.0,205715000.0,318530000.0,0.0,8.794,31.28,31.083,2060174000.0,0.0,93.25,9.926,9.86,350207000.0,1937853000.0,525659000.0,525659000.0,0.0,,,,,6093000.0,44716000.0,1.0,234777526.0,234867000.0,238932000.0,2.238,3063867000.0,26740000.0,36350000.0,120360000.0,13.045,607715000.0
5,CPRT,MRQ,2020-03-31,2020-04-30,2020-04-30,2021-09-27,-138923000.0,3161583000.0,,794152000.0,2367431000.0,,9.742,-86864000.0,306387000.0,306387000.0,307747000.0,147487000.0,2.771,0.386,516289000.0,26938000.0,489351000.0,516289000.0,7884000.0,28659000.0,0.0,0.0,0.0,197378000.0,226037000.0,0.411,226037000.0,197378000.0,191800000.0,0.63,0.62,0.63,2281011000.0,,2281011000.0,19147916003.0,24.0,21.255,207184000.0,0.885,1.0,242613000.0,0.441,386710000.0,5578000.0,2698207000.0,,19809000.0,0.0,0.0,0.0,880572000.0,286568000.0,594004000.0,18722146003.0,212876000.0,-3268000.0,23062000.0,-13600000.0,0.0,8693000.0,-90132000.0,0.0,294048000.0,267000.0,147487000.0,147487000.0,147487000.0,0.0,0.0,0.268,47512000.0,195101000.0,250841000.0,0.0,8.208,27.218,26.973,1944931000.0,0.0,80.11,8.424,8.439,346244000.0,1773580000.0,550360000.0,550360000.0,0.0,,,,,5555000.0,47512000.0,1.0,233705480.0,234133000.0,238591000.0,2.351,2774873000.0,31888000.0,44313000.0,105424000.0,11.852,507584000.0
6,CPRT,MRQ,2019-12-31,2020-01-31,2020-01-31,2021-09-27,-119870000.0,3048605000.0,,731963000.0,2316642000.0,,9.132,-267203000.0,93511000.0,93511000.0,315251000.0,168707000.0,2.135,0.435,519281000.0,37529000.0,481752000.0,519281000.0,7603000.0,24393000.0,0.0,0.0,0.0,209538000.0,233931000.0,0.407,233931000.0,209538000.0,205074000.0,0.73,0.71,0.73,2124729000.0,,2124729000.0,23944588741.0,29.0,26.444,-122741000.0,-0.528,1.0,259889000.0,0.452,388553000.0,4464000.0,2742985000.0,,18515000.0,0.0,0.0,0.0,923876000.0,342837000.0,581039000.0,23584803741.0,-87591000.0,0.0,23929000.0,13600000.0,0.0,37461000.0,-267203000.0,0.0,144462000.0,-2311000.0,168707000.0,168707000.0,168707000.0,0.0,0.0,0.293,49997000.0,209892000.0,296977000.0,0.0,11.1,32.17,31.806,1893686000.0,0.0,101.46,10.599,10.609,445963000.0,1626862000.0,575140000.0,575140000.0,0.0,,,,,6141000.0,49997000.0,1.0,232454206.0,232671000.0,238470000.0,2.472,2660052000.0,68763000.0,36367000.0,99877000.0,11.433,389126000.0
7,CPRT,MRQ,2019-09-30,2019-10-31,2019-10-31,2021-09-27,-119290000.0,2855939000.0,,744076000.0,2111863000.0,,8.334,-131510000.0,181102000.0,181102000.0,299555000.0,218180000.0,2.301,0.482,540887000.0,27645000.0,513242000.0,540887000.0,5113000.0,23704000.0,0.0,0.0,0.0,206108000.0,229812000.0,0.415,229812000.0,206108000.0,202082000.0,0.94,0.91,0.94,1926599000.0,,1926599000.0,19408061900.0,25.0,22.508,80948000.0,0.35,1.0,254869000.0,0.46,389796000.0,4026000.0,2502610000.0,,19482000.0,0.0,0.0,0.0,929340000.0,323318000.0,606022000.0,19193151900.0,-5217000.0,0.0,12620000.0,0.0,0.0,-88734000.0,-131510000.0,0.0,212458000.0,2569000.0,218180000.0,218180000.0,218180000.0,0.0,0.0,0.394,49478000.0,205391000.0,289247000.0,0.0,9.962,27.585,27.274,1682082000.0,0.0,82.64,8.99,8.948,394309000.0,1458223000.0,554424000.0,554424000.0,0.0,,,,,5533000.0,49478000.0,1.0,232250144.0,231169000.0,238662000.0,2.398,2466143000.0,48774000.0,-16098000.0,93956000.0,10.668,420758000.0
8,CPRT,MRQ,2019-06-30,2019-07-31,2019-07-31,2021-09-27,-132529000.0,2547617000.0,,687167000.0,1860450000.0,,7.759,-114114000.0,186319000.0,186319000.0,299956000.0,153496000.0,2.437,0.433,401229000.0,1138000.0,400091000.0,401229000.0,6466000.0,21625000.0,0.0,0.0,0.0,189447000.0,211072000.0,0.389,211072000.0,189447000.0,187070000.0,0.67,0.64,0.67,1778381000.0,,1778381000.0,18066686897.0,25.0,22.363,79036000.0,0.345,1.0,242619000.0,0.447,388477000.0,2377000.0,2092046000.0,,20941000.0,0.0,0.0,0.0,769236000.0,282004000.0,487232000.0,17763121897.0,83493000.0,0.0,20819000.0,-7000000.0,0.0,12525000.0,-114114000.0,0.0,193150000.0,-8068000.0,153496000.0,153496000.0,153496000.0,0.0,0.0,0.283,49817000.0,192802000.0,270918000.0,0.0,9.988,30.021,30.167,1427726000.0,0.0,77.53,8.699,8.751,367265000.0,1338328000.0,542575000.0,542575000.0,0.0,,,,,5845000.0,49817000.0,1.0,229112884.0,229190000.0,238338000.0,2.367,2159140000.0,19937000.0,33574000.0,87281000.0,9.421,405163000.0
9,CPRT,MRQ,2019-03-31,2019-04-30,2019-04-30,2021-09-27,-113191000.0,2391763000.0,,613585000.0,1778178000.0,,7.101,-122169000.0,102826000.0,102826000.0,301537000.0,192741000.0,2.067,0.477,406391000.0,7556000.0,398835000.0,406391000.0,7988000.0,21222000.0,0.0,0.0,0.0,209453000.0,230675000.0,0.417,230675000.0,209453000.0,204129000.0,0.85,0.81,0.85,1618852000.0,,1618852000.0,15747509592.0,23.0,20.653,116123000.0,0.509,1.0,251579000.0,0.455,395352000.0,5324000.0,2003070000.0,,22309000.0,0.0,0.0,0.0,772911000.0,296906000.0,476005000.0,15362821592.0,-5348000.0,-745000.0,12041000.0,-86300000.0,0.0,-119826000.0,-122914000.0,0.0,238292000.0,-900000.0,192741000.0,192741000.0,192741000.0,0.0,0.0,0.348,44085000.0,207494000.0,279779000.0,0.0,9.49,28.037,28.286,1340692000.0,0.0,67.32,7.884,7.876,376564000.0,1186125000.0,553116000.0,553116000.0,0.0,,,,,5650000.0,44085000.0,1.0,228205906.0,227984000.0,237892000.0,2.426,1996411000.0,19235000.0,11388000.0,75382000.0,8.757,316679000.0
10,CPRT,MRQ,2018-12-31,2019-01-31,2019-01-31,2021-09-27,-107223000.0,2296905000.0,,628466000.0,1668439000.0,,6.326,-57713000.0,108174000.0,108174000.0,276672000.0,131373000.0,1.689,0.573,492862000.0,94122000.0,398740000.0,492862000.0,7344000.0,20509000.0,0.0,0.0,0.0,170199000.0,190708000.0,0.393,190708000.0,170199000.0,164966000.0,0.57,0.55,0.57,1459953000.0,,1459953000.0,11927535752.0,19.0,16.473,49808000.0,0.216,1.0,208226000.0,0.429,398310000.0,5233000.0,1911250000.0,,28315000.0,0.0,0.0,0.0,836952000.0,372033000.0,464919000.0,11848203752.0,-212135000.0,0.0,-357505000.0,93300000.0,0.0,-264230000.0,-57713000.0,0.0,107521000.0,2287000.0,131373000.0,131373000.0,131373000.0,0.0,0.0,0.271,43487000.0,164739000.0,266126000.0,0.0,8.115,24.553,24.341,1237117000.0,0.0,50.63,6.323,6.237,393561000.0,1037051000.0,484898000.0,484898000.0,0.0,,,,,5929000.0,43487000.0,1.0,234015480.0,230798000.0,240660000.0,2.101,1898595000.0,373000.0,33593000.0,67145000.0,8.226,256433000.0
11,CPRT,MRQ,2018-09-30,2018-10-31,2018-10-31,2021-09-27,-115646000.0,2381788000.0,,763222000.0,1618566000.0,,7.148,-61526000.0,320309000.0,320309000.0,265450000.0,114083000.0,2.995,0.425,399641000.0,999000.0,398642000.0,399641000.0,4934000.0,21978000.0,0.0,0.0,0.0,153437000.0,175415000.0,0.38,175415000.0,153437000.0,148786000.0,0.49,0.47,0.49,1671760000.0,,1671760000.0,11566218853.0,19.0,16.488,46157000.0,0.197,1.0,195918000.0,0.425,398017000.0,4651000.0,1808295000.0,,19734000.0,0.0,0.0,0.0,710028000.0,254808000.0,455220000.0,11440840853.0,45789000.0,0.0,1229000.0,0.0,0.0,1227000.0,-61526000.0,0.0,107683000.0,-1595000.0,114083000.0,114083000.0,114083000.0,0.0,0.0,0.247,44478000.0,151440000.0,235982000.0,0.0,6.844,25.176,24.954,1188088000.0,0.0,48.91,6.191,6.191,336004000.0,1253275000.0,461368000.0,461368000.0,0.0,,,,,6021000.0,44478000.0,1.0,233916190.0,233888000.0,244826000.0,1.973,1983771000.0,492000.0,34703000.0,65962000.0,8.482,508414000.0
12,CPRT,MRQ,2018-06-30,2018-07-31,2018-07-31,2021-09-27,-107928000.0,2307698000.0,,709116000.0,1598582000.0,,6.786,-105158000.0,274520000.0,274520000.0,260798000.0,109741000.0,2.558,0.46,399898000.0,1151000.0,398747000.0,399898000.0,4488000.0,28362000.0,0.0,0.0,0.0,137335000.0,165697000.0,0.369,165697000.0,137335000.0,132736000.0,0.47,0.45,0.47,1581099000.0,,1581099000.0,13526232282.0,23.0,20.439,52714000.0,0.226,1.0,188425000.0,0.419,402127000.0,4599000.0,1753693000.0,,16734000.0,0.0,0.0,0.0,726599000.0,277256000.0,449343000.0,13330442282.0,70245000.0,1796000.0,23773000.0,0.0,0.0,22481000.0,-103362000.0,0.0,157872000.0,-6746000.0,109748000.0,109748000.0,109748000.0,0.0,-7000.0,0.244,53588000.0,134837000.0,270944000.0,0.0,8.431,31.901,31.883,1163425000.0,0.0,57.39,7.382,7.367,351601000.0,1162146000.0,449223000.0,449223000.0,0.0,,,,,5982000.0,52457000.0,1.0,232278137.0,233011000.0,244418000.0,1.928,1905571000.0,15782000.0,22988000.0,47683000.0,8.178,431860000.0
13,CPRT,MRQ,2018-03-31,2018-04-30,2018-04-30,2021-09-27,-90412000.0,2165193000.0,,630902000.0,1534291000.0,,6.293,-68234000.0,204275000.0,204275000.0,259130000.0,127405000.0,2.332,0.482,400065000.0,1151000.0,398914000.0,400065000.0,5906000.0,16684000.0,0.0,0.0,0.0,175575000.0,192259000.0,0.402,192259000.0,175575000.0,171159000.0,0.55,0.52,0.55,1460131000.0,,1460131000.0,12167465997.0,22.0,19.571,122570000.0,0.528,1.0,219068000.0,0.458,411841000.0,4416000.0,1678564000.0,,17034000.0,0.0,0.0,0.0,704381000.0,270578000.0,433803000.0,11850268997.0,8975000.0,-8910000.0,7213000.0,-110700000.0,0.0,-103487000.0,-77144000.0,0.0,190804000.0,-1198000.0,127348000.0,127348000.0,127348000.0,0.0,57000.0,0.266,44449000.0,174619000.0,245473000.0,0.0,8.116,31.312,31.146,1087910000.0,0.0,51.08,6.83,6.83,356125000.0,1053510000.0,478198000.0,478198000.0,0.0,,,,,5941000.0,44449000.0,1.0,231994303.0,232010000.0,242960000.0,2.061,1753352000.0,2602000.0,43811000.0,49278000.0,7.557,360324000.0
14,CPRT,MRQ,2017-12-31,2018-01-31,2018-01-31,2021-09-27,-78913000.0,2143541000.0,,666476000.0,1477065000.0,,5.751,-68628000.0,195300000.0,195300000.0,267497000.0,103301000.0,1.777,0.61,512497000.0,111851000.0,400646000.0,512497000.0,6797000.0,17982000.0,0.0,0.0,0.0,150151000.0,168133000.0,0.366,168133000.0,150151000.0,144393000.0,0.45,0.43,0.45,1331168000.0,,1331168000.0,10553174090.0,20.0,18.188,24405000.0,0.105,1.0,191609000.0,0.417,414433000.0,5758000.0,1671257000.0,,13025000.0,0.0,0.0,0.0,811750000.0,375048000.0,436702000.0,10193566090.0,-28946000.0,0.0,10073000.0,-71300000.0,0.0,-61282000.0,-68628000.0,0.0,93033000.0,7931000.0,103256000.0,103256000.0,103256000.0,0.0,45000.0,0.225,40662000.0,150947000.0,242594000.0,0.0,7.658,29.836,29.777,1024564000.0,0.0,44.07,6.251,6.256,398972000.0,926163000.0,459106000.0,459106000.0,0.0,,,,,5992000.0,40662000.0,1.0,231303973.0,231478000.0,241360000.0,1.983,1729108000.0,4137000.0,41137000.0,46130000.0,7.47,291428000.0
15,CPRT,MRQ,2017-09-30,2017-10-31,2017-10-31,2021-09-27,-102156000.0,2062670000.0,,654371000.0,1408299000.0,,5.151,-39465000.0,224246000.0,224246000.0,255904000.0,77560000.0,2.263,0.735,583854000.0,33150000.0,550704000.0,583854000.0,5189000.0,16012000.0,0.0,0.0,0.0,119678000.0,135690000.0,0.324,135690000.0,119678000.0,114083000.0,0.34,0.32,0.34,1188331000.0,,1188331000.0,8797702581.0,19.0,16.486,53895000.0,0.234,1.0,163264000.0,0.389,412309000.0,5595000.0,1720800000.0,,10138000.0,0.0,0.0,0.0,873761000.0,289169000.0,584592000.0,8374764581.0,14146000.0,123000.0,9253000.0,-49000000.0,0.0,-39750000.0,-39342000.0,0.0,93360000.0,-122000.0,77515000.0,77515000.0,77515000.0,0.0,45000.0,0.185,39322000.0,123942000.0,222400000.0,0.0,7.048,27.507,27.492,959716000.0,0.0,36.29,5.506,5.504,366641000.0,822555000.0,419168000.0,419168000.0,0.0,,,,,5306000.0,39322000.0,1.0,230773342.0,230694000.0,238791000.0,1.817,1650361000.0,139000.0,36568000.0,59323000.0,7.154,365202000.0
16,CPRT,MRQ,2017-06-30,2017-07-31,2017-07-31,2021-09-27,-100676000.0,1982501000.0,,587261000.0,1395240000.0,,4.768,-47257000.0,210100000.0,210100000.0,211131000.0,70369000.0,1.944,0.805,633038000.0,82155000.0,550883000.0,633038000.0,5019000.0,13490000.0,0.0,0.0,0.0,112152000.0,125642000.0,0.332,125642000.0,112152000.0,106345000.0,0.3,0.29,0.3,1098066000.0,,1098066000.0,7630415307.0,16.0,14.638,96974000.0,0.421,1.0,167465000.0,0.442,416181000.0,5807000.0,1687105000.0,,10163000.0,0.0,0.0,0.0,883901000.0,302153000.0,581748000.0,7253130307.0,20479000.0,-150812000.0,3379000.0,66000000.0,0.0,68584000.0,-198069000.0,0.0,144231000.0,5733000.0,70335000.0,70335000.0,70335000.0,0.0,34000.0,0.186,56658000.0,110807000.0,208415000.0,0.0,6.605,18.398,18.308,944056000.0,0.0,31.49,5.009,4.973,311846000.0,745370000.0,378596000.0,378596000.0,0.0,,,,,5227000.0,37293000.0,1.0,230331226.0,230306000.0,237652000.0,1.644,1566320000.0,7705000.0,36010000.0,34329000.0,6.801,285108000.0
17,CPRT,MRQ,2017-03-31,2017-04-30,2017-04-30,2021-09-27,-114268000.0,1811686000.0,,593609000.0,1218077000.0,,4.377,-32130000.0,189621000.0,189621000.0,201357000.0,90546000.0,2.68,0.8,566906000.0,16151000.0,550755000.0,566906000.0,6147000.0,13805000.0,0.0,0.0,0.0,136957000.0,150762000.0,0.403,150762000.0,136957000.0,131088000.0,0.39,0.38,0.39,1006329000.0,,1006329000.0,7634705382.0,16.0,14.626,160169000.0,0.697,1.0,172505000.0,0.461,266258000.0,5869000.0,1701225000.0,,9239000.0,0.0,0.0,0.0,805357000.0,221488000.0,583869000.0,7097580382.0,14669000.0,-12516000.0,9790000.0,-145000000.0,0.0,-135210000.0,-44646000.0,0.0,192299000.0,2226000.0,90546000.0,90546000.0,90546000.0,0.0,0.0,0.242,35717000.0,136788000.0,192769000.0,0.0,7.053,17.395,17.167,913303000.0,0.0,30.9,5.062,5.067,302071000.0,675830000.0,373862000.0,373862000.0,0.0,,,,,5008000.0,35717000.0,1.0,229695158.0,229920000.0,237135000.0,1.626,1545428000.0,45832000.0,40542000.0,36966000.0,6.722,372121000.0
18,CPRT,MRQ,2016-12-31,2017-01-31,2017-01-31,2021-09-27,-119549000.0,1841241000.0,,659252000.0,1181989000.0,,3.909,-54007000.0,174952000.0,174952000.0,202767000.0,66066000.0,1.906,1.056,712077000.0,146151000.0,565926000.0,712077000.0,5938000.0,15326000.0,0.0,0.0,0.0,106243000.0,121569000.0,0.348,121569000.0,106243000.0,100099000.0,0.29,0.28,0.29,895703000.0,,895703000.0,7077375030.0,16.0,13.984,27228000.0,0.119,1.0,146765000.0,0.42,265805000.0,6144000.0,1766614000.0,,9136000.0,0.0,0.0,0.0,945538000.0,345947000.0,599591000.0,6501615030.0,6531000.0,0.0,8312000.0,-31900000.0,0.0,-23611000.0,-54007000.0,0.0,81235000.0,2914000.0,66066000.0,66066000.0,66066000.0,0.0,0.0,0.189,37885000.0,108880000.0,184968000.0,0.0,7.259,16.582,16.211,882256000.0,0.0,28.37,4.727,4.726,340438000.0,585284000.0,349532000.0,349532000.0,0.0,,,,,5520000.0,37885000.0,1.0,229172190.0,229142000.0,235588000.0,1.525,1575436000.0,84760000.0,34033000.0,39806000.0,6.875,313305000.0
19,CPRT,MRQ,2016-09-30,2016-10-31,2016-10-31,2021-09-27,-127969000.0,1770396000.0,,630711000.0,1139685000.0,,3.582,-38019000.0,168421000.0,168421000.0,200698000.0,167280000.0,1.763,1.193,744181000.0,171151000.0,573030000.0,744181000.0,3975000.0,14820000.0,0.0,0.0,0.0,108493000.0,123313000.0,0.356,123313000.0,108493000.0,102534000.0,0.74,0.7,0.74,807407000.0,,807407000.0,6474681112.0,15.0,13.123,36274000.0,0.161,1.0,145293000.0,0.42,265334000.0,5959000.0,1723144000.0,,8918000.0,0.0,0.0,0.0,962989000.0,357678000.0,605311000.0,5990038112.0,12572000.0,-1050000.0,13977000.0,103900000.0,0.0,-16738000.0,-39069000.0,0.0,74293000.0,-5914000.0,167280000.0,167280000.0,167280000.0,0.0,0.0,0.483,40469000.0,104824000.0,175969000.0,0.0,7.419,15.557,15.342,840587000.0,0.0,26.235,4.519,4.462,294358000.0,519240000.0,345991000.0,345991000.0,0.0,,,,,5085000.0,40469000.0,1.0,228322398.0,225436000.0,237758000.0,1.535,1505062000.0,113546000.0,-64746000.0,36830000.0,6.676,273033000.0
20,CPRT,MRQ,2016-06-30,2016-07-31,2016-07-31,2021-09-27,-109194000.0,1649820000.0,,499306000.0,1150514000.0,,3.637,-29907000.0,155849000.0,155849000.0,191195000.0,84122000.0,1.791,1.13,640492000.0,76151000.0,564341000.0,640492000.0,4628000.0,13743000.0,0.0,0.0,0.0,112595000.0,126338000.0,0.38,126338000.0,112595000.0,105985000.0,0.38,0.36,0.38,774456000.0,,774456000.0,6080470449.0,14.0,12.962,94245000.0,0.443,1.0,141464000.0,0.425,271959000.0,6610000.0,1583721000.0,,10388000.0,0.0,0.0,0.0,875364000.0,278783000.0,596581000.0,5517247449.0,18196000.0,0.0,9980000.0,-62000000.0,0.0,-68073000.0,-29907000.0,0.0,124152000.0,-7976000.0,84122000.0,84122000.0,84122000.0,0.0,0.0,0.253,35273000.0,106191000.0,192379000.0,0.0,7.124,20.407,21.373,816791000.0,0.0,25.22,4.35,4.55,266270000.0,491194000.0,332659000.0,332659000.0,0.0,,,,,5030000.0,35273000.0,1.0,218764768.0,212958000.0,230840000.0,1.562,1377861000.0,43701000.0,21863000.0,35082000.0,6.47,220523000.0
21,CPRT,MRQ,2016-03-31,2016-04-30,2016-04-30,2021-09-27,-83791000.0,1624135000.0,,464505000.0,1159630000.0,,3.241,-65881000.0,137653000.0,137653000.0,189599000.0,74624000.0,2.282,1.267,700876000.0,30369000.0,670507000.0,700876000.0,5745000.0,12606000.0,0.0,0.0,0.0,122270000.0,134876000.0,0.388,134876000.0,122270000.0,116568000.0,0.34,0.32,0.34,716527000.0,,716527000.0,5332377041.0,14.0,12.088,59144000.0,0.268,1.0,157647000.0,0.454,280757000.0,5702000.0,1703020000.0,,11439000.0,0.0,0.0,0.0,907608000.0,203581000.0,704027000.0,4798121041.0,-3763000.0,-100000.0,-113810000.0,25468000.0,0.0,-88507000.0,-44483000.0,21498000.0,125025000.0,4202000.0,74624000.0,74624000.0,74624000.0,0.0,0.0,0.215,35699000.0,121948000.0,150298000.0,0.0,6.696,19.693,20.696,806973000.0,0.0,21.42,3.939,3.888,263292000.0,406956000.0,347246000.0,347246000.0,0.0,,,,,5034000.0,35699000.0,1.0,224001916.0,221088000.0,236412000.0,1.571,1343378000.0,34685000.0,41944000.0,47845000.0,6.076,260924000.0
22,CPRT,MRQ,2015-12-31,2016-01-31,2016-01-31,2021-09-27,-103071000.0,1604364000.0,,506858000.0,1097506000.0,,3.117,-57643000.0,141416000.0,141416000.0,175092000.0,59004000.0,1.912,1.194,675672000.0,99171000.0,576501000.0,675672000.0,5478000.0,11732000.0,0.0,0.0,0.0,97122000.0,108854000.0,0.363,108854000.0,97122000.0,91552000.0,0.25,0.235,0.25,731400000.0,,731400000.0,4182932450.0,11.0,10.136,-51113000.0,-0.218,1.0,124614000.0,0.416,278536000.0,5570000.0,1594967000.0,,9458000.0,17465000.0,17465000.0,0.0,872964000.0,265117000.0,607847000.0,4029125450.0,-331500000.0,0.0,-322784000.0,49250000.0,0.0,-273534000.0,-57643000.0,0.0,6530000.0,-6853000.0,59004000.0,59004000.0,59004000.0,0.0,0.0,0.197,32529000.0,92085000.0,147839000.0,0.0,5.509,17.782,18.114,744224000.0,0.0,16.755,3.45,3.366,281227000.0,440458000.0,299706000.0,299706000.0,0.0,,,,,5386000.0,32529000.0,1.0,240473020.0,234612000.0,249224000.0,1.277,1325828000.0,39851000.0,32548000.0,41193000.0,5.651,241741000.0
23,CPRT,MRQ,2015-09-30,2015-10-31,2015-10-31,2021-09-27,-74740000.0,1855764000.0,,785656000.0,1070108000.0,,4.23,-19824000.0,472916000.0,472916000.0,167977000.0,52610000.0,3.509,0.826,626723000.0,42421000.0,584302000.0,626723000.0,3719000.0,11562000.0,0.0,0.0,0.0,87484000.0,99046000.0,0.343,99046000.0,87484000.0,81760000.0,0.22,0.205,0.22,1016545000.0,,1016545000.0,4541764691.0,13.0,11.354,56967000.0,0.237,1.0,120861000.0,0.418,286849000.0,5724000.0,1498796000.0,,9075000.0,21893000.0,21893000.0,0.0,839219000.0,223926000.0,615293000.0,4351970691.0,16904000.0,100000.0,368000.0,-18750000.0,0.0,-18382000.0,-40843000.0,-21119000.0,76791000.0,-662000.0,52610000.0,52610000.0,52610000.0,0.0,0.0,0.182,34615000.0,86246000.0,147342000.0,0.0,4.281,19.802,20.574,705590000.0,0.0,18.105,3.802,3.801,231403000.0,677850000.0,288838000.0,288838000.0,0.0,,,,,5414000.0,34615000.0,1.0,240373968.0,240310000.0,254288000.0,1.202,1568915000.0,33641000.0,29150000.0,58033000.0,6.529,561730000.0
24,CPRT,MRQ,2015-06-30,2015-07-31,2015-07-31,2021-09-27,-68793000.0,1798660000.0,,734582000.0,1064078000.0,,3.866,-29423000.0,456012000.0,456012000.0,163509000.0,57412000.0,3.447,0.865,644514000.0,53671000.0,590843000.0,644514000.0,3724000.0,11314000.0,0.0,0.0,0.0,87052000.0,98366000.0,0.348,98366000.0,87052000.0,81446000.0,0.225,0.225,0.225,964464000.0,,964464000.0,4544722992.0,13.0,11.388,32284000.0,0.129,1.0,118784000.0,0.421,289707000.0,5606000.0,1484329000.0,,8613000.0,0.0,0.0,0.0,834196000.0,213126000.0,621070000.0,4558592992.0,-222730000.0,-4500000.0,-229901000.0,-18750000.0,0.0,-250781000.0,-33923000.0,0.0,61707000.0,267000.0,57412000.0,57412000.0,57412000.0,0.0,0.0,0.203,32019000.0,86765000.0,147452000.0,0.0,4.727,20.741,20.707,700402000.0,0.0,18.015,3.978,3.958,215696000.0,625437000.0,282293000.0,282293000.0,0.0,,,,,3172000.0,32019000.0,1.0,253044296.0,249462000.0,260382000.0,1.132,1508953000.0,38328000.0,24034000.0,34758000.0,6.049,521456000.0
25,CPRT,MRQ,2015-03-31,2015-04-30,2015-04-30,2021-09-27,-66594000.0,2002977000.0,,954459000.0,1048518000.0,,4.493,-9275000.0,678742000.0,678742000.0,169725000.0,57563000.0,4.16,0.763,664872000.0,64921000.0,599951000.0,664872000.0,4612000.0,12212000.0,0.0,0.0,0.0,94213000.0,106425000.0,0.358,106425000.0,94213000.0,88296000.0,0.23,0.22,0.23,1135968000.0,,1135968000.0,4591495865.0,14.0,11.769,105211000.0,0.416,1.0,127417000.0,0.429,291199000.0,5917000.0,1468460000.0,,8107000.0,0.0,0.0,0.0,867009000.0,229448000.0,637561000.0,4497454865.0,88376000.0,0.0,453000.0,-18750000.0,0.0,-17552000.0,-9275000.0,0.0,114486000.0,717000.0,57563000.0,57563000.0,57563000.0,0.0,0.0,0.194,32650000.0,94767000.0,154255000.0,0.0,3.959,21.074,21.047,683956000.0,0.0,17.785,3.907,3.906,217003000.0,780355000.0,297142000.0,297142000.0,0.0,,,,,3675000.0,32650000.0,1.0,252879104.0,252830000.0,264248000.0,1.175,1711778000.0,36756000.0,30733000.0,38976000.0,6.77,725011000.0
26,CPRT,MRQ,2014-12-31,2015-01-31,2015-01-31,2021-09-27,-66525000.0,1952071000.0,,888425000.0,1063646000.0,,4.249,-16018000.0,590366000.0,590366000.0,161391000.0,52193000.0,3.785,0.819,684407000.0,76171000.0,608236000.0,684407000.0,4515000.0,11400000.0,0.0,0.0,0.0,84792000.0,96192000.0,0.348,96192000.0,84792000.0,80104000.0,0.205,0.2,0.205,1073237000.0,,1073237000.0,4705425260.0,15.0,13.074,-10501000.0,-0.042,1.0,114867000.0,0.416,291917000.0,4688000.0,1519471000.0,,8015000.0,0.0,0.0,0.0,878834000.0,234724000.0,644110000.0,4623870260.0,391882000.0,0.0,1867000.0,405189000.0,0.0,406274000.0,-16018000.0,0.0,5517000.0,-3891000.0,52193000.0,52193000.0,52193000.0,0.0,0.0,0.189,34399000.0,80468000.0,148180000.0,0.0,4.308,23.504,23.613,688244000.0,0.0,18.3,3.973,3.972,235477000.0,722791000.0,276258000.0,276258000.0,0.0,,,,,4331000.0,34399000.0,1.0,252670506.0,252600000.0,263744000.0,1.094,1660154000.0,48096000.0,27911000.0,37681000.0,6.572,653701000.0
27,CPRT,MRQ,2014-09-30,2014-10-31,2014-10-31,2021-09-27,-43936000.0,1536586000.0,,457766000.0,1078820000.0,,4.11,-22916000.0,198484000.0,198484000.0,168078000.0,52615000.0,1.763,0.481,280039000.0,76171000.0,203868000.0,280039000.0,3815000.0,13967000.0,0.0,0.0,0.0,84133000.0,98100000.0,0.338,98100000.0,84133000.0,82223000.0,0.21,0.2,0.21,1037431000.0,,1037431000.0,4365847475.0,15.0,12.488,60450000.0,0.239,1.0,122308000.0,0.421,301148000.0,1910000.0,1057302000.0,,7592000.0,0.0,0.0,0.0,499155000.0,259691000.0,239464000.0,4221614475.0,39816000.0,217000.0,810000.0,-18750000.0,0.0,-17579000.0,-22699000.0,0.0,83366000.0,-3272000.0,52615000.0,52615000.0,52615000.0,0.0,0.0,0.181,39907000.0,82401000.0,153799000.0,0.0,4.069,22.233,22.293,691981000.0,0.0,16.72,3.596,3.595,204810000.0,670725000.0,290386000.0,290386000.0,0.0,,,,,4005000.0,39907000.0,1.0,252488904.0,252434000.0,263034000.0,1.15,1235438000.0,39909000.0,29608000.0,56987000.0,4.894,198075000.0
28,CPRT,MRQ,2014-06-30,2014-07-31,2014-07-31,2021-09-27,-20060000.0,1506804000.0,,412291000.0,1094513000.0,,3.983,-17757000.0,158668000.0,158668000.0,170511000.0,51043000.0,1.688,0.502,302901000.0,79674000.0,223227000.0,302901000.0,4170000.0,13377000.0,0.0,0.0,0.0,76053000.0,89430000.0,0.311,89430000.0,76053000.0,73884000.0,0.2,0.195,0.2,1003499000.0,,1003499000.0,4392849465.0,16.0,13.21,37203000.0,0.148,1.0,116939000.0,0.407,309022000.0,2169000.0,1097731000.0,,7259000.0,0.0,0.0,0.0,503305000.0,244284000.0,259021000.0,4207404465.0,25836000.0,461000.0,5464000.0,-18750000.0,0.0,-12216000.0,-17296000.0,0.0,54960000.0,388000.0,51043000.0,51043000.0,51043000.0,0.0,0.0,0.178,41081000.0,75858000.0,152156000.0,0.0,4.193,23.546,23.507,692383000.0,0.0,16.69,3.616,3.606,196985000.0,619004000.0,287450000.0,287450000.0,0.0,,,,,3767000.0,41081000.0,1.0,252091340.0,251920000.0,263270000.0,1.141,1197782000.0,40812000.0,22841000.0,39427000.0,4.755,168007000.0
29,CPRT,MRQ,2014-03-31,2014-04-30,2014-04-30,2021-09-27,-21829000.0,1476672000.0,,385754000.0,1090918000.0,,3.735,-11218000.0,132832000.0,132832000.0,177470000.0,40877000.0,1.502,0.571,318277000.0,76171000.0,242106000.0,318277000.0,5146000.0,12769000.0,0.0,0.0,0.0,63422000.0,76191000.0,0.246,76191000.0,63422000.0,61318000.0,0.16,0.155,0.16,939761000.0,,939761000.0,4874305034.0,18.0,15.126,120625000.0,0.479,1.0,132252000.0,0.427,313786000.0,2104000.0,1091589000.0,,9826000.0,0.0,0.0,0.0,536911000.0,256742000.0,280169000.0,4565260034.0,86633000.0,-169000.0,1130000.0,-35784000.0,0.0,-34606000.0,-11387000.0,0.0,131843000.0,783000.0,40877000.0,40877000.0,40877000.0,0.0,0.0,0.132,69619000.0,62633000.0,164218000.0,0.0,4.858,27.022,27.067,685564000.0,0.0,18.135,4.006,4.003,192610000.0,568352000.0,309722000.0,309722000.0,0.0,,,,,6575000.0,40515000.0,1.0,251737526.0,251588000.0,262972000.0,1.231,1162886000.0,42073000.0,20441000.0,44079000.0,4.622,129012000.0
30,CPRT,MRQ,2013-12-31,2014-01-31,2014-01-31,2021-09-27,-31718000.0,1438493000.0,,332929000.0,1105564000.0,,3.507,-29237000.0,46199000.0,46199000.0,174888000.0,45345000.0,1.282,0.633,355244000.0,94062000.0,261182000.0,355244000.0,5179000.0,13076000.0,0.0,0.0,0.0,72797000.0,85873000.0,0.3,85873000.0,72797000.0,70588000.0,0.18,0.175,0.18,880724000.0,,880724000.0,4584444033.0,16.0,13.273,-21161000.0,-0.084,1.0,111546000.0,0.389,310936000.0,2209000.0,1176951000.0,,9850000.0,0.0,0.0,0.0,557769000.0,259651000.0,298118000.0,4304070033.0,-30853000.0,-13441000.0,5583000.0,-1716000.0,0.0,4980000.0,-42678000.0,0.0,8076000.0,-1231000.0,45345000.0,45345000.0,45345000.0,0.0,0.0,0.158,40062000.0,71484000.0,154871000.0,0.0,4.887,23.739,23.806,707379000.0,0.0,17.14,3.886,3.886,222104000.0,527482000.0,286434000.0,286434000.0,0.0,,,,,4659000.0,40062000.0,1.0,251112604.0,251128000.0,262202000.0,1.141,1127557000.0,40111000.0,25243000.0,37165000.0,4.49,73278000.0
31,CPRT,MRQ,2013-09-30,2013-10-31,2013-10-31,2021-09-27,-32680000.0,1397388000.0,,320955000.0,1076433000.0,,3.279,-20449000.0,77052000.0,77052000.0,172047000.0,41422000.0,1.244,0.699,357426000.0,77305000.0,280121000.0,357426000.0,4179000.0,14504000.0,0.0,0.0,0.0,66531000.0,81035000.0,0.29,81035000.0,66531000.0,64245000.0,0.165,0.16,0.165,822647000.0,,822647000.0,4370471219.0,16.0,12.936,47266000.0,0.188,1.0,107836000.0,0.385,297354000.0,2286000.0,1122501000.0,,9205000.0,0.0,0.0,0.0,574741000.0,257907000.0,316834000.0,4045354219.0,13421000.0,-293000.0,2000.0,-35041000.0,0.0,-34981000.0,-20742000.0,0.0,67715000.0,1429000.0,41422000.0,41422000.0,41422000.0,0.0,0.0,0.148,42877000.0,64959000.0,154847000.0,0.0,4.917,23.037,23.021,692398000.0,0.0,16.115,3.72,3.719,187615000.0,482137000.0,279883000.0,279883000.0,0.0,,,,,4809000.0,42877000.0,1.0,251030358.0,250920000.0,261412000.0,1.115,1100034000.0,33531000.0,22823000.0,52450000.0,4.384,63048000.0
32,CPRT,MRQ,2013-06-30,2013-07-31,2013-07-31,2021-09-27,-47161000.0,1334481000.0,,306452000.0,1028029000.0,,3.04,-15204000.0,63631000.0,63631000.0,160625000.0,41304000.0,1.285,0.75,388748000.0,92338000.0,296410000.0,388748000.0,4832000.0,14480000.0,0.0,0.0,0.0,64671000.0,79151000.0,0.3,79151000.0,64671000.0,62162000.0,0.165,0.16,0.165,762401000.0,,762401000.0,4329008249.0,15.0,12.589,1119000.0,0.004,1.0,103072000.0,0.391,285169000.0,2509000.0,1135870000.0,,10736000.0,0.0,0.0,0.0,572080000.0,238559000.0,333521000.0,4078172249.0,-75700000.0,-52779000.0,2363000.0,-24114000.0,0.0,-21818000.0,-67983000.0,0.0,16323000.0,-2222000.0,41304000.0,41304000.0,41304000.0,0.0,0.0,0.157,40020000.0,63052000.0,136648000.0,0.0,5.349,22.653,22.576,677517000.0,0.0,16.255,3.897,3.881,182714000.0,440780000.0,263697000.0,263697000.0,0.0,,,,,4953000.0,40020000.0,1.0,250887250.0,250766000.0,261236000.0,1.052,1049312000.0,41749000.0,20858000.0,35903000.0,4.184,67893000.0
33,CPRT,MRQ,2013-03-31,2013-04-30,2013-04-30,2021-09-27,-37078000.0,1298682000.0,,353162000.0,945520000.0,,2.891,-27292000.0,139331000.0,139331000.0,162041000.0,53236000.0,1.617,0.793,390167000.0,75937000.0,314230000.0,390167000.0,5405000.0,14797000.0,0.0,0.0,0.0,84543000.0,99340000.0,0.358,99340000.0,84543000.0,82005000.0,0.21,0.205,0.21,724394000.0,,724394000.0,4778560550.0,16.0,13.765,102621000.0,0.41,1.0,115597000.0,0.416,221680000.0,2538000.0,1109461000.0,,10524000.0,0.0,0.0,0.0,574288000.0,218377000.0,355911000.0,4419825550.0,89821000.0,2328000.0,3221000.0,-18750000.0,0.0,-14658000.0,-24964000.0,0.0,129913000.0,-470000.0,53236000.0,53236000.0,53236000.0,0.0,0.0,0.192,32784000.0,82813000.0,129001000.0,0.0,6.101,24.071,24.144,676698000.0,0.0,17.625,4.379,4.375,164155000.0,399874000.0,277638000.0,277638000.0,0.0,,,,,3880000.0,32784000.0,1.0,250770244.0,250540000.0,261060000.0,1.108,1077002000.0,32418000.0,28769000.0,42857000.0,4.299,134785000.0
34,CPRT,MRQ,2012-12-31,2013-01-31,2013-01-31,2021-09-27,-32270000.0,1253946000.0,,311905000.0,942041000.0,,2.676,-37105000.0,49510000.0,49510000.0,169368000.0,39640000.0,1.466,0.879,408245000.0,75177000.0,333068000.0,408245000.0,5363000.0,14612000.0,0.0,0.0,0.0,63705000.0,78317000.0,0.294,78317000.0,63705000.0,61117000.0,0.16,0.155,0.16,667503000.0,,667503000.0,4774510104.0,16.0,13.742,-59330000.0,-0.238,1.0,96817000.0,0.364,225113000.0,2588000.0,1174757000.0,,11043000.0,0.0,0.0,0.0,586443000.0,212811000.0,373632000.0,4480604104.0,-81920000.0,-30794000.0,12534000.0,-18750000.0,0.0,-2845000.0,-56732000.0,11167000.0,-22225000.0,-118000.0,39640000.0,39640000.0,39640000.0,0.0,0.0,0.149,34047000.0,62770000.0,125400000.0,0.0,6.712,24.108,24.264,657424000.0,0.0,17.955,4.592,4.59,198805000.0,346649000.0,266185000.0,266185000.0,0.0,,,,,1375000.0,34047000.0,1.0,249546316.0,249418000.0,259040000.0,1.067,1028833000.0,44265000.0,21477000.0,39670000.0,4.125,99094000.0
35,CPRT,MRQ,2012-09-30,2012-10-31,2012-10-31,2021-09-27,-30705000.0,1214526000.0,,327069000.0,887457000.0,,2.449,-47587000.0,131430000.0,131430000.0,133430000.0,45845000.0,1.506,0.995,425336000.0,75177000.0,350159000.0,425336000.0,5218000.0,12839000.0,0.0,0.0,0.0,74220000.0,87059000.0,0.364,87059000.0,74220000.0,71588000.0,0.185,0.18,0.185,608871000.0,,608871000.0,3876670489.0,13.0,11.185,27728000.0,0.112,1.0,105436000.0,0.441,205599000.0,2632000.0,1085618000.0,,7587000.0,0.0,0.0,0.0,605655000.0,217215000.0,388440000.0,3572662489.0,-8682000.0,412000.0,-9737000.0,-18755000.0,0.0,-26570000.0,-58342000.0,-11167000.0,75315000.0,915000.0,45845000.0,45845000.0,45845000.0,0.0,0.0,0.192,31079000.0,74357000.0,112347000.0,0.0,5.868,19.124,19.453,625043000.0,0.0,14.395,3.811,3.818,149554000.0,307543000.0,238866000.0,238866000.0,0.0,,,,,3252000.0,31079000.0,1.0,248187738.0,248604000.0,256946000.0,0.961,1008927000.0,30480000.0,25743000.0,54294000.0,4.058,109854000.0
36,CPRT,MRQ,2012-06-30,2012-07-31,2012-07-31,2021-09-27,-38043000.0,1154000000.0,,321227000.0,832773000.0,,2.225,-26610000.0,140112000.0,140112000.0,127130000.0,44896000.0,1.724,1.057,444120000.0,75170000.0,368950000.0,444120000.0,5390000.0,11851000.0,0.0,0.0,0.0,70591000.0,82442000.0,0.364,82442000.0,70591000.0,67478000.0,0.175,0.175,0.175,561117000.0,,561117000.0,3277277877.0,11.0,9.709,6112000.0,0.024,1.0,99426000.0,0.439,204423000.0,3113000.0,1067266000.0,,8494000.0,0.0,0.0,0.0,592883000.0,186319000.0,406564000.0,3021485877.0,-67022000.0,5657000.0,-60368000.0,-18750000.0,0.0,-77447000.0,-20953000.0,0.0,32722000.0,-1344000.0,44896000.0,44896000.0,44896000.0,0.0,0.0,0.198,29932000.0,69494000.0,102677000.0,0.0,5.385,16.591,16.732,587163000.0,0.0,11.88,3.269,3.294,137900000.0,272961000.0,226556000.0,226556000.0,0.0,,,,,3778000.0,29932000.0,1.0,254333828.0,252196000.0,259670000.0,0.898,949577000.0,28192000.0,22582000.0,32799000.0,3.765,134908000.0
37,CPRT,MRQ,2012-03-31,2012-04-30,2012-04-30,2021-09-27,-27011000.0,1204763000.0,,383375000.0,821388000.0,,2.286,-12840000.0,207134000.0,207134000.0,128836000.0,55471000.0,1.929,1.082,462926000.0,75174000.0,387752000.0,462926000.0,6367000.0,12069000.0,0.0,0.0,0.0,87555000.0,99624000.0,0.408,99624000.0,87555000.0,84547000.0,0.22,0.215,0.22,578732000.0,,578732000.0,3697961036.0,13.0,11.175,93763000.0,0.37,1.0,115269000.0,0.472,207183000.0,3008000.0,1054601000.0,,7458000.0,0.0,0.0,0.0,626031000.0,198771000.0,427260000.0,3343885036.0,79494000.0,0.0,732000.0,-18750000.0,0.0,-16426000.0,-12840000.0,0.0,106603000.0,2157000.0,55471000.0,55471000.0,55471000.0,0.0,0.0,0.227,27325000.0,87944000.0,108592000.0,0.0,5.778,18.813,19.277,574732000.0,0.0,13.205,3.662,3.662,129335000.0,279155000.0,244105000.0,244105000.0,0.0,,,,,3722000.0,27325000.0,1.0,253228704.0,253192000.0,260902000.0,0.964,997580000.0,24684000.0,29076000.0,43249000.0,3.94,184604000.0
38,CPRT,MRQ,2011-12-31,2012-01-31,2012-01-31,2021-09-27,-35912000.0,1139658000.0,,328212000.0,811446000.0,,1.977,-7022000.0,127640000.0,127640000.0,128208000.0,40603000.0,1.763,1.246,481716000.0,75180000.0,406536000.0,481716000.0,6331000.0,12220000.0,0.0,0.0,0.0,65249000.0,77469000.0,0.34,77469000.0,65249000.0,62216000.0,0.16,0.155,0.16,507372000.0,,507372000.0,3350114953.0,12.0,10.316,19139000.0,0.075,1.0,99696000.0,0.437,205138000.0,3033000.0,1102414000.0,,7247000.0,0.0,0.0,0.0,632286000.0,186182000.0,446104000.0,3062067953.0,-85037000.0,-180000.0,-85417000.0,-18750000.0,0.0,-103265000.0,-7202000.0,0.0,26161000.0,-731000.0,40603000.0,40603000.0,40603000.0,0.0,0.0,0.178,36157000.0,63539000.0,100441000.0,0.0,6.035,17.76,18.233,568816000.0,0.0,11.76,3.381,3.332,151903000.0,225513000.0,227904000.0,227904000.0,0.0,,,,,5081000.0,27386000.0,1.0,260379928.0,256612000.0,263180000.0,0.888,934520000.0,21261000.0,21613000.0,37304000.0,3.642,142030000.0
39,CPRT,MRQ,2011-09-30,2011-10-31,2011-10-31,2021-09-27,-27339000.0,1225884000.0,,384271000.0,841613000.0,,2.111,-7092000.0,212677000.0,212677000.0,130401000.0,41149000.0,1.842,1.209,500724000.0,75387000.0,425337000.0,500724000.0,4526000.0,12027000.0,0.0,0.0,0.0,66002000.0,78029000.0,0.346,78029000.0,66002000.0,63815000.0,0.155,0.155,0.155,554845000.0,,554845000.0,3177376015.0,12.0,9.936,57095000.0,0.217,1.0,95225000.0,0.422,208528000.0,2187000.0,1096768000.0,,6433000.0,0.0,0.0,0.0,671039000.0,208635000.0,462404000.0,2875629015.0,138668000.0,0.0,-42624000.0,125000000.0,0.0,82265000.0,-7092000.0,0.0,64187000.0,-692000.0,41149000.0,41149000.0,41149000.0,0.0,0.0,0.182,29849000.0,65376000.0,101489000.0,0.0,5.183,16.945,18.056,594851000.0,0.0,10.887,3.249,3.233,136284000.0,266756000.0,225626000.0,225626000.0,0.0,,,,,4843000.0,29849000.0,1.0,264122068.0,262864000.0,267604000.0,0.858,1017356000.0,13185000.0,22666000.0,56685000.0,3.87,175636000.0
40,CPRT,MRQ,2011-06-30,2011-07-31,2011-07-31,2021-09-27,-23225000.0,1084436000.0,,241868000.0,842568000.0,,2.055,-13449000.0,74009000.0,74009000.0,125856000.0,40521000.0,1.452,0.953,375756000.0,50370000.0,325386000.0,375756000.0,5636000.0,11331000.0,0.0,0.0,0.0,64457000.0,75788000.0,0.352,75788000.0,64457000.0,62644000.0,0.15,0.145,0.15,555172000.0,,555172000.0,3185784776.0,12.0,10.157,28833000.0,0.107,1.0,89586000.0,0.416,211368000.0,1813000.0,1008189000.0,,8016000.0,0.0,0.0,0.0,529264000.0,166626000.0,362638000.0,2989235776.0,-118139000.0,-330000.0,-134112000.0,-12500000.0,0.0,-145990000.0,-13779000.0,0.0,42282000.0,-652000.0,40521000.0,40521000.0,40521000.0,0.0,0.0,0.188,26131000.0,63455000.0,101708000.0,0.0,5.384,17.967,19.75,600388000.0,0.0,10.863,3.427,3.768,122859000.0,264457000.0,215442000.0,215442000.0,0.0,,,,,4192000.0,26131000.0,1.0,275188564.0,270100000.0,276128000.0,0.798,873068000.0,14570000.0,22123000.0,38813000.0,3.232,75242000.0
41,CPRT,MRQ,2011-03-31,2011-04-30,2011-04-30,2021-09-27,-20168000.0,1191312000.0,,353366000.0,837946000.0,,2.315,-14000000.0,192148000.0,192148000.0,127848000.0,50136000.0,2.062,0.843,388697000.0,50745000.0,337952000.0,388697000.0,6189000.0,11274000.0,0.0,0.0,0.0,82182000.0,93456000.0,0.395,93456000.0,82182000.0,80350000.0,0.18,0.175,0.18,646342000.0,,646342000.0,3386916187.0,13.0,11.043,93327000.0,0.334,1.0,108907000.0,0.46,211025000.0,1832000.0,1005430000.0,,6412000.0,0.0,0.0,0.0,544970000.0,171406000.0,373564000.0,3189740187.0,-11806000.0,-34566000.0,-61428000.0,-12500000.0,0.0,-72046000.0,-48566000.0,0.0,107327000.0,1479000.0,50136000.0,50136000.0,50136000.0,0.0,0.0,0.212,26863000.0,82044000.0,104229000.0,0.0,4.935,19.679,21.944,598968000.0,0.0,11.345,3.765,3.739,117534000.0,346868000.0,236755000.0,236755000.0,0.0,,,,,3195000.0,26863000.0,1.0,281158236.0,279226000.0,284130000.0,0.848,980287000.0,15855000.0,30214000.0,44852000.0,3.511,181960000.0
42,CPRT,MRQ,2010-12-31,2011-01-31,2011-01-31,2021-09-27,-29574000.0,1188411000.0,,392353000.0,796058000.0,,1.974,-11046000.0,203954000.0,203954000.0,121475000.0,37893000.0,2.439,0.853,401130000.0,50656000.0,350474000.0,401130000.0,6963000.0,11367000.0,0.0,0.0,0.0,61134000.0,72501000.0,0.35,72501000.0,61134000.0,60717000.0,0.117,0.115,0.117,641334000.0,,641334000.0,2965828622.0,12.0,10.023,4739000.0,0.015,1.0,85905000.0,0.414,188718000.0,417000.0,1035976000.0,,5890000.0,0.0,0.0,0.0,547077000.0,160893000.0,386184000.0,3226298622.0,-56516000.0,-16000.0,-460023000.0,400000000.0,0.0,-61113000.0,-11062000.0,0.0,15785000.0,-126000.0,37893000.0,37893000.0,37893000.0,0.0,0.0,0.183,25710000.0,60195000.0,101428000.0,0.0,5.031,20.637,20.878,575686000.0,0.0,9.812,3.883,3.838,136972000.0,354426000.0,207380000.0,207380000.0,0.0,,,,,3547000.0,25710000.0,1.0,328794764.0,324960000.0,327820000.0,0.638,999693000.0,16562000.0,22824000.0,36334000.0,3.076,231460000.0
43,CPRT,MRQ,2010-09-30,2010-10-31,2010-10-31,2021-09-27,-28483000.0,1210147000.0,,416716000.0,793431000.0,,3.161,-11073000.0,260470000.0,260470000.0,123813000.0,37823000.0,3.585,0.143,0.0,0.0,0.0,0.0,5607000.0,11722000.0,0.0,0.0,0.0,60178000.0,71900000.0,0.338,71900000.0,60178000.0,60163000.0,0.113,0.113,0.113,1059029000.0,,1059029000.0,2588493180.0,11.0,9.018,66465000.0,0.198,1.0,88854000.0,0.418,190414000.0,15000.0,643033000.0,,4350000.0,0.0,0.0,0.0,151118000.0,116230000.0,34888000.0,2856681180.0,-7718000.0,0.0,-75036000.0,0.0,0.0,-74926000.0,-11073000.0,0.0,77538000.0,743000.0,37823000.0,37823000.0,37823000.0,0.0,0.0,0.178,29260000.0,59594000.0,95423000.0,0.0,2.697,18.528,18.523,574880000.0,0.0,8.465,3.57,3.544,117032000.0,726214000.0,212667000.0,212667000.0,0.0,,,,,4526000.0,29260000.0,1.0,337469720.0,334980000.0,337624000.0,0.635,1019733000.0,11755000.0,22340000.0,48582000.0,3.044,300486000.0
44,CPRT,MRQ,2010-06-30,2010-07-31,2010-07-31,2021-09-27,-32741000.0,1228812000.0,,437415000.0,791397000.0,,3.225,-16875000.0,268188000.0,268188000.0,104244000.0,36233000.0,4.079,0.13,975000.0,374000.0,601000.0,975000.0,10642000.0,11151000.0,0.0,0.0,0.0,57701000.0,68852000.0,0.361,68852000.0,57701000.0,57686000.0,0.107,0.105,0.107,1087234000.0,,1087234000.0,2808964667.0,12.0,9.927,8549000.0,0.025,1.0,86224000.0,0.453,188886000.0,15000.0,665489000.0,,4976000.0,0.0,0.0,0.0,141578000.0,107224000.0,34354000.0,3073216667.0,3936000.0,4000.0,-6014000.0,0.0,0.0,-3337000.0,-18171000.0,-1300000.0,25424000.0,20000.0,36233000.0,36233000.0,36233000.0,0.0,0.0,0.19,29004000.0,57220000.0,93740000.0,0.0,2.827,20.268,20.244,573514000.0,0.0,9.11,3.976,3.968,109061000.0,754468000.0,190468000.0,190468000.0,0.0,,,,,1978000.0,29004000.0,1.0,337345408.0,337140000.0,340360000.0,0.565,1039926000.0,21171000.0,21453000.0,35585000.0,3.085,330191000.0
45,CPRT,MRQ,2010-03-31,2010-04-30,2010-04-30,2021-09-27,-35820000.0,1202006000.0,,419683000.0,782323000.0,,3.106,-18352000.0,264252000.0,264252000.0,119851000.0,44390000.0,3.478,0.149,0.0,0.0,0.0,0.0,10819000.0,11013000.0,0.0,0.0,0.0,71622000.0,82635000.0,0.375,82635000.0,71622000.0,71584000.0,0.133,0.13,0.133,1046462000.0,,1046462000.0,2818943759.0,12.0,10.045,72827000.0,0.216,1.0,100498000.0,0.456,187466000.0,38000.0,629612000.0,,4465000.0,0.0,0.0,0.0,155544000.0,120676000.0,34868000.0,3008233759.0,74962000.0,1000.0,1615000.0,0.0,0.0,2132000.0,-18351000.0,0.0,91179000.0,2000.0,44390000.0,44390000.0,44390000.0,0.0,0.0,0.201,28372000.0,72126000.0,102546000.0,0.0,2.875,20.052,20.051,563364000.0,0.0,8.922,3.923,3.92,102093000.0,726345000.0,220349000.0,220349000.0,0.0,,,,,3900000.0,28372000.0,1.0,337151444.0,336896000.0,340592000.0,0.654,1014540000.0,18948000.0,27194000.0,40462000.0,3.011,299007000.0
46,CPRT,MRQ,2009-12-31,2010-01-31,2010-01-31,2021-09-27,-29939000.0,1147889000.0,,365108000.0,782781000.0,,2.977,-15229000.0,189290000.0,189290000.0,97914000.0,35733000.0,3.27,0.146,0.0,0.0,0.0,0.0,12917000.0,10464000.0,0.0,0.0,0.0,53193000.0,63657000.0,0.36,63657000.0,53193000.0,53172000.0,0.105,0.105,0.105,1001423000.0,,1001423000.0,2622606635.0,11.0,9.503,-10116000.0,-0.03,1.0,78687000.0,0.446,191991000.0,21000.0,654962000.0,,4240000.0,0.0,0.0,0.0,146466000.0,111646000.0,34820000.0,2840885635.0,-28989000.0,-21367000.0,2528000.0,0.0,0.0,2548000.0,-36596000.0,0.0,5113000.0,-54000.0,35733000.0,35733000.0,35733000.0,0.0,0.0,0.202,25455000.0,53232000.0,92061000.0,0.0,2.837,19.234,19.269,558302000.0,0.0,8.44,3.82,3.818,121753000.0,681956000.0,176601000.0,176601000.0,0.0,,,,,4578000.0,25455000.0,1.0,336597824.0,336432000.0,339708000.0,0.525,955898000.0,22185000.0,17439000.0,39604000.0,2.841,253462000.0
47,CPRT,MRQ,2009-09-30,2009-10-31,2009-10-31,2021-09-27,-25542000.0,1123340000.0,,366480000.0,756860000.0,,2.864,-22907000.0,218279000.0,218279000.0,102876000.0,35270000.0,2.9,0.167,0.0,0.0,0.0,0.0,12299000.0,10614000.0,0.0,0.0,0.0,57194000.0,67808000.0,0.366,67808000.0,57194000.0,57052000.0,0.105,0.105,0.105,962936000.0,,962936000.0,2542230575.0,11.0,9.534,54784000.0,0.163,1.0,82585000.0,0.445,201015000.0,142000.0,577674000.0,,4411000.0,0.0,0.0,0.0,160404000.0,126372000.0,34032000.0,2704921575.0,55588000.0,0.0,-2506000.0,0.0,0.0,-77000.0,-22907000.0,0.0,77691000.0,881000.0,35270000.0,35270000.0,35270000.0,0.0,0.0,0.19,26093000.0,56492000.0,93636000.0,0.0,2.809,19.444,19.38,546088000.0,0.0,8.043,3.67,3.669,109715000.0,646221000.0,185461000.0,185461000.0,0.0,,,,,1856000.0,26093000.0,1.0,336328452.0,336180000.0,339792000.0,0.552,922325000.0,9757000.0,21782000.0,52426000.0,2.744,240108000.0
48,CPRT,MRQ,2009-06-30,2009-07-31,2009-07-31,2021-09-27,-27082000.0,1058032000.0,,315933000.0,742099000.0,,2.749,-7931000.0,162691000.0,162691000.0,104402000.0,34627000.0,3.05,0.148,0.0,0.0,0.0,0.0,13165000.0,10058000.0,0.0,0.0,0.0,56482000.0,66540000.0,0.361,66540000.0,56482000.0,56335000.0,0.102,0.102,0.102,921459000.0,,921459000.0,2851425532.0,12.0,10.525,40851000.0,0.122,1.0,79930000.0,0.434,181539000.0,147000.0,610218000.0,,4667000.0,0.0,0.0,0.0,136573000.0,103584000.0,32989000.0,2970388532.0,43728000.0,-73000.0,-850000.0,0.0,0.0,2610000.0,-8004000.0,0.0,48782000.0,340000.0,34627000.0,34627000.0,34627000.0,0.0,0.0,0.188,24541000.0,55389000.0,82773000.0,0.0,3.224,21.051,20.918,530886000.0,0.0,8.828,3.997,3.97,109248000.0,614101000.0,184332000.0,184332000.0,0.0,,,,,4751000.0,24541000.0,1.0,336492612.0,335180000.0,339444000.0,0.55,876493000.0,13185000.0,21708000.0,38480000.0,2.615,212349000.0
49,CPRT,MRQ,2009-03-31,2009-04-30,2009-04-30,2021-09-27,-41381000.0,1005986000.0,,274505000.0,731481000.0,,2.588,-11785000.0,118963000.0,118963000.0,111859000.0,42069000.0,2.549,0.162,0.0,0.0,0.0,0.0,14425000.0,10462000.0,0.0,0.0,0.0,67519000.0,77981000.0,0.395,77981000.0,67519000.0,67453000.0,0.125,0.125,0.125,865691000.0,,865691000.0,2613781251.0,11.0,9.215,97972000.0,0.293,1.0,85467000.0,0.433,198174000.0,66000.0,581170000.0,,3784000.0,0.0,0.0,0.0,140295000.0,107679000.0,32616000.0,2626320251.0,96514000.0,73000.0,381000.0,-9910000.0,0.0,-13430000.0,288000.0,12000000.0,109757000.0,-101000.0,42069000.0,42069000.0,42069000.0,-1557000.0,0.0,0.213,20587000.0,64880000.0,77646000.0,0.0,3.034,17.83,17.835,524184000.0,0.0,7.848,3.433,3.431,107472000.0,582818000.0,197326000.0,197326000.0,0.0,,,,,1910000.0,20587000.0,1.0,334669672.0,334524000.0,339128000.0,0.59,807812000.0,17691000.0,25384000.0,46096000.0,2.415,166826000.0
50,CPRT,MRQ,2008-12-31,2009-01-31,2009-01-31,2021-09-27,-44736000.0,955666000.0,,227628000.0,728038000.0,,2.462,-23153000.0,22449000.0,22449000.0,102563000.0,27150000.0,2.099,0.163,9910000.0,9910000.0,0.0,9910000.0,16315000.0,10125000.0,0.0,0.0,0.0,44205000.0,54330000.0,0.32,54330000.0,44205000.0,44178000.0,0.083,0.08,0.083,821751000.0,,821751000.0,1964502724.0,8.0,6.864,-30717000.0,-0.092,1.0,67292000.0,0.396,197114000.0,27000.0,637548000.0,,4212000.0,0.0,0.0,0.0,133915000.0,108465000.0,25450000.0,2007693724.0,-28321000.0,0.0,-4859000.0,2331000.0,0.0,2429000.0,-23153000.0,0.0,-7564000.0,-33000.0,27150000.0,27150000.0,27150000.0,0.0,0.0,0.16,21723000.0,45569000.0,75082000.0,0.0,2.443,13.234,13.443,520636000.0,0.0,6.022,2.545,2.548,137810000.0,540749000.0,169855000.0,169855000.0,0.0,,,,,-3264000.0,21723000.0,1.0,333365500.0,333772000.0,336824000.0,0.509,758552000.0,30823000.0,17028000.0,30061000.0,2.273,119163000.0
51,CPRT,MRQ,2008-09-30,2008-10-31,2008-10-31,2021-09-27,-30460000.0,949562000.0,,220884000.0,728678000.0,,2.423,-29035000.0,50770000.0,50770000.0,111999000.0,37254000.0,1.923,0.176,7579000.0,7579000.0,0.0,7579000.0,15409000.0,10709000.0,0.0,0.0,0.0,61354000.0,72063000.0,0.376,72063000.0,61354000.0,61320000.0,0.113,0.11,0.113,807128000.0,,807128000.0,2885156040.0,11.0,9.828,23329000.0,0.07,1.0,79570000.0,0.415,207760000.0,34000.0,583748000.0,,4329000.0,0.0,0.0,0.0,142434000.0,114863000.0,27571000.0,2906608040.0,11816000.0,0.0,620000.0,-9923000.0,0.0,-9249000.0,-29035000.0,0.0,52364000.0,-2264000.0,37254000.0,37254000.0,37254000.0,0.0,0.0,0.194,20085000.0,59485000.0,77329000.0,0.0,3.601,18.563,19.176,514908000.0,0.0,8.725,3.668,3.668,118508000.0,518744000.0,191569000.0,191569000.0,0.0,,,,,1446000.0,20085000.0,1.0,333135592.0,333132000.0,341280000.0,0.575,741802000.0,13274000.0,24066000.0,39288000.0,2.227,106021000.0
52,CPRT,MRQ,2008-06-30,2008-07-31,2008-07-31,2021-09-27,833000.0,956247000.0,,212753000.0,743494000.0,,2.345,-22552000.0,38954000.0,38954000.0,119189000.0,40821000.0,1.659,0.197,17502000.0,17502000.0,0.0,17502000.0,14518000.0,11048000.0,0.0,0.0,0.0,68231000.0,79279000.0,0.384,79279000.0,68231000.0,68022000.0,0.12,0.117,0.12,798996000.0,,798996000.0,3678071599.0,15.0,12.568,31064000.0,0.091,1.0,87093000.0,0.422,226216000.0,209000.0,580327000.0,,5334000.0,0.0,0.0,0.0,157251000.0,128252000.0,28999000.0,3774416599.0,-58210000.0,-332000.0,-116407000.0,16683000.0,0.0,-88853000.0,-22884000.0,9148000.0,53616000.0,-89000.0,40821000.0,40821000.0,40821000.0,0.0,0.0,0.198,21721000.0,65372000.0,88883000.0,0.0,4.724,24.051,24.367,510340000.0,0.0,10.965,4.809,4.885,111705000.0,481490000.0,206282000.0,206282000.0,0.0,,,,,-9569000.0,21721000.0,1.0,344224040.0,340684000.0,347708000.0,0.605,730031000.0,25979000.0,27201000.0,33036000.0,2.143,84501000.0
53,CPRT,MRQ,2008-03-31,2008-04-30,2008-04-30,2021-09-27,1074000.0,1008261000.0,,271521000.0,736740000.0,,2.475,-28176000.0,96345000.0,96345000.0,132984000.0,46477000.0,2.106,0.169,0.0,0.0,0.0,0.0,15457000.0,9670000.0,0.0,0.0,0.0,70874000.0,80544000.0,0.364,80544000.0,70874000.0,70874000.0,0.133,0.13,0.133,862650000.0,,862650000.0,3431483701.0,14.0,12.162,57776000.0,0.166,1.0,88166000.0,0.399,224326000.0,0.0,558680000.0,,6851000.0,0.0,0.0,0.0,145611000.0,128910000.0,16701000.0,3604708701.0,-87507000.0,-28012000.0,-106794000.0,-10627000.0,0.0,-117255000.0,-56188000.0,0.0,85952000.0,-16000.0,46477000.0,46477000.0,46477000.0,0.0,0.0,0.21,19482000.0,68684000.0,99207000.0,0.0,4.179,23.584,23.929,498248000.0,0.0,10.217,4.921,4.861,129526000.0,782782000.0,221150000.0,221150000.0,0.0,,,,,1319000.0,19482000.0,1.0,352797524.0,348476000.0,358828000.0,0.635,783935000.0,14166000.0,24397000.0,26934000.0,2.25,142611000.0
54,CPRT,MRQ,2007-12-31,2008-01-31,2008-01-31,2021-09-27,1600000.0,1052903000.0,,361618000.0,691285000.0,,2.595,-35602000.0,173225000.0,173225000.0,104851000.0,32026000.0,3.2,0.142,0.0,0.0,0.0,0.0,16033000.0,11082000.0,0.0,0.0,0.0,50589000.0,61671000.0,0.356,61671000.0,50589000.0,50589000.0,0.09,0.087,0.09,921843000.0,,921843000.0,3390713378.0,15.0,12.427,-36799000.0,-0.104,1.0,68608000.0,0.396,219844000.0,0.0,546820000.0,,7356000.0,0.0,0.0,0.0,131060000.0,113014000.0,18046000.0,3640567378.0,-72655000.0,201000.0,-39171000.0,3974000.0,0.0,-34832000.0,-35401000.0,0.0,-1197000.0,-1225000.0,32026000.0,32026000.0,32026000.0,0.0,0.0,0.185,21373000.0,47235000.0,90934000.0,0.0,3.949,25.066,25.423,459321000.0,0.0,10.22,5.541,5.525,137286000.0,736306000.0,173459000.0,173459000.0,0.0,,,,,-4397000.0,21373000.0,1.0,356219900.0,355208000.0,365332000.0,0.488,833059000.0,13820000.0,18563000.0,19139000.0,2.345,248604000.0
55,CPRT,MRQ,2007-09-30,2007-10-31,2007-10-31,2021-09-27,8581000.0,1077687000.0,,407509000.0,670178000.0,,2.637,-19814000.0,249854000.0,249854000.0,105565000.0,37610000.0,3.257,0.154,0.0,0.0,0.0,0.0,14159000.0,11004000.0,0.0,0.0,0.0,60166000.0,71170000.0,0.387,71170000.0,60166000.0,60166000.0,0.105,0.102,0.105,934098000.0,,934098000.0,3283642438.0,14.0,12.222,35878000.0,0.101,1.0,78392000.0,0.426,222339000.0,0.0,480392000.0,,7772000.0,0.0,0.0,0.0,143589000.0,125102000.0,18487000.0,3391155438.0,149705000.0,-10086000.0,7507000.0,-1784000.0,0.0,11263000.0,81873000.0,102625000.0,55692000.0,877000.0,37610000.0,37610000.0,37610000.0,0.0,0.0,0.204,21765000.0,56627000.0,80308000.0,0.0,3.63,23.615,24.291,435754000.0,0.0,9.595,5.536,5.549,114888000.0,704282000.0,183957000.0,183957000.0,0.0,,,,,2061000.0,21765000.0,1.0,353429436.0,354232000.0,362744000.0,0.519,855348000.0,12085000.0,22556000.0,44809000.0,2.415,282407000.0
56,CPRT,MRQ,2007-06-30,2007-07-31,2007-07-31,2021-09-27,4447000.0,1014600000.0,,363708000.0,650892000.0,,2.444,-7749000.0,116769000.0,116769000.0,82465000.0,36735000.0,3.139,0.152,9256000.0,9256000.0,0.0,9256000.0,13897000.0,10329000.0,0.0,0.0,0.0,58433000.0,68762000.0,0.447,68762000.0,58433000.0,58350000.0,0.1,0.1,0.1,880866000.0,,880866000.0,2320337762.0,11.0,9.114,47039000.0,0.131,1.0,71517000.0,0.464,213295000.0,83000.0,577934000.0,,5999000.0,102625000.0,102625000.0,0.0,133734000.0,115858000.0,17876000.0,2569016762.0,-17693000.0,-120014000.0,-88645000.0,2688000.0,0.0,-87173000.0,14449000.0,142212000.0,54788000.0,243000.0,36735000.0,36735000.0,36735000.0,0.0,0.0,0.239,17657000.0,53860000.0,85082000.0,0.0,2.916,18.843,18.76,420664000.0,0.0,7.035,4.582,4.55,109895000.0,670293000.0,153982000.0,153982000.0,0.0,,,,,-2991000.0,17657000.0,1.0,365176512.0,360384000.0,371672000.0,0.427,801305000.0,10993000.0,21615000.0,21147000.0,2.223,247850000.0
57,CPRT,MRQ,2007-03-31,2007-04-30,2007-04-30,2021-09-27,464000.0,1015033000.0,,387094000.0,627939000.0,,2.545,-10971000.0,248679000.0,248679000.0,72665000.0,38867000.0,4.591,0.092,0.0,0.0,0.0,0.0,14342000.0,9221000.0,0.0,0.0,0.0,62025000.0,71246000.0,0.489,71246000.0,62025000.0,62025000.0,0.107,0.102,0.107,929178000.0,,929178000.0,2521171326.0,12.0,10.465,54680000.0,0.15,1.0,72987000.0,0.501,136641000.0,0.0,545393000.0,,0.0,128335000.0,128335000.0,0.0,85855000.0,84320000.0,1535000.0,2645224326.0,-3274000.0,0.0,1419000.0,0.0,0.0,2046000.0,-71321000.0,-60350000.0,65651000.0,350000.0,38867000.0,38867000.0,38867000.0,0.0,0.0,0.267,15758000.0,57229000.0,62967000.0,0.0,2.847,20.165,19.959,355309000.0,0.0,7.245,4.863,4.863,105694000.0,633558000.0,145652000.0,145652000.0,0.0,,,,,910000.0,15758000.0,1.0,365110328.0,365084000.0,375140000.0,0.399,878392000.0,8089000.0,23158000.0,7011000.0,2.406,302774000.0
58,CPRT,MRQ,2006-12-31,2007-01-31,2007-01-31,2021-09-27,-105000.0,969027000.0,,472622000.0,496405000.0,,2.443,-13440000.0,124053000.0,124053000.0,68536000.0,30392000.0,5.854,0.093,0.0,0.0,0.0,0.0,14728000.0,8799000.0,0.0,0.0,0.0,48692000.0,57491000.0,0.446,57491000.0,48692000.0,48692000.0,0.083,0.08,0.083,886785000.0,,886785000.0,2540029464.0,13.0,10.901,-5814000.0,-0.016,1.0,60389000.0,0.468,136836000.0,0.0,627398000.0,,0.0,195885000.0,195885000.0,0.0,82242000.0,80740000.0,1502000.0,2666674464.0,-2592000.0,0.0,8477000.0,0.0,0.0,12310000.0,-22270000.0,-8830000.0,7626000.0,-258000.0,30392000.0,30392000.0,30392000.0,0.0,0.0,0.236,15225000.0,45164000.0,58787000.0,0.0,3.007,20.994,21.029,352385000.0,0.0,7.36,4.868,4.877,112174000.0,594690000.0,128925000.0,128925000.0,0.0,,,,,837000.0,15225000.0,1.0,362319900.0,363008000.0,374728000.0,0.355,832191000.0,12524000.0,18300000.0,7225000.0,2.292,391882000.0
59,CPRT,MRQ,2006-09-30,2006-10-31,2006-10-31,2021-09-27,322000.0,939027000.0,,447206000.0,491821000.0,,2.331,-18089000.0,126645000.0,126645000.0,70231000.0,30345000.0,4.762,0.113,0.0,0.0,0.0,0.0,14372000.0,8740000.0,0.0,0.0,0.0,48355000.0,57095000.0,0.432,57095000.0,48355000.0,48355000.0,0.085,0.08,0.085,843675000.0,,843675000.0,2493114886.0,15.0,12.241,35899000.0,0.099,1.0,61890000.0,0.468,137356000.0,0.0,581108000.0,,0.0,187055000.0,187055000.0,0.0,95352000.0,93918000.0,1434000.0,2619704886.0,55000.0,0.0,1577000.0,0.0,0.0,2153000.0,-56419000.0,-38330000.0,53988000.0,333000.0,30345000.0,30345000.0,30345000.0,0.0,0.0,0.23,14997000.0,46893000.0,56979000.0,0.0,3.105,25.074,24.94,348218000.0,0.0,7.232,4.816,4.813,100375000.0,564300000.0,132121000.0,132121000.0,0.0,,,,,848000.0,14997000.0,1.0,362212912.0,362000000.0,373500000.0,0.365,801671000.0,6247000.0,18010000.0,22441000.0,2.215,353288000.0
60,CPRT,MRQ,2006-06-30,2006-07-31,2006-07-31,2021-09-27,-37000.0,894705000.0,,411350000.0,483355000.0,,2.24,-5698000.0,126590000.0,126590000.0,74244000.0,31573000.0,4.936,0.105,0.0,0.0,0.0,0.0,15372000.0,8536000.0,0.0,0.0,0.0,46557000.0,55093000.0,0.401,55093000.0,46557000.0,46485000.0,0.088,0.085,0.088,809970000.0,,809970000.0,2283672918.0,14.0,11.998,43092000.0,0.119,1.0,62976000.0,0.459,136275000.0,72000.0,548507000.0,,971000.0,148725000.0,148725000.0,0.0,84735000.0,83333000.0,1402000.0,2407684918.0,6018000.0,-22934000.0,1564000.0,4180000.0,0.0,6839000.0,-49307000.0,-20825000.0,48790000.0,-304000.0,31573000.0,31573000.0,31573000.0,-784000.0,0.0,0.23,15779000.0,47197000.0,60770000.0,0.0,2.973,24.835,24.851,341943000.0,0.0,6.66,4.555,4.555,99959000.0,533955000.0,137220000.0,137220000.0,0.0,,,,,1048000.0,15779000.0,1.0,361514252.0,361632000.0,372204000.0,0.379,758430000.0,7201000.0,14912000.0,7191000.0,2.097,328017000.0
61,CPRT,MRQ,2006-03-31,2006-04-30,2006-04-30,2021-09-27,280000.0,869863000.0,,407695000.0,462168000.0,,2.146,-18664000.0,124012000.0,124012000.0,80048000.0,34710000.0,4.352,0.122,0.0,0.0,0.0,0.0,20729000.0,8103000.0,0.0,0.0,0.0,55219000.0,63322000.0,0.424,63322000.0,55219000.0,55219000.0,0.095,0.092,0.095,775006000.0,,775006000.0,2327159418.0,15.0,12.787,47726000.0,0.132,1.0,69464000.0,0.465,135353000.0,0.0,516815000.0,,0.0,127900000.0,127900000.0,0.0,94857000.0,93683000.0,1174000.0,2423987418.0,27184000.0,42000.0,1558000.0,0.0,0.0,1923000.0,-41000000.0,-22400000.0,66390000.0,-129000.0,34710000.0,34710000.0,34710000.0,-1530000.0,0.0,0.232,16113000.0,53351000.0,62687000.0,0.0,3.128,26.824,27.176,320886000.0,0.0,6.713,4.829,4.83,112845000.0,502382000.0,149512000.0,149512000.0,0.0,,,,,861000.0,16113000.0,1.0,361115444.0,361172000.0,371536000.0,0.414,734510000.0,5929000.0,20509000.0,10141000.0,2.034,314012000.0
62,CPRT,MRQ,2005-12-31,2006-01-31,2006-01-31,2021-09-27,382000.0,828368000.0,,381932000.0,446436000.0,,2.04,-36499000.0,96828000.0,96828000.0,74524000.0,7853000.0,4.264,0.123,0.0,0.0,0.0,0.0,23214000.0,7708000.0,0.0,0.0,0.0,20459000.0,28167000.0,0.225,28167000.0,20459000.0,20459000.0,0.022,0.02,0.022,737616000.0,,737616000.0,2173550863.0,15.0,12.292,-40840000.0,-0.113,1.0,50575000.0,0.404,129341000.0,0.0,512620000.0,,0.0,105500000.0,105500000.0,0.0,90752000.0,89579000.0,1173000.0,2279318863.0,-8940000.0,-5976000.0,-6644000.0,0.0,0.0,-6306000.0,1733000.0,44220000.0,-4341000.0,-26000.0,7853000.0,7853000.0,7853000.0,18265000.0,0.0,0.063,13560000.0,37015000.0,58308000.0,0.0,3.09,26.332,26.572,310938000.0,0.0,6.298,4.747,4.742,123896000.0,467674000.0,125099000.0,125099000.0,0.0,,,,,898000.0,13560000.0,1.0,361940272.0,361604000.0,370544000.0,0.346,699027000.0,6157000.0,12606000.0,7931000.0,1.933,292353000.0
63,CPRT,MRQ,2005-09-30,2005-10-31,2005-10-31,2021-09-27,368000.0,834562000.0,,388511000.0,446051000.0,,2.033,-26619000.0,105768000.0,105768000.0,69207000.0,22813000.0,3.952,0.135,0.0,0.0,0.0,0.0,14989000.0,7109000.0,0.0,0.0,0.0,36559000.0,43668000.0,0.374,43668000.0,36559000.0,36559000.0,0.062,0.062,0.062,735157000.0,,735157000.0,1860507103.0,11.0,9.565,3746000.0,0.01,1.0,47532000.0,0.407,138458000.0,0.0,492025000.0,,0.0,149720000.0,149720000.0,0.0,99405000.0,98311000.0,1094000.0,2113055103.0,-146780000.0,-3000000.0,1710000.0,0.0,0.0,2229000.0,-179341000.0,-149720000.0,30365000.0,-33000.0,22813000.0,22813000.0,22813000.0,-147000.0,0.0,0.195,13533000.0,33999000.0,62247000.0,0.0,2.874,20.664,20.857,306917000.0,0.0,5.84,4.566,4.562,92194000.0,459821000.0,116739000.0,116739000.0,0.0,,,,,723000.0,13533000.0,1.0,361824504.0,361540000.0,370920000.0,0.323,696104000.0,676000.0,13746000.0,20942000.0,1.925,290200000.0
64,CPRT,MRQ,2005-06-30,2005-07-31,2005-07-31,2021-09-27,354000.0,793528000.0,,373807000.0,419721000.0,,1.965,-20558000.0,252548000.0,252548000.0,59300000.0,24989000.0,4.666,0.119,0.0,0.0,0.0,0.0,12477000.0,6840000.0,0.0,0.0,0.0,39994000.0,46834000.0,0.424,46834000.0,39994000.0,39932000.0,0.067,0.068,0.067,709379000.0,,709379000.0,1963394086.0,12.0,10.047,12347000.0,0.034,1.0,51275000.0,0.464,124451000.0,62000.0,336418000.0,,0.0,0.0,0.0,0.0,84149000.0,80111000.0,4038000.0,2207297086.0,8645000.0,-4543000.0,1491000.0,5000.0,0.0,836000.0,-25109000.0,0.0,32905000.0,13000.0,24989000.0,24989000.0,24989000.0,108000.0,0.0,0.226,13674000.0,37601000.0,56965000.0,0.0,3.112,21.616,21.684,295270000.0,0.0,6.115,4.93,4.926,89002000.0,437008000.0,110575000.0,110575000.0,0.0,,,,,411000.0,13674000.0,1.0,360964364.0,361068000.0,372572000.0,0.306,669077000.0,0.0,14943000.0,13421000.0,1.853,293696000.0
65,CPRT,MRQ,2005-03-31,2005-04-30,2005-04-30,2021-09-27,308000.0,770215000.0,,370343000.0,399872000.0,,1.891,-19602000.0,243903000.0,243903000.0,68833000.0,30905000.0,4.689,0.129,0.0,0.0,0.0,0.0,12742000.0,8592000.0,0.0,0.0,0.0,49563000.0,58155000.0,0.455,58155000.0,49563000.0,49563000.0,0.085,0.083,0.085,682008000.0,,682008000.0,1956108497.0,12.0,10.259,36627000.0,0.102,1.0,58939000.0,0.461,124322000.0,0.0,323006000.0,,0.0,0.0,0.0,0.0,88207000.0,78984000.0,9223000.0,1955084297.0,243903000.0,0.0,528000.0,-871000.0,0.0,50000.0,187553000.0,207175000.0,56229000.0,71000.0,30905000.0,30905000.0,30905000.0,-192000.0,0.0,0.242,11483000.0,47456000.0,50421000.0,0.0,2.867,19.833,19.853,275598000.0,0.0,5.42,4.548,4.548,94348000.0,412019000.0,127772000.0,127772000.0,0.0,,,,,0.0,11483000.0,1.0,360716660.0,360716000.0,372400000.0,0.354,645893000.0,0.0,18658000.0,23640000.0,1.791,291359000.0
66,CPRT,MRQ,2004-12-31,2005-01-31,2005-01-31,2021-09-27,252500.0,732089900.0,,343037000.0,389052900.0,,1.803,-12275000.0,0.0,0.0,60032000.0,23553000.0,4.587,0.126,1024200.0,1019300.0,4900.0,1024200.0,13880200.0,7429000.0,0.0,0.0,0.0,38430000.0,45859000.0,0.426,45859000.0,38430000.0,38430000.0,0.065,0.062,0.065,650126500.0,,650126500.0,1870622669.0,12.0,10.35,5024000.0,0.014,1.0,47669000.0,0.443,121445000.0,0.0,536882700.0,,0.0,207175000.0,207175000.0,0.0,81963400.0,74786400.0,7177000.0,2070649369.0,-3816000.0,0.0,1005000.0,866000.0,0.0,2138000.0,-23253000.0,-10950000.0,17299000.0,0.0,23553000.0,23553000.0,23553000.0,-87000.0,0.0,0.219,11169000.0,36500000.0,48129400.0,0.0,3.185,22.353,22.267,268086400.0,0.0,5.745,4.945,4.946,99705900.0,381114500.0,107701000.0,107701000.0,0.0,,,,,0.0,11169000.0,1.0,360426348.0,360492000.0,372484000.0,0.299,610644900.0,0.0,14877000.0,17848800.0,1.694,268250600.0
67,CPRT,MRQ,2004-09-30,2004-10-31,2004-10-31,2021-09-27,271000.0,707510400.0,,323801000.0,383709400.0,,1.736,-8118000.0,200041300.0,200041300.0,59381000.0,22670000.0,4.459,0.131,14600.0,7600.0,7000.0,14600.0,11351800.0,7605000.0,0.0,0.0,0.0,37042000.0,44647000.0,0.429,44647000.0,37042000.0,37042000.0,0.062,0.06,0.062,625371000.0,,625371000.0,1495463063.0,11.0,8.712,21440000.0,0.06,1.0,44729000.0,0.43,122049400.0,0.0,312812600.0,,0.0,0.0,0.0,0.0,82139400.0,72621700.0,9517700.0,1673766963.0,-1904000.0,0.0,211000.0,0.0,0.0,211000.0,-31743000.0,-23625000.0,29558000.0,70000.0,22670000.0,22670000.0,22670000.0,0.0,0.0,0.218,9661000.0,35068000.0,41915200.0,0.0,2.676,19.361,19.194,262948900.0,0.0,4.645,4.147,4.146,90710100.0,357561900.0,104110000.0,104110000.0,0.0,,,,,0.0,9661000.0,1.0,360337344.0,360324000.0,370536000.0,0.289,585461000.0,0.0,14372000.0,27569300.0,1.625,251179300.0
68,CPRT,MRQ,2004-06-30,2004-07-31,2004-07-31,2021-09-27,95000.0,673023000.0,,293111000.0,379912000.0,,1.674,-10808000.0,5720000.0,5720000.0,67966000.0,21449000.0,4.636,0.117,0.0,0.0,0.0,0.0,9721000.0,6516000.0,0.0,0.0,0.0,35500000.0,42016000.0,0.465,42016000.0,35500000.0,35497000.0,0.06,0.06,0.06,602263000.0,,602263000.0,1836493474.0,14.0,11.492,12723000.0,0.035,1.0,22328000.0,0.247,122245000.0,3000.0,481835000.0,,0.0,172600000.0,172600000.0,0.0,70760000.0,63223000.0,7537000.0,2002114674.0,431000.0,-713000.0,3120000.0,0.0,0.0,3120000.0,-26343000.0,-12250000.0,23531000.0,123000.0,21449000.0,21449000.0,21449000.0,-228000.0,0.0,0.238,-11429000.0,33757000.0,44080000.0,0.0,3.324,25.273,24.944,261422000.0,0.0,5.562,5.12,5.09,81633000.0,334892000.0,90294000.0,90294000.0,0.0,,,,,0.0,11704000.0,1.0,359930728.0,359760000.0,369760000.0,0.251,550778000.0,0.0,14048000.0,15612000.0,1.531,229888000.0
69,CPRT,MRQ,2004-03-31,2004-04-30,2004-04-30,2021-09-27,-28300.0,658789500.0,,291951700.0,366837800.0,,1.612,-2066300.0,165639100.0,165639100.0,58053000.0,24964000.0,3.977,0.143,17900.0,7100.0,10800.0,17900.0,9888900.0,7651900.0,0.0,0.0,0.0,40554000.0,48205900.0,0.413,48205900.0,40554000.0,40554000.0,0.07,0.068,0.07,576155200.0,,576155200.0,1583981700.0,14.0,10.804,57948500.0,0.162,1.0,58565000.0,0.502,115237900.0,0.0,304514900.0,,0.0,0.0,0.0,0.0,82634300.0,73415500.0,9218800.0,1689540500.0,-2564000.0,0.0,2038100.0,87800.0,0.0,2125900.0,-64691300.0,-62625000.0,60014800.0,-13400.0,24964000.0,24964000.0,24964000.0,0.0,0.0,0.214,18167000.0,40398000.0,47343600.0,0.0,2.932,23.827,23.688,258163500.0,0.0,4.737,4.355,4.366,84391400.0,313442900.0,116618000.0,116618000.0,0.0,,,,,0.0,10515000.0,1.0,356631240.0,357492000.0,367896000.0,0.326,543551600.0,0.0,15590000.0,24031900.0,1.52,218536200.0
70,CPRT,MRQ,2003-12-31,2004-01-31,2004-01-31,2021-09-27,-14600.0,619413600.0,,249906300.0,369507300.0,,1.543,-21176700.0,105578400.0,105578400.0,50142200.0,17367800.0,4.122,0.127,19600.0,6900.0,12700.0,19600.0,11882400.0,8081500.0,0.0,0.0,0.0,28707700.0,36789200.0,0.397,36789200.0,28707700.0,28707700.0,0.05,0.048,0.05,549559400.0,,549559400.0,1379690607.0,14.0,10.59,-14890700.0,-0.042,1.0,42492700.0,0.459,115676800.0,0.0,337552300.0,,0.0,0.0,0.0,0.0,69854200.0,60625700.0,9228500.0,1499132907.0,-255100.0,0.0,1086400.0,-1600.0,0.0,1084800.0,-7546700.0,13630000.0,6286000.0,-79200.0,17367800.0,17367800.0,17367800.0,0.0,0.0,0.187,16672600.0,25820100.0,39941700.0,0.0,2.728,24.429,24.35,263870800.0,0.0,4.213,4.104,4.107,94915800.0,288280800.0,92634900.0,92634900.0,0.0,,,,,0.0,8591100.0,1.0,355877248.0,356095200.0,365939600.0,0.26,503736800.0,0.0,11339900.0,16646000.0,1.415,189280600.0
71,CPRT,MRQ,2003-09-30,2003-10-31,2003-10-31,2021-09-27,64600.0,598570100.0,,233983900.0,364586200.0,,1.482,-11845000.0,119463500.0,119463500.0,51661900.0,15241100.0,3.987,0.128,21200.0,6700.0,14500.0,21200.0,10715500.0,7399600.0,0.0,0.0,0.0,25193500.0,32593100.0,0.356,32593100.0,25193500.0,25191900.0,0.043,0.043,0.043,530618400.0,,530618400.0,992134941.0,10.0,8.107,13433200.0,0.038,1.0,39804700.0,0.435,116093100.0,1600.0,304348100.0,,0.0,0.0,0.0,0.0,67951700.0,58686600.0,9265100.0,1108773941.0,2717100.0,-154000.0,-10540500.0,-86200.0,0.0,-10626700.0,-11999000.0,0.0,25278200.0,64600.0,15241100.0,15241100.0,15241100.0,0.0,0.0,0.167,15517600.0,24287100.0,38826800.0,0.0,2.09,19.197,19.484,248493100.0,0.0,3.118,3.12,3.14,78888600.0,270912900.0,91466600.0,91466600.0,0.0,,,,,0.0,8118000.0,1.0,355661248.0,357968800.0,364732800.0,0.256,482477000.0,0.0,9950800.0,16988900.0,1.348,175297300.0
72,CPRT,MRQ,2003-06-30,2003-07-31,2003-07-31,2021-09-27,0.0,587100400.0,,221089000.0,366011400.0,,1.463,-8671600.0,116746400.0,116746400.0,73314400.0,13336200.0,4.08,0.117,107400.0,91200.0,16200.0,107400.0,9707500.0,7152700.0,0.0,0.0,0.0,21866500.0,29019200.0,0.333,29019200.0,21866500.0,21863100.0,0.038,0.038,0.038,525639500.0,,525639500.0,731485801.0,8.0,6.109,4880400.0,0.014,1.0,13901600.0,0.159,121650300.0,3400.0,294627400.0,,0.0,0.0,0.0,0.0,61460900.0,54183700.0,7277200.0,842191001.0,27183700.0,191600.0,533000.0,-3240300.0,0.0,-2707300.0,16339000.0,24819000.0,13552000.0,0.0,13336200.0,13336200.0,13336200.0,0.0,0.0,0.153,-7109500.0,21011100.0,38309200.0,0.0,1.602,14.718,14.842,244361100.0,0.0,2.345,2.424,2.468,71552900.0,255671800.0,87216000.0,87216000.0,0.0,,,,,0.0,11282800.0,1.0,359143284.0,359190400.0,365256000.0,0.243,465450100.0,4017900.0,8526900.0,11915500.0,1.296,166905300.0
73,CPRT,MRQ,2003-03-31,2003-04-30,2003-04-30,2021-09-27,0.0,571578600.0,,212175400.0,359403200.0,,1.402,-7648700.0,110897400.0,110897400.0,55012300.0,15422800.0,3.933,0.118,192200.0,174300.0,17900.0,192200.0,8957600.0,6398300.0,0.0,0.0,0.0,25485300.0,31883600.0,0.339,31883600.0,25485300.0,25480800.0,0.043,0.043,0.043,511392800.0,,511392800.0,674443576.0,7.0,5.568,37344500.0,0.102,1.0,38916400.0,0.414,116979000.0,4500.0,289945200.0,,0.0,0.0,0.0,0.0,60185800.0,53949200.0,6236600.0,768171776.0,16893500.0,1900.0,-20367600.0,-85300.0,0.0,-20452900.0,-7646800.0,0.0,44993200.0,0.0,15422800.0,15422800.0,15422800.0,0.0,0.0,0.164,14307700.0,24608700.0,35106300.0,0.0,1.502,12.928,12.883,242424200.0,0.0,2.1,2.241,2.234,68079400.0,242335400.0,93928700.0,93928700.0,0.0,,,,,0.0,7909400.0,1.0,365796084.0,364780400.0,370398000.0,0.257,454599600.0,0.0,10058000.0,14355100.0,1.246,158226200.0
74,CPRT,MRQ,2002-12-31,2003-01-31,2003-01-31,2021-09-27,0.0,571622500.0,,213521900.0,358100600.0,,1.398,-33352600.0,94003800.0,94003800.0,48197600.0,13756500.0,4.045,0.107,275600.0,256000.0,19600.0,275600.0,10136600.0,6363200.0,0.0,0.0,0.0,22521200.0,28884400.0,0.349,28884400.0,22521200.0,22514700.0,0.037,0.037,0.037,516337600.0,,516337600.0,823894571.0,8.0,6.838,-33214400.0,-0.09,1.0,34585800.0,0.418,117372300.0,6500.0,307729500.0,,0.0,0.0,0.0,0.0,55284900.0,52792500.0,2492400.0,949243471.0,-31675300.0,25800.0,1593700.0,-80400.0,0.0,1513300.0,-33326800.0,0.0,138200.0,0.0,13756500.0,13756500.0,13756500.0,0.0,0.0,0.166,12839000.0,21746800.0,33506300.0,0.0,1.838,15.664,15.576,240728300.0,0.0,2.57,2.8,2.8,83341900.0,226912600.0,82783400.0,82783400.0,0.0,,,,,0.0,6475800.0,1.0,369355436.0,369463600.0,376616800.0,0.224,454250200.0,0.0,8758200.0,9776000.0,1.229,160729400.0
75,CPRT,MRQ,2002-09-30,2002-10-31,2002-10-31,2021-09-27,0.0,557309700.0,,226187700.0,331122000.0,,1.358,-26751100.0,125679100.0,125679100.0,47878700.0,14706600.0,4.201,0.112,330200.0,330200.0,0.0,330200.0,8613200.0,5630800.0,0.0,0.0,0.0,24315000.0,29945800.0,0.359,29945800.0,24315000.0,24308400.0,0.04,0.04,0.04,500987400.0,,500987400.0,852185246.0,9.0,7.386,-6684500.0,-0.018,1.0,35616200.0,0.427,117810900.0,6600.0,260314900.0,,0.0,0.0,0.0,0.0,56322300.0,53835000.0,2487300.0,984466046.0,-7010900.0,-311300.0,63900.0,-79000.0,0.0,-15100.0,-27062400.0,0.0,20066600.0,0.0,14706600.0,14706600.0,14706600.0,0.0,0.0,0.176,12228900.0,23387300.0,32236200.0,0.0,1.965,16.591,16.365,213311100.0,0.0,2.667,3.004,3.004,66501500.0,213156100.0,83494900.0,83494900.0,0.0,,,,,0.0,6598100.0,1.0,369059436.0,368995600.0,376225200.0,0.226,439498800.0,0.0,9601800.0,13537900.0,1.191,172352700.0
76,CPRT,MRQ,2002-06-30,2002-07-31,2002-07-31,2021-09-27,0.0,535847600.0,,225992400.0,309855200.0,,1.323,-27499800.0,132690000.0,132690000.0,47574500.0,15535200.0,4.804,0.102,409200.0,324500.0,84700.0,409200.0,8352000.0,4906800.0,0.0,0.0,0.0,25512200.0,30419000.0,0.368,30419000.0,25512200.0,25504300.0,0.043,0.042,0.043,486217000.0,,486217000.0,1066685582.0,11.0,9.697,-8462200.0,-0.023,1.0,35058200.0,0.424,112086500.0,7900.0,244433900.0,,0.0,0.0,0.0,0.0,49630600.0,47046400.0,2584200.0,1210219482.0,-11330800.0,-933600.0,-1857300.0,-77700.0,0.0,-1935000.0,-28433400.0,0.0,19037600.0,0.0,15535200.0,15535200.0,15535200.0,0.0,0.0,0.188,10752800.0,24305400.0,31893400.0,0.0,2.489,21.088,20.399,197768700.0,0.0,3.325,3.824,3.729,64071900.0,198449600.0,82632700.0,82632700.0,0.0,,,,,0.0,5846000.0,1.0,363975784.0,367552000.0,377268000.0,0.225,423761100.0,0.0,9969100.0,7341600.0,1.153,178946000.0
77,CPRT,MRQ,2002-03-31,2002-04-30,2002-04-30,2021-09-27,0.0,509842300.0,,238757000.0,271085300.0,,1.246,-25033900.0,144020800.0,144020800.0,53013700.0,16600400.0,4.296,0.126,486900.0,319000.0,167900.0,486900.0,8614000.0,4241000.0,0.0,0.0,0.0,27001800.0,31242800.0,0.347,31242800.0,27001800.0,26992500.0,0.045,0.045,0.045,452666700.0,,452666700.0,1273806391.0,14.0,12.102,18188600.0,0.05,1.0,37144400.0,0.412,99888800.0,9300.0,210848600.0,,0.0,0.0,0.0,0.0,57175600.0,55571000.0,1604600.0,1396683991.0,20580000.0,0.0,2467700.0,-76300.0,0.0,2391400.0,-25033900.0,0.0,43222500.0,0.0,16600400.0,16600400.0,16600400.0,0.0,0.0,0.184,11133300.0,26011100.0,33988800.0,0.0,3.085,25.494,24.351,170112100.0,0.0,3.848,4.618,4.622,64033100.0,182914400.0,90158100.0,90158100.0,0.0,,,,,0.0,6892300.0,1.0,363010784.0,363322000.0,374063200.0,0.248,409953500.0,1084400.0,10392100.0,12451400.0,1.128,183186000.0
78,CPRT,MRQ,2001-12-31,2002-01-31,2002-01-31,2021-09-27,0.0,484755900.0,,234724300.0,250031600.0,,1.216,-19996200.0,123440800.0,123440800.0,43132600.0,12495200.0,4.743,0.118,563200.0,313500.0,249700.0,563200.0,10024800.0,3686600.0,0.0,0.0,0.0,20083300.0,23769900.0,0.333,23769900.0,20083300.0,20072700.0,0.035,0.035,0.035,433598700.0,,433598700.0,2034913841.0,25.0,20.97,-17440000.0,-0.049,1.0,28249700.0,0.396,100286300.0,10600.0,212104000.0,,0.0,0.0,0.0,0.0,51157200.0,49488000.0,1669200.0,2047624241.0,110092000.0,0.0,127907200.0,-75200.0,0.0,127832000.0,-20296200.0,0.0,2556200.0,0.0,12495200.0,12495200.0,12495200.0,0.0,0.0,0.175,9090600.0,19159100.0,28705800.0,0.0,4.722,41.225,38.176,148660900.0,0.0,5.65,7.216,7.098,76980100.0,166314100.0,71382300.0,71382300.0,0.0,,,,,0.0,5403900.0,1.0,362411370.0,356498000.0,369986800.0,0.2,384469600.0,1084400.0,7577500.0,10246400.0,1.078,185236300.0
79,CPRT,MRQ,2001-09-30,2001-10-31,2001-10-31,2021-09-27,0.0,346000400.0,,116072000.0,229928400.0,,0.874,-18866300.0,13348800.0,13348800.0,43231500.0,12758200.0,2.377,0.189,638400.0,308200.0,330200.0,638400.0,9282800.0,3473800.0,0.0,0.0,0.0,21099800.0,24573600.0,0.34,24573600.0,21099800.0,21087900.0,0.037,0.037,0.037,290896000.0,,290896000.0,1619707977.0,21.0,17.542,-1691400.0,-0.005,1.0,29051000.0,0.402,100402400.0,11900.0,184059700.0,,0.0,0.0,0.0,0.0,55104400.0,48827900.0,6276500.0,1634241077.0,-1896400.0,-479900.0,348600.0,-73700.0,0.0,274900.0,-19346200.0,0.0,17174900.0,0.0,12758200.0,12758200.0,12758200.0,0.0,0.0,0.177,8587200.0,20463800.0,29382900.0,0.0,5.618,35.127,34.94,129526000.0,0.0,4.892,6.075,6.05,67405000.0,153818600.0,72282500.0,72282500.0,0.0,,,,,0.0,5113400.0,1.0,334086762.0,332737600.0,344928400.0,0.217,245598000.0,2654900.0,8329700.0,14209900.0,0.738,67244100.0
80,CPRT,MRQ,2001-06-30,2001-07-31,2001-07-31,2021-09-27,0.0,315064200.0,,107864100.0,207200100.0,,0.812,-8454300.0,15245200.0,15245200.0,39363300.0,12931400.0,2.446,0.171,712100.0,302900.0,409200.0,712100.0,8863100.0,3916700.0,0.0,0.0,0.0,21755200.0,25671900.0,0.374,25671900.0,21755200.0,21697100.0,0.04,0.038,0.04,269152400.0,,269152400.0,1557783651.0,22.0,18.137,4085800.0,0.012,1.0,29267800.0,0.426,91118100.0,58100.0,165322700.0,,0.0,0.0,0.0,0.0,45911800.0,44090300.0,1821500.0,1567602051.0,-2857900.0,86100.0,542800.0,-7572600.0,0.0,-7029800.0,-8368200.0,0.0,12540100.0,0.0,12931400.0,12931400.0,12931400.0,0.0,0.0,0.188,8998900.0,20268900.0,26769800.0,0.0,5.824,36.725,36.385,114997600.0,0.0,4.73,6.174,6.136,64907300.0,141060400.0,68631100.0,68631100.0,0.0,,,,,0.0,5082200.0,1.0,331416924.0,331440000.0,338742000.0,0.207,223946100.0,1084400.0,8765700.0,7958000.0,0.676,63773800.0
81,CPRT,MRQ,2001-03-31,2001-04-30,2001-04-30,2021-09-27,0.0,310010200.0,,109303300.0,200706900.0,,0.765,-15780800.0,18103100.0,18103100.0,43209600.0,11485200.0,2.084,0.226,8284700.0,7797800.0,486900.0,8284700.0,8877500.0,3603300.0,0.0,0.0,0.0,19419800.0,23023100.0,0.322,23023100.0,19419800.0,19270400.0,0.035,0.033,0.035,252789100.0,,252789100.0,1267691308.0,20.0,16.502,15220100.0,0.046,1.0,28271000.0,0.396,91909200.0,149400.0,155831600.0,,0.0,0.0,0.0,0.0,57221100.0,52451000.0,4770100.0,1261839408.0,15581500.0,-673100.0,1123300.0,-88800.0,0.0,1034500.0,-16453900.0,0.0,31000900.0,0.0,11485200.0,11485200.0,11485200.0,0.0,0.0,0.161,9190900.0,19080100.0,27791500.0,0.0,4.992,33.28,34.092,108797700.0,0.0,3.818,5.334,5.333,62623000.0,128129000.0,71480600.0,71480600.0,0.0,,,,,0.0,5587600.0,1.0,330468636.0,330438800.0,341410800.0,0.216,218101000.0,1708200.0,7785200.0,10622800.0,0.66,56852300.0
82,CPRT,MRQ,2000-12-31,2001-01-31,2001-01-31,2021-09-27,0.0,292697100.0,,103953400.0,188743700.0,,0.734,-14102500.0,2521600.0,2521600.0,34123200.0,9349200.0,2.214,0.215,8373500.0,7810200.0,563300.0,8373500.0,9988300.0,3459900.0,0.0,0.0,0.0,15604100.0,19064000.0,0.337,19064000.0,15604100.0,15453200.0,0.028,0.028,0.028,240867100.0,,240867100.0,1019423523.0,18.0,14.481,-14373500.0,-0.044,1.0,22515000.0,0.398,90306800.0,150900.0,161279200.0,,0.0,0.0,0.0,0.0,51830000.0,46963000.0,4867000.0,1026566923.0,-13155200.0,-449700.0,1977900.0,-159900.0,0.0,1818000.0,-14702200.0,0.0,-271000.0,0.0,9349200.0,9349200.0,9349200.0,0.0,0.0,0.165,7694000.0,14821000.0,24633200.0,0.0,4.262,29.527,30.735,98436900.0,0.0,3.135,4.69,4.701,68507800.0,116643800.0,56638200.0,56638200.0,0.0,,,,,0.0,4234100.0,1.0,327453564.0,328279600.0,338562000.0,0.173,202390300.0,1708200.0,6104000.0,7170900.0,0.617,56990400.0
83,CPRT,MRQ,2000-09-30,2000-10-31,2000-10-31,2021-09-27,0.0,277039500.0,,99174300.0,177865200.0,,0.699,-10139300.0,15676800.0,15676800.0,35356200.0,8919200.0,2.294,0.211,8533400.0,7895000.0,638400.0,8533400.0,8200200.0,3370100.0,0.0,0.0,0.0,14758900.0,18129000.0,0.317,18129000.0,14758900.0,14623000.0,0.027,0.027,0.027,228853500.0,,228853500.0,817989316.0,15.0,12.589,3489100.0,0.011,1.0,21783200.0,0.381,89431900.0,135900.0,137240100.0,,0.0,0.0,0.0,0.0,48186000.0,43224100.0,4961900.0,821599716.0,3511900.0,0.0,43900.0,-21100.0,0.0,22800.0,-10139300.0,0.0,13628400.0,0.0,8919200.0,8919200.0,8919200.0,0.0,0.0,0.156,7836200.0,13947000.0,24249000.0,0.0,3.59,25.646,26.421,88433300.0,0.0,2.51,3.975,3.975,55621400.0,107294600.0,57139400.0,57139400.0,0.0,,,,,0.0,4466100.0,1.0,327330564.0,327330000.0,338719200.0,0.175,187607600.0,1708200.0,5703800.0,5520600.0,0.573,55950200.0
84,CPRT,MRQ,2000-06-30,2000-07-31,2000-07-31,2021-09-27,0.0,262324300.0,,91414500.0,170909800.0,,0.675,-14207000.0,12164900.0,12164900.0,30937200.0,8162200.0,2.446,0.193,8554500.0,7842300.0,712200.0,8554500.0,7688100.0,3072900.0,0.0,0.0,0.0,13529800.0,16602700.0,0.323,16602700.0,13529800.0,13393600.0,0.023,0.024,0.023,219890400.0,,219890400.0,703801027.0,15.0,11.729,-10491000.0,-0.032,1.0,20390100.0,0.397,90395600.0,136200.0,130946100.0,,0.0,0.0,0.0,0.0,42433900.0,37372200.0,5061700.0,716815327.0,-8430100.0,-846100.0,1933200.0,973800.0,0.0,2907000.0,-15053100.0,0.0,3716000.0,0.0,8162200.0,8162200.0,8162200.0,0.0,0.0,0.159,7396700.0,12993400.0,19984500.0,0.0,3.26,24.357,24.537,80514200.0,0.0,2.208,3.772,3.758,52509600.0,98375400.0,51327300.0,51327300.0,0.0,,,,,0.0,4323800.0,1.0,324595620.0,325597200.0,331007600.0,0.158,171928700.0,5025400.0,5231400.0,2834300.0,0.528,54042300.0
85,CPRT,MRQ,2000-03-31,2000-04-30,2000-04-30,2021-09-27,0.0,248690100.0,,88757000.0,159933100.0,,0.638,-11756300.0,20595000.0,20595000.0,33761500.0,8336100.0,2.722,0.206,7580700.0,80700.0,7500000.0,7580700.0,7075200.0,2915000.0,0.0,0.0,0.0,13685100.0,16600100.0,0.309,16600100.0,13685100.0,13549600.0,0.025,0.025,0.025,206233100.0,,206233100.0,920206208.0,20.0,16.287,5176200.0,0.016,1.0,20039700.0,0.372,86027200.0,135500.0,117045800.0,,0.0,0.0,0.0,0.0,42457000.0,32602800.0,9854200.0,927920108.0,5256200.0,-311700.0,435900.0,-44200.0,0.0,391700.0,-12068000.0,0.0,16932500.0,0.0,8336100.0,8336100.0,8336100.0,0.0,0.0,0.155,6932300.0,13107400.0,22726800.0,0.0,4.499,33.216,33.824,73905900.0,0.0,2.875,5.207,5.219,48585100.0,90213200.0,53801200.0,53801200.0,0.0,,,,,0.0,4017300.0,1.0,322754820.0,323487000.0,338789400.0,0.166,162662900.0,988800.0,5213500.0,1920100.0,0.503,56154200.0
86,CPRT,MRQ,1999-12-31,2000-01-31,2000-01-31,2021-09-27,0.0,237509200.0,,86440300.0,151068900.0,,0.613,-15565300.0,15338800.0,15338800.0,27361800.0,6618500.0,2.896,0.201,7624900.0,107400.0,7517500.0,7624900.0,7481000.0,2738100.0,0.0,0.0,0.0,10904600.0,13642700.0,0.307,13642700.0,10904600.0,10766600.0,0.02,0.02,0.02,197740800.0,,197740800.0,887523478.0,21.0,16.873,-17345300.0,-0.054,1.0,17044600.0,0.384,84994600.0,138000.0,114947900.0,,0.0,0.0,0.0,0.0,39768400.0,29852800.0,9915600.0,912876778.0,-17696300.0,-814700.0,517600.0,-56900.0,0.0,460700.0,-16377000.0,0.0,-1780000.0,0.0,6618500.0,6618500.0,6618500.0,0.0,0.0,0.149,6741300.0,10303300.0,20104300.0,0.0,4.617,35.266,35.417,66074300.0,0.0,2.833,5.552,5.555,50860900.0,81877300.0,44406400.0,44406400.0,0.0,,,,,0.0,4003200.0,1.0,322191804.0,322371000.0,337471200.0,0.138,152514600.0,988800.0,4148100.0,1368700.0,0.473,56587500.0
87,CPRT,MRQ,1999-09-30,1999-10-31,1999-10-31,2021-09-27,0.0,229455400.0,,91291600.0,138163800.0,,0.591,-11228400.0,33035100.0,33035100.0,24636700.0,6312600.0,3.132,0.206,7681800.0,142900.0,7538900.0,7681800.0,6449500.0,2753000.0,0.0,0.0,0.0,10404500.0,13157500.0,0.325,13157500.0,10404500.0,10264400.0,0.02,0.018,0.02,190325300.0,,190325300.0,588287087.0,15.0,11.913,-3901700.0,-0.012,1.0,15870900.0,0.392,77014800.0,140100.0,97938200.0,,0.0,0.0,0.0,0.0,39130100.0,29149100.0,9981000.0,617514787.0,-4012700.0,0.0,30300.0,-138300.0,0.0,-108000.0,-11231400.0,0.0,7326700.0,0.0,6312600.0,6312600.0,6312600.0,0.0,0.0,0.156,6058500.0,9812400.0,18138300.0,0.0,3.245,25.636,25.556,61149000.0,0.0,1.917,4.061,4.061,41852200.0,75258900.0,40507600.0,40507600.0,0.0,,,,,0.0,3305500.0,1.0,322181628.0,322176000.0,335335200.0,0.126,152440600.0,988800.0,3951800.0,3637300.0,0.473,62142500.0
88,CPRT,MRQ,1999-06-30,1999-07-31,1999-07-31,2021-09-27,0.0,218677100.0,,89295200.0,129381900.0,,0.572,-8293400.0,37047800.0,37047800.0,24200200.0,6669100.0,3.623,0.189,7820100.0,260100.0,7560000.0,7820100.0,5864600.0,2598100.0,0.0,0.0,0.0,10499700.0,13097800.0,0.332,13097800.0,10499700.0,10357100.0,0.02,0.022,0.02,183982400.0,,183982400.0,611264100.0,17.0,13.425,-846600.0,-0.003,1.0,15289000.0,0.387,77782500.0,142600.0,87018200.0,,0.0,0.0,0.0,0.0,34694700.0,24648700.0,10046000.0,641378400.0,-1022500.0,-395700.0,436200.0,-135900.0,0.0,300300.0,-8769600.0,0.0,7446800.0,0.0,6669100.0,6669100.0,6669100.0,0.0,0.0,0.169,5437000.0,9852000.0,16586900.0,0.0,3.486,29.198,29.412,51599400.0,0.0,2.0,4.525,4.518,37531300.0,68946300.0,39489200.0,39489200.0,0.0,,,,,-37500.0,2838900.0,1.0,320689200.0,321766800.0,320071200.0,0.123,140894600.0,988800.0,3688000.0,1295500.0,0.438,64646500.0
89,CPRT,MRQ,1999-03-31,1999-04-30,1999-04-30,2021-09-27,0.0,212324600.0,,88755000.0,123569600.0,,0.551,-3714800.0,38070300.0,38070300.0,24577000.0,6284900.0,3.491,0.203,7956000.0,363500.0,7592500.0,7956000.0,5835600.0,2503200.0,0.0,0.0,0.0,10200400.0,12703600.0,0.317,12703600.0,10200400.0,10055700.0,0.02,0.018,0.02,176456600.0,,176456600.0,469138775.0,14.0,11.242,14675200.0,0.046,1.0,15437800.0,0.386,76057300.0,144700.0,80727400.0,,0.0,0.0,0.0,0.0,35868000.0,25425600.0,10442400.0,483844375.0,15275100.0,0.0,213400.0,-133600.0,0.0,79800.0,-3194700.0,713900.0,18390000.0,0.0,6284900.0,6284900.0,6284900.0,0.0,0.0,0.157,5688900.0,9748900.0,16177900.0,0.0,2.742,24.664,24.368,47512300.0,0.0,1.511,3.659,3.661,36195000.0,62277200.0,40014800.0,40014800.0,0.0,,,,,37500.0,3185700.0,1.0,320250000.0,320469600.0,333565200.0,0.125,136267300.0,614900.0,3770800.0,2459700.0,0.425,63329400.0
90,CPRT,MRQ,1998-12-31,1999-01-31,1999-01-31,2021-09-27,0.0,201932600.0,,79764000.0,122168600.0,,0.531,-6275000.0,22795200.0,22795200.0,19122800.0,4821600.0,3.701,0.188,8089600.0,464700.0,7624900.0,8089600.0,6625500.0,2435300.0,0.0,0.0,0.0,7987200.0,10422500.0,0.325,10422500.0,7987200.0,7840000.0,0.015,0.015,0.015,169920800.0,,169920800.0,398306010.0,14.0,10.439,-8430500.0,-0.026,1.0,12931500.0,0.403,76812300.0,147200.0,88863800.0,,0.0,713900.0,713900.0,0.0,32011800.0,21550900.0,10460900.0,412849010.0,37800.0,0.0,430600.0,-124800.0,0.0,305800.0,1887500.0,8179800.0,-2155500.0,0.0,4821600.0,4821600.0,4821600.0,0.0,0.0,0.15,5493300.0,7438200.0,11653300.0,0.0,2.43,23.411,23.065,45356300.0,0.0,1.292,3.362,3.364,40698100.0,55992300.0,32054300.0,32054300.0,0.0,,,,,0.0,3058000.0,1.0,319625040.0,319824000.0,330448800.0,0.1,125120300.0,614900.0,3018400.0,2230000.0,0.391,58213100.0
91,CPRT,MRQ,1998-09-30,1998-10-31,1998-10-31,2021-09-27,0.0,198004400.0,,79880300.0,118124100.0,,0.516,-4184700.0,22757400.0,22757400.0,18580400.0,4190700.0,3.498,0.202,8214400.0,538200.0,7676200.0,8214400.0,6019400.0,2289800.0,0.0,0.0,0.0,7019400.0,9309200.0,0.308,9309200.0,7019400.0,6869900.0,0.013,0.013,0.013,164668600.0,,164668600.0,285361420.0,10.0,8.043,2882900.0,0.009,1.0,11612700.0,0.385,77602400.0,149500.0,83021500.0,,0.0,8893700.0,8893700.0,0.0,33335800.0,22837500.0,10498300.0,292669520.0,7023900.0,0.0,295300.0,-211000.0,0.0,84300.0,-128000.0,4168500.0,7067600.0,0.0,4190700.0,4190700.0,4190700.0,0.0,0.0,0.139,5265800.0,6346900.0,12664900.0,0.0,1.777,17.992,17.628,40521700.0,0.0,0.917,2.503,2.501,34256700.0,51170700.0,30193100.0,30193100.0,0.0,,,,,0.0,2976000.0,1.0,319275840.0,318967200.0,326661600.0,0.095,120402000.0,614900.0,2679200.0,3048900.0,0.377,57042800.0
92,CPRT,MRQ,1998-06-30,1998-07-31,1998-07-31,2021-09-27,0.0,190942100.0,,74988400.0,115953700.0,,0.503,-10070500.0,15733500.0,15733500.0,18615700.0,4320300.0,3.72,0.192,8425400.0,621300.0,7804100.0,8425400.0,5602800.0,2061500.0,0.0,0.0,0.0,7234500.0,9296000.0,0.31,9296000.0,7234500.0,7082900.0,0.014,0.013,0.014,160182600.0,,160182600.0,254507091.0,10.0,7.611,-6462300.0,-0.02,1.0,11357000.0,0.379,78391400.0,151600.0,85082900.0,,0.0,13062200.0,13062200.0,0.0,30759500.0,20159700.0,10599800.0,282716591.0,-20935500.0,-1117900.0,480000.0,-34100.0,0.0,445900.0,-24989600.0,-13062200.0,3608200.0,0.0,4320300.0,4320300.0,4320300.0,0.0,0.0,0.144,4696300.0,6660700.0,11674800.0,0.0,1.765,18.58,18.559,37562300.0,0.0,0.891,2.475,2.468,32751500.0,46980000.0,29972700.0,29972700.0,0.0,,,,,-23600.0,2634800.0,1.0,317361936.0,318424800.0,322180800.0,0.094,112550700.0,614900.0,2762600.0,1122000.0,0.353,54828700.0
93,CPRT,MRQ,1998-03-31,1998-04-30,1998-04-30,2021-09-27,0.0,188812700.0,,80852700.0,107960000.0,,0.487,-3872200.0,36669000.0,36669000.0,18718100.0,4302500.0,3.387,0.223,8459500.0,524200.0,7935300.0,8459500.0,5044600.0,1924100.0,0.0,0.0,0.0,7203400.0,9127500.0,0.299,9127500.0,7203400.0,7053000.0,0.013,0.013,0.013,154428700.0,,154428700.0,247804682.0,10.0,7.746,8948200.0,0.028,1.0,11850600.0,0.388,72271600.0,150400.0,64458500.0,,69200.0,0.0,0.0,0.0,34384000.0,23873100.0,10510900.0,267188282.0,8921000.0,-262000.0,37500.0,202500.0,0.0,240000.0,-4139400.0,0.0,12820400.0,0.0,4302500.0,4302500.0,4302500.0,0.0,0.0,0.141,5200500.0,6650100.0,14722800.0,0.0,1.73,18.761,18.694,35688400.0,0.0,0.841,2.347,2.345,30838300.0,42659700.0,30568700.0,30568700.0,0.0,,,,,0.0,3276400.0,1.0,317608656.0,317224800.0,324691200.0,0.096,116541100.0,343700.0,2750500.0,1798400.0,0.367,56979600.0
94,CPRT,MRQ,1997-12-31,1998-01-31,1998-01-31,2021-09-27,0.0,182761500.0,,76860300.0,105901200.0,,0.475,-2073300.0,27748000.0,27748000.0,16175600.0,3452900.0,3.449,0.218,8364400.0,473100.0,7891300.0,8364400.0,5529400.0,1928800.0,0.0,0.0,0.0,5818000.0,7746800.0,0.296,7746800.0,5818000.0,5660600.0,0.011,0.011,0.011,150088400.0,,150088400.0,212065890.0,9.0,6.999,-3945300.0,-0.012,1.0,9998000.0,0.382,72530400.0,157400.0,68565800.0,,93000.0,0.0,0.0,0.0,32673100.0,22281700.0,10391400.0,234940590.0,-3199100.0,0.0,561600.0,184600.0,0.0,746200.0,-2073300.0,0.0,-1872000.0,0.0,3452900.0,3452900.0,3452900.0,0.0,0.0,0.132,4615900.0,5382100.0,12467500.0,0.0,1.565,17.749,17.738,33370800.0,0.0,0.745,2.007,2.009,35551400.0,38356900.0,26173600.0,26173600.0,0.0,,,,,23600.0,2687100.0,1.0,315356496.0,315679200.0,322944000.0,0.083,110231100.0,343700.0,2207700.0,2042900.0,0.349,54578600.0
95,CPRT,MRQ,1997-09-30,1997-10-31,1997-10-31,2021-09-27,0.0,180324900.0,,74709800.0,105615100.0,,0.465,-3374700.0,30947100.0,30947100.0,18037400.0,3140100.0,3.099,0.235,8072400.0,329500.0,7742900.0,8072400.0,5164500.0,1930500.0,0.0,0.0,0.0,5339100.0,7269600.0,0.264,7269600.0,5339100.0,5147800.0,0.01,0.01,0.01,146050200.0,,146050200.0,209752653.0,10.0,7.137,4847500.0,0.015,1.0,9453400.0,0.344,75248600.0,191300.0,58094400.0,,209000.0,0.0,0.0,0.0,34274700.0,24107200.0,10167500.0,227684153.0,3262600.0,0.0,95700.0,-1680600.0,0.0,-1584900.0,-3374700.0,0.0,8222200.0,0.0,3140100.0,3140100.0,3140100.0,0.0,0.0,0.114,4638800.0,4814600.0,13823700.0,0.0,1.559,17.794,17.663,30366500.0,0.0,0.724,1.878,1.876,31996800.0,34903900.0,27490800.0,27490800.0,0.0,,,,,0.0,2708300.0,1.0,314408496.0,314126400.0,323047200.0,0.088,105076300.0,343700.0,2007700.0,2765800.0,0.335,50602600.0
96,CPRT,MRQ,1997-06-30,1997-07-31,1997-07-31,2021-09-27,0.0,175339500.0,,71291700.0,104047800.0,,0.456,-5196100.0,27684500.0,27684500.0,20158900.0,3346200.0,3.188,0.228,9753000.0,1938800.0,7814200.0,9753000.0,5566300.0,1956600.0,0.0,0.0,0.0,5889600.0,7846200.0,0.265,7846200.0,5889600.0,5063500.0,0.011,0.01,0.011,142814400.0,,142814400.0,223283750.0,11.0,8.042,5202500.0,0.017,1.0,9428600.0,0.319,73396500.0,826100.0,61649800.0,,0.0,0.0,0.0,0.0,32525100.0,22361700.0,10163400.0,232314250.0,8074500.0,2130700.0,316400.0,-826500.0,0.0,-510100.0,-1814000.0,0.0,10398600.0,0.0,3346200.0,3346200.0,3346200.0,0.0,0.0,0.113,4671300.0,4757300.0,11757300.0,0.0,1.627,19.371,19.103,30651300.0,0.0,0.745,1.84,1.823,31337100.0,31763800.0,29587500.0,29587500.0,0.0,,,,,-27600.0,2714700.0,1.0,311831208.0,313077600.0,317649600.0,0.095,101943000.0,343700.0,1717300.0,1058400.0,0.326,48930000.0
97,CPRT,MRQ,1997-03-31,1997-04-30,1997-04-30,2021-09-27,0.0,173074500.0,,69189800.0,103884700.0,,0.446,-408200.0,19610000.0,19610000.0,23976000.0,3298000.0,3.411,0.246,10579500.0,2076000.0,8503500.0,10579500.0,5852400.0,1941300.0,0.0,0.0,0.0,5497400.0,7438700.0,0.22,7438700.0,5497400.0,5497400.0,0.01,0.01,0.01,138935700.0,,138935700.0,167282571.0,9.0,6.403,11455600.0,0.037,1.0,9830800.0,0.291,75717700.0,0.0,68042200.0,,854300.0,0.0,0.0,0.0,34138800.0,20284100.0,13854700.0,168733071.0,7270500.0,-1996700.0,49900.0,-309500.0,0.0,-259600.0,-4333700.0,0.0,11863800.0,0.0,3298000.0,3298000.0,3298000.0,0.0,0.0,0.098,4525900.0,5304900.0,12052800.0,0.0,1.214,14.797,13.889,28167000.0,0.0,0.542,1.317,1.317,35833800.0,28417600.0,33806800.0,33806800.0,0.0,,,,,27600.0,2584600.0,1.0,311507208.0,311596800.0,322216800.0,0.108,97356800.0,378400.0,2199400.0,1204800.0,0.312,48905700.0
98,CPRT,MRQ,1996-12-31,1997-01-31,1997-01-31,2021-09-27,0.0,168309800.0,,66071400.0,102238400.0,,0.437,-2298000.0,12339500.0,12339500.0,20906900.0,3011600.0,3.281,0.25,10889000.0,2225500.0,8663500.0,10889000.0,6449400.0,1793700.0,0.0,0.0,0.0,5041100.0,6834800.0,0.225,6834800.0,5041100.0,5041100.0,0.01,0.01,0.01,134602800.0,,134602800.0,,,,-4664500.0,-0.015,1.0,9457600.0,0.311,75015600.0,0.0,71708700.0,,1596300.0,0.0,0.0,0.0,33707000.0,20135000.0,13572000.0,223895806.0,-3054200.0,-455800.0,2262900.0,-189600.0,0.0,2073300.0,-2761000.0,0.0,-2366500.0,0.0,3011600.0,3011600.0,3011600.0,0.0,0.0,0.099,4502300.0,4955300.0,11460100.0,0.0,1.663,20.551,19.426,27222800.0,0.0,0.719,1.74,1.72,37738500.0,25119600.0,30364500.0,30364500.0,0.0,,,,,0.0,2708600.0,1.0,311507208.0,307804800.0,318242400.0,0.099,93294200.0,991600.0,2029500.0,610300.0,0.303,45936400.0
99,CPRT,MRQ,1996-09-30,1996-10-31,1996-10-31,2021-09-27,,,,,,,,-1669500.0,,,24351700.0,2336800.0,,,,,,,,1771700.0,,0.0,0.0,3872800.0,5644500.0,0.174,5644500.0,3872800.0,3872800.0,0.007,,0.007,,,,,,,2912100.0,,1.0,8165400.0,0.251,,0.0,,,,,,,,,,,2367500.0,-518100.0,148900.0,-181200.0,0.0,-32300.0,-2181800.0,0.0,4581600.0,0.0,2336800.0,2336800.0,2336800.0,0.0,0.0,0.072,4329900.0,3835500.0,,0.0,,,20.27,,0.0,0.75,,,,,32517100.0,32517100.0,0.0,,,,,0.0,2558200.0,1.0,,,320277600.0,,,,1536000.0,,,
100,CPRT,MRQ,1996-06-30,1996-07-31,1996-07-31,2021-09-27,0.0,158065800.0,,57299300.0,100766500.0,,0.423,-4731200.0,13026200.0,13026200.0,22641200.0,2757100.0,3.428,0.252,11259800.0,772800.0,10487000.0,11259800.0,5570500.0,1614500.0,0.0,0.0,0.0,4593100.0,6207600.0,0.198,6207600.0,4593100.0,4142300.0,0.011,,0.011,126245000.0,,126245000.0,,,,-4033800.0,-0.014,1.0,8788800.0,0.28,74562300.0,450800.0,65023800.0,,1456400.0,0.0,0.0,0.0,31820800.0,16713300.0,15107500.0,,-4664100.0,-6500.0,330200.0,-115800.0,0.0,214400.0,-5575900.0,0.0,697400.0,0.0,2757100.0,2757100.0,2757100.0,0.0,0.0,0.088,4689200.0,4099600.0,10370000.0,0.0,,,15.203,26204200.0,0.0,0.562,,1.419,29992000.0,19771200.0,31430000.0,31430000.0,0.0,,,,,30200.0,3074700.0,1.0,,298396800.0,312336000.0,0.105,83503500.0,1120600.0,1385200.0,610300.0,0.28,40586000.0
101,CPRT,MRQ,1996-03-31,1996-04-30,1996-04-30,2021-09-27,,,,,,,,-1687000.0,,,25457800.0,2789100.0,,,,,,,,1534900.0,,0.0,0.0,4649900.0,6184800.0,0.18,6184800.0,4649900.0,4649900.0,0.009,,0.009,,,,,,,5692400.0,,1.0,8872300.0,0.258,,0.0,,,,,,,,,,,5703600.0,0.0,188800.0,-145300.0,0.0,43500.0,-1719300.0,0.0,7379400.0,0.0,2789100.0,2789100.0,2789100.0,0.0,0.0,0.081,4334700.0,4537600.0,,0.0,,,,,0.0,1.135,,,,,34330100.0,34330100.0,0.0,,,,,61400.0,2799800.0,1.0,,,321525600.0,,,,1860800.0,,,
102,CPRT,MRQ,1995-12-31,1996-01-31,1996-01-31,2021-09-27,,,,,,,,,,,17125100.0,3021500.0,,,,,,,,,,0.0,0.0,5035000.0,,,,5035000.0,5035000.0,0.01,,0.01,,,,,,,,,1.0,8946000.0,0.343,,0.0,,,,,,,,,,,,,,,,,,,,,3021500.0,3021500.0,3021500.0,0.0,0.0,0.116,4064800.0,4881200.0,,0.0,,,,,0.0,1.24,,,,,26071100.0,26071100.0,0.0,,,,,,2625500.0,1.0,,,318993600.0,,,,2013500.0,,,
0,CPRT,MRT,2021-06-30,2021-07-31,2021-07-31,2021-09-27,-100860000.0,4562143000.0,4129928750.0,1702611000.0,2859532000.0,0.652,14.938,-460466000.0,1048260000.0,1048260000.0,1349420000.0,936495000.0,4.044,0.293,518069000.0,22472000.0,495597000.0,518069000.0,20973000.0,123084000.0,0.0,0.0,0.0,1142093000.0,1265177000.0,0.47,1265177000.0,1142093000.0,1121846000.0,3.96,3.9,3.96,3529201000.0,3108000750.0,3529201000.0,34395275206.0,30.0,27.186,530425000.0,2.245,1.0,1343091000.0,0.499,401590000.0,20247000.0,3209331000.0,3059858750.0,44968000.0,0.0,0.0,0.0,1032942000.0,421031000.0,611911000.0,34777039206.0,570542000.0,-5000000.0,48185000.0,-1118000.0,0.0,40922000.0,-465466000.0,0.0,990891000.0,4195000.0,936495000.0,936495000.0,936495000.0,0.0,0.0,0.348,206665000.0,1136426000.0,369826000.0,0.0,9.854,37.135,37.121,2416111000.0,0.0,147.0,12.916,12.898,480628000.0,2868203000.0,2692511000.0,2692511000.0,0.0,0.227,0.301,0.373,0.424,40922000.0,206665000.0,1.0,236578498.0,236252000.0,240290000.0,11.397,4160553000.0,20012000.0,185351000.0,124074000.0,17.611,1281580000.0
1,CPRT,MRT,2021-03-31,2021-04-30,2021-04-30,2021-09-27,-101664000.0,4281946000.0,3853208250.0,1499371000.0,2782575000.0,0.641,13.745,-467725000.0,911890000.0,911890000.0,1233501000.0,846054000.0,3.63,0.318,530126000.0,24006000.0,506120000.0,530126000.0,20660000.0,120642000.0,0.0,0.0,0.0,1044715000.0,1165357000.0,0.472,1165357000.0,1044715000.0,1024685000.0,3.58,3.52,3.58,3249377000.0,2848079500.0,3249377000.0,29319236312.0,28.0,25.159,561397000.0,2.375,1.0,1236039000.0,0.501,390050000.0,20030000.0,3097087000.0,2944707750.0,39229000.0,0.0,0.0,0.0,1032569000.0,413045000.0,619524000.0,29423825312.0,605503000.0,-8434000.0,54014000.0,-2027000.0,0.0,46975000.0,-476159000.0,0.0,1029122000.0,5565000.0,846054000.0,846054000.0,846054000.0,0.0,0.0,0.343,195398000.0,1040641000.0,359239000.0,0.0,9.055,34.778,34.779,2353240000.0,0.0,124.51,11.915,11.919,434873000.0,2617436000.0,2469540000.0,2469540000.0,0.0,0.22,0.297,0.355,0.423,33238000.0,195398000.0,1.0,236316965.0,236396000.0,240208000.0,10.447,3891896000.0,10588000.0,178631000.0,122544000.0,16.463,1086326000.0
2,CPRT,MRT,2020-12-31,2021-01-31,2021-01-31,2021-09-27,-106720000.0,3934438000.0,3573117500.0,1225467000.0,2708971000.0,0.64,12.461,-473878000.0,616403000.0,616403000.0,1188679000.0,706745000.0,3.303,0.337,511814000.0,23804000.0,488010000.0,511814000.0,14431000.0,117058000.0,0.0,0.0,0.0,913212000.0,1030270000.0,0.451,1030270000.0,913212000.0,892950000.0,3.0,2.95,3.0,2942592000.0,2605988000.0,2942592000.0,25835790360.0,28.0,25.077,480128000.0,2.033,1.0,1097311000.0,0.48,391236000.0,20262000.0,3067598000.0,2844987750.0,30203000.0,0.0,0.0,0.0,991846000.0,371015000.0,620831000.0,25915583360.0,522892000.0,-11702000.0,71359000.0,-15287000.0,0.0,50442000.0,-485580000.0,0.0,954006000.0,4024000.0,706745000.0,706745000.0,706745000.0,0.0,0.0,0.309,189680000.0,907631000.0,324108000.0,0.0,8.807,36.669,36.583,2282948000.0,0.0,109.75,11.337,11.338,462405000.0,2330791000.0,2285990000.0,2285990000.0,0.0,0.198,0.271,0.321,0.399,29426000.0,189680000.0,1.0,236132878.0,236152000.0,240280000.0,9.68,3543202000.0,6719000.0,186205000.0,141165000.0,15.004,854452000.0
3,CPRT,MRT,2020-09-30,2020-10-31,2020-10-31,2021-09-27,-128494000.0,3741188000.0,3351659250.0,1138176000.0,2603012000.0,0.67,11.497,-604818000.0,605732000.0,605732000.0,1194397000.0,682012000.0,2.793,0.38,525939000.0,25604000.0,500335000.0,525939000.0,9476000.0,109780000.0,0.0,0.0,0.0,865449000.0,975229000.0,0.435,975229000.0,865449000.0,845572000.0,2.91,2.85,2.91,2710833000.0,2401522250.0,2710833000.0,26082335091.0,30.0,26.745,359142000.0,1.523,1.0,1049702000.0,0.468,388440000.0,19877000.0,2865419000.0,2763834500.0,28244000.0,0.0,0.0,0.0,1030355000.0,407536000.0,622819000.0,26041861091.0,424630000.0,-11702000.0,87310000.0,-1392000.0,0.0,80518000.0,-616520000.0,0.0,963960000.0,-3328000.0,682012000.0,682012000.0,682012000.0,0.0,0.0,0.304,190400000.0,859302000.0,359816000.0,0.0,9.607,38.184,37.924,2184334000.0,0.0,110.36,11.605,11.596,407897000.0,2137649000.0,2244099000.0,2244099000.0,0.0,0.203,0.284,0.313,0.386,26702000.0,190400000.0,1.0,235971920.0,235791000.0,239968000.0,9.517,3352748000.0,1127000.0,163560000.0,134813000.0,14.219,730640000.0
4,CPRT,MRT,2020-06-30,2020-07-31,2020-07-31,2021-09-27,-121088000.0,3455261000.0,3130347000.0,963759000.0,2491502000.0,0.705,10.675,-589506000.0,477718000.0,477718000.0,1197781000.0,699907000.0,2.707,0.388,518622000.0,25572000.0,493050000.0,518622000.0,8233000.0,104257000.0,0.0,0.0,0.0,819710000.0,923967000.0,0.419,923967000.0,819710000.0,800839000.0,3.0,2.93,3.0,2489516000.0,2205463750.0,2489516000.0,22102906300.0,27.0,23.922,328379000.0,1.408,1.0,1007802000.0,0.457,391394000.0,18871000.0,2748727000.0,2673132250.0,20080000.0,0.0,0.0,0.0,965745000.0,356044000.0,609701000.0,21893004300.0,291399000.0,-11702000.0,79916000.0,-1065000.0,0.0,-27414000.0,-601208000.0,0.0,917885000.0,2136000.0,699907000.0,699907000.0,699907000.0,0.0,0.0,0.317,191703000.0,816099000.0,318530000.0,0.0,8.794,31.28,31.083,2060174000.0,0.0,93.25,9.926,9.86,350207000.0,1937853000.0,2205583000.0,2205583000.0,0.0,0.224,0.317,0.307,0.372,23322000.0,191703000.0,1.0,234777526.0,233202000.0,238656000.0,9.458,3063867000.0,26740000.0,100932000.0,120360000.0,13.138,607715000.0
5,CPRT,MRT,2020-03-31,2020-04-30,2020-04-30,2021-09-27,-138923000.0,3161583000.0,2903436000.0,794152000.0,2367431000.0,0.765,9.742,-599691000.0,306387000.0,306387000.0,1222509000.0,687870000.0,2.771,0.386,516289000.0,26938000.0,489351000.0,516289000.0,7884000.0,98381000.0,0.0,0.0,0.0,802471000.0,900852000.0,0.405,900852000.0,802471000.0,786026000.0,2.97,2.88,2.97,2281011000.0,2027680000.0,2281011000.0,19147916003.0,24.0,21.255,244427000.0,1.044,1.0,999990000.0,0.45,386710000.0,16445000.0,2698207000.0,2508962000.0,19809000.0,0.0,0.0,0.0,880572000.0,286568000.0,594004000.0,18722146003.0,203561000.0,-3268000.0,80430000.0,-7000000.0,0.0,-30055000.0,-602959000.0,0.0,844118000.0,-7543000.0,687870000.0,687870000.0,687870000.0,0.0,0.0,0.31,196804000.0,803186000.0,250841000.0,0.0,8.208,27.218,26.973,1944931000.0,0.0,80.11,8.424,8.439,346244000.0,1773580000.0,2222499000.0,2222499000.0,0.0,0.237,0.339,0.32,0.361,23074000.0,196804000.0,1.0,233705480.0,234133000.0,238591000.0,9.492,2774873000.0,31888000.0,98156000.0,105424000.0,11.852,507584000.0
6,CPRT,MRT,2019-12-31,2020-01-31,2020-01-31,2021-09-27,-119870000.0,3048605000.0,2710981000.0,731963000.0,2316642000.0,0.821,9.132,-634996000.0,93511000.0,93511000.0,1216299000.0,733124000.0,2.135,0.435,519281000.0,37529000.0,481752000.0,519281000.0,7603000.0,90944000.0,0.0,0.0,0.0,814546000.0,905490000.0,0.407,905490000.0,814546000.0,798355000.0,3.19,3.07,3.19,2124729000.0,1862140250.0,2124729000.0,23944588741.0,29.0,26.444,153366000.0,0.659,1.0,1008956000.0,0.453,388553000.0,16191000.0,2742985000.0,2335177750.0,18515000.0,0.0,0.0,0.0,923876000.0,342837000.0,581039000.0,23584803741.0,-14663000.0,-745000.0,69409000.0,-79700000.0,0.0,-158574000.0,-635741000.0,0.0,788362000.0,-8710000.0,733124000.0,733124000.0,733124000.0,0.0,0.0,0.329,193377000.0,815579000.0,296977000.0,0.0,11.1,32.17,31.806,1893686000.0,0.0,101.46,10.599,10.609,445963000.0,1626862000.0,2225255000.0,2225255000.0,0.0,0.27,0.394,0.349,0.366,23169000.0,193377000.0,1.0,232454206.0,232671000.0,238470000.0,9.564,2660052000.0,68763000.0,65231000.0,99877000.0,11.433,389126000.0
7,CPRT,MRT,2019-09-30,2019-10-31,2019-10-31,2021-09-27,-119290000.0,2855939000.0,2523056000.0,744076000.0,2111863000.0,0.846,8.334,-425506000.0,181102000.0,181102000.0,1177720000.0,695790000.0,2.301,0.482,540887000.0,27645000.0,513242000.0,540887000.0,5113000.0,87060000.0,0.0,0.0,0.0,775207000.0,862267000.0,0.404,862267000.0,775207000.0,758247000.0,3.03,2.91,3.03,1926599000.0,1695946250.0,1926599000.0,19408061900.0,25.0,22.508,325915000.0,1.41,1.0,957293000.0,0.448,389796000.0,16960000.0,2502610000.0,2127244000.0,19482000.0,0.0,0.0,0.0,929340000.0,323318000.0,606022000.0,19193151900.0,-139207000.0,-745000.0,-312025000.0,0.0,0.0,-460265000.0,-426251000.0,0.0,751421000.0,-4112000.0,695790000.0,695790000.0,695790000.0,0.0,0.0,0.326,186867000.0,770426000.0,289247000.0,0.0,9.962,27.585,27.274,1682082000.0,0.0,82.64,8.99,8.948,394309000.0,1458223000.0,2135013000.0,2135013000.0,0.0,0.276,0.41,0.364,0.363,22957000.0,186867000.0,1.0,232250144.0,231169000.0,238662000.0,9.236,2466143000.0,48774000.0,62457000.0,93956000.0,10.668,420758000.0
8,CPRT,MRT,2019-06-30,2019-07-31,2019-07-31,2021-09-27,-132529000.0,2547617000.0,2404518250.0,687167000.0,1860450000.0,0.849,7.716,-355522000.0,186319000.0,186319000.0,1143615000.0,591693000.0,2.437,0.433,401229000.0,1138000.0,400091000.0,401229000.0,6466000.0,85334000.0,0.0,0.0,0.0,722536000.0,807870000.0,0.396,807870000.0,722536000.0,704951000.0,2.57,2.46,2.57,1778381000.0,1632236500.0,1778381000.0,18066686897.0,25.0,22.363,291124000.0,1.263,1.0,898342000.0,0.44,388477000.0,17585000.0,2092046000.0,1953665250.0,20941000.0,0.0,0.0,0.0,769236000.0,282004000.0,487232000.0,17763121897.0,-88201000.0,-745000.0,-323416000.0,0.0,0.0,-370304000.0,-356267000.0,0.0,646646000.0,-8276000.0,591693000.0,591693000.0,591693000.0,0.0,0.0,0.29,181867000.0,716475000.0,270918000.0,0.0,9.988,30.021,30.167,1427726000.0,0.0,77.53,8.699,8.751,367265000.0,1338328000.0,2041957000.0,2041957000.0,0.0,0.246,0.363,0.37,0.354,23445000.0,181867000.0,1.0,229112884.0,230489000.0,240453000.0,8.859,2159140000.0,19937000.0,113258000.0,87281000.0,9.368,405163000.0
9,CPRT,MRT,2019-03-31,2019-04-30,2019-04-30,2021-09-27,-113191000.0,2391763000.0,2344538500.0,613585000.0,1778178000.0,0.831,7.101,-346566000.0,102826000.0,102826000.0,1104457000.0,547938000.0,2.067,0.477,406391000.0,7556000.0,398835000.0,406391000.0,7988000.0,92071000.0,0.0,0.0,0.0,670424000.0,762495000.0,0.391,762495000.0,670424000.0,650617000.0,2.38,2.28,2.38,1618852000.0,1582916000.0,1618852000.0,15747509592.0,23.0,20.653,264802000.0,1.161,1.0,844148000.0,0.433,395352000.0,19807000.0,2003070000.0,1869077000.0,22309000.0,0.0,0.0,0.0,772911000.0,296906000.0,476005000.0,15362821592.0,-101449000.0,1051000.0,-320462000.0,7000000.0,0.0,-360348000.0,-345515000.0,0.0,611368000.0,-6954000.0,547945000.0,547945000.0,547945000.0,0.0,-7000.0,0.281,185638000.0,658510000.0,279779000.0,0.0,9.49,28.037,28.286,1340692000.0,0.0,67.32,7.884,7.876,376564000.0,1186125000.0,1948605000.0,1948605000.0,0.0,0.234,0.346,0.359,0.344,23582000.0,184507000.0,1.0,228205906.0,227984000.0,237892000.0,8.547,1996411000.0,19235000.0,102672000.0,75382000.0,8.757,316679000.0
10,CPRT,MRT,2018-12-31,2019-01-31,2019-01-31,2021-09-27,-107223000.0,2296905000.0,2287896000.0,628466000.0,1668439000.0,0.819,6.326,-292631000.0,108174000.0,108174000.0,1062050000.0,482602000.0,1.689,0.573,492862000.0,94122000.0,398740000.0,492862000.0,7344000.0,87533000.0,0.0,0.0,0.0,636546000.0,724079000.0,0.386,724079000.0,636546000.0,617647000.0,2.08,1.99,2.08,1459953000.0,1543235750.0,1459953000.0,11927535752.0,19.0,16.473,271249000.0,1.175,1.0,811637000.0,0.433,398310000.0,18899000.0,1911250000.0,1787950500.0,28315000.0,0.0,0.0,0.0,836952000.0,372033000.0,464919000.0,11848203752.0,-87126000.0,-7114000.0,-325290000.0,-17400000.0,0.0,-344009000.0,-299745000.0,0.0,563880000.0,-7252000.0,482552000.0,482552000.0,482552000.0,0.0,50000.0,0.258,186002000.0,625635000.0,266126000.0,0.0,8.115,24.553,24.341,1237117000.0,0.0,50.63,6.323,6.237,393561000.0,1037051000.0,1873687000.0,1873687000.0,0.0,0.211,0.313,0.356,0.34,23873000.0,184871000.0,1.0,234015480.0,230798000.0,240660000.0,8.118,1898595000.0,373000.0,135095000.0,67145000.0,8.226,256433000.0
11,CPRT,MRT,2018-09-30,2018-10-31,2018-10-31,2021-09-27,-115646000.0,2381788000.0,2249555000.0,763222000.0,1618566000.0,0.821,7.148,-303546000.0,320309000.0,320309000.0,1052875000.0,454530000.0,2.995,0.425,399641000.0,999000.0,398642000.0,399641000.0,4934000.0,85006000.0,0.0,0.0,0.0,616498000.0,701504000.0,0.38,701504000.0,616498000.0,597074000.0,1.96,1.87,1.96,1671760000.0,1511039500.0,1671760000.0,11566218853.0,19.0,16.488,245846000.0,1.051,1.0,795020000.0,0.43,398017000.0,19424000.0,1808295000.0,1727952250.0,19734000.0,0.0,0.0,0.0,710028000.0,254808000.0,455220000.0,11440840853.0,96063000.0,-7114000.0,42288000.0,-182000000.0,0.0,-141061000.0,-310660000.0,0.0,549392000.0,-1608000.0,454435000.0,454435000.0,454435000.0,0.0,95000.0,0.246,183177000.0,611843000.0,235982000.0,0.0,6.844,25.176,24.954,1188088000.0,0.0,48.91,6.191,6.191,336004000.0,1253275000.0,1847895000.0,1847895000.0,0.0,0.202,0.301,0.357,0.334,23936000.0,182046000.0,1.0,233916190.0,233888000.0,244826000.0,7.901,1983771000.0,492000.0,142639000.0,65962000.0,8.482,508414000.0
12,CPRT,MRT,2018-06-30,2018-07-31,2018-07-31,2021-09-27,-107928000.0,2307698000.0,2169775500.0,709116000.0,1598582000.0,0.832,6.821,-281485000.0,274520000.0,274520000.0,1043329000.0,418007000.0,2.558,0.46,399898000.0,1151000.0,398747000.0,399898000.0,4488000.0,79040000.0,0.0,0.0,0.0,582739000.0,661779000.0,0.366,661779000.0,582739000.0,562371000.0,1.8,1.73,1.8,1581099000.0,1390182250.0,1581099000.0,13526232282.0,23.0,20.439,253584000.0,1.094,1.0,762366000.0,0.422,402127000.0,20368000.0,1753693000.0,1706078500.0,16734000.0,0.0,0.0,0.0,726599000.0,277256000.0,449343000.0,13330442282.0,64420000.0,-6991000.0,50312000.0,-231000000.0,0.0,-182038000.0,-288476000.0,0.0,535069000.0,-135000.0,417867000.0,417867000.0,417867000.0,0.0,140000.0,0.231,178021000.0,584345000.0,270944000.0,0.0,8.431,31.901,31.883,1163425000.0,0.0,57.39,7.382,7.367,351601000.0,1162146000.0,1805695000.0,1805695000.0,0.0,0.193,0.301,0.342,0.323,23221000.0,176890000.0,1.0,232278137.0,231793000.0,241877000.0,7.79,1905571000.0,15782000.0,144504000.0,47683000.0,8.221,431860000.0
13,CPRT,MRT,2018-03-31,2018-04-30,2018-04-30,2021-09-27,-90412000.0,2165193000.0,2088476250.0,630902000.0,1534291000.0,0.831,6.293,-223584000.0,204275000.0,204275000.0,993662000.0,378635000.0,2.332,0.482,400065000.0,1151000.0,398914000.0,400065000.0,5906000.0,64168000.0,0.0,0.0,0.0,557556000.0,621724000.0,0.358,621724000.0,557556000.0,535980000.0,1.64,1.56,1.64,1460131000.0,1269424000.0,1460131000.0,12167465997.0,22.0,19.571,297844000.0,1.284,1.0,741406000.0,0.427,411841000.0,21576000.0,1678564000.0,1689431500.0,17034000.0,0.0,0.0,0.0,704381000.0,270578000.0,433803000.0,11850268997.0,14654000.0,-159599000.0,29918000.0,-165000000.0,0.0,-135935000.0,-383183000.0,0.0,521428000.0,12344000.0,378454000.0,378454000.0,378454000.0,0.0,181000.0,0.218,181091000.0,560315000.0,245473000.0,0.0,8.116,31.312,31.146,1087910000.0,0.0,51.08,6.83,6.83,356125000.0,1053510000.0,1735068000.0,1735068000.0,0.0,0.181,0.298,0.33,0.321,22466000.0,161726000.0,1.0,231994303.0,232010000.0,242960000.0,7.478,1753352000.0,2602000.0,157526000.0,49278000.0,7.557,360324000.0
14,CPRT,MRT,2017-12-31,2018-01-31,2018-01-31,2021-09-27,-78913000.0,2143541000.0,2000099500.0,666476000.0,1477065000.0,0.815,5.751,-187480000.0,195300000.0,195300000.0,935889000.0,341776000.0,1.777,0.61,512497000.0,111851000.0,400646000.0,512497000.0,6797000.0,61289000.0,0.0,0.0,0.0,518938000.0,580227000.0,0.356,580227000.0,518938000.0,495909000.0,1.48,1.42,1.48,1331168000.0,1155973500.0,1331168000.0,10553174090.0,20.0,18.188,335443000.0,1.449,1.0,694843000.0,0.426,414433000.0,23029000.0,1671257000.0,1695096750.0,13025000.0,0.0,0.0,0.0,811750000.0,375048000.0,436702000.0,10193566090.0,20348000.0,-163205000.0,32495000.0,-199300000.0,0.0,-167658000.0,-350685000.0,0.0,522923000.0,15768000.0,341652000.0,341652000.0,341652000.0,0.0,124000.0,0.21,172359000.0,522484000.0,242594000.0,0.0,7.658,29.836,29.777,1024564000.0,0.0,44.07,6.251,6.256,398972000.0,926163000.0,1630732000.0,1630732000.0,0.0,0.171,0.296,0.306,0.318,21533000.0,152994000.0,1.0,231303973.0,231478000.0,241360000.0,7.045,1729108000.0,4137000.0,154257000.0,46130000.0,7.47,291428000.0
15,CPRT,MRT,2017-09-30,2017-10-31,2017-10-31,2021-09-27,-102156000.0,2062670000.0,1924524500.0,654371000.0,1408299000.0,0.79,5.151,-172859000.0,224246000.0,224246000.0,871159000.0,304541000.0,2.263,0.735,583854000.0,33150000.0,550704000.0,583854000.0,5189000.0,58633000.0,0.0,0.0,0.0,475030000.0,533663000.0,0.351,533663000.0,475030000.0,451615000.0,1.32,1.27,1.32,1188331000.0,1047107250.0,1188331000.0,8797702581.0,19.0,16.486,338266000.0,1.466,1.0,649999000.0,0.427,412309000.0,23415000.0,1720800000.0,1718936000.0,10138000.0,0.0,0.0,0.0,873761000.0,289169000.0,584592000.0,8374764581.0,55825000.0,-163205000.0,30734000.0,-159900000.0,0.0,-129987000.0,-336064000.0,0.0,511125000.0,10751000.0,304462000.0,304462000.0,304462000.0,0.0,79000.0,0.2,169582000.0,480417000.0,222400000.0,0.0,7.048,27.507,27.492,959716000.0,0.0,36.29,5.506,5.504,366641000.0,822555000.0,1521158000.0,1521158000.0,0.0,0.158,0.291,0.276,0.312,21061000.0,150217000.0,1.0,230773342.0,230694000.0,238791000.0,6.594,1650361000.0,139000.0,147153000.0,59323000.0,7.154,365202000.0
16,CPRT,MRT,2017-06-30,2017-07-31,2017-07-31,2021-09-27,-100676000.0,1982501000.0,1851456000.0,587261000.0,1395240000.0,0.782,4.802,-171413000.0,210100000.0,210100000.0,815953000.0,394261000.0,1.944,0.805,633038000.0,82155000.0,550883000.0,633038000.0,5019000.0,57441000.0,0.0,0.0,0.0,463845000.0,521286000.0,0.36,521286000.0,463845000.0,440066000.0,1.72,1.66,1.72,1098066000.0,951876250.0,1098066000.0,7630415307.0,16.0,14.638,320645000.0,1.402,1.0,632028000.0,0.436,416181000.0,23779000.0,1687105000.0,1719522000.0,10163000.0,0.0,0.0,0.0,883901000.0,302153000.0,581748000.0,7253130307.0,54251000.0,-164378000.0,35458000.0,-7000000.0,0.0,-106975000.0,-335791000.0,0.0,492058000.0,4959000.0,394227000.0,394227000.0,394227000.0,0.0,34000.0,0.272,170729000.0,461299000.0,208415000.0,0.0,6.605,18.398,18.308,944056000.0,0.0,31.49,5.009,4.973,311846000.0,745370000.0,1447981000.0,1447981000.0,0.0,0.213,0.414,0.27,0.32,20840000.0,151364000.0,1.0,230331226.0,228686000.0,237019000.0,6.332,1566320000.0,7705000.0,45839000.0,34329000.0,6.849,285108000.0
17,CPRT,MRT,2017-03-31,2017-04-30,2017-04-30,2021-09-27,-114268000.0,1811686000.0,1768285750.0,593609000.0,1218077000.0,0.793,4.377,-154063000.0,189621000.0,189621000.0,796017000.0,408014000.0,2.68,0.8,566906000.0,16151000.0,550755000.0,566906000.0,6147000.0,57694000.0,0.0,0.0,0.0,464288000.0,521982000.0,0.372,521982000.0,464288000.0,439706000.0,1.8,1.72,1.8,1006329000.0,870973750.0,1006329000.0,7634705382.0,16.0,14.626,317916000.0,1.383,1.0,606027000.0,0.432,266258000.0,24582000.0,1701225000.0,1693676000.0,9239000.0,0.0,0.0,0.0,805357000.0,221488000.0,583869000.0,7097580382.0,51968000.0,-13566000.0,42059000.0,-135000000.0,0.0,-243632000.0,-167629000.0,0.0,471979000.0,-8750000.0,408014000.0,408014000.0,408014000.0,0.0,0.0,0.291,149344000.0,456683000.0,192769000.0,0.0,7.053,17.395,17.167,913303000.0,0.0,30.9,5.062,5.067,302071000.0,675830000.0,1402044000.0,1402044000.0,0.0,0.231,0.468,0.274,0.331,20643000.0,149344000.0,1.0,229695158.0,229920000.0,237135000.0,6.098,1545428000.0,45832000.0,31692000.0,36966000.0,6.722,372121000.0
18,CPRT,MRT,2016-12-31,2017-01-31,2017-01-31,2021-09-27,-119549000.0,1841241000.0,1721398000.0,659252000.0,1181989000.0,0.799,3.909,-187814000.0,174952000.0,174952000.0,784259000.0,392092000.0,1.906,1.056,712077000.0,146151000.0,565926000.0,712077000.0,5938000.0,56495000.0,0.0,0.0,0.0,449601000.0,506096000.0,0.368,506096000.0,449601000.0,425186000.0,1.75,1.66,1.75,895703000.0,798523250.0,895703000.0,7077375030.0,16.0,13.984,216891000.0,0.947,1.0,591169000.0,0.43,265805000.0,24415000.0,1766614000.0,1694124750.0,9136000.0,0.0,0.0,0.0,945538000.0,345947000.0,599591000.0,6501615030.0,33536000.0,-1150000.0,-81541000.0,35468000.0,0.0,-196929000.0,-167466000.0,21498000.0,404705000.0,-6774000.0,392092000.0,392092000.0,392092000.0,0.0,0.0,0.285,149326000.0,441843000.0,184968000.0,0.0,7.259,16.582,16.211,882256000.0,0.0,28.37,4.727,4.726,340438000.0,585284000.0,1375428000.0,1375428000.0,0.0,0.228,0.491,0.265,0.327,20669000.0,149326000.0,1.0,229172190.0,229142000.0,235588000.0,6.003,1575436000.0,84760000.0,33094000.0,39806000.0,6.875,313305000.0
19,CPRT,MRT,2016-09-30,2016-10-31,2016-10-31,2021-09-27,-127969000.0,1770396000.0,1662178750.0,630711000.0,1139685000.0,0.798,3.582,-191450000.0,168421000.0,168421000.0,756584000.0,385030000.0,1.763,1.193,744181000.0,171151000.0,573030000.0,744181000.0,3975000.0,52901000.0,0.0,0.0,0.0,440480000.0,493381000.0,0.372,493381000.0,440480000.0,416639000.0,1.71,1.615,1.71,807407000.0,757447500.0,807407000.0,6474681112.0,15.0,13.123,138550000.0,0.615,1.0,569018000.0,0.429,265334000.0,23841000.0,1723144000.0,1651213000.0,8918000.0,0.0,0.0,0.0,962989000.0,357678000.0,605311000.0,5990038112.0,-304495000.0,-1150000.0,-412637000.0,116618000.0,0.0,-446852000.0,-171102000.0,21498000.0,330000000.0,-16541000.0,385030000.0,385030000.0,385030000.0,0.0,0.0,0.29,143970000.0,425048000.0,175969000.0,0.0,7.419,15.557,15.342,840587000.0,0.0,26.235,4.519,4.462,294358000.0,519240000.0,1325602000.0,1325602000.0,0.0,0.232,0.508,0.267,0.332,20535000.0,143970000.0,1.0,228322398.0,225436000.0,237758000.0,5.88,1505062000.0,113546000.0,31609000.0,36830000.0,6.676,273033000.0
20,CPRT,MRT,2016-06-30,2016-07-31,2016-07-31,2021-09-27,-109194000.0,1649820000.0,1683520750.0,499306000.0,1150514000.0,0.753,3.384,-173255000.0,155849000.0,155849000.0,723863000.0,270360000.0,1.791,1.13,640492000.0,76151000.0,564341000.0,640492000.0,4628000.0,49643000.0,0.0,0.0,0.0,419471000.0,469114000.0,0.37,469114000.0,419471000.0,395865000.0,1.18,1.11,1.18,774456000.0,809732000.0,774456000.0,6080470449.0,14.0,12.962,159243000.0,0.696,1.0,544586000.0,0.429,271959000.0,23606000.0,1583721000.0,1595126000.0,10388000.0,0.0,0.0,0.0,875364000.0,278783000.0,596581000.0,5517247449.0,-300163000.0,0.0,-426246000.0,-6032000.0,0.0,-448496000.0,-172876000.0,379000.0,332498000.0,-11289000.0,270360000.0,270360000.0,270360000.0,0.0,0.0,0.213,138116000.0,406470000.0,192379000.0,0.0,7.124,20.407,21.373,816791000.0,0.0,25.22,4.35,4.55,266270000.0,491194000.0,1268449000.0,1268449000.0,0.0,0.161,0.334,0.263,0.331,20864000.0,138116000.0,1.0,218764768.0,228846000.0,244295000.0,5.543,1377861000.0,43701000.0,125505000.0,35082000.0,6.021,220523000.0
21,CPRT,MRT,2016-03-31,2016-04-30,2016-04-30,2021-09-27,-83791000.0,1624135000.0,1720730750.0,464505000.0,1159630000.0,0.708,3.241,-172771000.0,137653000.0,137653000.0,696177000.0,243650000.0,2.282,1.267,700876000.0,30369000.0,670507000.0,700876000.0,5745000.0,47214000.0,0.0,0.0,0.0,393928000.0,441142000.0,0.362,441142000.0,393928000.0,371326000.0,1.035,0.985,1.035,716527000.0,857234000.0,716527000.0,5332377041.0,14.0,12.088,97282000.0,0.44,1.0,521906000.0,0.428,280757000.0,22602000.0,1703020000.0,1570278000.0,11439000.0,0.0,0.0,0.0,907608000.0,203581000.0,704027000.0,4798121041.0,-541089000.0,-4500000.0,-666127000.0,37218000.0,0.0,-631204000.0,-176892000.0,379000.0,270053000.0,-3046000.0,243650000.0,243650000.0,243650000.0,0.0,0.0,0.2,134862000.0,387044000.0,150298000.0,0.0,6.696,19.693,20.696,806973000.0,0.0,21.42,3.939,3.888,263292000.0,406956000.0,1218083000.0,1218083000.0,0.0,0.142,0.284,0.251,0.323,19006000.0,134862000.0,1.0,224001916.0,221088000.0,236412000.0,5.509,1343378000.0,34685000.0,127676000.0,47845000.0,6.076,260924000.0
22,CPRT,MRT,2015-12-31,2016-01-31,2016-01-31,2021-09-27,-103071000.0,1604364000.0,1815441250.0,506858000.0,1097506000.0,0.643,3.117,-116165000.0,141416000.0,141416000.0,676303000.0,226589000.0,1.912,1.194,675672000.0,99171000.0,576501000.0,675672000.0,5478000.0,46820000.0,0.0,0.0,0.0,365871000.0,412691000.0,0.353,412691000.0,365871000.0,343054000.0,0.925,0.885,0.925,731400000.0,962094250.0,731400000.0,4182932450.0,11.0,10.136,143349000.0,0.611,1.0,491676000.0,0.421,278536000.0,22817000.0,1594967000.0,1511638000.0,9458000.0,17465000.0,17465000.0,0.0,872964000.0,265117000.0,607847000.0,4029125450.0,-448950000.0,-4400000.0,-551864000.0,-7000000.0,0.0,-560249000.0,-141684000.0,-21119000.0,259514000.0,-6531000.0,226589000.0,226589000.0,226589000.0,0.0,0.0,0.194,131813000.0,359863000.0,147839000.0,0.0,5.509,17.782,18.114,744224000.0,0.0,16.755,3.45,3.366,281227000.0,440458000.0,1167979000.0,1167979000.0,0.0,0.125,0.236,0.242,0.313,17647000.0,131813000.0,1.0,240473020.0,234612000.0,249224000.0,4.978,1325828000.0,39851000.0,116465000.0,41193000.0,5.651,241741000.0
23,CPRT,MRT,2015-09-30,2015-10-31,2015-10-31,2021-09-27,-74740000.0,1855764000.0,1902368000.0,785656000.0,1070108000.0,0.602,4.23,-74540000.0,472916000.0,472916000.0,662602000.0,219778000.0,3.509,0.826,626723000.0,42421000.0,584302000.0,626723000.0,3719000.0,46488000.0,0.0,0.0,0.0,353541000.0,400029000.0,0.35,400029000.0,353541000.0,331606000.0,0.88,0.85,0.88,1016545000.0,1047553500.0,1016545000.0,4541764691.0,13.0,11.354,183961000.0,0.766,1.0,481929000.0,0.421,286849000.0,21935000.0,1498796000.0,1492764000.0,9075000.0,21893000.0,21893000.0,0.0,839219000.0,223926000.0,615293000.0,4351970691.0,274432000.0,-4400000.0,-227213000.0,348939000.0,0.0,119559000.0,-100059000.0,-21119000.0,258501000.0,-3569000.0,219778000.0,219778000.0,219778000.0,0.0,0.0,0.192,133683000.0,348246000.0,147342000.0,0.0,4.281,19.802,20.574,705590000.0,0.0,18.105,3.802,3.801,231403000.0,677850000.0,1144531000.0,1144531000.0,0.0,0.116,0.21,0.237,0.309,16592000.0,133683000.0,1.0,240373968.0,240310000.0,254288000.0,4.763,1568915000.0,33641000.0,111828000.0,58033000.0,6.529,561730000.0
24,CPRT,MRT,2015-06-30,2015-07-31,2015-07-31,2021-09-27,-68793000.0,1798660000.0,1822573500.0,734582000.0,1064078000.0,0.629,3.83,-77632000.0,456012000.0,456012000.0,662703000.0,219783000.0,3.447,0.865,644514000.0,53671000.0,590843000.0,644514000.0,3724000.0,48893000.0,0.0,0.0,0.0,350190000.0,399083000.0,0.348,399083000.0,350190000.0,332069000.0,0.87,0.84,0.87,964464000.0,1052775000.0,964464000.0,4544722992.0,13.0,11.388,187444000.0,0.744,1.0,483376000.0,0.422,289707000.0,18121000.0,1484329000.0,1382390500.0,8613000.0,0.0,0.0,0.0,834196000.0,213126000.0,621070000.0,4558592992.0,297344000.0,-4283000.0,-226771000.0,348939000.0,0.0,120362000.0,-81915000.0,0.0,265076000.0,-6179000.0,219783000.0,219783000.0,219783000.0,0.0,0.0,0.192,138975000.0,344401000.0,147452000.0,0.0,4.727,20.741,20.707,700402000.0,0.0,18.015,3.978,3.958,215696000.0,625437000.0,1146079000.0,1146079000.0,0.0,0.121,0.209,0.253,0.306,15183000.0,138975000.0,1.0,253044296.0,251829000.0,262851000.0,4.551,1508953000.0,38328000.0,112286000.0,34758000.0,5.992,521456000.0
25,CPRT,MRT,2015-03-31,2015-04-30,2015-04-30,2021-09-27,-66594000.0,2002977000.0,1749609500.0,954459000.0,1048518000.0,0.658,4.493,-65966000.0,678742000.0,678742000.0,669705000.0,213414000.0,4.16,0.763,664872000.0,64921000.0,599951000.0,664872000.0,4612000.0,50956000.0,0.0,0.0,0.0,339191000.0,390147000.0,0.339,390147000.0,339191000.0,324507000.0,0.845,0.815,0.845,1135968000.0,1062533750.0,1135968000.0,4591495865.0,14.0,11.769,192363000.0,0.761,1.0,481531000.0,0.418,291199000.0,14684000.0,1468460000.0,1285741000.0,8107000.0,0.0,0.0,0.0,867009000.0,229448000.0,637561000.0,4497454865.0,545910000.0,678000.0,8594000.0,348939000.0,0.0,358927000.0,-65288000.0,0.0,258329000.0,-6058000.0,213414000.0,213414000.0,213414000.0,0.0,0.0,0.185,148037000.0,333494000.0,154255000.0,0.0,3.959,21.074,21.047,683956000.0,0.0,17.785,3.907,3.906,217003000.0,780355000.0,1151236000.0,1151236000.0,0.0,0.122,0.201,0.264,0.295,15778000.0,148037000.0,1.0,252879104.0,252830000.0,264248000.0,4.553,1711778000.0,36756000.0,111093000.0,38976000.0,6.77,725011000.0
26,CPRT,MRT,2014-12-31,2015-01-31,2015-01-31,2021-09-27,-66525000.0,1952071000.0,1618033250.0,888425000.0,1063646000.0,0.719,4.249,-67909000.0,590366000.0,590366000.0,677450000.0,196728000.0,3.785,0.819,684407000.0,76171000.0,608236000.0,684407000.0,4515000.0,51513000.0,0.0,0.0,0.0,308400000.0,359913000.0,0.309,359913000.0,308400000.0,297529000.0,0.775,0.75,0.775,1073237000.0,1013482000.0,1073237000.0,4705425260.0,15.0,13.074,207777000.0,0.823,1.0,486366000.0,0.418,291917000.0,10871000.0,1519471000.0,1191523250.0,8015000.0,0.0,0.0,0.0,878834000.0,234724000.0,644110000.0,4623870260.0,544167000.0,509000.0,9271000.0,331905000.0,0.0,341873000.0,-67400000.0,0.0,275686000.0,-5992000.0,196728000.0,196728000.0,196728000.0,0.0,0.0,0.169,185006000.0,301360000.0,148180000.0,0.0,4.308,23.504,23.613,688244000.0,0.0,18.3,3.973,3.972,235477000.0,722791000.0,1163816000.0,1163816000.0,0.0,0.122,0.194,0.259,0.265,18678000.0,155902000.0,1.0,252670506.0,252600000.0,263744000.0,4.607,1660154000.0,48096000.0,100801000.0,37681000.0,6.572,653701000.0
27,CPRT,MRT,2014-09-30,2014-10-31,2014-10-31,2021-09-27,-43936000.0,1536586000.0,1489638750.0,457766000.0,1078820000.0,0.788,4.11,-81128000.0,198484000.0,198484000.0,690947000.0,189880000.0,1.763,0.481,280039000.0,76171000.0,203868000.0,280039000.0,3815000.0,53189000.0,0.0,0.0,0.0,296405000.0,349594000.0,0.298,349594000.0,296405000.0,288013000.0,0.75,0.725,0.75,1037431000.0,965353750.0,1037431000.0,4365847475.0,15.0,12.488,197117000.0,0.781,1.0,483045000.0,0.411,301148000.0,8392000.0,1057302000.0,1105893250.0,7592000.0,0.0,0.0,0.0,499155000.0,259691000.0,239464000.0,4221614475.0,121432000.0,-12932000.0,12987000.0,-75000000.0,0.0,-59421000.0,-94060000.0,0.0,278245000.0,-3332000.0,189880000.0,189880000.0,189880000.0,0.0,0.0,0.162,190669000.0,292376000.0,153799000.0,0.0,4.069,22.233,22.293,691981000.0,0.0,16.72,3.596,3.595,204810000.0,670725000.0,1173992000.0,1173992000.0,0.0,0.127,0.197,0.268,0.252,19006000.0,161565000.0,1.0,252488904.0,252434000.0,263034000.0,4.651,1235438000.0,39909000.0,98133000.0,56987000.0,4.894,198075000.0
28,CPRT,MRT,2014-06-30,2014-07-31,2014-07-31,2021-09-27,-20060000.0,1506804000.0,1454839250.0,412291000.0,1094513000.0,0.8,3.992,-78661000.0,158668000.0,158668000.0,694916000.0,178687000.0,1.688,0.502,302901000.0,79674000.0,223227000.0,302901000.0,4170000.0,53726000.0,0.0,0.0,0.0,278803000.0,332529000.0,0.286,332529000.0,278803000.0,270035000.0,0.71,0.68,0.71,1003499000.0,911657750.0,1003499000.0,4392849465.0,16.0,13.21,183933000.0,0.732,1.0,468573000.0,0.403,309022000.0,8768000.0,1097731000.0,1122193000.0,7259000.0,0.0,0.0,0.0,503305000.0,244284000.0,259021000.0,4207404465.0,95037000.0,-13442000.0,12179000.0,-91291000.0,0.0,-76823000.0,-92103000.0,0.0,262594000.0,1369000.0,178687000.0,178687000.0,178687000.0,0.0,0.0,0.154,193639000.0,274934000.0,152156000.0,0.0,4.193,23.546,23.507,692383000.0,0.0,16.69,3.616,3.606,196985000.0,619004000.0,1163489000.0,1163489000.0,0.0,0.123,0.196,0.248,0.24,19810000.0,164535000.0,1.0,252091340.0,251386000.0,262460000.0,4.628,1197782000.0,40812000.0,91348000.0,39427000.0,4.765,168007000.0
29,CPRT,MRT,2014-03-31,2014-04-30,2014-04-30,2021-09-27,-21829000.0,1476672000.0,1411758500.0,385754000.0,1090918000.0,0.807,3.735,-76108000.0,132832000.0,132832000.0,685030000.0,168948000.0,1.502,0.571,318277000.0,76171000.0,242106000.0,318277000.0,5146000.0,54829000.0,0.0,0.0,0.0,267421000.0,322250000.0,0.283,322250000.0,267421000.0,258313000.0,0.67,0.65,0.67,939761000.0,851383250.0,939761000.0,4874305034.0,18.0,15.126,147849000.0,0.588,1.0,454706000.0,0.399,313786000.0,9108000.0,1091589000.0,1131727750.0,9826000.0,0.0,0.0,0.0,536911000.0,256742000.0,280169000.0,4565260034.0,-6499000.0,-66682000.0,9078000.0,-96655000.0,0.0,-86425000.0,-142790000.0,0.0,223957000.0,-1241000.0,168948000.0,168948000.0,168948000.0,0.0,0.0,0.148,192578000.0,262128000.0,164218000.0,0.0,4.858,27.022,27.067,685564000.0,0.0,18.135,4.006,4.003,192610000.0,568352000.0,1139736000.0,1139736000.0,0.0,0.12,0.198,0.236,0.235,20996000.0,163474000.0,1.0,251737526.0,251588000.0,262972000.0,4.53,1162886000.0,42073000.0,89365000.0,44079000.0,4.622,129012000.0
30,CPRT,MRT,2013-12-31,2014-01-31,2014-01-31,2021-09-27,-31718000.0,1438493000.0,1367261000.0,332929000.0,1105564000.0,0.81,3.507,-92182000.0,46199000.0,46199000.0,669601000.0,181307000.0,1.282,0.633,355244000.0,94062000.0,261182000.0,355244000.0,5179000.0,56857000.0,0.0,0.0,0.0,288542000.0,345399000.0,0.312,345399000.0,288542000.0,279000000.0,0.72,0.7,0.72,880724000.0,797541500.0,880724000.0,4584444033.0,16.0,13.273,129845000.0,0.517,1.0,438051000.0,0.395,310936000.0,9542000.0,1176951000.0,1136195750.0,9850000.0,0.0,0.0,0.0,557769000.0,259651000.0,298118000.0,4304070033.0,-3311000.0,-64185000.0,11169000.0,-79621000.0,0.0,-66477000.0,-156367000.0,0.0,222027000.0,-2494000.0,181307000.0,181307000.0,181307000.0,0.0,0.0,0.164,155743000.0,282308000.0,154871000.0,0.0,4.887,23.739,23.806,707379000.0,0.0,17.14,3.886,3.886,222104000.0,527482000.0,1107652000.0,1107652000.0,0.0,0.133,0.227,0.254,0.26,18301000.0,155743000.0,1.0,251112604.0,251128000.0,262202000.0,4.411,1127557000.0,40111000.0,97693000.0,37165000.0,4.49,73278000.0
31,CPRT,MRT,2013-09-30,2013-10-31,2013-10-31,2021-09-27,-32680000.0,1397388000.0,1321124250.0,320955000.0,1076433000.0,0.823,3.279,-100050000.0,77052000.0,77052000.0,664081000.0,175602000.0,1.244,0.699,357426000.0,77305000.0,280121000.0,357426000.0,4179000.0,58393000.0,0.0,0.0,0.0,279450000.0,337843000.0,0.311,337843000.0,279450000.0,269529000.0,0.7,0.68,0.7,822647000.0,744236250.0,822647000.0,4370471219.0,16.0,12.936,91676000.0,0.365,1.0,423322000.0,0.389,297354000.0,9921000.0,1122501000.0,1135647250.0,9205000.0,0.0,0.0,0.0,574741000.0,257907000.0,316834000.0,4045354219.0,-54378000.0,-81538000.0,18120000.0,-96655000.0,0.0,-74302000.0,-170421000.0,11167000.0,191726000.0,-1381000.0,175602000.0,175602000.0,175602000.0,0.0,0.0,0.161,149728000.0,273594000.0,154847000.0,0.0,4.917,23.037,23.021,692398000.0,0.0,16.115,3.72,3.719,187615000.0,482137000.0,1087403000.0,1087403000.0,0.0,0.133,0.236,0.246,0.257,15017000.0,149728000.0,1.0,251030358.0,250920000.0,261412000.0,4.334,1100034000.0,33531000.0,93927000.0,52450000.0,4.384,63048000.0
32,CPRT,MRT,2013-06-30,2013-07-31,2013-07-31,2021-09-27,-47161000.0,1334481000.0,1275408750.0,306452000.0,1028029000.0,0.82,3.052,-127188000.0,63631000.0,63631000.0,625464000.0,180025000.0,1.285,0.75,388748000.0,92338000.0,296410000.0,388748000.0,4832000.0,56728000.0,0.0,0.0,0.0,287139000.0,343867000.0,0.329,343867000.0,287139000.0,276872000.0,0.72,0.695,0.72,762401000.0,690792250.0,762401000.0,4329008249.0,15.0,12.589,72138000.0,0.289,1.0,420922000.0,0.402,285169000.0,10267000.0,1135870000.0,1126426500.0,10736000.0,0.0,0.0,0.0,572080000.0,238559000.0,333521000.0,4078172249.0,-76481000.0,-80833000.0,8381000.0,-80369000.0,0.0,-65891000.0,-208021000.0,0.0,199326000.0,-1895000.0,180025000.0,180025000.0,180025000.0,0.0,0.0,0.172,137930000.0,282992000.0,136648000.0,0.0,5.349,22.653,22.576,677517000.0,0.0,16.255,3.897,3.881,182714000.0,440780000.0,1046386000.0,1046386000.0,0.0,0.141,0.261,0.255,0.274,13460000.0,137930000.0,1.0,250887250.0,249824000.0,259562000.0,4.188,1049312000.0,41749000.0,96847000.0,35903000.0,4.2,67893000.0
33,CPRT,MRT,2013-03-31,2013-04-30,2013-04-30,2021-09-27,-37078000.0,1298682000.0,1230288500.0,353162000.0,945520000.0,0.82,2.891,-138594000.0,139331000.0,139331000.0,591969000.0,183617000.0,1.617,0.793,390167000.0,75937000.0,314230000.0,390167000.0,5405000.0,54099000.0,0.0,0.0,0.0,293059000.0,347158000.0,0.344,347158000.0,293059000.0,282188000.0,0.73,0.715,0.73,724394000.0,640471250.0,724394000.0,4778560550.0,16.0,13.765,77131000.0,0.308,1.0,417276000.0,0.413,221680000.0,10871000.0,1109461000.0,1109275500.0,10524000.0,0.0,0.0,0.0,574288000.0,218377000.0,355911000.0,4419825550.0,-67803000.0,-22397000.0,-54350000.0,-75005000.0,0.0,-121520000.0,-160991000.0,0.0,215725000.0,-1017000.0,183617000.0,183617000.0,183617000.0,0.0,0.0,0.182,127842000.0,289434000.0,129001000.0,0.0,6.101,24.071,24.144,676698000.0,0.0,17.625,4.379,4.375,164155000.0,399874000.0,1009245000.0,1009245000.0,0.0,0.149,0.287,0.264,0.29,12285000.0,127842000.0,1.0,250770244.0,250540000.0,261060000.0,4.028,1077002000.0,32418000.0,98571000.0,42857000.0,4.299,134785000.0
34,CPRT,MRT,2012-12-31,2013-01-31,2013-01-31,2021-09-27,-32270000.0,1253946000.0,1206808750.0,311905000.0,942041000.0,0.809,2.676,-124142000.0,49510000.0,49510000.0,558764000.0,185852000.0,1.466,0.879,408245000.0,75177000.0,333068000.0,408245000.0,5363000.0,51371000.0,0.0,0.0,0.0,296071000.0,347442000.0,0.356,347442000.0,296071000.0,284730000.0,0.74,0.725,0.74,667503000.0,604055750.0,667503000.0,4774510104.0,16.0,13.742,68273000.0,0.274,1.0,416948000.0,0.427,225113000.0,11341000.0,1174757000.0,1095560500.0,11043000.0,0.0,0.0,0.0,586443000.0,212811000.0,373632000.0,4480604104.0,-78130000.0,-24725000.0,-56839000.0,-75005000.0,0.0,-123288000.0,-148867000.0,0.0,192415000.0,1610000.0,185852000.0,185852000.0,185852000.0,0.0,0.0,0.19,122383000.0,294565000.0,125400000.0,0.0,6.712,24.108,24.264,657424000.0,0.0,17.955,4.592,4.59,198805000.0,346649000.0,975712000.0,975712000.0,0.0,0.154,0.308,0.27,0.303,12127000.0,122383000.0,1.0,249546316.0,249418000.0,259040000.0,3.912,1028833000.0,44265000.0,98878000.0,39670000.0,4.125,99094000.0
35,CPRT,MRT,2012-09-30,2012-10-31,2012-10-31,2021-09-27,-30705000.0,1214526000.0,1178236750.0,327069000.0,887457000.0,0.796,2.449,-94059000.0,131430000.0,131430000.0,517604000.0,186815000.0,1.506,0.995,425336000.0,75177000.0,350159000.0,425336000.0,5218000.0,48979000.0,0.0,0.0,0.0,297615000.0,346594000.0,0.37,346594000.0,297615000.0,285829000.0,0.74,0.725,0.74,608871000.0,564023000.0,608871000.0,3876670489.0,13.0,11.185,146742000.0,0.59,1.0,419827000.0,0.448,205599000.0,11786000.0,1085618000.0,1077474750.0,7587000.0,0.0,0.0,0.0,605655000.0,217215000.0,388440000.0,3572662489.0,-81247000.0,5889000.0,-154790000.0,-75005000.0,0.0,-223708000.0,-99337000.0,-11167000.0,240801000.0,997000.0,186815000.0,186815000.0,186815000.0,0.0,0.0,0.199,124493000.0,295334000.0,112347000.0,0.0,5.868,19.124,19.453,625043000.0,0.0,14.395,3.811,3.818,149554000.0,307543000.0,937431000.0,937431000.0,0.0,0.159,0.331,0.276,0.317,15833000.0,115722000.0,1.0,248187738.0,248604000.0,256946000.0,3.771,1008927000.0,30480000.0,99014000.0,54294000.0,4.058,109854000.0
36,CPRT,MRT,2012-06-30,2012-07-31,2012-07-31,2021-09-27,-38043000.0,1154000000.0,1181076250.0,321227000.0,832773000.0,0.782,2.19,-53564000.0,140112000.0,140112000.0,514575000.0,182119000.0,1.724,1.057,444120000.0,75170000.0,368950000.0,444120000.0,5390000.0,48167000.0,0.0,0.0,0.0,289397000.0,337564000.0,0.365,337564000.0,289397000.0,278056000.0,0.71,0.695,0.71,561117000.0,550516500.0,561117000.0,3277277877.0,11.0,9.709,176109000.0,0.687,1.0,409616000.0,0.443,204423000.0,11341000.0,1067266000.0,1080262250.0,8494000.0,0.0,0.0,0.0,592883000.0,186319000.0,406564000.0,3021485877.0,66103000.0,5477000.0,-187677000.0,68750000.0,0.0,-114873000.0,-48087000.0,0.0,229673000.0,-610000.0,182119000.0,182119000.0,182119000.0,0.0,0.0,0.197,123263000.0,286353000.0,102677000.0,0.0,5.385,16.591,16.732,587163000.0,0.0,11.88,3.269,3.294,137900000.0,272961000.0,924191000.0,924191000.0,0.0,0.154,0.331,0.268,0.313,17424000.0,114492000.0,1.0,254333828.0,256240000.0,262856000.0,3.607,949577000.0,28192000.0,95937000.0,32799000.0,3.706,134908000.0
37,CPRT,MRT,2012-03-31,2012-04-30,2012-04-30,2021-09-27,-27011000.0,1204763000.0,1163685250.0,383375000.0,821388000.0,0.785,2.286,-40403000.0,207134000.0,207134000.0,513301000.0,177744000.0,1.929,1.082,462926000.0,75174000.0,387752000.0,462926000.0,6367000.0,47647000.0,0.0,0.0,0.0,283263000.0,330910000.0,0.362,330910000.0,283263000.0,273222000.0,0.685,0.67,0.685,578732000.0,549030250.0,578732000.0,3697961036.0,13.0,11.175,198830000.0,0.785,1.0,399776000.0,0.438,207183000.0,10041000.0,1054601000.0,1065493000.0,7458000.0,0.0,0.0,0.0,626031000.0,198771000.0,427260000.0,3343885036.0,14986000.0,-510000.0,-261421000.0,75000000.0,0.0,-183416000.0,-40913000.0,0.0,239233000.0,82000.0,177744000.0,177744000.0,177744000.0,0.0,0.0,0.195,119462000.0,280314000.0,108592000.0,0.0,5.778,18.813,19.277,574732000.0,0.0,13.205,3.662,3.662,129335000.0,279155000.0,913077000.0,913077000.0,0.0,0.153,0.324,0.266,0.31,17838000.0,110691000.0,1.0,253228704.0,253192000.0,260902000.0,3.606,997580000.0,24684000.0,95478000.0,43249000.0,3.94,184604000.0
38,CPRT,MRT,2011-12-31,2012-01-31,2012-01-31,2021-09-27,-35912000.0,1139658000.0,1160322500.0,328212000.0,811446000.0,0.781,1.977,-41563000.0,127640000.0,127640000.0,512313000.0,172409000.0,1.763,1.246,481716000.0,75180000.0,406536000.0,481716000.0,6331000.0,46852000.0,0.0,0.0,0.0,277890000.0,324742000.0,0.359,324742000.0,277890000.0,269025000.0,0.645,0.63,0.645,507372000.0,565932750.0,507372000.0,3350114953.0,12.0,10.316,198394000.0,0.773,1.0,393414000.0,0.434,205138000.0,8865000.0,1102414000.0,1053200250.0,7247000.0,0.0,0.0,0.0,632286000.0,186182000.0,446104000.0,3062067953.0,-76314000.0,-35076000.0,-323581000.0,81250000.0,0.0,-239036000.0,-76639000.0,0.0,239957000.0,-596000.0,172409000.0,172409000.0,172409000.0,0.0,0.0,0.19,119000000.0,274414000.0,100441000.0,0.0,6.035,17.76,18.233,568816000.0,0.0,11.76,3.381,3.332,151903000.0,225513000.0,905727000.0,905727000.0,0.0,0.149,0.305,0.264,0.307,17311000.0,110229000.0,1.0,260379928.0,256612000.0,263180000.0,3.53,934520000.0,21261000.0,96616000.0,37304000.0,3.642,142030000.0
39,CPRT,MRT,2011-09-30,2011-10-31,2011-10-31,2021-09-27,-27339000.0,1225884000.0,1172510750.0,384271000.0,841613000.0,0.755,2.111,-45587000.0,212677000.0,212677000.0,505580000.0,169699000.0,1.842,1.209,500724000.0,75387000.0,425337000.0,500724000.0,4526000.0,45999000.0,0.0,0.0,0.0,273775000.0,319774000.0,0.361,319774000.0,273775000.0,267526000.0,0.603,0.59,0.603,554845000.0,599423250.0,554845000.0,3177376015.0,12.0,9.936,183994000.0,0.7,1.0,379623000.0,0.429,208528000.0,6249000.0,1096768000.0,1036590750.0,6433000.0,0.0,0.0,0.0,671039000.0,208635000.0,462404000.0,2875629015.0,-47793000.0,-34912000.0,-698187000.0,500000000.0,0.0,-196884000.0,-80499000.0,0.0,229581000.0,9000.0,169699000.0,169699000.0,169699000.0,0.0,0.0,0.192,108553000.0,271070000.0,101489000.0,0.0,5.183,16.945,18.056,594851000.0,0.0,10.887,3.249,3.233,136284000.0,266756000.0,885203000.0,885203000.0,0.0,0.145,0.283,0.264,0.309,15777000.0,108553000.0,1.0,264122068.0,262864000.0,267604000.0,3.368,1017356000.0,13185000.0,97827000.0,56685000.0,3.87,175636000.0
40,CPRT,MRT,2011-06-30,2011-07-31,2011-07-31,2021-09-27,-23225000.0,1084436000.0,1168576500.0,241868000.0,842568000.0,0.746,1.835,-49568000.0,74009000.0,74009000.0,499351000.0,166375000.0,1.452,0.953,375756000.0,50370000.0,325386000.0,375756000.0,5636000.0,45694000.0,0.0,0.0,0.0,267955000.0,313649000.0,0.36,313649000.0,267955000.0,263877000.0,0.55,0.54,0.55,555172000.0,725469250.0,555172000.0,3185784776.0,12.0,10.157,193364000.0,0.639,1.0,372895000.0,0.428,211368000.0,4078000.0,1008189000.0,923157000.0,8016000.0,0.0,0.0,0.0,529264000.0,166626000.0,362638000.0,2989235776.0,-194179000.0,-34912000.0,-730599000.0,375000000.0,0.0,-354075000.0,-84480000.0,0.0,242932000.0,1444000.0,166375000.0,166375000.0,166375000.0,0.0,0.0,0.191,107605000.0,265290000.0,101708000.0,0.0,5.384,17.967,19.75,600388000.0,0.0,10.863,3.427,3.768,122859000.0,264457000.0,872246000.0,872246000.0,0.0,0.142,0.229,0.29,0.307,15460000.0,107605000.0,1.0,275188564.0,302596000.0,306704000.0,2.883,873068000.0,14570000.0,97502000.0,38813000.0,2.885,75242000.0
41,CPRT,MRT,2011-03-31,2011-04-30,2011-04-30,2021-09-27,-20168000.0,1191312000.0,1204670500.0,353366000.0,837946000.0,0.703,2.315,-52994000.0,192148000.0,192148000.0,477380000.0,162085000.0,2.062,0.843,388697000.0,50745000.0,337952000.0,388697000.0,6189000.0,45514000.0,0.0,0.0,0.0,261195000.0,306709000.0,0.362,306709000.0,261195000.0,258916000.0,0.517,0.507,0.517,646342000.0,858484750.0,646342000.0,3386916187.0,13.0,11.043,173080000.0,0.62,1.0,369890000.0,0.437,211025000.0,2279000.0,1005430000.0,837482000.0,6412000.0,0.0,0.0,0.0,544970000.0,171406000.0,373564000.0,3189740187.0,-72104000.0,-34578000.0,-602501000.0,387500000.0,0.0,-211422000.0,-88872000.0,-1300000.0,226074000.0,2116000.0,162085000.0,162085000.0,162085000.0,0.0,0.0,0.191,110837000.0,259053000.0,104229000.0,0.0,4.935,19.679,21.944,598968000.0,0.0,11.345,3.765,3.739,117534000.0,346868000.0,847270000.0,847270000.0,0.0,0.135,0.189,0.312,0.308,13246000.0,110837000.0,1.0,281158236.0,279226000.0,284130000.0,3.034,980287000.0,15855000.0,96831000.0,44852000.0,3.511,181960000.0
42,CPRT,MRT,2010-12-31,2011-01-31,2011-01-31,2021-09-27,-29574000.0,1188411000.0,1207344000.0,392353000.0,796058000.0,0.688,1.974,-57346000.0,203954000.0,203954000.0,469383000.0,156339000.0,2.439,0.853,401130000.0,50656000.0,350474000.0,401130000.0,6963000.0,45253000.0,0.0,0.0,0.0,250635000.0,295888000.0,0.356,295888000.0,250635000.0,250150000.0,0.47,0.463,0.47,641334000.0,958514750.0,641334000.0,2965828622.0,12.0,10.023,152580000.0,0.47,1.0,361481000.0,0.435,188718000.0,485000.0,1035976000.0,743527500.0,5890000.0,0.0,0.0,0.0,547077000.0,160893000.0,386184000.0,3226298622.0,14664000.0,-11000.0,-539458000.0,400000000.0,0.0,-137244000.0,-58657000.0,-1300000.0,209926000.0,639000.0,156339000.0,156339000.0,156339000.0,0.0,0.0,0.188,112346000.0,249135000.0,101428000.0,0.0,5.031,20.637,20.878,575686000.0,0.0,9.812,3.883,3.838,136972000.0,354426000.0,830864000.0,830864000.0,0.0,0.129,0.163,0.337,0.302,13951000.0,112346000.0,1.0,328794764.0,324960000.0,327820000.0,2.557,999693000.0,16562000.0,93811000.0,36334000.0,3.076,231460000.0
43,CPRT,MRT,2010-09-30,2010-10-31,2010-10-31,2021-09-27,-28483000.0,1210147000.0,1197213500.0,416716000.0,793431000.0,0.668,3.161,-61529000.0,260470000.0,260470000.0,445822000.0,154179000.0,3.585,0.143,0.0,0.0,0.0,0.0,5607000.0,44350000.0,0.0,0.0,0.0,242694000.0,287044000.0,0.359,287044000.0,242694000.0,242605000.0,0.457,0.452,0.457,1059029000.0,1048537000.0,1059029000.0,2588493180.0,11.0,9.018,137725000.0,0.411,1.0,354263000.0,0.443,190414000.0,89000.0,643033000.0,648274000.0,4350000.0,0.0,0.0,0.0,151118000.0,116230000.0,34888000.0,2856681180.0,42191000.0,-21362000.0,-76907000.0,0.0,0.0,-73583000.0,-84191000.0,-1300000.0,199254000.0,711000.0,154179000.0,154179000.0,154179000.0,0.0,0.0,0.193,112091000.0,242172000.0,95423000.0,0.0,2.697,18.528,18.523,574880000.0,0.0,8.465,3.57,3.544,117032000.0,726214000.0,800085000.0,800085000.0,0.0,0.129,0.147,0.374,0.303,14982000.0,112091000.0,1.0,337469720.0,334980000.0,337624000.0,2.388,1019733000.0,11755000.0,88426000.0,48582000.0,3.044,300486000.0
44,CPRT,MRT,2010-06-30,2010-07-31,2010-07-31,2021-09-27,-32741000.0,1228812000.0,1175511750.0,437415000.0,791397000.0,0.657,3.229,-73363000.0,268188000.0,268188000.0,424885000.0,151627000.0,4.079,0.13,975000.0,374000.0,601000.0,975000.0,10642000.0,43242000.0,0.0,0.0,0.0,239711000.0,282953000.0,0.366,282953000.0,239711000.0,239495000.0,0.45,0.445,0.45,1087234000.0,1024513750.0,1087234000.0,2808964667.0,12.0,9.927,126044000.0,0.374,1.0,347994000.0,0.45,188886000.0,216000.0,665489000.0,631934250.0,4976000.0,0.0,0.0,0.0,141578000.0,107224000.0,34354000.0,3073216667.0,105497000.0,-21362000.0,-4377000.0,0.0,0.0,1266000.0,-96025000.0,-1300000.0,199407000.0,849000.0,151627000.0,151627000.0,151627000.0,0.0,0.0,0.196,108924000.0,239070000.0,93740000.0,0.0,2.827,20.268,20.244,573514000.0,0.0,9.11,3.976,3.968,109061000.0,754468000.0,772879000.0,772879000.0,0.0,0.129,0.148,0.379,0.31,12312000.0,108924000.0,1.0,337345408.0,336660000.0,340108000.0,2.296,1039926000.0,21171000.0,87868000.0,35585000.0,3.089,330191000.0
45,CPRT,MRT,2010-03-31,2010-04-30,2010-04-30,2021-09-27,-35820000.0,1202006000.0,1132816750.0,419683000.0,782323000.0,0.677,3.106,-64419000.0,264252000.0,264252000.0,425043000.0,150020000.0,3.478,0.149,0.0,0.0,0.0,0.0,10819000.0,42149000.0,0.0,0.0,0.0,238491000.0,280640000.0,0.366,280640000.0,238491000.0,238143000.0,0.445,0.442,0.445,1046462000.0,983070000.0,1046462000.0,2818943759.0,12.0,10.045,158346000.0,0.47,1.0,341700000.0,0.446,187466000.0,348000.0,629612000.0,618116500.0,4465000.0,0.0,0.0,0.0,155544000.0,120676000.0,34868000.0,3008233759.0,145289000.0,-21439000.0,787000.0,0.0,0.0,7213000.0,-85858000.0,0.0,222765000.0,1169000.0,150020000.0,150020000.0,150020000.0,0.0,0.0,0.196,104461000.0,237239000.0,102546000.0,0.0,2.875,20.052,20.051,563364000.0,0.0,8.922,3.923,3.92,102093000.0,726345000.0,766743000.0,766743000.0,0.0,0.132,0.153,0.386,0.311,15085000.0,104461000.0,1.0,337151444.0,336896000.0,340592000.0,2.276,1014540000.0,18948000.0,88123000.0,40462000.0,3.011,299007000.0
46,CPRT,MRT,2009-12-31,2010-01-31,2010-01-31,2021-09-27,-29939000.0,1147889000.0,1083811750.0,365108000.0,782781000.0,0.686,2.977,-57852000.0,189290000.0,189290000.0,417051000.0,147699000.0,3.27,0.146,0.0,0.0,0.0,0.0,12917000.0,41598000.0,0.0,0.0,0.0,234388000.0,275986000.0,0.371,275986000.0,234388000.0,234012000.0,0.438,0.438,0.438,1001423000.0,937877250.0,1001423000.0,2622606635.0,11.0,9.503,183491000.0,0.545,1.0,326669000.0,0.439,191991000.0,376000.0,654962000.0,606006000.0,4240000.0,0.0,0.0,0.0,146466000.0,111646000.0,34820000.0,2840885635.0,166841000.0,-21367000.0,-447000.0,-9910000.0,0.0,-8349000.0,-67219000.0,12000000.0,241343000.0,1066000.0,147699000.0,147699000.0,147699000.0,-1557000.0,0.0,0.199,96676000.0,229993000.0,92061000.0,0.0,2.837,19.234,19.269,558302000.0,0.0,8.44,3.82,3.818,121753000.0,681956000.0,743720000.0,743720000.0,0.0,0.136,0.157,0.387,0.315,13095000.0,96676000.0,1.0,336597824.0,336432000.0,339708000.0,2.211,955898000.0,22185000.0,86313000.0,39604000.0,2.841,253462000.0
47,CPRT,MRT,2009-09-30,2009-10-31,2009-10-31,2021-09-27,-25542000.0,1123340000.0,1035756000.0,366480000.0,756860000.0,0.712,2.864,-65776000.0,218279000.0,218279000.0,421700000.0,139116000.0,2.9,0.167,0.0,0.0,0.0,0.0,12299000.0,41259000.0,0.0,0.0,0.0,225400000.0,266659000.0,0.362,266659000.0,225400000.0,225018000.0,0.415,0.412,0.415,962936000.0,892959250.0,962936000.0,2542230575.0,11.0,9.534,162890000.0,0.485,1.0,315274000.0,0.428,201015000.0,382000.0,577674000.0,601652500.0,4411000.0,0.0,0.0,0.0,160404000.0,126372000.0,34032000.0,2704921575.0,167509000.0,0.0,-7834000.0,-7579000.0,0.0,-8468000.0,-53776000.0,12000000.0,228666000.0,1087000.0,139116000.0,139116000.0,139116000.0,-1557000.0,0.0,0.189,92944000.0,222330000.0,93636000.0,0.0,2.809,19.444,19.38,546088000.0,0.0,8.043,3.67,3.669,109715000.0,646221000.0,736974000.0,736974000.0,0.0,0.134,0.156,0.375,0.306,5253000.0,92944000.0,1.0,336328452.0,336180000.0,339792000.0,2.192,922325000.0,9757000.0,85902000.0,52426000.0,2.744,240108000.0
48,CPRT,MRT,2009-06-30,2009-07-31,2009-07-31,2021-09-27,-27082000.0,1058032000.0,992311500.0,315933000.0,742099000.0,0.749,2.758,-71904000.0,162691000.0,162691000.0,430822000.0,141103000.0,3.05,0.148,0.0,0.0,0.0,0.0,13165000.0,41354000.0,0.0,0.0,0.0,229563000.0,270917000.0,0.365,270917000.0,229563000.0,229289000.0,0.422,0.415,0.422,921459000.0,854007250.0,921459000.0,2851425532.0,12.0,10.525,131435000.0,0.393,1.0,312260000.0,0.42,181539000.0,274000.0,610218000.0,603171000.0,4667000.0,0.0,0.0,0.0,136573000.0,103584000.0,32989000.0,2970388532.0,123737000.0,0.0,-4708000.0,-17502000.0,0.0,-17640000.0,-59904000.0,12000000.0,203339000.0,-2058000.0,141103000.0,141103000.0,141103000.0,-1557000.0,0.0,0.19,86935000.0,225325000.0,82773000.0,0.0,3.224,21.051,20.918,530886000.0,0.0,8.828,3.997,3.97,109248000.0,614101000.0,743082000.0,743082000.0,0.0,0.142,0.165,0.381,0.309,4843000.0,86935000.0,1.0,336492612.0,334148000.0,339720000.0,2.224,876493000.0,13185000.0,88186000.0,38480000.0,2.623,212349000.0
49,CPRT,MRT,2009-03-31,2009-04-30,2009-04-30,2021-09-27,-41381000.0,1005986000.0,966865250.0,274505000.0,731481000.0,0.791,2.588,-86525000.0,118963000.0,118963000.0,445610000.0,147294000.0,2.549,0.162,0.0,0.0,0.0,0.0,14425000.0,42344000.0,0.0,0.0,0.0,241309000.0,283653000.0,0.371,283653000.0,241309000.0,240973000.0,0.44,0.432,0.44,865691000.0,823391500.0,865691000.0,2613781251.0,11.0,9.215,121648000.0,0.364,1.0,319422000.0,0.418,198174000.0,336000.0,581170000.0,595698250.0,3784000.0,0.0,0.0,0.0,140295000.0,107679000.0,32616000.0,2626320251.0,21799000.0,-259000.0,-120265000.0,-819000.0,0.0,-109103000.0,-74784000.0,21148000.0,208173000.0,-2487000.0,147294000.0,147294000.0,147294000.0,-1557000.0,0.0,0.193,84116000.0,235306000.0,77646000.0,0.0,3.034,17.83,17.835,524184000.0,0.0,7.848,3.433,3.431,107472000.0,582818000.0,765032000.0,765032000.0,0.0,0.152,0.179,0.405,0.315,-9477000.0,84116000.0,1.0,334669672.0,334524000.0,339128000.0,2.287,807812000.0,17691000.0,93679000.0,46096000.0,2.415,166826000.0
50,CPRT,MRT,2008-12-31,2009-01-31,2009-01-31,2021-09-27,-44736000.0,955666000.0,967434000.0,227628000.0,728038000.0,0.815,2.462,-102916000.0,22449000.0,22449000.0,466735000.0,151702000.0,2.099,0.163,9910000.0,9910000.0,0.0,9910000.0,16315000.0,41552000.0,0.0,0.0,0.0,244664000.0,286216000.0,0.363,286216000.0,244664000.0,244394000.0,0.448,0.438,0.448,821751000.0,822631250.0,821751000.0,1964502724.0,8.0,6.864,81452000.0,0.244,1.0,322121000.0,0.408,197114000.0,270000.0,637548000.0,590075750.0,4212000.0,0.0,0.0,0.0,133915000.0,108465000.0,25450000.0,2007693724.0,-162222000.0,-28344000.0,-227440000.0,-1536000.0,0.0,-212928000.0,-131260000.0,9148000.0,184368000.0,-2402000.0,151702000.0,151702000.0,151702000.0,0.0,0.0,0.192,83011000.0,239110000.0,75082000.0,0.0,2.443,13.234,13.443,520636000.0,0.0,6.022,2.545,2.548,137810000.0,540749000.0,788856000.0,788856000.0,0.0,0.157,0.184,0.415,0.31,-10068000.0,83011000.0,1.0,333365500.0,333772000.0,336824000.0,2.363,758552000.0,30823000.0,92692000.0,30061000.0,2.273,119163000.0
51,CPRT,MRT,2008-09-30,2008-10-31,2008-10-31,2021-09-27,-30460000.0,949562000.0,991743250.0,220884000.0,728678000.0,0.799,2.423,-115365000.0,50770000.0,50770000.0,469023000.0,156578000.0,1.923,0.176,7579000.0,7579000.0,0.0,7579000.0,15409000.0,42509000.0,0.0,0.0,0.0,251048000.0,293557000.0,0.37,293557000.0,251048000.0,250805000.0,0.455,0.445,0.455,807128000.0,847654250.0,807128000.0,2885156040.0,11.0,9.828,75370000.0,0.226,1.0,323437000.0,0.408,207760000.0,243000.0,583748000.0,567393750.0,4329000.0,0.0,0.0,0.0,142434000.0,114863000.0,27571000.0,2906608040.0,-206556000.0,-28143000.0,-261752000.0,107000.0,0.0,-250189000.0,-143508000.0,9148000.0,190735000.0,-3594000.0,156578000.0,156578000.0,156578000.0,0.0,0.0,0.198,82661000.0,240776000.0,77329000.0,0.0,3.601,18.563,19.176,514908000.0,0.0,8.725,3.668,3.668,118508000.0,518744000.0,792460000.0,792460000.0,0.0,0.158,0.185,0.442,0.317,-11201000.0,82661000.0,1.0,333135592.0,333132000.0,341280000.0,2.379,741802000.0,13274000.0,94227000.0,39288000.0,2.227,106021000.0
52,CPRT,MRT,2008-06-30,2008-07-31,2008-07-31,2021-09-27,833000.0,956247000.0,1023774500.0,212753000.0,743494000.0,0.767,2.285,-106144000.0,38954000.0,38954000.0,462589000.0,156932000.0,1.659,0.197,17502000.0,17502000.0,0.0,17502000.0,14518000.0,42804000.0,0.0,0.0,0.0,249859000.0,292663000.0,0.373,292663000.0,249859000.0,249650000.0,0.45,0.438,0.45,798996000.0,879396750.0,798996000.0,3678071599.0,15.0,12.568,87919000.0,0.251,1.0,322259000.0,0.411,226216000.0,209000.0,580327000.0,541554750.0,5334000.0,0.0,0.0,0.0,157251000.0,128252000.0,28999000.0,3774416599.0,-68667000.0,-38229000.0,-254865000.0,8246000.0,0.0,-229677000.0,-32600000.0,111773000.0,194063000.0,-453000.0,156932000.0,156932000.0,156932000.0,0.0,0.0,0.2,84342000.0,237917000.0,88883000.0,0.0,4.724,24.051,24.367,510340000.0,0.0,10.965,4.809,4.885,111705000.0,481490000.0,784848000.0,784848000.0,0.0,0.153,0.178,0.461,0.318,-10586000.0,84342000.0,1.0,344224040.0,349648000.0,359432000.0,2.245,730031000.0,25979000.0,92718000.0,33036000.0,2.088,84501000.0
53,CPRT,MRT,2008-03-31,2008-04-30,2008-04-30,2021-09-27,1074000.0,1008261000.0,1038362750.0,271521000.0,736740000.0,0.705,2.475,-91341000.0,96345000.0,96345000.0,425865000.0,152848000.0,2.106,0.169,0.0,0.0,0.0,0.0,15457000.0,42085000.0,0.0,0.0,0.0,240062000.0,282147000.0,0.385,282147000.0,240062000.0,239979000.0,0.427,0.42,0.427,862650000.0,899864250.0,862650000.0,3431483701.0,14.0,12.162,103894000.0,0.298,1.0,306683000.0,0.419,224326000.0,83000.0,558680000.0,540956500.0,6851000.0,0.0,0.0,0.0,145611000.0,128910000.0,16701000.0,3604708701.0,-28150000.0,-157911000.0,-227103000.0,-5749000.0,0.0,-227997000.0,4733000.0,244837000.0,195235000.0,-121000.0,152848000.0,152848000.0,152848000.0,0.0,0.0,0.209,80277000.0,226406000.0,99207000.0,0.0,4.179,23.584,23.929,498248000.0,0.0,10.217,4.921,4.861,129526000.0,782782000.0,732548000.0,732548000.0,0.0,0.147,0.17,0.444,0.328,-4008000.0,80277000.0,1.0,352797524.0,348476000.0,358828000.0,2.102,783935000.0,14166000.0,87131000.0,26934000.0,2.25,142611000.0
54,CPRT,MRT,2007-12-31,2008-01-31,2008-01-31,2021-09-27,1600000.0,1052903000.0,1040055750.0,361618000.0,691285000.0,0.632,2.595,-74136000.0,173225000.0,173225000.0,365546000.0,145238000.0,3.2,0.142,0.0,0.0,0.0,0.0,16033000.0,41636000.0,0.0,0.0,0.0,231213000.0,272849000.0,0.415,272849000.0,231213000.0,231130000.0,0.402,0.392,0.402,921843000.0,916496250.0,921843000.0,3390713378.0,15.0,12.427,100798000.0,0.284,1.0,291504000.0,0.444,219844000.0,83000.0,546820000.0,537634750.0,7356000.0,0.0,0.0,0.0,131060000.0,113014000.0,18046000.0,3640567378.0,56083000.0,-129899000.0,-118890000.0,4878000.0,0.0,-108696000.0,-10400000.0,184487000.0,174934000.0,245000.0,145238000.0,145238000.0,145238000.0,0.0,0.0,0.221,76553000.0,214951000.0,90934000.0,0.0,3.949,25.066,25.423,459321000.0,0.0,10.22,5.541,5.525,137286000.0,736306000.0,657050000.0,657050000.0,0.0,0.14,0.158,0.43,0.352,-4417000.0,76553000.0,1.0,356219900.0,355208000.0,365332000.0,1.85,833059000.0,13820000.0,85892000.0,19139000.0,2.345,248604000.0
55,CPRT,MRT,2007-09-30,2007-10-31,2007-10-31,2021-09-27,8581000.0,1077687000.0,1019086750.0,407509000.0,670178000.0,0.601,2.637,-51974000.0,249854000.0,249854000.0,329231000.0,143604000.0,3.257,0.154,0.0,0.0,0.0,0.0,14159000.0,39353000.0,0.0,0.0,0.0,229316000.0,268669000.0,0.439,268669000.0,229316000.0,229233000.0,0.395,0.385,0.395,934098000.0,907731750.0,934098000.0,3283642438.0,14.0,12.222,131783000.0,0.372,1.0,283285000.0,0.462,222339000.0,83000.0,480392000.0,557779250.0,7772000.0,0.0,0.0,0.0,143589000.0,125102000.0,18487000.0,3391155438.0,126146000.0,-130100000.0,-71242000.0,904000.0,0.0,-61554000.0,2731000.0,175657000.0,183757000.0,1212000.0,143604000.0,143604000.0,143604000.0,0.0,0.0,0.234,70405000.0,212880000.0,80308000.0,0.0,3.63,23.615,24.291,435754000.0,0.0,9.595,5.536,5.549,114888000.0,704282000.0,612516000.0,612516000.0,0.0,0.141,0.158,0.411,0.374,817000.0,70405000.0,1.0,353429436.0,354232000.0,362744000.0,1.729,855348000.0,12085000.0,85629000.0,44809000.0,2.415,282407000.0
56,CPRT,MRT,2007-06-30,2007-07-31,2007-07-31,2021-09-27,4447000.0,1014600000.0,984421750.0,363708000.0,650892000.0,0.57,2.429,-50249000.0,116769000.0,116769000.0,293898000.0,136338000.0,3.139,0.152,9256000.0,9256000.0,0.0,9256000.0,13897000.0,37089000.0,0.0,0.0,0.0,217504000.0,254593000.0,0.454,254593000.0,217504000.0,217421000.0,0.375,0.365,0.375,880866000.0,885126000.0,880866000.0,2320337762.0,11.0,9.114,131804000.0,0.363,1.0,266782000.0,0.476,213295000.0,83000.0,577934000.0,582958250.0,5999000.0,102625000.0,102625000.0,0.0,133734000.0,115858000.0,17876000.0,2569016762.0,-23504000.0,-120014000.0,-77172000.0,2688000.0,0.0,-70664000.0,-135561000.0,34702000.0,182053000.0,668000.0,136338000.0,136338000.0,136338000.0,0.0,0.0,0.243,63637000.0,203145000.0,85082000.0,0.0,2.916,18.843,18.76,420664000.0,0.0,7.035,4.582,4.55,109895000.0,670293000.0,560680000.0,560680000.0,0.0,0.138,0.154,0.373,0.388,-396000.0,63637000.0,1.0,365176512.0,362604000.0,373820000.0,1.546,801305000.0,10993000.0,81083000.0,21147000.0,2.21,247850000.0
57,CPRT,MRT,2007-03-31,2007-04-30,2007-04-30,2021-09-27,464000.0,1015033000.0,954448000.0,387094000.0,627939000.0,0.57,2.545,-48198000.0,248679000.0,248679000.0,285676000.0,131177000.0,4.591,0.092,0.0,0.0,0.0,0.0,14342000.0,35296000.0,0.0,0.0,0.0,205629000.0,240925000.0,0.443,240925000.0,205629000.0,205557000.0,0.363,0.348,0.363,929178000.0,867402000.0,929178000.0,2521171326.0,12.0,10.465,127857000.0,0.35,1.0,258242000.0,0.475,136641000.0,72000.0,545393000.0,575601500.0,0.0,128335000.0,128335000.0,0.0,85855000.0,84320000.0,1535000.0,2645224326.0,207000.0,-22934000.0,13037000.0,4180000.0,0.0,23348000.0,-199317000.0,-128335000.0,176055000.0,121000.0,131177000.0,131177000.0,131177000.0,-784000.0,0.0,0.241,61759000.0,196483000.0,62967000.0,0.0,2.847,20.165,19.959,355309000.0,0.0,7.245,4.863,4.863,105694000.0,633558000.0,543918000.0,543918000.0,0.0,0.137,0.151,0.357,0.378,3643000.0,61759000.0,1.0,365110328.0,365084000.0,375140000.0,1.49,878392000.0,8089000.0,74380000.0,7011000.0,2.406,302774000.0
58,CPRT,MRT,2006-12-31,2007-01-31,2007-01-31,2021-09-27,-105000.0,969027000.0,918155500.0,472622000.0,496405000.0,0.597,2.443,-55891000.0,124053000.0,124053000.0,293059000.0,127020000.0,5.854,0.093,0.0,0.0,0.0,0.0,14728000.0,34178000.0,0.0,0.0,0.0,198823000.0,233001000.0,0.425,233001000.0,198823000.0,198751000.0,0.35,0.338,0.35,886785000.0,828859000.0,886785000.0,2540029464.0,13.0,10.901,120903000.0,0.333,1.0,254719000.0,0.465,136836000.0,72000.0,627398000.0,568457000.0,0.0,195885000.0,195885000.0,0.0,82242000.0,80740000.0,1502000.0,2666674464.0,30665000.0,-22892000.0,13176000.0,4180000.0,0.0,23225000.0,-168996000.0,-90385000.0,176794000.0,-358000.0,127020000.0,127020000.0,127020000.0,-2314000.0,0.0,0.232,62114000.0,192605000.0,58787000.0,0.0,3.007,20.994,21.029,352385000.0,0.0,7.36,4.868,4.877,112174000.0,594690000.0,547778000.0,547778000.0,0.0,0.138,0.153,0.35,0.363,3594000.0,62114000.0,1.0,362319900.0,363008000.0,374728000.0,1.509,832191000.0,12524000.0,71731000.0,7225000.0,2.292,391882000.0
59,CPRT,MRT,2006-09-30,2006-10-31,2006-10-31,2021-09-27,322000.0,939027000.0,882990750.0,447206000.0,491821000.0,0.616,2.331,-78950000.0,126645000.0,126645000.0,299047000.0,104481000.0,4.762,0.113,0.0,0.0,0.0,0.0,14372000.0,33087000.0,0.0,0.0,0.0,170590000.0,203677000.0,0.374,203677000.0,170590000.0,170518000.0,0.29,0.278,0.29,843675000.0,791566750.0,843675000.0,2493114886.0,15.0,12.241,85877000.0,0.237,1.0,244905000.0,0.45,137356000.0,72000.0,581108000.0,539762500.0,0.0,187055000.0,187055000.0,0.0,95352000.0,93918000.0,1434000.0,2619704886.0,24317000.0,-28868000.0,-1945000.0,4180000.0,0.0,4609000.0,-144993000.0,-37335000.0,164827000.0,-126000.0,104481000.0,104481000.0,104481000.0,15951000.0,0.0,0.192,60449000.0,184456000.0,56979000.0,0.0,3.105,25.074,24.94,348218000.0,0.0,7.232,4.816,4.813,100375000.0,564300000.0,543952000.0,543952000.0,0.0,0.118,0.132,0.316,0.314,3655000.0,60449000.0,1.0,362212912.0,362000000.0,373500000.0,1.503,801671000.0,6247000.0,66037000.0,22441000.0,2.215,353288000.0
60,CPRT,MRT,2006-06-30,2006-07-31,2006-07-31,2021-09-27,-37000.0,894705000.0,856874500.0,411350000.0,483355000.0,0.617,2.241,-87480000.0,126590000.0,126590000.0,298023000.0,96947000.0,4.936,0.105,0.0,0.0,0.0,0.0,15372000.0,31456000.0,0.0,0.0,0.0,158881000.0,190337000.0,0.36,190337000.0,158881000.0,158809000.0,0.268,0.26,0.268,809970000.0,764437250.0,809970000.0,2283672918.0,14.0,11.998,53724000.0,0.149,1.0,230548000.0,0.436,136275000.0,72000.0,548507000.0,517491750.0,971000.0,148725000.0,148725000.0,0.0,84735000.0,83333000.0,1402000.0,2407684918.0,-122518000.0,-31868000.0,-1812000.0,4180000.0,0.0,4685000.0,-267915000.0,-148725000.0,141204000.0,-492000.0,96947000.0,96947000.0,96947000.0,15713000.0,0.0,0.183,58986000.0,171562000.0,60770000.0,0.0,2.973,24.835,24.851,341943000.0,0.0,6.66,4.555,4.555,99959000.0,533955000.0,528571000.0,528571000.0,0.0,0.113,0.127,0.307,0.301,3530000.0,58986000.0,1.0,361514252.0,361488000.0,371700000.0,1.462,758430000.0,7201000.0,61862000.0,7191000.0,2.098,328017000.0
61,CPRT,MRT,2006-03-31,2006-04-30,2006-04-30,2021-09-27,280000.0,869863000.0,831580250.0,407695000.0,462168000.0,0.604,2.146,-102340000.0,124012000.0,124012000.0,283079000.0,90365000.0,4.352,0.122,0.0,0.0,0.0,0.0,20729000.0,29760000.0,0.0,0.0,0.0,152231000.0,181991000.0,0.363,181991000.0,152231000.0,152169000.0,0.247,0.243,0.247,775006000.0,739289500.0,775006000.0,2327159418.0,15.0,12.787,22979000.0,0.064,1.0,218846000.0,0.436,135353000.0,62000.0,516815000.0,464469500.0,0.0,127900000.0,127900000.0,0.0,94857000.0,93683000.0,1174000.0,2423987418.0,-119891000.0,-13477000.0,-1885000.0,5000.0,0.0,-1318000.0,-243717000.0,-127900000.0,125319000.0,-175000.0,90365000.0,90365000.0,90365000.0,16696000.0,0.0,0.18,56880000.0,161966000.0,62687000.0,0.0,3.128,26.824,27.176,320886000.0,0.0,6.713,4.829,4.83,112845000.0,502382000.0,501925000.0,501925000.0,0.0,0.109,0.122,0.328,0.303,2893000.0,56880000.0,1.0,361115444.0,361172000.0,371536000.0,1.39,734510000.0,5929000.0,61804000.0,10141000.0,2.034,314012000.0
62,CPRT,MRT,2005-12-31,2006-01-31,2006-01-31,2021-09-27,382000.0,828368000.0,806668250.0,381932000.0,446436000.0,0.595,2.04,-103278000.0,96828000.0,96828000.0,271864000.0,86560000.0,4.264,0.123,0.0,0.0,0.0,0.0,23214000.0,30249000.0,0.0,0.0,0.0,146575000.0,176824000.0,0.368,176824000.0,146575000.0,146513000.0,0.237,0.233,0.237,737616000.0,716040000.0,737616000.0,2173550863.0,15.0,12.292,11880000.0,0.033,1.0,208321000.0,0.434,129341000.0,62000.0,512620000.0,416017250.0,0.0,105500000.0,105500000.0,0.0,90752000.0,89579000.0,1173000.0,2279318863.0,96828000.0,-13519000.0,-2915000.0,-866000.0,0.0,-3191000.0,-15164000.0,101675000.0,115158000.0,25000.0,86560000.0,86560000.0,86560000.0,18034000.0,0.0,0.18,52250000.0,156071000.0,58308000.0,0.0,3.09,26.332,26.572,310938000.0,0.0,6.298,4.747,4.742,123896000.0,467674000.0,480185000.0,480185000.0,0.0,0.107,0.121,0.352,0.305,2032000.0,52250000.0,1.0,361940272.0,361604000.0,370544000.0,1.328,699027000.0,6157000.0,59953000.0,7931000.0,1.933,292353000.0
63,CPRT,MRT,2005-09-30,2005-10-31,2005-10-31,2021-09-27,368000.0,834562000.0,782598725.0,388511000.0,446051000.0,0.591,2.033,-79054000.0,105768000.0,105768000.0,257372000.0,102260000.0,3.952,0.135,0.0,0.0,0.0,0.0,14989000.0,29970000.0,0.0,0.0,0.0,164546000.0,194516000.0,0.42,194516000.0,164546000.0,164484000.0,0.28,0.275,0.28,735157000.0,694167625.0,735157000.0,1860507103.0,11.0,9.565,57744000.0,0.16,1.0,205415000.0,0.444,138458000.0,62000.0,492025000.0,422082925.0,0.0,149720000.0,149720000.0,0.0,99405000.0,98311000.0,1094000.0,2113055103.0,101952000.0,-7543000.0,4734000.0,0.0,0.0,5253000.0,-40150000.0,46505000.0,136798000.0,51000.0,102260000.0,102260000.0,102260000.0,-318000.0,0.0,0.221,49859000.0,155556000.0,62247000.0,0.0,2.874,20.664,20.857,306917000.0,0.0,5.84,4.566,4.562,92194000.0,459821000.0,462787000.0,462787000.0,0.0,0.131,0.147,0.39,0.356,1134000.0,49859000.0,1.0,361824504.0,361540000.0,370920000.0,1.28,696104000.0,676000.0,62224000.0,20942000.0,1.925,290200000.0
64,CPRT,MRT,2005-06-30,2005-07-31,2005-07-31,2021-09-27,354000.0,793528000.0,750835825.0,373807000.0,419721000.0,0.596,1.967,-60553000.0,252548000.0,252548000.0,245666000.0,102116000.0,4.666,0.119,0.0,0.0,0.0,0.0,12477000.0,30466000.0,0.0,0.0,0.0,164950000.0,195416000.0,0.436,195416000.0,164950000.0,164888000.0,0.282,0.275,0.282,709379000.0,666721125.0,709379000.0,1963394086.0,12.0,10.047,75438000.0,0.209,1.0,202065000.0,0.451,124451000.0,62000.0,336418000.0,377279825.0,0.0,0.0,0.0,0.0,84149000.0,80111000.0,4038000.0,2207297086.0,246828000.0,-4543000.0,3235000.0,0.0,0.0,3235000.0,107448000.0,172600000.0,135991000.0,154000.0,102116000.0,102116000.0,102116000.0,-293000.0,0.0,0.228,45629000.0,156436000.0,56965000.0,0.0,3.112,21.616,21.684,295270000.0,0.0,6.115,4.93,4.926,89002000.0,437008000.0,447731000.0,447731000.0,0.0,0.136,0.153,0.437,0.368,411000.0,45629000.0,1.0,360964364.0,360648000.0,371936000.0,1.241,669077000.0,0.0,62772000.0,13421000.0,1.855,293696000.0
65,CPRT,MRT,2005-03-31,2005-04-30,2005-04-30,2021-09-27,308000.0,770215000.0,720709575.0,370343000.0,399872000.0,0.596,1.891,-50803000.0,243903000.0,243903000.0,256212000.0,98577000.0,4.689,0.129,0.0,0.0,0.0,0.0,12742000.0,30142000.0,0.0,0.0,0.0,160535000.0,190677000.0,0.444,190677000.0,160535000.0,160532000.0,0.273,0.265,0.273,682008000.0,639942125.0,682008000.0,1956108497.0,12.0,10.259,75814000.0,0.21,1.0,173665000.0,0.404,124322000.0,3000.0,323006000.0,413634075.0,0.0,0.0,0.0,0.0,88207000.0,78984000.0,9223000.0,1955084297.0,238614000.0,-713000.0,4864000.0,-5000.0,0.0,5519000.0,106214000.0,160350000.0,126617000.0,264000.0,98577000.0,98577000.0,98577000.0,-507000.0,0.0,0.229,20884000.0,152781000.0,50421000.0,0.0,2.867,19.833,19.853,275598000.0,0.0,5.42,4.548,4.548,94348000.0,412019000.0,429877000.0,429877000.0,0.0,0.137,0.154,0.388,0.373,0.0,44017000.0,1.0,360716660.0,360716000.0,372400000.0,1.192,645893000.0,0.0,61955000.0,23640000.0,1.791,291359000.0
66,CPRT,MRT,2004-12-31,2005-01-31,2005-01-31,2021-09-27,252500.0,732089900.0,692853200.0,343037000.0,389052900.0,0.604,1.803,-33267300.0,0.0,0.0,245432000.0,92636000.0,4.587,0.126,1024200.0,1019300.0,4900.0,1024200.0,13880200.0,29201900.0,0.0,0.0,0.0,151526000.0,180727900.0,0.432,180727900.0,151526000.0,151523000.0,0.258,0.25,0.258,650126500.0,613478925.0,650126500.0,1870622669.0,12.0,10.35,97135500.0,0.269,1.0,173291000.0,0.414,121445000.0,3000.0,536882700.0,409011300.0,0.0,207175000.0,207175000.0,0.0,81963400.0,74786400.0,7177000.0,2070649369.0,-7853000.0,-713000.0,6374100.0,953800.0,0.0,7594900.0,-146030300.0,-109450000.0,130402800.0,179600.0,92636000.0,92636000.0,92636000.0,-315000.0,0.0,0.221,27568000.0,145723000.0,48129400.0,0.0,3.185,22.353,22.267,268086400.0,0.0,5.745,4.945,4.946,99705900.0,381114500.0,418723000.0,418723000.0,0.0,0.134,0.151,0.37,0.362,0.0,43049000.0,1.0,360426348.0,360492000.0,372484000.0,1.162,610644900.0,0.0,58887000.0,17848800.0,1.694,268250600.0
67,CPRT,MRT,2004-09-30,2004-10-31,2004-10-31,2021-09-27,271000.0,707510400.0,664684125.0,323801000.0,383709400.0,0.607,1.736,-42169000.0,200041300.0,200041300.0,235542200.0,86450800.0,4.459,0.131,14600.0,7600.0,7000.0,14600.0,11351800.0,29854400.0,0.0,0.0,0.0,141803700.0,171658100.0,0.425,171658100.0,141803700.0,141800700.0,0.242,0.235,0.242,625371000.0,588337150.0,625371000.0,1495463063.0,11.0,8.712,77220800.0,0.214,1.0,168114700.0,0.416,122049400.0,3000.0,312812600.0,359178700.0,0.0,0.0,0.0,0.0,82139400.0,72621700.0,9517700.0,1673766963.0,-4292100.0,-713000.0,6455500.0,86200.0,0.0,6541700.0,-130324000.0,-84870000.0,119389800.0,100400.0,86450800.0,86450800.0,86450800.0,-228000.0,0.0,0.214,33071600.0,135043100.0,41915200.0,0.0,2.676,19.361,19.194,262948900.0,0.0,4.645,4.147,4.146,90710100.0,357561900.0,403656900.0,403656900.0,0.0,0.13,0.147,0.395,0.351,0.0,40471100.0,1.0,360337344.0,360324000.0,370536000.0,1.12,585461000.0,0.0,55349900.0,27569300.0,1.625,251179300.0
68,CPRT,MRT,2004-06-30,2004-07-31,2004-07-31,2021-09-27,95000.0,673023000.0,637449050.0,293111000.0,379912000.0,0.613,1.683,-45896000.0,5720000.0,5720000.0,227625000.0,79220000.0,4.636,0.117,0.0,0.0,0.0,0.0,9721000.0,29649000.0,0.0,0.0,0.0,130152000.0,159801000.0,0.409,159801000.0,130152000.0,130149000.0,0.223,0.217,0.223,602263000.0,564649000.0,602263000.0,1836493474.0,14.0,11.492,69214000.0,0.193,1.0,163389000.0,0.418,122245000.0,3000.0,481835000.0,357062575.0,0.0,172600000.0,172600000.0,0.0,70760000.0,63223000.0,7537000.0,2002114674.0,329000.0,-867000.0,-4296000.0,0.0,0.0,-4296000.0,-110580000.0,-61245000.0,115110000.0,95000.0,79220000.0,79220000.0,79220000.0,-228000.0,0.0,0.203,38928000.0,124461000.0,44080000.0,0.0,3.324,25.273,24.944,261422000.0,0.0,5.562,5.12,5.09,81633000.0,334892000.0,391014000.0,391014000.0,0.0,0.124,0.14,0.365,0.333,0.0,38928000.0,1.0,359930728.0,357828000.0,366148000.0,1.093,550778000.0,0.0,50929000.0,15612000.0,1.539,229888000.0
69,CPRT,MRT,2004-03-31,2004-04-30,2004-04-30,2021-09-27,-28300.0,658789500.0,615968400.0,291951700.0,366837800.0,0.63,1.612,-43759600.0,165639100.0,165639100.0,233171500.0,70909100.0,3.977,0.143,17900.0,7100.0,10800.0,17900.0,9888900.0,30285700.0,0.0,0.0,0.0,116321700.0,146607400.0,0.378,146607400.0,116321700.0,116316700.0,0.2,0.195,0.2,576155200.0,545493125.0,576155200.0,1583981700.0,14.0,10.804,61371400.0,0.172,1.0,154764000.0,0.399,115237900.0,5000.0,304514900.0,310260675.0,0.0,0.0,0.0,0.0,82634300.0,73415500.0,9218800.0,1689540500.0,27081700.0,37600.0,-6883000.0,-3240300.0,0.0,-10123300.0,-67898000.0,-24176000.0,105131000.0,-28000.0,70909100.0,70909100.0,70909100.0,0.0,0.0,0.183,43247700.0,111516300.0,47343600.0,0.0,2.932,23.827,23.688,258163500.0,0.0,4.737,4.355,4.366,84391400.0,313442900.0,387935500.0,387935500.0,0.0,0.115,0.13,0.375,0.3,0.0,38506900.0,1.0,356631240.0,357492000.0,367896000.0,1.085,543551600.0,0.0,45407600.0,24031900.0,1.52,218536200.0
70,CPRT,MRT,2003-12-31,2004-01-31,2004-01-31,2021-09-27,-14600.0,619413600.0,594165675.0,249906300.0,369507300.0,0.615,1.543,-49342000.0,105578400.0,105578400.0,230130800.0,61367900.0,4.122,0.127,19600.0,6900.0,12700.0,19600.0,11882400.0,29032100.0,0.0,0.0,0.0,101253000.0,130285100.0,0.357,130285100.0,101253000.0,101243500.0,0.173,0.17,0.173,549559400.0,529302525.0,549559400.0,1379690607.0,14.0,10.59,40767400.0,0.114,1.0,135115400.0,0.37,115676800.0,9500.0,337552300.0,306618250.0,0.0,0.0,0.0,0.0,69854200.0,60625700.0,9228500.0,1499132907.0,46539200.0,39500.0,-29288700.0,-3413400.0,0.0,-32702100.0,-10853500.0,38449000.0,90109400.0,-14600.0,61367900.0,61367900.0,61367900.0,0.0,0.0,0.168,39388400.0,95727000.0,39941700.0,0.0,2.728,24.429,24.35,263870800.0,0.0,4.213,4.104,4.107,94915800.0,288280800.0,365246200.0,365246200.0,0.0,0.103,0.116,0.33,0.277,0.0,35901300.0,1.0,355877248.0,356095200.0,365939600.0,1.026,503736800.0,0.0,39875600.0,16646000.0,1.415,189280600.0
71,CPRT,MRT,2003-09-30,2003-10-31,2003-10-31,2021-09-27,64600.0,598570100.0,582217900.0,233983900.0,364586200.0,0.61,1.482,-61517900.0,119463500.0,119463500.0,228186200.0,57756600.0,3.987,0.128,21200.0,6700.0,14500.0,21200.0,10715500.0,27313800.0,0.0,0.0,0.0,95066500.0,122380300.0,0.344,122380300.0,95066500.0,95050500.0,0.16,0.16,0.16,530618400.0,520997075.0,530618400.0,992134941.0,10.0,8.107,22443700.0,0.063,1.0,127208500.0,0.358,116093100.0,16000.0,304348100.0,299162550.0,0.0,0.0,0.0,0.0,67951700.0,58686600.0,9265100.0,1108773941.0,15119000.0,65300.0,-28781400.0,-3492200.0,0.0,-32273600.0,-36633600.0,24819000.0,83961600.0,64600.0,57756600.0,57756600.0,57756600.0,0.0,0.0,0.163,35554800.0,91653700.0,38826800.0,0.0,2.09,19.197,19.484,248493100.0,0.0,3.118,3.12,3.14,78888600.0,270912900.0,355394700.0,355394700.0,0.0,0.099,0.111,0.318,0.267,0.0,33786000.0,1.0,355661248.0,357968800.0,364732800.0,0.993,482477000.0,0.0,37293900.0,16988900.0,1.348,175297300.0
72,CPRT,MRT,2003-06-30,2003-07-31,2003-07-31,2021-09-27,0.0,587100400.0,571902800.0,221089000.0,366011400.0,0.607,1.438,-76424000.0,116746400.0,116746400.0,224403000.0,57222000.0,4.08,0.117,107400.0,91200.0,16200.0,107400.0,9707500.0,25545000.0,0.0,0.0,0.0,94188000.0,119733000.0,0.345,119733000.0,94188000.0,94167000.0,0.158,0.155,0.158,525639500.0,513589325.0,525639500.0,731485801.0,8.0,6.109,2326000.0,0.006,1.0,123020000.0,0.354,121650300.0,21000.0,294627400.0,288154250.0,0.0,0.0,0.0,0.0,61460900.0,54183700.0,7277200.0,842191001.0,5391000.0,-92000.0,-18177000.0,-3485000.0,0.0,-21662000.0,-51697000.0,24819000.0,78750000.0,0.0,57222000.0,57222000.0,57222000.0,0.0,0.0,0.165,32266000.0,90754000.0,38309200.0,0.0,1.602,14.718,14.842,244361100.0,0.0,2.345,2.424,2.468,71552900.0,255671800.0,347423000.0,347423000.0,0.0,0.1,0.111,0.327,0.271,0.0,32266000.0,1.0,359143284.0,365632000.0,372072000.0,0.95,465450100.0,4017900.0,36945000.0,11915500.0,1.273,166905300.0
73,CPRT,MRT,2003-03-31,2003-04-30,2003-04-30,2021-09-27,0.0,571578600.0,559089600.0,212175400.0,359403200.0,0.613,1.402,-95252200.0,110897400.0,110897400.0,198663100.0,59421100.0,3.933,0.118,192200.0,174300.0,17900.0,192200.0,8957600.0,23299100.0,0.0,0.0,0.0,97833700.0,121132800.0,0.353,121132800.0,97833700.0,97808200.0,0.163,0.162,0.163,511392800.0,503733700.0,511392800.0,674443576.0,7.0,5.568,-11016600.0,-0.03,1.0,144176600.0,0.421,116979000.0,25500.0,289945200.0,275605875.0,0.0,0.0,0.0,0.0,60185800.0,53949200.0,6236600.0,768171776.0,-33123500.0,-1217200.0,-20567300.0,-322400.0,0.0,-20889700.0,-96469400.0,0.0,84235600.0,0.0,59421100.0,59421100.0,59421100.0,0.0,0.0,0.173,50128400.0,94048200.0,35106300.0,0.0,1.502,12.928,12.883,242424200.0,0.0,2.1,2.241,2.234,68079400.0,242335400.0,342839700.0,342839700.0,0.0,0.106,0.118,0.355,0.285,0.0,26829300.0,1.0,365796084.0,364780400.0,370398000.0,0.94,454599600.0,0.0,38387100.0,14355100.0,1.246,158226200.0
74,CPRT,MRT,2002-12-31,2003-01-31,2003-01-31,2021-09-27,0.0,571622500.0,543655525.0,213521900.0,358100600.0,0.624,1.398,-112637400.0,94003800.0,94003800.0,196664500.0,60598700.0,4.045,0.107,275600.0,256000.0,19600.0,275600.0,10136600.0,21141800.0,0.0,0.0,0.0,99350200.0,120492000.0,0.355,120492000.0,99350200.0,99319900.0,0.165,0.165,0.165,516337600.0,489052175.0,516337600.0,823894571.0,8.0,6.838,-30172500.0,-0.082,1.0,142404600.0,0.42,117372300.0,30300.0,307729500.0,255831725.0,0.0,0.0,0.0,0.0,55284900.0,52792500.0,2492400.0,949243471.0,-29437000.0,-1219100.0,2268000.0,-313400.0,0.0,1954600.0,-113856500.0,0.0,82464900.0,0.0,60598700.0,60598700.0,60598700.0,0.0,0.0,0.179,46954000.0,95450600.0,33506300.0,0.0,1.838,15.664,15.576,240728300.0,0.0,2.57,2.8,2.8,83341900.0,226912600.0,339069100.0,339069100.0,0.0,0.111,0.124,0.388,0.293,0.0,25812200.0,1.0,369355436.0,369463600.0,376616800.0,0.918,454250200.0,0.0,38721200.0,9776000.0,1.229,160729400.0
75,CPRT,MRT,2002-09-30,2002-10-31,2002-10-31,2021-09-27,0.0,557309700.0,521938875.0,226187700.0,331122000.0,0.628,1.358,-99281000.0,125679100.0,125679100.0,191599500.0,59337400.0,4.201,0.112,330200.0,330200.0,0.0,330200.0,8613200.0,18465200.0,0.0,0.0,0.0,96912300.0,115377500.0,0.352,115377500.0,96912300.0,96877900.0,0.163,0.163,0.163,500987400.0,468367450.0,500987400.0,852185246.0,9.0,7.386,-14398100.0,-0.039,1.0,136068500.0,0.415,117810900.0,34400.0,260314900.0,231925350.0,0.0,0.0,0.0,0.0,56322300.0,53835000.0,2487300.0,984466046.0,112330300.0,-1244900.0,128581500.0,-308200.0,0.0,128273300.0,-100825900.0,0.0,84882900.0,0.0,59337400.0,59337400.0,59337400.0,0.0,0.0,0.181,43205600.0,92862900.0,32236200.0,0.0,1.965,16.591,16.365,213311100.0,0.0,2.667,3.004,3.004,66501500.0,213156100.0,327668000.0,327668000.0,0.0,0.114,0.127,0.418,0.296,0.0,24740300.0,1.0,369059436.0,368995600.0,376225200.0,0.888,439498800.0,0.0,37540500.0,13537900.0,1.191,172352700.0
76,CPRT,MRT,2002-06-30,2002-07-31,2002-07-31,2021-09-27,0.0,535847600.0,469111550.0,225992400.0,309855200.0,0.675,1.37,-91396200.0,132690000.0,132690000.0,186952500.0,57389200.0,4.804,0.102,409200.0,324500.0,84700.0,409200.0,8352000.0,16308200.0,0.0,0.0,0.0,93697300.0,110005500.0,0.348,110005500.0,93697300.0,93657600.0,0.163,0.158,0.163,486217000.0,415844600.0,486217000.0,1066685582.0,11.0,9.697,-9405000.0,-0.027,1.0,129503300.0,0.409,112086500.0,39700.0,244433900.0,212861550.0,0.0,0.0,0.0,0.0,49630600.0,47046400.0,2584200.0,1210219482.0,117444800.0,-1413500.0,128866200.0,-302900.0,0.0,128563300.0,-93109700.0,0.0,81991200.0,0.0,57389200.0,57389200.0,57389200.0,0.0,0.0,0.181,39563800.0,89939500.0,31893400.0,0.0,2.489,21.088,20.399,197768700.0,0.0,3.325,3.824,3.729,64071900.0,198449600.0,316455800.0,316455800.0,0.0,0.122,0.138,0.44,0.296,0.0,23255600.0,1.0,363975784.0,354870400.0,365004000.0,0.892,423761100.0,0.0,36268400.0,7341600.0,1.194,178946000.0
77,CPRT,MRT,2002-03-31,2002-04-30,2002-04-30,2021-09-27,0.0,509842300.0,413915700.0,238757000.0,271085300.0,0.731,1.246,-72350700.0,144020800.0,144020800.0,178741100.0,54785200.0,4.296,0.126,486900.0,319000.0,167900.0,486900.0,8614000.0,15318100.0,0.0,0.0,0.0,89940100.0,105258200.0,0.348,105258200.0,89940100.0,89850200.0,0.158,0.155,0.158,452666700.0,361578450.0,452666700.0,1273806391.0,14.0,12.102,3143000.0,0.009,1.0,123712900.0,0.409,99888800.0,89900.0,210848600.0,193083750.0,0.0,0.0,0.0,0.0,57175600.0,55571000.0,1604600.0,1396683991.0,125917700.0,-393800.0,131266300.0,-7797800.0,0.0,123468500.0,-73044500.0,0.0,75493700.0,0.0,54785200.0,54785200.0,54785200.0,0.0,0.0,0.181,37810000.0,85902900.0,33988800.0,0.0,3.085,25.494,24.351,170112100.0,0.0,3.848,4.618,4.622,64033100.0,182914400.0,302454000.0,302454000.0,0.0,0.132,0.152,0.466,0.297,0.0,22491800.0,1.0,363010784.0,363322000.0,374063200.0,0.832,409953500.0,1084400.0,35065000.0,12451400.0,1.128,183186000.0
78,CPRT,MRT,2001-12-31,2002-01-31,2002-01-31,2021-09-27,0.0,484755900.0,363957675.0,234724300.0,250031600.0,0.78,1.216,-63097600.0,123440800.0,123440800.0,168937000.0,49670000.0,4.743,0.118,563200.0,313500.0,249700.0,563200.0,10024800.0,14680400.0,0.0,0.0,0.0,82358100.0,97038500.0,0.342,97038500.0,82358100.0,82128100.0,0.148,0.143,0.148,433598700.0,311609050.0,433598700.0,2034913841.0,25.0,20.97,174500.0,0.0,1.0,114839500.0,0.405,100286300.0,230000.0,212104000.0,179329500.0,0.0,0.0,0.0,0.0,51157200.0,49488000.0,1669200.0,2047624241.0,120919200.0,-1066900.0,129921900.0,-7810300.0,0.0,122111600.0,-64464500.0,0.0,63272100.0,0.0,49670000.0,49670000.0,49670000.0,0.0,0.0,0.175,35867600.0,78971900.0,28705800.0,0.0,4.722,41.225,38.176,148660900.0,0.0,5.65,7.216,7.098,76980100.0,166314100.0,283776500.0,283776500.0,0.0,0.136,0.159,0.459,0.29,0.0,21187100.0,1.0,362411370.0,356498000.0,369986800.0,0.796,384469600.0,1084400.0,32458100.0,10246400.0,1.078,185236300.0
79,CPRT,MRT,2001-09-30,2001-10-31,2001-10-31,2021-09-27,0.0,346000400.0,315942975.0,116072000.0,229928400.0,0.852,0.874,-57203900.0,13348800.0,13348800.0,159927600.0,46524000.0,2.377,0.189,638400.0,308200.0,330200.0,638400.0,9282800.0,14453700.0,0.0,0.0,0.0,77878900.0,92332600.0,0.343,92332600.0,77878900.0,77508600.0,0.14,0.135,0.14,290896000.0,263426150.0,290896000.0,1619707977.0,21.0,17.542,3241000.0,0.01,1.0,109104800.0,0.406,100402400.0,370300.0,184059700.0,166623300.0,0.0,0.0,0.0,0.0,55104400.0,48827900.0,6276500.0,1634241077.0,-2328000.0,-1516600.0,3992600.0,-7895000.0,0.0,-3902400.0,-58870500.0,0.0,60444900.0,0.0,46524000.0,46524000.0,46524000.0,0.0,0.0,0.173,34471000.0,74633800.0,29382900.0,0.0,5.618,35.127,34.94,129526000.0,0.0,4.892,6.075,6.05,67405000.0,153818600.0,269032400.0,269032400.0,0.0,0.147,0.177,0.467,0.289,0.0,20017300.0,1.0,334086762.0,332737600.0,344928400.0,0.809,245598000.0,2654900.0,30984600.0,14209900.0,0.738,67244100.0
80,CPRT,MRT,2001-06-30,2001-07-31,2001-07-31,2021-09-27,0.0,315064200.0,298702750.0,107864100.0,207200100.0,0.85,0.817,-48476900.0,15245200.0,15245200.0,152052500.0,42685000.0,2.446,0.171,712100.0,302900.0,409200.0,712100.0,8863100.0,14350000.0,0.0,0.0,0.0,71538200.0,85888200.0,0.338,85888200.0,71538200.0,71043700.0,0.13,0.125,0.13,269152400.0,247915525.0,269152400.0,1557783651.0,22.0,18.137,8421500.0,0.026,1.0,101836900.0,0.401,91118100.0,494500.0,165322700.0,154918400.0,0.0,0.0,0.0,0.0,45911800.0,44090300.0,1821500.0,1567602051.0,3080300.0,-1036700.0,3687900.0,-7842400.0,0.0,-4154500.0,-49663600.0,0.0,56898400.0,0.0,42685000.0,42685000.0,42685000.0,0.0,0.0,0.168,33719600.0,68117300.0,26769800.0,0.0,5.824,36.725,36.385,114997600.0,0.0,4.73,6.174,6.136,64907300.0,141060400.0,253889400.0,253889400.0,0.0,0.143,0.172,0.462,0.282,0.0,19369600.0,1.0,331416924.0,329358000.0,338457600.0,0.771,223946100.0,1084400.0,28358700.0,7958000.0,0.68,63773800.0
81,CPRT,MRT,2001-03-31,2001-04-30,2001-04-30,2021-09-27,0.0,310010200.0,285517775.0,109303300.0,200706900.0,0.829,0.765,-54229600.0,18103100.0,18103100.0,143626200.0,37915800.0,2.084,0.226,8284700.0,7797800.0,486900.0,8284700.0,8877500.0,13506200.0,0.0,0.0,0.0,63312600.0,76818800.0,0.325,76818800.0,63312600.0,62740200.0,0.112,0.111,0.112,252789100.0,235600025.0,252789100.0,1267691308.0,20.0,16.502,-6155300.0,-0.019,1.0,92959300.0,0.393,91909200.0,572400.0,155831600.0,146324250.0,0.0,0.0,0.0,0.0,57221100.0,52451000.0,4770100.0,1261839408.0,-2491900.0,-1968900.0,5078300.0,704000.0,0.0,5782300.0,-56348500.0,0.0,48074300.0,0.0,37915800.0,37915800.0,37915800.0,0.0,0.0,0.16,32117800.0,60841500.0,27791500.0,0.0,4.992,33.28,34.092,108797700.0,0.0,3.818,5.334,5.333,62623000.0,128129000.0,236585500.0,236585500.0,0.0,0.133,0.161,0.433,0.268,0.0,18611600.0,1.0,330468636.0,330438800.0,341410800.0,0.716,218101000.0,1708200.0,24824400.0,10622800.0,0.66,56852300.0
82,CPRT,MRT,2000-12-31,2001-01-31,2001-01-31,2021-09-27,0.0,292697100.0,270187750.0,103953400.0,188743700.0,0.81,0.734,-50205100.0,2521600.0,2521600.0,134178100.0,34766700.0,2.214,0.215,8373500.0,7810200.0,563300.0,8373500.0,9988300.0,12817900.0,0.0,0.0,0.0,57577900.0,70395800.0,0.322,70395800.0,57577900.0,57019400.0,0.102,0.103,0.102,240867100.0,223961025.0,240867100.0,1019423523.0,18.0,14.481,-16199200.0,-0.049,1.0,84728000.0,0.387,90306800.0,558500.0,161279200.0,136627800.0,0.0,0.0,0.0,0.0,51830000.0,46963000.0,4867000.0,1026566923.0,-12817200.0,-1607500.0,4390900.0,748600.0,0.0,5139500.0,-51962600.0,0.0,34005900.0,0.0,34766700.0,34766700.0,34766700.0,0.0,0.0,0.159,29859200.0,54868800.0,24633200.0,0.0,4.262,29.527,30.735,98436900.0,0.0,3.135,4.69,4.701,68507800.0,116643800.0,218906100.0,218906100.0,0.0,0.129,0.155,0.421,0.263,0.0,17041300.0,1.0,327453564.0,328279600.0,338562000.0,0.667,202390300.0,1708200.0,22252700.0,7170900.0,0.617,56990400.0
83,CPRT,MRT,2000-09-30,2000-10-31,2000-10-31,2021-09-27,0.0,277039500.0,256390775.0,99174300.0,177865200.0,0.806,0.699,-51667900.0,15676800.0,15676800.0,127416700.0,32036000.0,2.294,0.211,8533400.0,7895000.0,638400.0,8533400.0,8200200.0,12096100.0,0.0,0.0,0.0,52878400.0,64974500.0,0.314,64974500.0,52878400.0,52332800.0,0.095,0.096,0.095,228853500.0,213179450.0,228853500.0,817989316.0,15.0,12.589,-19171000.0,-0.059,1.0,79257600.0,0.383,89431900.0,545600.0,137240100.0,125044975.0,0.0,0.0,0.0,0.0,48186000.0,43224100.0,4961900.0,821599716.0,-17358300.0,-1972500.0,2930600.0,851600.0,0.0,3782200.0,-53637400.0,0.0,32496900.0,0.0,32036000.0,32036000.0,32036000.0,0.0,0.0,0.155,28906500.0,50351100.0,24249000.0,0.0,3.59,25.646,26.421,88433300.0,0.0,2.51,3.975,3.975,55621400.0,107294600.0,206674300.0,206674300.0,0.0,0.125,0.15,0.423,0.256,0.0,16810400.0,1.0,327330564.0,327330000.0,338719200.0,0.631,187607600.0,1708200.0,20296800.0,5520600.0,0.573,55950200.0
84,CPRT,MRT,2000-06-30,2000-07-31,2000-07-31,2021-09-27,0.0,262324300.0,244494750.0,91414500.0,170909800.0,0.777,0.68,-52757000.0,12164900.0,12164900.0,116697300.0,29429100.0,2.446,0.193,8554500.0,7842300.0,712200.0,8554500.0,7688100.0,11479000.0,0.0,0.0,0.0,48523800.0,60002800.0,0.316,60002800.0,48523800.0,47974000.0,0.09,0.087,0.09,219890400.0,203547400.0,219890400.0,703801027.0,15.0,11.729,-26561800.0,-0.082,1.0,73345000.0,0.386,90395600.0,549800.0,130946100.0,115219500.0,0.0,0.0,0.0,0.0,42433900.0,37372200.0,5061700.0,716815327.0,-24882900.0,-1972500.0,2917000.0,734400.0,0.0,3651400.0,-54729500.0,0.0,26195200.0,0.0,29429100.0,29429100.0,29429100.0,0.0,0.0,0.155,27128800.0,46216200.0,19984500.0,0.0,3.26,24.357,24.537,80514200.0,0.0,2.208,3.772,3.758,52509600.0,98375400.0,190042300.0,190042300.0,0.0,0.12,0.145,0.421,0.255,0.0,15649800.0,1.0,324595620.0,323404800.0,334839200.0,0.588,171928700.0,5025400.0,18544900.0,2834300.0,0.532,54042300.0
85,CPRT,MRT,2000-03-31,2000-04-30,2000-04-30,2021-09-27,0.0,248690100.0,233582950.0,88757000.0,159933100.0,0.763,0.638,-46843400.0,20595000.0,20595000.0,109960200.0,27936300.0,2.722,0.206,7580700.0,80700.0,7500000.0,7580700.0,7075200.0,11004200.0,0.0,0.0,0.0,45493900.0,56498100.0,0.317,56498100.0,45493900.0,44937700.0,0.085,0.085,0.085,206233100.0,194570400.0,206233100.0,920206208.0,20.0,16.287,-16917400.0,-0.052,1.0,68244200.0,0.383,86027200.0,556200.0,117045800.0,104237525.0,0.0,0.0,0.0,0.0,42457000.0,32602800.0,9854200.0,927920108.0,-17475300.0,-1522100.0,1420000.0,-375300.0,0.0,1044700.0,-48446000.0,0.0,29926000.0,0.0,27936300.0,27936300.0,27936300.0,0.0,0.0,0.157,25169100.0,43075100.0,22726800.0,0.0,4.499,33.216,33.824,73905900.0,0.0,2.875,5.207,5.219,48585100.0,90213200.0,178204400.0,178204400.0,0.0,0.12,0.144,0.436,0.255,-37500.0,14164900.0,1.0,322754820.0,323487000.0,338789400.0,0.551,162662900.0,988800.0,17001400.0,1920100.0,0.503,56154200.0
86,CPRT,MRT,1999-12-31,2000-01-31,2000-01-31,2021-09-27,0.0,237509200.0,224491575.0,86440300.0,151068900.0,0.732,0.613,-38801900.0,15338800.0,15338800.0,100775700.0,25885100.0,2.896,0.201,7624900.0,107400.0,7517500.0,7624900.0,7481000.0,10592400.0,0.0,0.0,0.0,42009200.0,52601600.0,0.32,52601600.0,42009200.0,41443800.0,0.08,0.078,0.08,197740800.0,187126275.0,197740800.0,887523478.0,21.0,16.873,-7418400.0,-0.023,1.0,63642300.0,0.387,84994600.0,565400.0,114947900.0,95157925.0,0.0,0.0,0.0,0.0,39768400.0,29852800.0,9915600.0,912876778.0,-7456400.0,-1210400.0,1197500.0,-464700.0,0.0,732800.0,-39572700.0,713900.0,31383500.0,0.0,25885100.0,25885100.0,25885100.0,0.0,0.0,0.157,23925700.0,39716600.0,20104300.0,0.0,4.617,35.266,35.417,66074300.0,0.0,2.833,5.552,5.555,50860900.0,81877300.0,164418000.0,164418000.0,0.0,0.115,0.138,0.441,0.256,0.0,13333300.0,1.0,322191804.0,322371000.0,337471200.0,0.51,152514600.0,988800.0,15558700.0,1368700.0,0.473,56587500.0
87,CPRT,MRT,1999-09-30,1999-10-31,1999-10-31,2021-09-27,0.0,229455400.0,215597425.0,91291600.0,138163800.0,0.705,0.591,-29511600.0,33035100.0,33035100.0,92536700.0,24088200.0,3.132,0.206,7681800.0,142900.0,7538900.0,7681800.0,6449500.0,10289600.0,0.0,0.0,0.0,39091800.0,49381400.0,0.325,49381400.0,39091800.0,38517200.0,0.075,0.073,0.075,190325300.0,180171275.0,190325300.0,588287087.0,15.0,11.913,1496400.0,0.005,1.0,59529200.0,0.391,77014800.0,574600.0,97938200.0,88636900.0,0.0,0.0,0.0,0.0,39130100.0,29149100.0,9981000.0,617514787.0,10277700.0,-395700.0,1110500.0,-532600.0,0.0,577900.0,-21308200.0,8893700.0,31008000.0,0.0,24088200.0,24088200.0,24088200.0,0.0,0.0,0.158,22677700.0,36851500.0,18138300.0,0.0,3.245,25.636,25.556,61149000.0,0.0,1.917,4.061,4.061,41852200.0,75258900.0,152065900.0,152065900.0,0.0,0.112,0.134,0.441,0.257,0.0,12388100.0,1.0,322181628.0,322176000.0,335335200.0,0.472,152440600.0,988800.0,14429000.0,3637300.0,0.473,62142500.0
88,CPRT,MRT,1999-06-30,1999-07-31,1999-07-31,2021-09-27,0.0,218677100.0,207734675.0,89295200.0,129381900.0,0.682,0.574,-22467900.0,37047800.0,37047800.0,86480400.0,21966300.0,3.623,0.189,7820100.0,260100.0,7560000.0,7820100.0,5864600.0,9826400.0,0.0,0.0,0.0,35706700.0,45533100.0,0.321,45533100.0,35706700.0,35122700.0,0.068,0.067,0.068,183982400.0,173757100.0,183982400.0,611264100.0,17.0,13.425,8281000.0,0.026,1.0,55271000.0,0.39,77782500.0,584000.0,87018200.0,84907725.0,0.0,0.0,0.0,0.0,34694700.0,24648700.0,10046000.0,641378400.0,21314300.0,-395700.0,1375500.0,-605300.0,0.0,770200.0,-10204800.0,13062200.0,30748900.0,0.0,21966300.0,21966300.0,21966300.0,0.0,0.0,0.155,21885000.0,33386000.0,16586900.0,0.0,3.486,29.198,29.412,51599400.0,0.0,2.0,4.525,4.518,37531300.0,68946300.0,141751400.0,141751400.0,0.0,0.106,0.126,0.421,0.252,0.0,12058600.0,1.0,320689200.0,320251200.0,330828000.0,0.443,140894600.0,988800.0,13156400.0,1295500.0,0.44,64646500.0
89,CPRT,MRT,1999-03-31,1999-04-30,1999-04-30,2021-09-27,0.0,212324600.0,200800925.0,88755000.0,123569600.0,0.659,0.551,-24245000.0,38070300.0,38070300.0,80895900.0,19617500.0,3.491,0.203,7956000.0,363500.0,7592500.0,7956000.0,5835600.0,9289800.0,0.0,0.0,0.0,32441500.0,41731300.0,0.316,41731300.0,32441500.0,31848500.0,0.062,0.059,0.062,176456600.0,167807150.0,176456600.0,469138775.0,14.0,11.242,2665300.0,0.008,1.0,51339000.0,0.388,76057300.0,593000.0,80727400.0,84423900.0,0.0,0.0,0.0,0.0,35868000.0,25425600.0,10442400.0,483844375.0,1401300.0,-1117900.0,1419300.0,-503500.0,0.0,915800.0,-26424800.0,0.0,26910300.0,0.0,19617500.0,19617500.0,19617500.0,0.0,0.0,0.148,21144300.0,30194700.0,16177900.0,0.0,2.742,24.664,24.368,47512300.0,0.0,1.511,3.659,3.661,36195000.0,62277200.0,132234900.0,132234900.0,0.0,0.098,0.117,0.384,0.245,13900.0,11854500.0,1.0,320250000.0,320469600.0,333565200.0,0.413,136267300.0,614900.0,12231000.0,2459700.0,0.425,63329400.0
90,CPRT,MRT,1998-12-31,1999-01-31,1999-01-31,2021-09-27,0.0,201932600.0,194922950.0,79764000.0,122168600.0,0.63,0.531,-24402400.0,22795200.0,22795200.0,75037000.0,17635100.0,3.701,0.188,8089600.0,464700.0,7624900.0,8089600.0,6625500.0,8710700.0,0.0,0.0,0.0,29444500.0,38155200.0,0.311,38155200.0,29444500.0,28845800.0,0.056,0.054,0.056,169920800.0,162300175.0,169920800.0,398306010.0,14.0,10.439,-3061700.0,-0.01,1.0,47751800.0,0.389,76812300.0,598700.0,88863800.0,80356675.0,0.0,713900.0,713900.0,0.0,32011800.0,21550900.0,10460900.0,412849010.0,-4952800.0,-1379900.0,1243400.0,-167400.0,0.0,1076000.0,-27369500.0,-713900.0,21340700.0,0.0,17635100.0,17635100.0,17635100.0,0.0,0.0,0.144,20655900.0,27095900.0,11653300.0,0.0,2.43,23.411,23.065,45356300.0,0.0,1.292,3.362,3.364,40698100.0,55992300.0,122788800.0,122788800.0,0.0,0.09,0.109,0.366,0.24,-23600.0,11945200.0,1.0,319625040.0,319824000.0,330448800.0,0.384,125120300.0,614900.0,11210700.0,2230000.0,0.391,58213100.0
91,CPRT,MRT,1998-09-30,1998-10-31,1998-10-31,2021-09-27,0.0,198004400.0,190130175.0,79880300.0,118124100.0,0.615,0.516,-20200700.0,22757400.0,22757400.0,72089800.0,16266400.0,3.498,0.202,8214400.0,538200.0,7676200.0,8214400.0,6019400.0,8204200.0,0.0,0.0,0.0,27275300.0,35479500.0,0.303,35479500.0,27275300.0,26666400.0,0.052,0.05,0.052,164668600.0,157342075.0,164668600.0,285361420.0,10.0,8.043,1423500.0,0.004,1.0,44818300.0,0.383,77602400.0,608900.0,83021500.0,75282175.0,0.0,8893700.0,8893700.0,0.0,33335800.0,22837500.0,10498300.0,292669520.0,-8189700.0,-1379900.0,1374400.0,142000.0,0.0,1516400.0,-31330300.0,-8893700.0,21624200.0,0.0,16266400.0,16266400.0,16266400.0,0.0,0.0,0.139,19778500.0,25039800.0,12664900.0,0.0,1.777,17.992,17.628,40521700.0,0.0,0.917,2.503,2.501,34256700.0,51170700.0,116908100.0,116908100.0,0.0,0.086,0.103,0.362,0.233,0.0,11574300.0,1.0,319275840.0,318967200.0,326661600.0,0.367,120402000.0,614900.0,10400000.0,3048900.0,0.377,57042800.0
92,CPRT,MRT,1998-06-30,1998-07-31,1998-07-31,2021-09-27,0.0,190942100.0,185710300.0,74988400.0,115953700.0,0.615,0.506,-19390700.0,15733500.0,15733500.0,71546900.0,15216200.0,3.72,0.192,8425400.0,621300.0,7804100.0,8425400.0,5602800.0,7844900.0,0.0,0.0,0.0,25595200.0,33440100.0,0.293,33440100.0,25595200.0,24944600.0,0.048,0.047,0.048,160182600.0,152687475.0,160182600.0,254507091.0,10.0,7.611,3388100.0,0.011,1.0,42659100.0,0.374,78391400.0,650600.0,85082900.0,69050400.0,0.0,13062200.0,13062200.0,0.0,30759500.0,20159700.0,10599800.0,282716591.0,-11951000.0,-1379900.0,1174800.0,-1327600.0,0.0,-152800.0,-34577000.0,-13062200.0,22778800.0,0.0,15216200.0,15216200.0,15216200.0,0.0,0.0,0.133,19151500.0,23507600.0,11674800.0,0.0,1.765,18.58,18.559,37562300.0,0.0,0.891,2.475,2.468,32751500.0,46980000.0,114206000.0,114206000.0,0.0,0.082,0.1,0.371,0.224,0.0,11306600.0,1.0,317361936.0,316351200.0,322792800.0,0.361,112550700.0,614900.0,9728400.0,1122000.0,0.356,54828700.0
93,CPRT,MRT,1998-03-31,1998-04-30,1998-04-30,2021-09-27,0.0,188812700.0,181809650.0,80852700.0,107960000.0,0.626,0.487,-14516300.0,36669000.0,36669000.0,73090000.0,14241700.0,3.387,0.223,8459500.0,524200.0,7935300.0,8459500.0,5044600.0,7740000.0,0.0,0.0,0.0,24250100.0,31990100.0,0.281,31990100.0,24250100.0,22924900.0,0.045,0.044,0.045,154428700.0,148345425.0,154428700.0,247804682.0,10.0,7.746,15052900.0,0.047,1.0,40730600.0,0.358,72271600.0,1325200.0,64458500.0,63192125.0,69200.0,0.0,0.0,0.0,34384000.0,23873100.0,10510900.0,267188282.0,17059000.0,1868700.0,1011200.0,-2120000.0,0.0,-1108800.0,-11401400.0,0.0,29569200.0,0.0,14241700.0,14241700.0,14241700.0,0.0,0.0,0.125,19126500.0,21604100.0,14722800.0,0.0,1.73,18.761,18.694,35688400.0,0.0,0.841,2.347,2.345,30838300.0,42659700.0,113820600.0,113820600.0,0.0,0.078,0.096,0.384,0.213,-4000.0,11386500.0,1.0,317608656.0,317224800.0,324691200.0,0.359,116541100.0,343700.0,8683200.0,1798400.0,0.367,56979600.0
94,CPRT,MRT,1997-12-31,1998-01-31,1998-01-31,2021-09-27,0.0,182761500.0,177875100.0,76860300.0,105901200.0,0.658,0.475,-11052300.0,27748000.0,27748000.0,78347900.0,13237200.0,3.449,0.218,8364400.0,473100.0,7891300.0,8364400.0,5529400.0,7757200.0,0.0,0.0,0.0,22544100.0,30301300.0,0.259,30301300.0,22544100.0,21369300.0,0.042,0.041,0.042,150088400.0,144472175.0,150088400.0,212065890.0,9.0,6.999,17560300.0,0.056,1.0,38710800.0,0.331,72530400.0,1174800.0,68565800.0,64088050.0,93000.0,0.0,0.0,0.0,32673100.0,22281700.0,10391400.0,234940590.0,15408500.0,134000.0,1023600.0,-2632000.0,0.0,-1608400.0,-11595700.0,0.0,28612600.0,0.0,13237200.0,13237200.0,13237200.0,0.0,0.0,0.113,18451900.0,20258900.0,12467500.0,0.0,1.565,17.749,17.738,33370800.0,0.0,0.745,2.007,2.009,35551400.0,38356900.0,117058700.0,117058700.0,0.0,0.074,0.092,0.352,0.193,23600.0,10694700.0,1.0,315356496.0,315679200.0,322944000.0,0.371,110231100.0,343700.0,8132100.0,2042900.0,0.349,54578600.0
95,CPRT,MRT,1997-09-30,1997-10-31,1997-10-31,2021-09-27,0.0,180324900.0,174262175.0,74709800.0,105615100.0,0.696,0.465,-11277000.0,30947100.0,30947100.0,83079200.0,12795900.0,3.099,0.235,8072400.0,329500.0,7742900.0,8072400.0,5164500.0,7622100.0,0.0,0.0,0.0,21767200.0,29389300.0,0.242,29389300.0,21767200.0,20749800.0,0.041,0.04,0.041,146050200.0,140600775.0,146050200.0,209752653.0,10.0,7.137,16841100.0,0.054,1.0,38170400.0,0.315,75248600.0,1017400.0,58094400.0,64873775.0,209000.0,0.0,0.0,0.0,34274700.0,24107200.0,10167500.0,227684153.0,15553400.0,-321800.0,2724900.0,-3006200.0,0.0,-281300.0,-12283400.0,0.0,28118100.0,0.0,12795900.0,12795900.0,12795900.0,0.0,0.0,0.106,18338300.0,19832100.0,13823700.0,0.0,1.559,17.794,17.663,30366500.0,0.0,0.724,1.878,1.876,31996800.0,34903900.0,121249600.0,121249600.0,0.0,0.073,0.091,0.336,0.18,0.0,10716200.0,1.0,314408496.0,314126400.0,323047200.0,0.386,105076300.0,343700.0,7953900.0,2765800.0,0.335,50602600.0
96,CPRT,MRT,1997-06-30,1997-07-31,1997-07-31,2021-09-27,0.0,175339500.0,166702650.0,71291700.0,104047800.0,0.757,0.462,-9571800.0,27684500.0,27684500.0,89393500.0,11992600.0,3.188,0.228,9753000.0,1938800.0,7814200.0,9753000.0,5566300.0,7463300.0,0.0,0.0,0.0,20300900.0,27764200.0,0.22,27764200.0,20300900.0,19474800.0,0.039,0.037,0.039,142814400.0,134529700.0,142814400.0,223283750.0,11.0,8.042,14905700.0,0.048,1.0,36882400.0,0.292,73396500.0,826100.0,61649800.0,63336800.0,0.0,0.0,0.0,0.0,32525100.0,22361700.0,10163400.0,232314250.0,14658300.0,-839900.0,2778100.0,-1506800.0,0.0,1271300.0,-11090500.0,0.0,24477500.0,0.0,11992600.0,11992600.0,11992600.0,0.0,0.0,0.095,18029400.0,18853000.0,11757300.0,0.0,1.627,19.371,19.103,30651300.0,0.0,0.745,1.84,1.823,31337100.0,31763800.0,126275900.0,126275900.0,0.0,0.072,0.089,0.321,0.161,0.0,10566100.0,1.0,311831208.0,308973600.0,318160800.0,0.409,101943000.0,343700.0,7482200.0,1058400.0,0.33,48930000.0
97,CPRT,MRT,1997-03-31,1997-04-30,1997-04-30,2021-09-27,0.0,173074500.0,,69189800.0,103884700.0,,0.446,-9106900.0,19610000.0,19610000.0,91875800.0,11403500.0,3.411,0.246,10579500.0,2076000.0,8503500.0,10579500.0,5852400.0,7121200.0,0.0,0.0,0.0,19004400.0,26125600.0,0.204,26125600.0,19004400.0,18553600.0,0.039,,0.039,138935700.0,,138935700.0,167282571.0,9.0,6.403,5669400.0,0.018,1.0,36242600.0,0.283,75717700.0,450800.0,68042200.0,,854300.0,0.0,0.0,0.0,34138800.0,20284100.0,13854700.0,168733071.0,1919700.0,-2977100.0,2791900.0,-796100.0,0.0,1995800.0,-14852400.0,0.0,14776300.0,0.0,11403500.0,11403500.0,11403500.0,0.0,0.0,0.089,18047300.0,18195300.0,12052800.0,0.0,1.214,14.797,13.889,28167000.0,0.0,0.542,1.317,1.317,35833800.0,28417600.0,128118400.0,128118400.0,0.0,,,,0.148,57800.0,10926100.0,1.0,311507208.0,311596800.0,322216800.0,0.411,97356800.0,378400.0,7150100.0,1204800.0,0.312,48905700.0
98,CPRT,MRT,1996-12-31,1997-01-31,1997-01-31,2021-09-27,0.0,168309800.0,,66071400.0,102238400.0,,0.437,-10385700.0,12339500.0,12339500.0,93357600.0,10894600.0,3.281,0.25,10889000.0,2225500.0,8663500.0,10889000.0,6449400.0,6714800.0,0.0,0.0,0.0,18156900.0,24871700.0,0.193,24871700.0,18156900.0,17706100.0,0.037,,0.037,134602800.0,,134602800.0,,,,-93800.0,0.0,1.0,35284100.0,0.274,75015600.0,450800.0,71708700.0,,1596300.0,0.0,0.0,0.0,33707000.0,20135000.0,13572000.0,223895806.0,352800.0,-980400.0,2930800.0,-631900.0,0.0,2298900.0,-12238000.0,0.0,10291900.0,0.0,10894600.0,10894600.0,10894600.0,0.0,0.0,0.085,17856100.0,17428000.0,11460100.0,0.0,1.663,20.551,19.426,27222800.0,0.0,0.719,1.74,1.72,37738500.0,25119600.0,128641700.0,128641700.0,0.0,,,,0.141,91600.0,11141300.0,1.0,311507208.0,307804800.0,318242400.0,0.418,93294200.0,991600.0,6811500.0,610300.0,0.303,45936400.0
99,CPRT,MRT,1996-09-30,1996-10-31,1996-10-31,2021-09-27,,,,,,,,,,,89575800.0,10904500.0,,,,,,,,,,0.0,0.0,18150800.0,,,,18150800.0,17700000.0,0.037,,0.037,,,,,,,,,1.0,34772500.0,0.28,,450800.0,,,,,,,,,,,,,,,,,,,,,10904500.0,10904500.0,10904500.0,0.0,0.0,0.088,17418600.0,17353900.0,,0.0,,,20.27,,0.0,0.75,,,,,124348300.0,124348300.0,0.0,,,,0.146,,11058200.0,1.0,,,320277600.0,,,,6795500.0,,,
100,CPRT,MRT,1996-06-30,1996-07-31,1996-07-31,2021-09-27,0.0,158065800.0,,57299300.0,100766500.0,,0.423,-11039600.0,13026200.0,13026200.0,83541800.0,11185400.0,3.428,0.252,11259800.0,772800.0,10487000.0,11259800.0,5570500.0,5996700.0,0.0,0.0,0.0,18640700.0,24637400.0,0.208,24637400.0,18640700.0,18189900.0,0.037,0.035,0.037,126245000.0,,126245000.0,,,,240900.0,0.001,1.0,34705800.0,0.294,74562300.0,450800.0,65023800.0,,1456400.0,0.0,0.0,0.0,31820800.0,16713300.0,15107500.0,,-753000.0,-511200.0,929200.0,-573700.0,0.0,355500.0,-12389000.0,0.0,11280500.0,0.0,11185400.0,11185400.0,11185400.0,0.0,0.0,0.095,16904200.0,17801600.0,10370000.0,0.0,,,15.203,26204200.0,0.0,0.562,,1.419,29992000.0,19771200.0,118247600.0,118247600.0,0.0,,,,0.158,91600.0,10907500.0,1.0,,298396800.0,317174400.0,0.396,83503500.0,1120600.0,7004500.0,610300.0,0.28,40586000.0
101,CPRT,MRT,1996-03-31,1996-04-30,1996-04-30,2021-09-27,,,,,,,,,,,,,,,,,,,,,,0.0,0.0,,,,,,,,,,,,,,,,,,1.0,,,,,,,,,,,,,,,,,,,,,,,,,,,,,,,,,,,,,,,,1.135,,,,,,,,,,,,,,1.0,,,,,,,,,,
102,CPRT,MRT,1995-12-31,1996-01-31,1996-01-31,2021-09-27,,,,,,,,,,,,,,,,,,,,,,0.0,0.0,,,,,,,,,,,,,,,,,,1.0,,,,,,,,,,,,,,,,,,,,,,,,,,,,,,,,,,,,,,,,1.24,,,,,,,,,,,,,,1.0,,,,,,,,,,
103,CPRT,MRT,1995-06-30,1995-07-31,1995-07-31,2021-09-27,,,,,,,,-34779100.0,,,37753400.0,6894300.0,,,,,,,,3397900.0,,0.0,0.0,11927700.0,15325600.0,0.264,15325600.0,11927700.0,11436700.0,0.027,,0.027,,,,,,,-29559500.0,,1.0,20363300.0,0.35,,491000.0,,,,,,,,,,,-4091300.0,-8562500.0,34252800.0,-368500.0,0.0,33884300.0,-43195200.0,146400.0,5219600.0,0.0,6894300.0,6894300.0,6894300.0,0.0,0.0,0.119,9102300.0,11261000.0,,0.0,,,31.728,,0.0,0.857,,,,,58116700.0,58116700.0,0.0,,,,0.205,68600.0,5704400.0,1.0,,,254740824.0,,,,4542400.0,,,
