None,ticker,dimension,calendardate,datekey,reportperiod,lastupdated,accoci,assets,assetsavg,assetsc,assetsnc,assetturnover,bvps,capex,cashneq,cashnequsd,cor,consolinc,currentratio,de,debt,debtc,debtnc,debtusd,deferredrev,depamor,deposits,divyield,dps,ebit,ebitda,ebitdamargin,ebitdausd,ebitusd,ebt,eps,epsdil,epsusd,equity,equityavg,equityusd,ev,evebit,evebitda,fcf,fcfps,fxusd,gp,grossmargin,intangibles,intexp,invcap,invcapavg,inventory,investments,investmentsc,investmentsnc,liabilities,liabilitiesc,liabilitiesnc,marketcap,ncf,ncfbus,ncfcommon,ncfdebt,ncfdiv,ncff,ncfi,ncfinv,ncfo,ncfx,netinc,netinccmn,netinccmnusd,netincdis,netincnci,netmargin,opex,opinc,payables,payoutratio,pb,pe,pe1,ppnenet,prefdivis,price,ps,ps1,receivables,retearn,revenue,revenueusd,rnd,roa,roe,roic,ros,sbcomp,sgna,sharefactor,sharesbas,shareswa,shareswadil,sps,tangibles,taxassets,taxexp,taxliabilities,tbvps,workingcapital
0,FHI,MRY,2020-12-31,2020-12-31,2020-12-31,2021-08-03,15171000.0,2060839000.0,1981092250.0,575343000.0,1485496000.0,0.731,11.442,-13500000.0,301819000.0,301819000.0,0.0,336022000.0,2.167,0.604,212767000.0,15845000.0,196922000.0,212767000.0,0.0,29932000.0,0.0,0.072,2.08,439077000.0,469009000.0,0.324,469009000.0,439077000.0,436399000.0,3.25,3.23,3.25,1136997000.0,1104543250.0,1136997000.0,2759494873.0,6.0,5.884,359741000.0,3.62,1.0,1448268000.0,1.0,1282020000.0,2678000.0,424321000.0,424152750.0,0.0,136952000.0,136952000.0,0.0,686855000.0,265446000.0,421409000.0,2870739873.0,59124000.0,-11323000.0,-65304000.0,-25000000.0,-207765000.0,-295136000.0,-24823000.0,0.0,373241000.0,5842000.0,326364000.0,326364000.0,326364000.0,0.0,9658000.0,0.225,1030117000.0,418151000.0,61736000.0,0.64,2.525,8.796,8.889,174688000.0,0.0,28.89,1.982,1.982,105964000.0,1027699000.0,1448268000.0,1448268000.0,0.0,0.165,0.295,1.035,0.303,35455000.0,1000939000.0,1.0,99367943.0,99367943.0,,14.575,778819000.0,0.0,110035000.0,187937000.0,7.838,309897000.0
1,FHI,MRY,2019-12-31,2019-12-31,2019-12-31,2021-08-03,-249000.0,1880131000.0,1739332000.0,461284000.0,1418847000.0,0.763,10.296,-15045000.0,249174000.0,249174000.0,0.0,277125000.0,1.999,0.602,221118000.0,13575000.0,207543000.0,221118000.0,0.0,27999000.0,0.0,0.025,0.81,365522000.0,393521000.0,0.297,393521000.0,365522000.0,360485000.0,2.69,2.69,2.69,1041280000.0,950511000.0,1041280000.0,3342168168.0,9.0,8.493,319895000.0,3.163,1.0,1326894000.0,1.0,1220762000.0,5037000.0,400600000.0,451264500.0,0.0,91461000.0,91461000.0,0.0,626765000.0,230713000.0,396052000.0,3296129168.0,92085000.0,-79638000.0,-14309000.0,-35000000.0,-109147000.0,-152680000.0,-94683000.0,0.0,334940000.0,4508000.0,272339000.0,272339000.0,272339000.0,0.0,4786000.0,0.205,978967000.0,347927000.0,69014000.0,0.301,3.165,12.103,12.115,152239000.0,0.0,32.59,2.484,2.484,102081000.0,930351000.0,1326894000.0,1326894000.0,0.0,0.157,0.287,0.81,0.275,32945000.0,958857000.0,1.0,101139281.0,101139281.0,,13.119,659369000.0,0.0,88146000.0,165382000.0,6.519,230571000.0
2,FHI,MRY,2018-12-31,2018-12-31,2018-12-31,2021-08-03,-14617000.0,1543683000.0,1394745500.0,304101000.0,1239582000.0,0.814,8.529,-17274000.0,156832000.0,156832000.0,0.0,222299000.0,1.678,0.588,135000000.0,0.0,135000000.0,135000000.0,0.0,20054000.0,0.0,0.04,1.06,300057000.0,320111000.0,0.282,320111000.0,300057000.0,294172000.0,2.18,2.18,2.18,857121000.0,820807500.0,857121000.0,2711336779.0,9.0,8.47,189008000.0,1.881,1.0,1135677000.0,1.0,1149247000.0,5885000.0,191424000.0,219694500.0,0.0,33658000.0,33658000.0,0.0,504049000.0,181180000.0,322869000.0,2668279779.0,-159383000.0,-157376000.0,-27803000.0,-35000000.0,-106943000.0,-186115000.0,-174439000.0,0.0,206282000.0,-5111000.0,220297000.0,220297000.0,220297000.0,0.0,2002000.0,0.194,805397000.0,330280000.0,56110000.0,0.486,3.113,12.112,12.179,53229000.0,0.0,26.55,2.35,2.35,95079000.0,791823000.0,1135677000.0,1135677000.0,0.0,0.158,0.268,1.366,0.264,28132000.0,791530000.0,1.0,100500180.0,100500180.0,,11.3,394436000.0,0.0,73875000.0,148164000.0,3.925,122921000.0
3,FHI,MRY,2017-12-31,2017-12-31,2017-12-31,2021-08-03,-790000.0,1231410000.0,1171731250.0,437274000.0,794136000.0,0.941,7.544,-9799000.0,316264000.0,316264000.0,0.0,294901000.0,3.394,0.578,170000000.0,0.0,170000000.0,170000000.0,0.0,18662000.0,0.0,0.028,1.0,353214000.0,371876000.0,0.337,371876000.0,353214000.0,348442000.0,2.87,2.87,2.87,761215000.0,664832750.0,761215000.0,3654159055.0,10.0,9.826,377576000.0,3.742,1.0,1102924000.0,1.0,736915000.0,4772000.0,219382000.0,323098250.0,0.0,53274000.0,53274000.0,0.0,440032000.0,128849000.0,311183000.0,3640569055.0,211454000.0,10799000.0,-47343000.0,-21250000.0,-101511000.0,-176921000.0,1000000.0,0.0,387375000.0,0.0,291341000.0,291341000.0,291341000.0,0.0,3560000.0,0.264,761416000.0,341508000.0,47595000.0,0.348,4.783,12.496,12.571,37670000.0,0.0,36.08,3.301,3.301,53482000.0,697359000.0,1102924000.0,1102924000.0,0.0,0.249,0.438,1.093,0.32,22508000.0,746099000.0,1.0,100902690.0,100902690.0,,10.931,494495000.0,0.0,57101000.0,117620000.0,4.901,308425000.0
4,FHI,MRY,2016-12-31,2016-12-31,2016-12-31,2021-08-03,-523000.0,1155107000.0,1194018750.0,359760000.0,795347000.0,0.958,5.819,-12839000.0,104839000.0,104839000.0,0.0,221514000.0,2.213,0.888,191250000.0,25500000.0,165750000.0,191250000.0,0.0,21558000.0,0.0,0.071,2.0,332512000.0,354070000.0,0.31,354070000.0,332512000.0,328339000.0,2.03,2.03,2.03,594826000.0,650913000.0,594826000.0,2903336055.0,9.0,8.2,252832000.0,2.473,1.0,1143371000.0,1.0,733137000.0,4173000.0,345843000.0,367995250.0,0.0,196310000.0,196310000.0,0.0,527961000.0,162538000.0,365423000.0,2890815055.0,-67734000.0,-8200000.0,-80335000.0,-25500000.0,-205468000.0,-312366000.0,-21039000.0,0.0,265671000.0,0.0,208919000.0,208919000.0,208919000.0,0.0,12595000.0,0.183,807688000.0,335683000.0,54177000.0,0.985,4.86,13.837,13.931,39280000.0,0.0,28.28,2.528,2.528,44804000.0,529749000.0,1143371000.0,1143371000.0,0.0,0.175,0.321,0.904,0.291,22445000.0,795957000.0,1.0,102221183.0,102221183.0,,11.185,421970000.0,0.0,119420000.0,176686000.0,4.128,197222000.0
5,FHI,MRY,2015-12-31,2015-12-31,2015-12-31,2021-08-03,-4609000.0,1187203000.0,1151457750.0,395828000.0,791375000.0,0.805,6.222,-6026000.0,172628000.0,172628000.0,0.0,171986000.0,2.486,0.817,216750000.0,25500000.0,191250000.0,216750000.0,0.0,24589000.0,0.0,0.035,1.0,277026000.0,301615000.0,0.326,301615000.0,277026000.0,272727000.0,1.62,1.62,1.62,647816000.0,633625250.0,647816000.0,3064781470.0,11.0,10.161,227158000.0,2.182,1.0,926609000.0,1.0,734492000.0,4299000.0,337625000.0,379975000.0,0.0,174187000.0,174187000.0,0.0,529497000.0,159208000.0,370289000.0,2982813470.0,57361000.0,0.0,-52316000.0,-25500000.0,-104628000.0,-170092000.0,-5731000.0,295000.0,233184000.0,0.0,169807000.0,169807000.0,169807000.0,0.0,2179000.0,0.183,647163000.0,279446000.0,43551000.0,0.617,4.604,17.566,17.685,35743000.0,0.0,28.65,3.219,3.219,33524000.0,545785000.0,926609000.0,926609000.0,0.0,0.147,0.268,0.729,0.299,22685000.0,632301000.0,1.0,104112163.0,104112163.0,,8.9,452711000.0,0.0,102920000.0,158895000.0,4.348,236620000.0
6,FHI,MRY,2014-12-31,2014-12-31,2014-12-31,2021-08-03,-1662000.0,1140519000.0,1133037000.0,342055000.0,798464000.0,0.758,5.827,-8850000.0,115267000.0,115267000.0,0.0,149822000.0,2.291,0.865,242250000.0,25500000.0,216750000.0,242250000.0,0.0,23403000.0,0.0,0.03,1.0,248377000.0,271780000.0,0.316,271780000.0,248377000.0,238766000.0,1.42,1.42,1.42,609494000.0,591902750.0,609494000.0,3602591799.0,15.0,13.256,183632000.0,1.756,1.0,859250000.0,1.0,733847000.0,9611000.0,384334000.0,418935250.0,0.0,182071000.0,182071000.0,0.0,527170000.0,149321000.0,377849000.0,3444431799.0,10824000.0,-9697000.0,-25193000.0,-34000000.0,-104840000.0,-165240000.0,-16418000.0,2129000.0,192482000.0,0.0,149236000.0,149236000.0,149236000.0,0.0,586000.0,0.174,621301000.0,237949000.0,34930000.0,0.704,5.651,23.08,23.19,38638000.0,0.0,32.93,4.009,4.009,27965000.0,505394000.0,859250000.0,859250000.0,0.0,0.132,0.252,0.593,0.289,21711000.0,608505000.0,1.0,104598597.0,104598597.0,,8.215,406672000.0,0.0,89530000.0,140849000.0,3.888,192734000.0
7,FHI,MRY,2013-12-31,2013-12-31,2013-12-31,2021-08-03,-1208000.0,1135797000.0,1149593500.0,339318000.0,796479000.0,0.764,5.413,-10316000.0,104443000.0,104443000.0,0.0,166355000.0,1.584,0.978,276250000.0,77917000.0,198333000.0,276250000.0,0.0,19588000.0,0.0,0.034,0.98,267301000.0,286889000.0,0.327,286889000.0,267301000.0,254837000.0,1.55,1.55,1.55,566119000.0,542512000.0,566119000.0,3220938085.0,12.0,11.227,250656000.0,2.396,1.0,878365000.0,1.0,735345000.0,12464000.0,358054000.0,462769750.0,0.0,187735000.0,187735000.0,0.0,553936000.0,214205000.0,339731000.0,3012325085.0,36858000.0,-8524000.0,-11450000.0,-42500000.0,-102515000.0,-222003000.0,-2111000.0,16729000.0,260972000.0,0.0,162177000.0,162177000.0,162177000.0,0.0,4178000.0,0.185,626622000.0,251743000.0,36364000.0,0.632,5.321,18.574,18.581,40088000.0,0.0,28.8,3.429,3.429,29320000.0,1022608000.0,878365000.0,878365000.0,0.0,0.141,0.299,0.578,0.304,20560000.0,609141000.0,1.0,104594621.0,104594621.0,,8.398,400452000.0,0.0,92660000.0,121203000.0,3.829,125113000.0
8,FHI,MRY,2012-12-31,2012-12-31,2012-12-31,2021-08-03,-2937000.0,1090061000.0,1152590500.0,300062000.0,789999000.0,0.821,4.767,-8675000.0,67585000.0,67585000.0,0.0,197628000.0,1.657,1.183,318750000.0,42500000.0,276250000.0,318750000.0,0.0,17910000.0,0.0,0.122,2.47,313412000.0,331322000.0,0.35,331322000.0,313412000.0,298971000.0,1.79,1.79,1.79,495432000.0,567235000.0,495432000.0,2248165815.0,7.0,6.785,307668000.0,2.961,1.0,945706000.0,1.0,727857000.0,14441000.0,432235000.0,498132000.0,0.0,191043000.0,191043000.0,0.0,586117000.0,181134000.0,404983000.0,2102274815.0,18312000.0,-14064000.0,-5029000.0,-42500000.0,-256750000.0,-309406000.0,11375000.0,34114000.0,316343000.0,0.0,188088000.0,188088000.0,188088000.0,0.0,9540000.0,0.199,633113000.0,312593000.0,45255000.0,1.38,4.243,11.177,11.302,38912000.0,0.0,20.23,2.223,2.223,24120000.0,984505000.0,945706000.0,945706000.0,0.0,0.163,0.332,0.629,0.331,20135000.0,606787000.0,1.0,103918676.0,103918676.0,,9.1,362204000.0,0.0,110883000.0,99399000.0,3.485,118928000.0
9,FHI,MRY,2011-12-31,2011-12-31,2011-12-31,2021-08-03,-8612000.0,1150856000.0,1135787750.0,366511000.0,784345000.0,0.788,5.223,-8247000.0,49273000.0,49273000.0,0.0,155083000.0,2.053,1.121,361250000.0,42500000.0,318750000.0,361250000.0,0.0,21778000.0,0.0,0.063,0.96,259241000.0,281019000.0,0.314,281019000.0,259241000.0,242194000.0,1.45,1.45,1.45,541959000.0,529533500.0,541959000.0,1811140566.0,7.0,6.445,105243000.0,1.014,1.0,895114000.0,1.0,720926000.0,17047000.0,563421000.0,497070250.0,0.0,273044000.0,273044000.0,0.0,607673000.0,178486000.0,429187000.0,1572061566.0,-149483000.0,-53507000.0,-11750000.0,-42500000.0,-99960000.0,-155519000.0,-107454000.0,-45700000.0,113490000.0,0.0,150906000.0,150906000.0,150906000.0,0.0,4177000.0,0.169,637659000.0,257455000.0,41691000.0,0.662,2.901,10.417,10.448,38228000.0,0.0,15.15,1.756,1.756,21526000.0,1069913000.0,895114000.0,895114000.0,0.0,0.133,0.285,0.522,0.29,17492000.0,608093000.0,1.0,103766440.0,103766440.0,,8.626,429930000.0,0.0,91288000.0,73246000.0,4.143,188025000.0
10,FHI,MRY,2010-12-31,2010-12-31,2010-12-31,2021-08-03,-3695000.0,1153504000.0,1046190250.0,373170000.0,780334000.0,0.91,4.778,-4572000.0,198756000.0,198756000.0,0.0,189163000.0,1.741,1.342,403750000.0,42500000.0,361250000.0,403750000.0,0.0,33272000.0,0.0,0.085,2.22,306120000.0,339392000.0,0.357,339392000.0,306120000.0,291071000.0,1.73,1.73,1.73,491799000.0,449362250.0,491799000.0,2891892088.0,9.0,8.521,211375000.0,2.054,1.0,951943000.0,1.0,720825000.0,15049000.0,423321000.0,351830250.0,0.0,134885000.0,134885000.0,0.0,659789000.0,214352000.0,445437000.0,2693562088.0,108304000.0,-49561000.0,-1872000.0,277750000.0,-228651000.0,36787000.0,-144430000.0,-90297000.0,215947000.0,0.0,179114000.0,179114000.0,179114000.0,0.0,10049000.0,0.188,642152000.0,309791000.0,86191000.0,1.283,5.477,15.038,15.127,38516000.0,0.0,26.17,2.83,2.83,21228000.0,1036571000.0,951943000.0,951943000.0,0.0,0.171,0.399,0.87,0.322,17949000.0,588400000.0,1.0,102925567.0,102925567.0,,9.249,432679000.0,0.0,111957000.0,51380000.0,4.204,158818000.0
11,FHI,MRY,2009-12-31,2009-12-31,2009-12-31,2021-08-03,1514000.0,912433000.0,857830250.0,184787000.0,727646000.0,1.371,5.156,-26210000.0,90452000.0,90452000.0,0.0,208540000.0,0.938,0.7,139556000.0,21000000.0,118556000.0,139556000.0,0.0,42213000.0,0.0,0.035,0.96,315570000.0,357783000.0,0.304,357783000.0,315570000.0,315570000.0,1.93,1.92,1.93,528207000.0,483142000.0,528207000.0,2901491018.0,9.0,8.11,248379000.0,2.425,1.0,1175950000.0,1.0,662996000.0,0.0,101543000.0,110127000.0,0.0,31538000.0,31538000.0,0.0,369705000.0,196998000.0,172707000.0,2817189018.0,45014000.0,-24332000.0,-13693000.0,-70269000.0,-98499000.0,-178008000.0,-51567000.0,-1025000.0,274589000.0,0.0,197292000.0,197292000.0,197292000.0,0.0,11248000.0,0.168,846723000.0,329227000.0,50404000.0,0.497,5.333,14.279,14.249,40027000.0,0.0,27.5,2.396,2.396,19634000.0,1105073000.0,1175950000.0,1175950000.0,0.0,0.23,0.408,2.866,0.268,17475000.0,773018000.0,1.0,102443237.0,102443237.0,,11.479,249437000.0,11166000.0,118278000.0,39234000.0,2.435,-12211000.0
12,FHI,MRY,2008-12-31,2008-12-31,2008-12-31,2021-08-03,297000.0,846610000.0,841570000.0,116832000.0,729778000.0,1.454,4.158,-5507000.0,45438000.0,45438000.0,0.0,231433000.0,0.536,0.997,207568000.0,51071000.0,156497000.0,207568000.0,0.0,55885000.0,0.0,0.218,3.69,352485000.0,408370000.0,0.334,408370000.0,352485000.0,352485000.0,2.2,2.18,2.2,423374000.0,509279750.0,423374000.0,1878822195.0,5.0,4.601,305448000.0,3.0,1.0,1223680000.0,1.0,657321000.0,0.0,133581000.0,97367500.0,0.0,13209000.0,13209000.0,0.0,422040000.0,217838000.0,204202000.0,1726727195.0,-74912000.0,-133863000.0,-22554000.0,139811000.0,-375651000.0,-257517000.0,-128350000.0,11020000.0,310955000.0,0.0,224317000.0,224317000.0,224317000.0,-2808000.0,7116000.0,0.183,862505000.0,361175000.0,65880000.0,1.677,4.078,7.698,7.709,29389000.0,0.0,16.96,1.411,1.411,33211000.0,1028928000.0,1223680000.0,1223680000.0,0.0,0.267,0.44,3.62,0.288,16904000.0,794661000.0,1.0,101811745.0,101811745.0,,12.019,189289000.0,9600000.0,128168000.0,31648000.0,1.859,-101006000.0
13,FHI,MRY,2007-12-31,2007-12-31,2007-12-31,2021-08-03,879000.0,840971000.0,816778000.0,206291000.0,634680000.0,1.381,5.643,-7689000.0,120350000.0,120350000.0,0.0,223236000.0,1.254,0.459,62861000.0,89000.0,62772000.0,62861000.0,0.0,71947000.0,0.0,0.02,0.81,346678000.0,418625000.0,0.371,418625000.0,346678000.0,346678000.0,2.12,2.1,2.12,574015000.0,548359000.0,574015000.0,4206256346.0,12.0,10.048,319310000.0,3.139,1.0,1127644000.0,1.0,534603000.0,0.0,84308000.0,131523750.0,0.0,25921000.0,25921000.0,0.0,263384000.0,164571000.0,98813000.0,4187223346.0,1629000.0,-81447000.0,-109843000.0,-49425000.0,-83140000.0,-235146000.0,-90224000.0,-1088000.0,326999000.0,0.0,217471000.0,217471000.0,217471000.0,0.0,5765000.0,0.193,770451000.0,357193000.0,58983000.0,0.382,7.295,19.254,19.415,25873000.0,0.0,41.16,3.713,3.713,37269000.0,1189516000.0,1127644000.0,1127644000.0,0.0,0.266,0.397,2.636,0.307,13541000.0,689478000.0,1.0,101730402.0,101730402.0,,11.085,306368000.0,6443000.0,129207000.0,27097000.0,3.012,41720000.0
14,FHI,MRY,2006-12-31,2006-12-31,2006-12-31,2021-08-03,451000.0,810294000.0,828107250.0,182051000.0,628243000.0,1.182,5.04,-4740000.0,118721000.0,118721000.0,0.0,197729000.0,1.38,0.529,112987000.0,0.0,112987000.0,112987000.0,0.0,75931000.0,0.0,0.02,0.69,311448000.0,387379000.0,0.396,387379000.0,311448000.0,311448000.0,1.9,1.86,1.9,529375000.0,533978500.0,529375000.0,3598868481.0,12.0,9.29,288978000.0,2.751,1.0,978858000.0,1.0,488650000.0,0.0,184003000.0,244818500.0,0.0,16193000.0,16193000.0,0.0,280037000.0,131907000.0,148130000.0,3548030481.0,-127125000.0,-149485000.0,-159907000.0,-44682000.0,-73046000.0,-271693000.0,-149150000.0,5075000.0,293718000.0,0.0,197729000.0,197729000.0,197729000.0,-6681000.0,0.0,0.202,670386000.0,308472000.0,53223000.0,0.363,6.702,17.944,17.779,24168000.0,0.0,33.78,3.625,3.625,32639000.0,1065505000.0,978858000.0,978858000.0,0.0,0.239,0.37,1.272,0.318,11578000.0,584892000.0,1.0,105033466.0,105033466.0,,9.319,321644000.0,4222000.0,113719000.0,28319000.0,3.062,50144000.0
15,FHI,MRY,2005-12-31,2005-12-31,2005-12-31,2021-08-03,326000.0,896621000.0,950012500.0,346423000.0,550198000.0,0.943,5.041,-2341000.0,246433000.0,246433000.0,0.0,160283000.0,2.083,0.657,159784000.0,0.0,159784000.0,159784000.0,0.0,71486000.0,0.0,0.016,0.575,275179000.0,346665000.0,0.387,346665000.0,275179000.0,275179000.0,1.51,1.48,1.51,540329000.0,484473250.0,540329000.0,3931821962.0,14.0,11.342,183665000.0,1.713,1.0,896238000.0,1.0,370026000.0,0.0,273646000.0,395991750.0,0.0,38372000.0,38372000.0,0.0,355039000.0,166300000.0,188739000.0,3970211962.0,-10367000.0,-58906000.0,-23082000.0,-40126000.0,-61465000.0,-135019000.0,-61354000.0,-107000.0,186006000.0,0.0,160283000.0,160283000.0,160283000.0,691000.0,0.0,0.179,601344000.0,294894000.0,72145000.0,0.381,7.348,24.77,24.53,22006000.0,0.0,37.04,4.43,4.43,52509000.0,954710000.0,896238000.0,896238000.0,0.0,0.169,0.331,0.695,0.307,6789000.0,467491000.0,1.0,107187148.0,107187148.0,,8.361,526595000.0,2433000.0,114896000.0,22531000.0,4.913,180123000.0
16,FHI,MRY,2004-12-31,2004-12-31,2004-12-31,2021-08-03,529000.0,954688000.0,931270250.0,322500000.0,632188000.0,0.892,4.26,-5527000.0,256213000.0,256213000.0,0.0,181179000.0,1.839,1.084,291742000.0,6827000.0,284915000.0,291742000.0,0.0,73014000.0,0.0,0.014,0.414,289392000.0,362406000.0,0.436,362406000.0,289392000.0,289392000.0,1.68,1.64,1.68,457753000.0,452379000.0,457753000.0,3363196605.0,12.0,9.28,291518000.0,2.713,1.0,830314000.0,1.0,311974000.0,0.0,502876000.0,569202000.0,0.0,2058000.0,2058000.0,0.0,496349000.0,175367000.0,320982000.0,3266631605.0,23749000.0,-66318000.0,-114012000.0,-31586000.0,-44703000.0,-201483000.0,-71813000.0,32000.0,297045000.0,0.0,181179000.0,181179000.0,181179000.0,-4644000.0,0.0,0.218,517887000.0,312427000.0,72759000.0,0.246,7.136,18.03,18.095,27166000.0,0.0,30.4,3.934,3.934,41051000.0,865348000.0,830314000.0,830314000.0,0.0,0.195,0.401,0.508,0.349,41115000.0,420654000.0,1.0,107454987.0,107454987.0,,7.727,642714000.0,8916000.0,108213000.0,25650000.0,5.981,147133000.0
17,FHI,MRY,2003-12-31,2003-12-31,2003-12-31,2021-08-03,372000.0,879228000.0,601091750.0,291332000.0,587896000.0,1.318,3.643,-6288000.0,232464000.0,232464000.0,0.0,191485000.0,2.234,1.22,333356000.0,5672000.0,327684000.0,333356000.0,0.0,35417000.0,0.0,0.01,0.297,298205000.0,333622000.0,0.421,333622000.0,298205000.0,298205000.0,1.78,1.71,1.78,395853000.0,346976000.0,395853000.0,3080938295.0,10.0,9.235,242529000.0,2.232,1.0,792308000.0,1.0,226268000.0,0.0,623451000.0,240418250.0,0.0,1526000.0,1526000.0,0.0,482815000.0,130401000.0,352414000.0,3190397295.0,82555000.0,-1245000.0,-115751000.0,1363000.0,-32493000.0,-158346000.0,-7916000.0,-383000.0,248817000.0,0.0,191485000.0,191485000.0,191485000.0,-2591000.0,0.0,0.242,483653000.0,308655000.0,69708000.0,0.167,8.06,16.661,16.494,30892000.0,0.0,29.36,4.027,4.027,45260000.0,749410000.0,792308000.0,792308000.0,0.0,0.319,0.552,1.24,0.376,3469000.0,440789000.0,1.0,108664758.0,108664758.0,,7.291,652960000.0,3545000.0,106720000.0,21433000.0,6.009,160931000.0
18,FHI,MRY,2002-12-31,2002-12-31,2002-12-31,2021-08-03,21000.0,795451000.0,556914250.0,203662000.0,591789000.0,1.399,2.998,-7207000.0,149909000.0,149909000.0,0.0,203760000.0,1.82,1.333,326261000.0,5548000.0,320713000.0,326261000.0,0.0,33742000.0,0.0,0.009,0.217,313027000.0,346769000.0,0.445,346769000.0,313027000.0,313027000.0,1.81,1.74,1.81,340717000.0,307214000.0,340717000.0,2822799206.0,9.0,8.14,208590000.0,1.835,1.0,778971000.0,1.0,235166000.0,0.0,624743000.0,228380750.0,0.0,1023000.0,1023000.0,0.0,454154000.0,111894000.0,342260000.0,2883467206.0,76398000.0,-33487000.0,-69496000.0,2250000.0,-24789000.0,-102947000.0,-36452000.0,4242000.0,215797000.0,0.0,203760000.0,203760000.0,203760000.0,-4991000.0,0.0,0.262,454671000.0,324300000.0,31410000.0,0.12,8.463,14.151,14.017,33722000.0,0.0,25.37,3.702,3.702,41192000.0,590418000.0,778971000.0,778971000.0,0.0,0.366,0.663,1.371,0.402,82000.0,417744000.0,1.0,113656571.0,113656571.0,,6.854,560285000.0,1166000.0,109267000.0,15773000.0,4.93,91768000.0
19,FHI,MRY,2001-12-31,2001-12-31,2001-12-31,2021-08-03,-286000.0,431553000.0,642857500.0,122309000.0,309244000.0,1.267,2.04,-7046000.0,73511000.0,73511000.0,0.0,168447000.0,0.978,0.819,60039000.0,5085000.0,54954000.0,60039000.0,0.0,69840000.0,0.0,0.005,0.175,263035000.0,332875000.0,0.409,332875000.0,263035000.0,263035000.0,1.46,1.4,1.46,237097000.0,212232250.0,237097000.0,3966240495.0,15.0,11.915,273600000.0,2.355,1.0,814697000.0,1.0,211893000.0,0.0,81080000.0,533784250.0,0.0,4602000.0,4602000.0,0.0,194093000.0,125108000.0,68985000.0,3704460495.0,-76409000.0,-173375000.0,-77421000.0,-144518000.0,-20456000.0,-253450000.0,-103605000.0,76816000.0,280646000.0,0.0,168447000.0,168447000.0,168447000.0,0.0,0.0,0.207,500507000.0,314190000.0,29102000.0,0.12,15.624,21.992,21.836,34521000.0,0.0,31.88,4.547,4.547,39177000.0,411447000.0,814697000.0,814697000.0,0.0,0.262,0.794,0.493,0.323,6703000.0,432123000.0,1.0,116200141.0,116200141.0,,7.011,219660000.0,2025000.0,94588000.0,33579000.0,1.89,-2799000.0
20,FHI,MRY,2000-12-31,2000-12-31,2000-12-31,2021-08-03,-2746000.0,704750000.0,688971500.0,284547000.0,420203000.0,0.965,1.27,-12157000.0,149920000.0,149920000.0,0.0,155360000.0,2.463,3.762,395082000.0,1090000.0,393992000.0,395082000.0,0.0,74844000.0,0.0,0.005,0.139,242522000.0,317366000.0,0.477,317366000.0,242522000.0,242522000.0,1.32,1.27,1.32,147868000.0,133340000.0,147868000.0,,,,157684000.0,1.354,1.0,664942000.0,1.0,46977000.0,0.0,787413000.0,774327000.0,0.0,85305000.0,85305000.0,0.0,556344000.0,115522000.0,440822000.0,3392672378.0,-21570000.0,-12196000.0,-107606000.0,-174000.0,-16557000.0,-134603000.0,-56808000.0,-32455000.0,169841000.0,0.0,155360000.0,155360000.0,155360000.0,0.0,0.0,0.234,393858000.0,271084000.0,30161000.0,0.105,22.944,21.837,22.068,36406000.0,0.0,29.13,5.102,5.102,43537000.0,263456000.0,664942000.0,664942000.0,0.0,0.225,1.165,0.313,0.365,0.0,321289000.0,1.0,116466611.0,116466611.0,,5.709,657773000.0,2349000.0,87162000.0,48727000.0,5.648,169025000.0
21,FHI,MRY,1999-12-31,1999-12-31,1999-12-31,2021-08-03,-95000.0,673193000.0,,284147000.0,389046000.0,,,-13444000.0,171490000.0,171490000.0,0.0,124020000.0,2.461,4.661,417557000.0,23370000.0,394187000.0,417557000.0,0.0,66392000.0,0.0,0.008,0.109,194881000.0,261273000.0,0.435,261273000.0,194881000.0,194881000.0,0.99,0.96,0.99,118812000.0,,118812000.0,,,,118701000.0,,1.0,601098000.0,1.0,42547000.0,0.0,761241000.0,,0.0,66438000.0,66438000.0,0.0,553785000.0,115472000.0,438313000.0,,-14091000.0,-2158000.0,-79953000.0,36659000.0,-13924000.0,-67512000.0,-78724000.0,-63122000.0,132145000.0,0.0,124020000.0,124020000.0,124020000.0,0.0,0.0,0.206,364152000.0,236946000.0,29321000.0,0.11,,,13.508,31305000.0,0.0,13.373,,,41213000.0,124653000.0,601098000.0,601098000.0,0.0,,,,0.324,0.0,298951000.0,1.0,,,,,630646000.0,1382000.0,70861000.0,40042000.0,,168675000.0
22,FHI,MRY,1998-12-31,1998-12-31,1998-12-31,2021-08-03,,,,,,,,-7526000.0,,,0.0,92369000.0,,,,,,,,55747000.0,,0.004,0.049,145934000.0,201681000.0,0.386,201681000.0,145934000.0,145934000.0,0.73,0.71,0.73,,,,,,,52537000.0,,1.0,522127000.0,1.0,,0.0,,,,,,,,,,,162669000.0,-580000.0,47666000.0,87169000.0,-11480000.0,114690000.0,-12084000.0,-3978000.0,60063000.0,0.0,92369000.0,92369000.0,92369000.0,0.0,0.0,0.177,339709000.0,182418000.0,,0.067,,,16.557,,0.0,12.087,,,,,522127000.0,522127000.0,0.0,,,,0.279,0.0,282997000.0,1.0,,,,,,,53565000.0,,,
0,FHI,MRQ,2021-06-30,2021-06-30,2021-06-30,2021-08-03,20224000.0,2044948000.0,,564199000.0,1480749000.0,,11.798,-1096000.0,253732000.0,253732000.0,0.0,53479000.0,2.647,0.544,196589000.0,17099000.0,179490000.0,196589000.0,0.0,7526000.0,0.0,0.061,0.27,91423000.0,98949000.0,0.318,98949000.0,91423000.0,91077000.0,0.57,0.56,0.57,1161930000.0,,1161930000.0,3321492746.0,8.0,7.15,83868000.0,0.852,1.0,311040000.0,1.0,1281456000.0,346000.0,493176000.0,,0.0,170469000.0,170469000.0,0.0,631549000.0,213173000.0,418376000.0,3339694746.0,29221000.0,7617000.0,-38915000.0,-5000000.0,-26551000.0,-62820000.0,6521000.0,0.0,84964000.0,556000.0,55884000.0,55884000.0,55884000.0,0.0,-2405000.0,0.18,229231000.0,81809000.0,65460000.0,0.474,2.874,10.726,10.834,164783000.0,0.0,33.91,2.419,2.419,97485000.0,1091976000.0,311040000.0,311040000.0,0.0,,,,,10277000.0,221563000.0,1.0,98487017.0,98487017.0,,3.158,763492000.0,0.0,35193000.0,205985000.0,7.752,351026000.0
1,FHI,MRQ,2021-03-31,2021-03-31,2021-03-31,2021-08-03,18729000.0,2009953000.0,,520312000.0,1489641000.0,,11.661,-2159000.0,222605000.0,222605000.0,0.0,74346000.0,2.611,0.527,204403000.0,16540000.0,187863000.0,204403000.0,0.0,7473000.0,0.0,0.066,0.27,99972000.0,107445000.0,0.315,107445000.0,99972000.0,99481000.0,0.75,0.75,0.75,1155122000.0,,1155122000.0,3011539866.0,7.0,6.253,-32172000.0,-0.325,1.0,341173000.0,1.0,1283036000.0,491000.0,509415000.0,,0.0,160090000.0,160090000.0,0.0,609114000.0,199300000.0,409814000.0,3100591866.0,-79237000.0,655000.0,-39058000.0,-5000000.0,-26788000.0,-48990000.0,-1504000.0,0.0,-30013000.0,1270000.0,74484000.0,74484000.0,74484000.0,0.0,-138000.0,0.218,243695000.0,97478000.0,57679000.0,0.36,2.684,9.21,9.288,169938000.0,0.0,31.3,2.168,2.168,99888000.0,1062831000.0,341173000.0,341173000.0,0.0,,,,,11698000.0,235599000.0,1.0,99060443.0,99060443.0,,3.444,726917000.0,0.0,24997000.0,211355000.0,7.338,321012000.0
2,FHI,MRQ,2020-12-31,2020-12-31,2020-12-31,2021-08-03,15171000.0,2060839000.0,,575343000.0,1485496000.0,,11.442,-4941000.0,301819000.0,301819000.0,0.0,101272000.0,2.167,0.604,212767000.0,15845000.0,196922000.0,212767000.0,0.0,7501000.0,0.0,0.072,1.27,123818000.0,131319000.0,0.361,131319000.0,123818000.0,123351000.0,0.95,0.94,0.95,1136997000.0,,1136997000.0,2759494873.0,6.0,5.884,124842000.0,1.256,1.0,363918000.0,1.0,1282020000.0,467000.0,424321000.0,,0.0,136952000.0,136952000.0,0.0,686855000.0,265446000.0,421409000.0,2870739873.0,-20615000.0,-1385000.0,-12159000.0,-15000000.0,-126153000.0,-153322000.0,-6326000.0,0.0,129783000.0,9250000.0,95168000.0,95168000.0,95168000.0,0.0,6104000.0,0.262,249143000.0,114775000.0,61736000.0,1.337,2.525,8.796,8.889,174688000.0,0.0,28.89,1.982,1.982,105964000.0,1027699000.0,363918000.0,363918000.0,0.0,,,,,8827000.0,242023000.0,1.0,99367943.0,99367943.0,,3.662,778819000.0,0.0,28183000.0,187937000.0,7.838,309897000.0
3,FHI,MRQ,2020-09-30,2020-09-30,2020-09-30,2021-08-03,-9582000.0,2003726000.0,,569414000.0,1434312000.0,,11.493,-3580000.0,322847000.0,322847000.0,0.0,86684000.0,2.429,0.554,211602000.0,14913000.0,196689000.0,211602000.0,0.0,7573000.0,0.0,0.05,0.27,119244000.0,126817000.0,0.348,126817000.0,119244000.0,118750000.0,0.86,0.85,0.86,1151576000.0,,1151576000.0,2085035036.0,5.0,4.586,86481000.0,0.863,1.0,364455000.0,1.0,1257553000.0,494000.0,400549000.0,,0.0,114312000.0,114312000.0,0.0,637849000.0,234379000.0,403470000.0,2155219036.0,45251000.0,-1032000.0,-20234000.0,0.0,-27053000.0,-44366000.0,-4612000.0,0.0,90061000.0,4168000.0,85822000.0,85822000.0,85822000.0,0.0,862000.0,0.235,251074000.0,113381000.0,79530000.0,0.314,1.872,6.879,6.916,152771000.0,0.0,21.51,1.494,1.494,106695000.0,1066842000.0,364455000.0,364455000.0,0.0,,,,,8453000.0,244152000.0,1.0,100196143.0,100196143.0,,3.637,746173000.0,0.0,32928000.0,179689000.0,7.447,335035000.0
4,FHI,MRQ,2020-06-30,2020-06-30,2020-06-30,2021-08-03,-25821000.0,1933895000.0,,521400000.0,1412495000.0,,10.765,-3422000.0,277840000.0,277840000.0,0.0,84801000.0,2.094,0.591,207656000.0,13800000.0,193856000.0,207656000.0,0.0,7543000.0,0.0,0.034,0.27,108463000.0,116006000.0,0.322,116006000.0,108463000.0,107678000.0,0.81,0.8,0.81,1086667000.0,,1086667000.0,2401137069.0,6.0,5.553,120724000.0,1.196,1.0,360712000.0,1.0,1241808000.0,785000.0,372907000.0,,0.0,94763000.0,94763000.0,0.0,642556000.0,248996000.0,393560000.0,2392433069.0,-30520000.0,-2306000.0,-17911000.0,-105000000.0,-27255000.0,-147848000.0,-5728000.0,0.0,124146000.0,-1090000.0,81196000.0,81196000.0,81196000.0,0.0,3605000.0,0.225,263461000.0,97251000.0,89136000.0,0.333,2.202,7.963,7.98,148968000.0,0.0,23.7,1.687,1.687,120521000.0,1004497000.0,360712000.0,360712000.0,0.0,,,,,8555000.0,255180000.0,1.0,100946543.0,100946543.0,,3.573,692087000.0,0.0,26482000.0,214930000.0,6.856,272404000.0
5,FHI,MRQ,2020-03-31,2020-03-31,2020-03-31,2021-08-03,-25108000.0,1925909000.0,,504113000.0,1421796000.0,,10.313,-1557000.0,308349000.0,308349000.0,0.0,63265000.0,2.693,0.656,317053000.0,14785000.0,302268000.0,317053000.0,0.0,7315000.0,0.0,0.043,0.27,87551000.0,94866000.0,0.264,94866000.0,87551000.0,86620000.0,0.63,0.63,0.63,1042933000.0,,1042933000.0,1898411978.0,5.0,4.668,27694000.0,0.274,1.0,359183000.0,1.0,1248553000.0,931000.0,498834000.0,,0.0,72661000.0,72661000.0,0.0,683715000.0,187226000.0,496489000.0,1926467978.0,65008000.0,-6600000.0,-15000000.0,95000000.0,-27304000.0,50400000.0,-8157000.0,0.0,29251000.0,-6486000.0,64178000.0,64178000.0,64178000.0,0.0,-913000.0,0.179,266439000.0,92744000.0,80625000.0,0.429,1.847,6.832,6.853,152762000.0,0.0,19.05,1.397,1.397,96313000.0,949209000.0,359183000.0,359183000.0,0.0,,,,,9620000.0,259584000.0,1.0,101126928.0,101126928.0,,3.552,677356000.0,0.0,22442000.0,169397000.0,6.698,316887000.0
6,FHI,MRQ,2019-12-31,2019-12-31,2019-12-31,2021-08-03,-249000.0,1880131000.0,,461284000.0,1418847000.0,,10.296,-3724000.0,249174000.0,249174000.0,0.0,85089000.0,1.999,0.602,221118000.0,13575000.0,207543000.0,221118000.0,0.0,7209000.0,0.0,0.025,0.27,109755000.0,116964000.0,0.327,116964000.0,109755000.0,108689000.0,0.81,0.81,0.81,1041280000.0,,1041280000.0,3342168168.0,9.0,8.493,118875000.0,1.175,1.0,358025000.0,1.0,1220762000.0,1066000.0,400600000.0,,0.0,91461000.0,91461000.0,0.0,626765000.0,230713000.0,396052000.0,3296129168.0,50999000.0,-24640000.0,-10255000.0,-20000000.0,-27278000.0,-51313000.0,-28364000.0,0.0,122599000.0,8077000.0,82107000.0,82107000.0,82107000.0,0.0,2982000.0,0.229,255234000.0,102791000.0,69014000.0,0.333,3.165,12.103,12.115,152239000.0,0.0,32.59,2.484,2.484,102081000.0,930351000.0,358025000.0,358025000.0,0.0,,,,,7773000.0,251992000.0,1.0,101139281.0,101139281.0,,3.54,659369000.0,0.0,26582000.0,165382000.0,6.519,230571000.0
7,FHI,MRQ,2019-09-30,2019-09-30,2019-09-30,2021-08-03,-28287000.0,1753971000.0,,420872000.0,1333099000.0,,9.393,-2457000.0,196513000.0,196513000.0,0.0,73585000.0,2.165,0.635,242552000.0,13352000.0,229200000.0,242552000.0,0.0,7209000.0,0.0,0.025,0.0,97392000.0,104601000.0,0.307,104601000.0,97392000.0,96153000.0,0.72,0.72,0.72,950497000.0,,950497000.0,3351305775.0,10.0,9.138,97461000.0,0.963,1.0,340340000.0,1.0,1133370000.0,1239000.0,472265000.0,,0.0,112492000.0,112492000.0,0.0,603982000.0,194375000.0,409607000.0,3279795775.0,17948000.0,-42332000.0,-1860000.0,-5000000.0,-27320000.0,-33858000.0,-44789000.0,0.0,99918000.0,-3323000.0,72962000.0,72962000.0,72962000.0,0.0,623000.0,0.214,251033000.0,89307000.0,66843000.0,0.0,3.451,13.027,13.016,154071000.0,0.0,32.41,2.57,2.57,92837000.0,871774000.0,340340000.0,340340000.0,0.0,,,,,8085000.0,243475000.0,1.0,101197031.0,101197031.0,,3.363,620601000.0,0.0,23191000.0,161778000.0,6.133,226497000.0
8,FHI,MRQ,2019-06-30,2019-06-30,2019-06-30,2021-08-03,-16492000.0,1688050000.0,,338372000.0,1349678000.0,,9.015,-3804000.0,179961000.0,179961000.0,0.0,63840000.0,2.229,0.629,251471000.0,13386000.0,238085000.0,251471000.0,0.0,5768000.0,0.0,0.033,0.27,84518000.0,90286000.0,0.281,90286000.0,84518000.0,83186000.0,0.62,0.62,0.62,912528000.0,,912528000.0,3415678998.0,11.0,9.725,91860000.0,0.907,1.0,321479000.0,1.0,1148063000.0,1332000.0,459688000.0,,0.0,47049000.0,47049000.0,0.0,573534000.0,151809000.0,421725000.0,3289848998.0,45476000.0,-12285000.0,-709000.0,-5000000.0,-27332000.0,-31589000.0,-16089000.0,0.0,95664000.0,-2510000.0,62724000.0,62724000.0,62724000.0,0.0,1116000.0,0.195,236539000.0,84940000.0,65493000.0,0.435,3.605,13.799,13.771,159987000.0,0.0,32.5,2.644,2.644,89099000.0,826119000.0,321479000.0,321479000.0,0.0,,,,,7851000.0,231862000.0,1.0,101226123.0,101226123.0,,3.176,539987000.0,0.0,20462000.0,162204000.0,5.334,186563000.0
9,FHI,MRQ,2019-03-31,2019-03-31,2019-03-31,2021-08-03,-6953000.0,1635176000.0,,278351000.0,1356825000.0,,8.906,-5060000.0,134485000.0,134485000.0,0.0,54611000.0,2.114,0.614,260315000.0,13502000.0,246813000.0,260315000.0,0.0,7813000.0,0.0,0.037,0.27,73857000.0,81670000.0,0.266,81670000.0,73857000.0,72457000.0,0.54,0.54,0.54,897739000.0,,897739000.0,2932661401.0,10.0,9.23,11699000.0,0.116,1.0,307050000.0,1.0,1156809000.0,1400000.0,472505000.0,,0.0,27626000.0,27626000.0,0.0,551237000.0,131692000.0,419545000.0,2954493401.0,-22338000.0,-381000.0,-1485000.0,-5000000.0,-27217000.0,-35920000.0,-5441000.0,0.0,16759000.0,2264000.0,54546000.0,54546000.0,54546000.0,0.0,65000.0,0.178,236161000.0,70889000.0,61381000.0,0.5,3.291,13.773,13.825,163147000.0,0.0,29.31,2.506,2.506,96800000.0,807322000.0,307050000.0,307050000.0,0.0,,,,,9236000.0,231528000.0,1.0,100801549.0,100801549.0,,3.046,478367000.0,0.0,17911000.0,153603000.0,4.746,146659000.0
10,FHI,MRQ,2018-12-31,2018-12-31,2018-12-31,2021-08-03,-14617000.0,1543683000.0,,304101000.0,1239582000.0,,8.529,-5374000.0,156832000.0,156832000.0,0.0,61632000.0,1.678,0.588,135000000.0,0.0,135000000.0,135000000.0,0.0,6968000.0,0.0,0.04,0.27,83220000.0,90188000.0,0.294,90188000.0,83220000.0,81698000.0,0.61,0.61,0.61,857121000.0,,857121000.0,2711336779.0,9.0,8.47,112195000.0,1.116,1.0,307216000.0,1.0,1149247000.0,1522000.0,191424000.0,,0.0,33658000.0,33658000.0,0.0,504049000.0,181180000.0,322869000.0,2668279779.0,39903000.0,-5851000.0,-961000.0,-25000000.0,-27135000.0,-63884000.0,-11014000.0,0.0,117569000.0,-2768000.0,61536000.0,61536000.0,61536000.0,0.0,96000.0,0.2,219262000.0,87954000.0,56110000.0,0.443,3.113,12.112,12.179,53229000.0,0.0,26.55,2.35,2.35,95079000.0,791823000.0,307216000.0,307216000.0,0.0,,,,,9888000.0,214807000.0,1.0,100500180.0,100500180.0,,3.057,394436000.0,0.0,20162000.0,148164000.0,3.925,122921000.0
11,FHI,MRQ,2018-09-30,2018-09-30,2018-09-30,2021-08-03,-5267000.0,1523657000.0,,271622000.0,1252035000.0,,8.21,-6503000.0,116943000.0,116943000.0,0.0,61994000.0,1.653,0.609,160000000.0,0.0,160000000.0,160000000.0,0.0,6129000.0,0.0,0.043,0.27,82951000.0,89080000.0,0.289,89080000.0,82951000.0,81349000.0,0.59,0.59,0.59,827364000.0,,827364000.0,2233452547.0,7.0,6.799,-54176000.0,-0.538,1.0,308616000.0,1.0,1160824000.0,1602000.0,241589000.0,,0.0,40116000.0,40116000.0,0.0,503549000.0,164301000.0,339248000.0,2430624547.0,-258232000.0,-151429000.0,-6468000.0,-18000000.0,-27204000.0,-50284000.0,-157932000.0,0.0,-47673000.0,-2343000.0,59608000.0,59608000.0,59608000.0,0.0,2386000.0,0.193,226718000.0,81898000.0,57160000.0,0.458,2.938,8.365,8.404,52644000.0,0.0,24.12,2.196,2.196,94852000.0,765176000.0,308616000.0,308616000.0,0.0,,,,,5476000.0,219449000.0,1.0,100772162.0,100772162.0,,3.063,362833000.0,0.0,21741000.0,143651000.0,3.601,107321000.0
12,FHI,MRQ,2018-06-30,2018-06-30,2018-06-30,2021-08-03,-1489000.0,1276315000.0,,484180000.0,792135000.0,,7.877,-2291000.0,375172000.0,375172000.0,0.0,38667000.0,3.585,0.571,178000000.0,0.0,178000000.0,178000000.0,0.0,3480000.0,0.0,0.044,0.27,53315000.0,56795000.0,0.222,56795000.0,53315000.0,51884000.0,0.38,0.38,0.38,799125000.0,,799125000.0,2205101856.0,7.0,6.579,85999000.0,0.848,1.0,255993000.0,1.0,736629000.0,1431000.0,207454000.0,,0.0,42389000.0,42389000.0,0.0,456206000.0,135060000.0,321146000.0,2365710856.0,49539000.0,-113000.0,-16451000.0,13000000.0,-27339000.0,-36347000.0,-2404000.0,0.0,88290000.0,0.0,38822000.0,38822000.0,38822000.0,0.0,-155000.0,0.152,175236000.0,80757000.0,51358000.0,0.711,2.96,8.231,8.211,39338000.0,0.0,23.32,2.198,2.198,44706000.0,732753000.0,255993000.0,255993000.0,0.0,,,,,5801000.0,174747000.0,1.0,101445577.0,101445577.0,,2.523,539686000.0,0.0,13062000.0,122806000.0,5.32,349120000.0
13,FHI,MRQ,2018-03-31,2018-03-31,2018-03-31,2021-08-03,-767000.0,1235327000.0,,441013000.0,794314000.0,,7.918,-3106000.0,325609000.0,325609000.0,0.0,60006000.0,4.426,0.509,165000000.0,0.0,165000000.0,165000000.0,0.0,3477000.0,0.0,0.03,0.25,80571000.0,84048000.0,0.319,84048000.0,80571000.0,79241000.0,0.6,0.6,0.6,799620000.0,,799620000.0,3226929187.0,9.0,8.718,44990000.0,0.445,1.0,263852000.0,1.0,736772000.0,1330000.0,238311000.0,,0.0,51947000.0,51947000.0,0.0,407053000.0,99635000.0,307418000.0,3373193187.0,9407000.0,17000.0,-3923000.0,-5000000.0,-25265000.0,-35600000.0,-3089000.0,0.0,48096000.0,0.0,60331000.0,60331000.0,60331000.0,0.0,-325000.0,0.229,184181000.0,79671000.0,54150000.0,0.417,4.218,11.168,11.171,38698000.0,0.0,33.4,3.085,3.085,50057000.0,721829000.0,263852000.0,263852000.0,0.0,,,,,6967000.0,182526000.0,1.0,100993808.0,100993808.0,,2.613,498555000.0,0.0,18910000.0,121842000.0,4.936,341378000.0
14,FHI,MRQ,2017-12-31,2017-12-31,2017-12-31,2021-08-03,-790000.0,1231410000.0,,437274000.0,794136000.0,,7.544,-3008000.0,316264000.0,316264000.0,0.0,131974000.0,3.394,0.578,170000000.0,0.0,170000000.0,170000000.0,0.0,4294000.0,0.0,0.028,0.25,94261000.0,98555000.0,0.354,98555000.0,94261000.0,93023000.0,1.3,1.3,1.3,761215000.0,,761215000.0,3654159055.0,10.0,9.826,187004000.0,1.853,1.0,278312000.0,1.0,736915000.0,1238000.0,219382000.0,,0.0,53274000.0,53274000.0,0.0,440032000.0,128849000.0,311183000.0,3640569055.0,154854000.0,2646000.0,-3281000.0,-4517000.0,-25225000.0,-34796000.0,-362000.0,0.0,190012000.0,0.0,131810000.0,131810000.0,131810000.0,0.0,164000.0,0.474,187478000.0,90834000.0,47595000.0,0.192,4.783,12.496,12.571,37670000.0,0.0,36.08,3.301,3.301,53482000.0,697359000.0,278312000.0,278312000.0,0.0,,,,,5218000.0,182752000.0,1.0,100902690.0,100902690.0,,2.758,494495000.0,0.0,-38787000.0,117620000.0,4.901,308425000.0
15,FHI,MRQ,2017-09-30,2017-09-30,2017-09-30,2021-08-03,166000.0,1181508000.0,,385689000.0,795819000.0,,6.444,-3330000.0,161410000.0,161410000.0,0.0,57241000.0,3.33,0.763,175000000.0,0.0,175000000.0,175000000.0,0.0,4310000.0,0.0,0.067,0.25,91445000.0,95755000.0,0.344,95755000.0,91445000.0,90195000.0,0.56,0.56,0.56,653797000.0,,653797000.0,3076542946.0,9.0,8.452,97662000.0,0.963,1.0,278315000.0,1.0,737059000.0,1250000.0,342225000.0,,0.0,166861000.0,166861000.0,0.0,498720000.0,115814000.0,382906000.0,3013210946.0,46257000.0,-6014000.0,-14069000.0,-3500000.0,-25349000.0,-45391000.0,-9344000.0,0.0,100992000.0,0.0,56439000.0,56439000.0,56439000.0,0.0,802000.0,0.203,189625000.0,88690000.0,51029000.0,0.446,4.609,13.991,13.944,38654000.0,0.0,29.7,2.704,2.704,45530000.0,598901000.0,278315000.0,278315000.0,0.0,,,,,5056000.0,185128000.0,1.0,101454914.0,101454914.0,,2.743,444449000.0,0.0,33756000.0,185370000.0,4.381,269875000.0
16,FHI,MRQ,2017-06-30,2017-06-30,2017-06-30,2021-08-03,76000.0,1140791000.0,,344383000.0,796408000.0,,6.195,-1328000.0,115168000.0,115168000.0,0.0,54659000.0,3.637,0.758,178500000.0,0.0,178500000.0,178500000.0,0.0,4866000.0,0.0,0.071,0.25,86907000.0,91773000.0,0.336,91773000.0,86907000.0,85725000.0,0.53,0.53,0.53,631629000.0,,631629000.0,2970593061.0,9.0,8.202,61824000.0,0.606,1.0,272796000.0,1.0,737202000.0,1182000.0,372242000.0,,0.0,167607000.0,167607000.0,0.0,478500000.0,94679000.0,383821000.0,2880347061.0,20550000.0,6912000.0,-15122000.0,-6858000.0,-25470000.0,-48186000.0,5584000.0,0.0,63152000.0,0.0,53451000.0,53451000.0,53451000.0,0.0,1208000.0,0.196,188585000.0,84211000.0,48567000.0,0.472,4.56,13.468,13.389,37843000.0,0.0,28.25,2.547,2.547,45097000.0,567780000.0,272796000.0,272796000.0,0.0,,,,,5562000.0,185915000.0,1.0,101959188.0,101959188.0,,2.676,403589000.0,0.0,32274000.0,184190000.0,3.958,249704000.0
17,FHI,MRQ,2017-03-31,2017-03-31,2017-03-31,2021-08-03,87000.0,1133216000.0,,335474000.0,797742000.0,,6.024,-2133000.0,94629000.0,94629000.0,0.0,51027000.0,2.63,0.8,184875000.0,25500000.0,159375000.0,184875000.0,0.0,5192000.0,0.0,0.076,0.25,80601000.0,85793000.0,0.314,85793000.0,80601000.0,79499000.0,0.49,0.49,0.49,612690000.0,,612690000.0,2765351860.0,8.0,7.662,31086000.0,0.306,1.0,273501000.0,1.0,737345000.0,1102000.0,358544000.0,,0.0,183025000.0,183025000.0,0.0,490336000.0,127573000.0,362763000.0,2678940860.0,-10207000.0,7255000.0,-14871000.0,-6375000.0,-25467000.0,-48548000.0,5122000.0,0.0,33219000.0,0.0,49641000.0,49641000.0,49641000.0,0.0,1386000.0,0.182,195728000.0,77773000.0,48763000.0,0.51,4.372,12.57,12.603,38737000.0,0.0,26.34,2.34,2.34,44725000.0,540222000.0,273501000.0,273501000.0,0.0,,,,,6672000.0,192305000.0,1.0,101706183.0,101706183.0,,2.689,395871000.0,0.0,29858000.0,182987000.0,3.892,207901000.0
18,FHI,MRQ,2016-12-31,2016-12-31,2016-12-31,2021-08-03,-523000.0,1155107000.0,,359760000.0,795347000.0,,5.819,-2448000.0,104839000.0,104839000.0,0.0,57229000.0,2.213,0.888,191250000.0,25500000.0,165750000.0,191250000.0,0.0,5481000.0,0.0,0.071,1.25,85189000.0,90670000.0,0.313,90670000.0,85189000.0,84134000.0,0.55,0.55,0.55,594826000.0,,594826000.0,2903336055.0,9.0,8.2,87705000.0,0.858,1.0,289904000.0,1.0,733137000.0,1055000.0,345843000.0,,0.0,196310000.0,196310000.0,0.0,527961000.0,162538000.0,365423000.0,2890815055.0,-80210000.0,-8200000.0,-19117000.0,-6375000.0,-127701000.0,-154008000.0,-16355000.0,-5707000.0,90153000.0,0.0,55842000.0,55842000.0,55842000.0,0.0,1387000.0,0.193,205082000.0,84822000.0,54177000.0,2.273,4.86,13.837,13.931,39280000.0,0.0,28.28,2.528,2.528,44804000.0,529749000.0,289904000.0,289904000.0,0.0,,,,,5233000.0,202387000.0,1.0,102221183.0,102221183.0,,2.836,421970000.0,0.0,28292000.0,176686000.0,4.128,197222000.0
19,FHI,MRQ,2016-09-30,2016-09-30,2016-09-30,2021-08-03,-594000.0,1230517000.0,,432491000.0,798026000.0,,6.591,-3314000.0,185104000.0,185104000.0,0.0,58908000.0,2.839,0.765,197625000.0,25500000.0,172125000.0,197625000.0,0.0,5362000.0,0.0,0.034,0.25,88561000.0,93923000.0,0.319,93923000.0,88561000.0,87522000.0,0.54,0.54,0.54,679660000.0,,679660000.0,3105663734.0,10.0,8.978,83052000.0,0.805,1.0,294620000.0,1.0,733326000.0,1039000.0,357378000.0,,0.0,195404000.0,195404000.0,0.0,519679000.0,152334000.0,367345000.0,3055523734.0,31244000.0,0.0,-26170000.0,-6375000.0,-25781000.0,-58901000.0,3779000.0,7093000.0,86366000.0,0.0,54925000.0,54925000.0,54925000.0,0.0,3983000.0,0.186,205984000.0,88636000.0,54430000.0,0.463,4.496,15.225,15.273,39738000.0,0.0,29.63,2.785,2.785,39040000.0,607161000.0,294620000.0,294620000.0,0.0,,,,,4285000.0,202790000.0,1.0,103122637.0,103122637.0,,2.857,497191000.0,0.0,32597000.0,172853000.0,4.821,280157000.0
20,FHI,MRQ,2016-06-30,2016-06-30,2016-06-30,2021-08-03,-2056000.0,1199837000.0,,406439000.0,793398000.0,,6.422,-3820000.0,153860000.0,153860000.0,0.0,56418000.0,3.009,0.75,204000000.0,25500000.0,178500000.0,204000000.0,0.0,5460000.0,0.0,0.035,0.25,85064000.0,90524000.0,0.316,90524000.0,85064000.0,84044000.0,0.51,0.51,0.51,667784000.0,,667784000.0,3055300926.0,10.0,9.281,59091000.0,0.568,1.0,286738000.0,1.0,733554000.0,1020000.0,381347000.0,,0.0,198591000.0,198591000.0,0.0,501060000.0,135076000.0,365984000.0,2992687926.0,6098000.0,0.0,-21320000.0,-6375000.0,-25996000.0,-52380000.0,-4433000.0,-613000.0,62911000.0,0.0,52709000.0,52709000.0,52709000.0,0.0,3709000.0,0.184,199068000.0,87670000.0,52643000.0,0.49,4.482,15.76,15.813,38315000.0,0.0,28.78,2.886,2.886,39469000.0,577856000.0,286738000.0,286738000.0,0.0,,,,,5690000.0,195647000.0,1.0,103984987.0,103984987.0,,2.757,466283000.0,0.0,31335000.0,170279000.0,4.484,271363000.0
21,FHI,MRQ,2016-03-31,2016-03-31,2016-03-31,2021-08-03,-3182000.0,1190614000.0,,398590000.0,792024000.0,,6.368,-3257000.0,147762000.0,147762000.0,0.0,48959000.0,3.028,0.759,210375000.0,25500000.0,184875000.0,210375000.0,0.0,5255000.0,0.0,0.035,0.25,73698000.0,78953000.0,0.29,78953000.0,73698000.0,72639000.0,0.44,0.44,0.44,661382000.0,,661382000.0,3040492434.0,10.0,9.676,22984000.0,0.221,1.0,272109000.0,1.0,734188000.0,1059000.0,387413000.0,,0.0,194256000.0,194256000.0,0.0,501884000.0,131626000.0,370258000.0,2996370434.0,-24866000.0,0.0,-13728000.0,-6375000.0,-25990000.0,-47077000.0,-4030000.0,-773000.0,26241000.0,0.0,45443000.0,45443000.0,45443000.0,0.0,3516000.0,0.167,197554000.0,74555000.0,52974000.0,0.568,4.53,16.745,16.871,37417000.0,0.0,28.85,3.063,3.063,41396000.0,552263000.0,272109000.0,272109000.0,0.0,,,,,7237000.0,195133000.0,1.0,103860327.0,103860327.0,,2.62,456426000.0,0.0,27196000.0,168192000.0,4.395,266964000.0
22,FHI,MRQ,2015-12-31,2015-12-31,2015-12-31,2021-08-03,-4609000.0,1187203000.0,,395828000.0,791375000.0,,6.222,-1408000.0,172628000.0,172628000.0,0.0,49169000.0,2.486,0.817,216750000.0,25500000.0,191250000.0,216750000.0,0.0,5631000.0,0.0,0.035,0.25,76871000.0,82502000.0,0.339,82502000.0,76871000.0,75897000.0,0.45,0.45,0.45,647816000.0,,647816000.0,3064781470.0,11.0,10.161,79553000.0,0.764,1.0,243639000.0,1.0,734492000.0,974000.0,337625000.0,,0.0,174187000.0,174187000.0,0.0,529497000.0,159208000.0,370289000.0,2982813470.0,31471000.0,0.0,-15309000.0,-6375000.0,-26021000.0,-51068000.0,1578000.0,2986000.0,80961000.0,0.0,47610000.0,47610000.0,47610000.0,0.0,1559000.0,0.195,166754000.0,76885000.0,43551000.0,0.556,4.604,17.566,17.685,35743000.0,0.0,28.65,3.219,3.219,33524000.0,545785000.0,243639000.0,243639000.0,0.0,,,,,5330000.0,164466000.0,1.0,104112163.0,104112163.0,,2.34,452711000.0,0.0,28287000.0,158895000.0,4.348,236620000.0
23,FHI,MRQ,2015-09-30,2015-09-30,2015-09-30,2021-08-03,-3545000.0,1156700000.0,,362894000.0,793806000.0,,6.074,-1388000.0,141157000.0,141157000.0,0.0,44136000.0,2.562,0.803,223125000.0,25500000.0,197625000.0,223125000.0,0.0,6049000.0,0.0,0.035,0.25,71182000.0,77231000.0,0.33,77231000.0,71182000.0,70203000.0,0.42,0.42,0.42,635611000.0,,635611000.0,3144551425.0,12.0,10.86,78255000.0,0.748,1.0,234321000.0,1.0,734808000.0,979000.0,362199000.0,,0.0,180605000.0,180605000.0,0.0,510545000.0,141661000.0,368884000.0,3024138425.0,32070000.0,0.0,-17620000.0,-6375000.0,-26159000.0,-45412000.0,-2161000.0,-773000.0,79643000.0,0.0,44131000.0,44131000.0,44131000.0,0.0,5000.0,0.188,160077000.0,74244000.0,39511000.0,0.595,4.758,18.689,18.766,36458000.0,0.0,28.9,3.357,3.357,28407000.0,536607000.0,234321000.0,234321000.0,0.0,,,,,5003000.0,156999000.0,1.0,104641468.0,104641468.0,,2.239,421892000.0,0.0,26072000.0,152207000.0,4.032,221233000.0
24,FHI,MRQ,2015-06-30,2015-06-30,2015-06-30,2021-08-03,-1183000.0,1142821000.0,,346175000.0,796646000.0,,6.01,-2222000.0,109087000.0,109087000.0,0.0,42263000.0,2.796,0.79,229500000.0,25500000.0,204000000.0,229500000.0,0.0,6384000.0,0.0,0.03,0.25,69170000.0,75554000.0,0.331,75554000.0,69170000.0,68196000.0,0.4,0.4,0.4,631000000.0,,631000000.0,3660442267.0,14.0,13.066,55695000.0,0.53,1.0,228127000.0,1.0,734741000.0,974000.0,404673000.0,,0.0,190790000.0,190790000.0,0.0,498576000.0,123820000.0,374756000.0,3516400267.0,17254000.0,0.0,-9192000.0,-6375000.0,-26246000.0,-37466000.0,-3197000.0,-975000.0,57917000.0,0.0,41759000.0,41759000.0,41759000.0,0.0,504000.0,0.183,158848000.0,69279000.0,39773000.0,0.625,5.573,22.652,22.628,37434000.0,0.0,33.49,3.98,3.98,29877000.0,518623000.0,228127000.0,228127000.0,0.0,,,,,5451000.0,153009000.0,1.0,104998515.0,104998515.0,,2.173,408080000.0,0.0,26437000.0,152521000.0,3.887,222355000.0
25,FHI,MRQ,2015-03-31,2015-03-31,2015-03-31,2021-08-03,-1146000.0,1119107000.0,,322891000.0,796216000.0,,5.917,-1008000.0,91833000.0,91833000.0,0.0,36418000.0,2.824,0.79,235875000.0,25500000.0,210375000.0,235875000.0,0.0,6525000.0,0.0,0.03,0.25,59804000.0,66329000.0,0.301,66329000.0,59804000.0,58431000.0,0.35,0.35,0.35,620074000.0,,620074000.0,3678791373.0,15.0,13.479,13655000.0,0.13,1.0,220522000.0,1.0,733400000.0,1373000.0,415403000.0,,0.0,187797000.0,187797000.0,0.0,490097000.0,114346000.0,375751000.0,3551808373.0,-23434000.0,0.0,-10195000.0,-6375000.0,-26202000.0,-36146000.0,-1951000.0,-943000.0,14663000.0,0.0,36307000.0,36307000.0,36307000.0,0.0,111000.0,0.165,161484000.0,59038000.0,39215000.0,0.714,5.728,23.624,23.699,37354000.0,0.0,33.89,4.091,4.091,28611000.0,503290000.0,220522000.0,220522000.0,0.0,,,,,6901000.0,157828000.0,1.0,104804024.0,104804024.0,,2.104,385707000.0,0.0,22124000.0,149371000.0,3.68,208545000.0
26,FHI,MRQ,2014-12-31,2014-12-31,2014-12-31,2021-08-03,-1662000.0,1140519000.0,,342055000.0,798464000.0,,5.827,-4599000.0,115267000.0,115267000.0,0.0,39604000.0,2.291,0.865,242250000.0,25500000.0,216750000.0,242250000.0,0.0,6477000.0,0.0,0.03,0.25,63952000.0,70429000.0,0.323,70429000.0,63952000.0,62165000.0,0.37,0.37,0.37,609494000.0,,609494000.0,3602591799.0,15.0,13.256,76193000.0,0.728,1.0,217858000.0,1.0,733847000.0,1787000.0,384334000.0,,0.0,182071000.0,182071000.0,0.0,527170000.0,149321000.0,377849000.0,3444431799.0,24802000.0,0.0,-6572000.0,-6375000.0,-26149000.0,-49351000.0,-6639000.0,-2040000.0,80792000.0,0.0,39613000.0,39613000.0,39613000.0,0.0,-9000.0,0.182,156224000.0,61634000.0,34930000.0,0.676,5.651,23.08,23.19,38638000.0,0.0,32.93,4.009,4.009,27965000.0,505394000.0,217858000.0,217858000.0,0.0,,,,,5091000.0,153392000.0,1.0,104598597.0,104598597.0,,2.083,406672000.0,0.0,22552000.0,140849000.0,3.888,192734000.0
27,FHI,MRQ,2014-09-30,2014-09-30,2014-09-30,2021-08-03,-1325000.0,1191618000.0,,395187000.0,796431000.0,,5.673,-1894000.0,90465000.0,90465000.0,0.0,37259000.0,2.872,0.87,248625000.0,25500000.0,223125000.0,248625000.0,0.0,5920000.0,0.0,0.034,0.25,61919000.0,67839000.0,0.313,67839000.0,61919000.0,59757000.0,0.36,0.36,0.36,595072000.0,,595072000.0,3273710363.0,13.0,12.008,44558000.0,0.425,1.0,216915000.0,1.0,734300000.0,2162000.0,477897000.0,,0.0,261810000.0,261810000.0,0.0,517574000.0,137581000.0,379993000.0,3079791363.0,29384000.0,0.0,-4472000.0,-6375000.0,-26225000.0,-29730000.0,12662000.0,14556000.0,46452000.0,0.0,37560000.0,37560000.0,37560000.0,0.0,-301000.0,0.173,156087000.0,60828000.0,37683000.0,0.694,5.175,20.437,20.389,36633000.0,0.0,29.36,3.597,3.597,28635000.0,1040354000.0,216915000.0,216915000.0,0.0,,,,,4773000.0,153087000.0,1.0,104897526.0,104897526.0,,2.068,457318000.0,0.0,22197000.0,136893000.0,4.36,257606000.0
28,FHI,MRQ,2014-06-30,2014-06-30,2014-06-30,2021-08-03,122000.0,1105138000.0,,308723000.0,796415000.0,,5.587,-1145000.0,61081000.0,61081000.0,0.0,37314000.0,2.6,0.852,255000000.0,25500000.0,229500000.0,255000000.0,0.0,5623000.0,0.0,0.032,0.25,62703000.0,68326000.0,0.321,68326000.0,62703000.0,59854000.0,0.35,0.35,0.35,587249000.0,,587249000.0,3443875234.0,14.0,12.684,46343000.0,0.441,1.0,212981000.0,1.0,734761000.0,2849000.0,445574000.0,,0.0,202514000.0,202514000.0,0.0,500304000.0,118722000.0,381582000.0,3249825234.0,-10494000.0,-468000.0,-5920000.0,-10625000.0,-26267000.0,-42628000.0,-15354000.0,-13741000.0,47488000.0,0.0,36869000.0,36869000.0,36869000.0,0.0,445000.0,0.173,154139000.0,58842000.0,37228000.0,0.714,5.534,21.545,21.472,37205000.0,0.0,30.92,3.819,3.819,27972000.0,1029014000.0,212981000.0,212981000.0,0.0,,,,,5530000.0,151071000.0,1.0,105104309.0,105104309.0,,2.026,370377000.0,0.0,22985000.0,133262000.0,3.524,190001000.0
29,FHI,MRQ,2014-03-31,2014-03-31,2014-03-31,2021-08-03,-788000.0,1094873000.0,,300360000.0,794513000.0,,5.498,-1212000.0,71575000.0,71575000.0,0.0,35645000.0,1.613,0.872,265625000.0,95625000.0,170000000.0,265625000.0,0.0,5383000.0,0.0,0.032,0.25,59802000.0,65185000.0,0.308,65185000.0,59802000.0,56990000.0,0.34,0.34,0.34,575796000.0,,575796000.0,3370428651.0,13.0,12.186,16538000.0,0.158,1.0,211496000.0,1.0,734807000.0,2812000.0,367936000.0,,0.0,185134000.0,185134000.0,0.0,502353000.0,186180000.0,316173000.0,3198621651.0,-32868000.0,-9229000.0,-8229000.0,-10625000.0,-26199000.0,-43531000.0,-7087000.0,3354000.0,17750000.0,0.0,35194000.0,35194000.0,35194000.0,0.0,451000.0,0.166,154851000.0,56645000.0,37387000.0,0.735,5.555,20.72,20.635,38590000.0,0.0,30.54,3.711,3.711,28653000.0,1018448000.0,211496000.0,211496000.0,0.0,,,,,6317000.0,150956000.0,1.0,104735483.0,104735483.0,,2.019,360066000.0,0.0,21796000.0,128781000.0,3.438,114180000.0
30,FHI,MRQ,2013-12-31,2013-12-31,2013-12-31,2021-08-03,-1208000.0,1135797000.0,,339318000.0,796479000.0,,5.413,-1537000.0,104443000.0,104443000.0,0.0,42176000.0,1.584,0.978,276250000.0,77917000.0,198333000.0,276250000.0,0.0,5175000.0,0.0,0.034,0.25,66106000.0,71281000.0,0.332,71281000.0,66106000.0,63110000.0,0.39,0.39,0.39,566119000.0,,566119000.0,3220938085.0,12.0,11.227,137228000.0,1.312,1.0,214722000.0,1.0,735345000.0,2996000.0,358054000.0,,0.0,187735000.0,187735000.0,0.0,553936000.0,214205000.0,339731000.0,3012325085.0,26181000.0,-5159000.0,-4598000.0,-10625000.0,-26149000.0,-121863000.0,9279000.0,15975000.0,138765000.0,0.0,41071000.0,41071000.0,41071000.0,0.0,1105000.0,0.191,154964000.0,59758000.0,36364000.0,0.641,5.321,18.574,18.581,40088000.0,0.0,28.8,3.429,3.429,29320000.0,1022608000.0,214722000.0,214722000.0,0.0,,,,,4938000.0,158256000.0,1.0,104594621.0,104594621.0,,2.053,400452000.0,0.0,22039000.0,121203000.0,3.829,125113000.0
31,FHI,MRQ,2013-09-30,2013-09-30,2013-09-30,2021-08-03,-2001000.0,1183103000.0,,394869000.0,788234000.0,,5.258,-2793000.0,78262000.0,78262000.0,0.0,37629000.0,2.241,0.986,286875000.0,60208000.0,226667000.0,286875000.0,0.0,5031000.0,0.0,0.091,0.25,61699000.0,66730000.0,0.315,66730000.0,61699000.0,58621000.0,0.36,0.36,0.36,550191000.0,,550191000.0,3052120822.0,11.0,10.096,51935000.0,0.496,1.0,211866000.0,1.0,726202000.0,3078000.0,489282000.0,,0.0,272252000.0,272252000.0,0.0,542743000.0,176232000.0,366511000.0,2842014822.0,-9132000.0,0.0,-2185000.0,-10625000.0,-26158000.0,-27767000.0,-36093000.0,-33300000.0,54728000.0,0.0,37704000.0,37704000.0,37704000.0,0.0,-75000.0,0.178,154108000.0,57758000.0,40744000.0,0.694,5.166,16.651,16.765,41000000.0,0.0,27.16,3.128,3.128,27019000.0,1017816000.0,211866000.0,211866000.0,0.0,,,,,4864000.0,146646000.0,1.0,104639721.0,104639721.0,,2.025,456901000.0,0.0,20917000.0,117062000.0,4.366,218637000.0
32,FHI,MRQ,2013-06-30,2013-06-30,2013-06-30,2021-08-03,-2343000.0,1142206000.0,,351238000.0,790968000.0,,5.103,-2903000.0,87394000.0,87394000.0,0.0,41861000.0,2.4,1.005,297500000.0,42500000.0,255000000.0,297500000.0,0.0,4777000.0,0.0,0.09,0.24,68604000.0,73381000.0,0.328,73381000.0,68604000.0,65467000.0,0.39,0.39,0.39,534801000.0,,534801000.0,3124067387.0,10.0,9.427,44803000.0,0.428,1.0,223806000.0,1.0,726505000.0,3137000.0,479481000.0,,0.0,215551000.0,215551000.0,0.0,537544000.0,146326000.0,391218000.0,2872369387.0,30967000.0,0.0,-2194000.0,-10625000.0,-25145000.0,-36991000.0,20252000.0,23155000.0,47706000.0,0.0,40408000.0,40408000.0,40408000.0,0.0,1453000.0,0.181,157778000.0,66028000.0,40625000.0,0.615,5.371,15.217,15.228,40921000.0,0.0,27.41,3.072,3.072,23732000.0,1006271000.0,223806000.0,223806000.0,0.0,,,,,5334000.0,151056000.0,1.0,104792754.0,104792754.0,,2.136,415701000.0,0.0,25059000.0,112891000.0,3.967,204912000.0
33,FHI,MRQ,2013-03-31,2013-03-31,2013-03-31,2021-08-03,-436000.0,1137268000.0,,346247000.0,791021000.0,,4.969,-3083000.0,56427000.0,56427000.0,0.0,44688000.0,2.517,1.037,308125000.0,42500000.0,265625000.0,308125000.0,0.0,4605000.0,0.0,0.104,0.24,70893000.0,75498000.0,0.331,75498000.0,70893000.0,67640000.0,0.41,0.41,0.41,518937000.0,,518937000.0,2722992424.0,9.0,8.23,16690000.0,0.16,1.0,227972000.0,1.0,727163000.0,3253000.0,524262000.0,,0.0,250430000.0,250430000.0,0.0,538285000.0,137541000.0,400744000.0,2471827424.0,-11158000.0,-3365000.0,-2473000.0,-10625000.0,-25063000.0,-35382000.0,4451000.0,10899000.0,19773000.0,0.0,42994000.0,42994000.0,42994000.0,0.0,1694000.0,0.189,159773000.0,68199000.0,44810000.0,0.585,4.763,13.095,13.15,40737000.0,0.0,23.67,2.62,2.62,24607000.0,991018000.0,227972000.0,227972000.0,0.0,,,,,5424000.0,153184000.0,1.0,104428704.0,104428704.0,,2.183,410105000.0,0.0,24646000.0,110774000.0,3.927,208706000.0
34,FHI,MRQ,2012-12-31,2012-12-31,2012-12-31,2021-08-03,-2937000.0,1090061000.0,,300062000.0,789999000.0,,4.767,-2200000.0,67585000.0,67585000.0,0.0,51955000.0,1.657,1.183,318750000.0,42500000.0,276250000.0,318750000.0,0.0,4654000.0,0.0,0.122,1.75,82047000.0,86701000.0,0.354,86701000.0,82047000.0,78541000.0,0.46,0.46,0.46,495432000.0,,495432000.0,2248165815.0,7.0,6.785,74250000.0,0.715,1.0,244825000.0,1.0,727857000.0,3506000.0,432235000.0,,0.0,191043000.0,191043000.0,0.0,586117000.0,181134000.0,404983000.0,2102274815.0,-115899000.0,-6447000.0,139000.0,-10625000.0,-181857000.0,-192518000.0,169000.0,8816000.0,76450000.0,0.0,49580000.0,49580000.0,49580000.0,0.0,2375000.0,0.203,161632000.0,83193000.0,45255000.0,3.804,4.243,11.177,11.302,38912000.0,0.0,20.23,2.223,2.223,24120000.0,984505000.0,244825000.0,244825000.0,0.0,,,,,6563000.0,154936000.0,1.0,103918676.0,103918676.0,,2.356,362204000.0,0.0,28961000.0,99399000.0,3.485,118928000.0
35,FHI,MRQ,2012-09-30,2012-09-30,2012-09-30,2021-08-03,-3695000.0,1204986000.0,,414059000.0,790927000.0,,5.953,-2791000.0,183484000.0,183484000.0,0.0,58193000.0,2.49,0.938,329375000.0,42500000.0,286875000.0,329375000.0,0.0,4531000.0,0.0,0.046,0.24,91290000.0,95821000.0,0.402,95821000.0,91290000.0,87756000.0,0.54,0.54,0.54,619814000.0,,619814000.0,2409014835.0,8.0,7.728,153812000.0,1.477,1.0,238468000.0,1.0,725268000.0,3534000.0,459339000.0,,0.0,184293000.0,184293000.0,0.0,581507000.0,166270000.0,415237000.0,2154261835.0,98237000.0,-1200000.0,-2619000.0,-10625000.0,-24989000.0,-39914000.0,-18452000.0,-14461000.0,156603000.0,0.0,55773000.0,55773000.0,55773000.0,0.0,2420000.0,0.234,148435000.0,90033000.0,44412000.0,0.444,3.476,12.278,12.171,39077000.0,0.0,20.69,2.349,2.349,32382000.0,1125886000.0,238468000.0,238468000.0,0.0,,,,,3844000.0,140525000.0,1.0,104120920.0,104120920.0,,2.29,479718000.0,0.0,31983000.0,94685000.0,4.607,247789000.0
36,FHI,MRQ,2012-06-30,2012-06-30,2012-06-30,2021-08-03,-6216000.0,1162611000.0,,377148000.0,785463000.0,,5.619,-2028000.0,85247000.0,85247000.0,0.0,43073000.0,2.318,0.981,340000000.0,42500000.0,297500000.0,340000000.0,0.0,4333000.0,0.0,0.044,0.24,68501000.0,72834000.0,0.314,72834000.0,68501000.0,64811000.0,0.39,0.39,0.39,585426000.0,,585426000.0,2575387399.0,10.0,9.008,51006000.0,0.49,1.0,232132000.0,1.0,721310000.0,3690000.0,533352000.0,,0.0,241882000.0,241882000.0,0.0,574192000.0,162702000.0,411490000.0,2276287399.0,33722000.0,-549000.0,-1416000.0,-10625000.0,-25004000.0,-39311000.0,19999000.0,22576000.0,53034000.0,0.0,40410000.0,40410000.0,40410000.0,0.0,2663000.0,0.174,163112000.0,69020000.0,42882000.0,0.615,3.888,14.407,14.281,38140000.0,0.0,21.85,2.549,2.549,24552000.0,1095094000.0,232132000.0,232132000.0,0.0,,,,,4675000.0,157019000.0,1.0,104177913.0,104177913.0,,2.228,441301000.0,0.0,24401000.0,88697000.0,4.236,214446000.0
37,FHI,MRQ,2012-03-31,2012-03-31,2012-03-31,2021-08-03,-4180000.0,1152704000.0,,368423000.0,784281000.0,,5.477,-1656000.0,51525000.0,51525000.0,0.0,44407000.0,2.247,1.025,350625000.0,42500000.0,308125000.0,350625000.0,0.0,4392000.0,0.0,0.043,0.24,71574000.0,75966000.0,0.33,75966000.0,71574000.0,67863000.0,0.41,0.41,0.41,568268000.0,,568268000.0,2637061337.0,10.0,9.058,28600000.0,0.276,1.0,230281000.0,1.0,720255000.0,3711000.0,567602000.0,,0.0,259059000.0,259059000.0,0.0,582449000.0,163947000.0,418502000.0,2325084337.0,2252000.0,-5868000.0,-1133000.0,-10625000.0,-24900000.0,-37663000.0,9659000.0,17183000.0,30256000.0,0.0,42325000.0,42325000.0,42325000.0,0.0,2082000.0,0.184,159934000.0,70347000.0,53071000.0,0.585,4.092,14.532,14.458,38183000.0,0.0,22.41,2.623,2.623,40551000.0,1079698000.0,230281000.0,230281000.0,0.0,,,,,5053000.0,154308000.0,1.0,103752090.0,103752090.0,,2.22,432449000.0,0.0,25538000.0,86812000.0,4.168,204476000.0
38,FHI,MRQ,2011-12-31,2011-12-31,2011-12-31,2021-08-03,-8612000.0,1150856000.0,,366511000.0,784345000.0,,5.223,-1427000.0,49273000.0,49273000.0,0.0,38624000.0,2.053,1.121,361250000.0,42500000.0,318750000.0,361250000.0,0.0,4478000.0,0.0,0.063,0.24,62613000.0,67091000.0,0.31,67091000.0,62613000.0,58753000.0,0.36,0.36,0.36,541959000.0,,541959000.0,1811140566.0,7.0,6.445,-32909000.0,-0.317,1.0,216406000.0,1.0,720926000.0,3860000.0,563421000.0,,0.0,273044000.0,273044000.0,0.0,607673000.0,178486000.0,429187000.0,1572061566.0,-83523000.0,-5532000.0,-7036000.0,-10625000.0,-24899000.0,-44695000.0,-7346000.0,-387000.0,-31482000.0,0.0,36942000.0,36942000.0,36942000.0,0.0,1682000.0,0.171,154545000.0,61861000.0,41691000.0,0.667,2.901,10.417,10.448,38228000.0,0.0,15.15,1.756,1.756,21526000.0,1069913000.0,216406000.0,216406000.0,0.0,,,,,4347000.0,148216000.0,1.0,103766440.0,103766440.0,,2.086,429930000.0,0.0,21811000.0,73246000.0,4.143,188025000.0
39,FHI,MRQ,2011-09-30,2011-09-30,2011-09-30,2021-08-03,-12460000.0,1145181000.0,,363315000.0,781866000.0,,5.071,-1433000.0,132796000.0,132796000.0,0.0,38520000.0,1.951,1.162,371875000.0,42500000.0,329375000.0,371875000.0,0.0,4549000.0,0.0,0.055,0.24,65457000.0,70006000.0,0.327,70006000.0,65457000.0,61485000.0,0.37,0.37,0.37,528851000.0,,528851000.0,2056883202.0,7.0,6.678,69377000.0,0.665,1.0,214048000.0,1.0,716022000.0,3972000.0,482011000.0,,0.0,189393000.0,189393000.0,0.0,614558000.0,186227000.0,428331000.0,1828190202.0,-22452000.0,-2700000.0,-8764000.0,-10625000.0,-25019000.0,-44301000.0,-48961000.0,-44828000.0,70810000.0,0.0,38320000.0,38320000.0,38320000.0,0.0,200000.0,0.179,147037000.0,67011000.0,39882000.0,0.649,3.457,11.4,11.237,39139000.0,0.0,17.53,1.979,1.979,19115000.0,1064552000.0,214048000.0,214048000.0,0.0,,,,,4202000.0,140530000.0,1.0,104289230.0,104289230.0,,2.052,429159000.0,4329000.0,23165000.0,66910000.0,4.115,177088000.0
40,FHI,MRQ,2011-06-30,2011-06-30,2011-06-30,2021-08-03,-3865000.0,1120173000.0,,344787000.0,775386000.0,,5.051,-3530000.0,155248000.0,155248000.0,0.0,42885000.0,2.221,1.117,383941000.0,42500000.0,341441000.0,383941000.0,0.0,5366000.0,0.0,0.04,0.24,72704000.0,78070000.0,0.346,78070000.0,72704000.0,68127000.0,0.41,0.41,0.41,528379000.0,,528379000.0,2712605546.0,9.0,8.594,24132000.0,0.231,1.0,225777000.0,1.0,714347000.0,4577000.0,479314000.0,,0.0,138899000.0,138899000.0,0.0,590176000.0,155205000.0,434971000.0,2493886546.0,-21577000.0,-543000.0,-6190000.0,-8570000.0,-25092000.0,-44466000.0,-4773000.0,-700000.0,27662000.0,0.0,42413000.0,42413000.0,42413000.0,0.0,472000.0,0.188,153694000.0,72083000.0,40471000.0,0.585,4.72,15.105,14.807,39800000.0,0.0,23.84,2.619,2.619,19676000.0,1051234000.0,225777000.0,225777000.0,0.0,,,,,4188000.0,146692000.0,1.0,104609335.0,104609335.0,,2.158,405826000.0,4376000.0,25714000.0,69071000.0,3.879,189582000.0
41,FHI,MRQ,2011-03-31,2011-03-31,2011-03-31,2021-08-03,-1528000.0,1126941000.0,,353139000.0,773802000.0,,4.988,-1857000.0,176825000.0,176825000.0,0.0,35054000.0,2.122,1.162,395544000.0,42500000.0,353044000.0,395544000.0,0.0,7385000.0,0.0,0.036,0.24,53829000.0,61214000.0,0.256,61214000.0,53829000.0,53829000.0,0.32,0.32,0.32,518945000.0,,518945000.0,2992672778.0,10.0,9.262,44643000.0,0.429,1.0,238882000.0,1.0,715671000.0,0.0,463535000.0,,0.0,140630000.0,140630000.0,0.0,603136000.0,166454000.0,436682000.0,2783242778.0,-21931000.0,-44732000.0,10240000.0,-12680000.0,-24950000.0,-22057000.0,-46374000.0,215000.0,46500000.0,0.0,33231000.0,33231000.0,33231000.0,0.0,1823000.0,0.139,182382000.0,56500000.0,61076000.0,0.75,5.363,16.34,16.114,38420000.0,0.0,26.75,2.906,2.906,20140000.0,1033513000.0,238882000.0,238882000.0,0.0,,,,,4755000.0,172653000.0,1.0,104046459.0,104046459.0,,2.296,411270000.0,4657000.0,20598000.0,59751000.0,3.953,186685000.0
42,FHI,MRQ,2010-12-31,2010-12-31,2010-12-31,2021-08-03,-3695000.0,1153504000.0,,373170000.0,780334000.0,,4.778,-2744000.0,198756000.0,198756000.0,0.0,48630000.0,1.741,1.342,403750000.0,42500000.0,361250000.0,403750000.0,0.0,7924000.0,0.0,0.085,0.24,90794000.0,98718000.0,0.402,98718000.0,90794000.0,75745000.0,0.46,0.46,0.46,491799000.0,,491799000.0,2891892088.0,9.0,8.521,42212000.0,0.41,1.0,245317000.0,1.0,720825000.0,15049000.0,423321000.0,,0.0,134885000.0,134885000.0,0.0,659789000.0,214352000.0,445437000.0,2693562088.0,-23928000.0,-3434000.0,6734000.0,-3513000.0,-24700000.0,-29552000.0,-39332000.0,-33154000.0,44956000.0,0.0,46401000.0,46401000.0,46401000.0,0.0,2229000.0,0.189,166285000.0,79032000.0,86191000.0,0.522,5.477,15.038,15.127,38516000.0,0.0,26.17,2.83,2.83,21228000.0,1036571000.0,245317000.0,245317000.0,0.0,,,,,4412000.0,152796000.0,1.0,102925567.0,102925567.0,,2.383,432679000.0,0.0,29344000.0,51380000.0,4.204,158818000.0
43,FHI,MRQ,2010-09-30,2010-09-30,2010-09-30,2021-08-03,-9846000.0,1119142000.0,,357282000.0,761860000.0,,4.398,-1560000.0,222684000.0,222684000.0,0.0,48063000.0,1.839,1.425,421014000.0,42500000.0,378514000.0,421014000.0,0.0,8114000.0,0.0,0.098,0.24,69533000.0,77647000.0,0.321,77647000.0,69533000.0,69533000.0,0.42,0.42,0.42,453260000.0,,453260000.0,2573516979.0,9.0,7.723,69699000.0,0.676,1.0,242173000.0,1.0,701254000.0,0.0,421966000.0,,0.0,93226000.0,93226000.0,0.0,645779000.0,194252000.0,451527000.0,2345592979.0,16742000.0,-8195000.0,-2973000.0,-12874000.0,-24727000.0,-40959000.0,-13558000.0,-3803000.0,71259000.0,0.0,43056000.0,43056000.0,43056000.0,0.0,5007000.0,0.178,167085000.0,75088000.0,47566000.0,0.571,5.175,13.009,12.859,38315000.0,0.0,22.76,2.415,2.415,20557000.0,1025967000.0,242173000.0,242173000.0,0.0,,,,,3965000.0,156207000.0,1.0,103057688.0,103057688.0,,2.35,417888000.0,2031000.0,26477000.0,38226000.0,4.055,163030000.0
44,FHI,MRQ,2010-06-30,2010-06-30,2010-06-30,2021-08-03,-9669000.0,1066632000.0,,347592000.0,719040000.0,,4.199,-2437000.0,205942000.0,205942000.0,0.0,48275000.0,1.946,1.425,433866000.0,42500000.0,391366000.0,433866000.0,0.0,8592000.0,0.0,0.107,0.24,76943000.0,85535000.0,0.37,85535000.0,76943000.0,76943000.0,0.46,0.46,0.46,433435000.0,,433435000.0,2308322341.0,7.0,6.448,63876000.0,0.619,1.0,231484000.0,1.0,657071000.0,0.0,458855000.0,,0.0,77178000.0,77178000.0,0.0,617535000.0,178630000.0,438905000.0,2137914341.0,164369000.0,-32775000.0,-5562000.0,221675000.0,-24770000.0,186291000.0,-88235000.0,-53023000.0,66313000.0,0.0,47650000.0,47650000.0,47650000.0,0.0,625000.0,0.206,147623000.0,83861000.0,50079000.0,0.522,4.932,11.007,10.843,38811000.0,0.0,20.71,2.09,2.09,18170000.0,1007606000.0,231484000.0,231484000.0,0.0,,,,,4498000.0,129795000.0,1.0,103231016.0,103231016.0,,2.242,409561000.0,2375000.0,29293000.0,34947000.0,3.967,168962000.0
45,FHI,MRQ,2010-03-31,2010-03-31,2010-03-31,2021-08-03,-324000.0,845483000.0,,120042000.0,725441000.0,,4.069,2169000.0,41573000.0,41573000.0,0.0,44195000.0,0.483,0.976,211981000.0,102750000.0,109231000.0,211981000.0,0.0,8642000.0,0.0,0.084,1.5,68849000.0,77491000.0,0.333,77491000.0,68849000.0,68849000.0,0.38,0.38,0.38,418955000.0,,418955000.0,2765429834.0,8.0,7.513,35588000.0,0.346,1.0,232970000.0,1.0,664056000.0,0.0,103179000.0,,0.0,34183000.0,34183000.0,0.0,408947000.0,248656000.0,160291000.0,2716325834.0,-48879000.0,-5157000.0,-71000.0,72462000.0,-154454000.0,-78993000.0,-3305000.0,-317000.0,33419000.0,0.0,42007000.0,37707000.0,37707000.0,0.0,2188000.0,0.162,161160000.0,71810000.0,50454000.0,3.947,6.484,13.591,13.391,39210000.0,4300000.0,26.38,2.473,2.473,21991000.0,984839000.0,232970000.0,232970000.0,0.0,,,,,5074000.0,149604000.0,1.0,102969137.0,102969137.0,,2.263,181427000.0,10411000.0,26842000.0,38535000.0,1.762,-128614000.0
46,FHI,MRQ,2009-12-31,2009-12-31,2009-12-31,2021-08-03,1514000.0,912433000.0,,184787000.0,727646000.0,,5.156,-16246000.0,90452000.0,90452000.0,0.0,54702000.0,0.938,0.7,139556000.0,21000000.0,118556000.0,139556000.0,0.0,9330000.0,0.0,0.035,0.24,83206000.0,92536000.0,0.349,92536000.0,83206000.0,83206000.0,0.51,0.5,0.51,528207000.0,,528207000.0,2901491018.0,9.0,8.11,57611000.0,0.562,1.0,264810000.0,1.0,662996000.0,0.0,101543000.0,,0.0,31538000.0,31538000.0,0.0,369705000.0,196998000.0,172707000.0,2817189018.0,29451000.0,-253000.0,416000.0,-7959000.0,-24587000.0,-28164000.0,-16242000.0,257000.0,73857000.0,0.0,51898000.0,51898000.0,51898000.0,0.0,2804000.0,0.196,178429000.0,86381000.0,50404000.0,0.471,5.333,14.279,14.249,40027000.0,0.0,27.5,2.396,2.396,19634000.0,1105073000.0,264810000.0,264810000.0,0.0,,,,,4536000.0,165721000.0,1.0,102443237.0,102443237.0,,2.585,249437000.0,11166000.0,31308000.0,39234000.0,2.435,-12211000.0
47,FHI,MRQ,2009-09-30,2009-09-30,2009-09-30,2021-08-03,1703000.0,849241000.0,,134717000.0,714524000.0,,4.82,-2296000.0,61001000.0,61001000.0,0.0,60287000.0,0.737,0.694,145303000.0,19250000.0,126053000.0,145303000.0,0.0,10834000.0,0.0,0.036,0.24,91590000.0,102424000.0,0.349,102424000.0,91590000.0,91590000.0,0.56,0.56,0.56,495829000.0,,495829000.0,2845465951.0,9.0,7.939,85780000.0,0.834,1.0,293603000.0,1.0,656807000.0,0.0,94060000.0,,0.0,26273000.0,26273000.0,0.0,344181000.0,182676000.0,161505000.0,2712808951.0,17877000.0,-3152000.0,-12005000.0,-30240000.0,-24679000.0,-64746000.0,-5453000.0,-5000.0,88076000.0,0.0,56986000.0,56986000.0,56986000.0,0.0,3301000.0,0.194,198870000.0,94733000.0,59227000.0,0.429,5.471,13.637,13.454,27587000.0,0.0,26.37,2.237,2.237,24049000.0,1087249000.0,293603000.0,293603000.0,0.0,,,,,4073000.0,185136000.0,1.0,102874818.0,102874818.0,,2.854,192434000.0,10511000.0,34604000.0,23594000.0,1.871,-47959000.0
48,FHI,MRQ,2009-06-30,2009-06-30,2009-06-30,2021-08-03,1119000.0,835289000.0,,121837000.0,713452000.0,,4.57,-1928000.0,43124000.0,43124000.0,0.0,56083000.0,0.647,0.768,175781000.0,39524000.0,136257000.0,175781000.0,0.0,10626000.0,0.0,0.154,0.24,84986000.0,95612000.0,0.312,95612000.0,84986000.0,84986000.0,0.52,0.52,0.52,470118000.0,,470118000.0,2616727203.0,8.0,7.286,55014000.0,0.535,1.0,306894000.0,1.0,651973000.0,0.0,127745000.0,,0.0,20854000.0,20854000.0,0.0,361163000.0,188228000.0,172935000.0,2478050203.0,-8497000.0,-20165000.0,-2182000.0,-14530000.0,-24680000.0,-43340000.0,-22099000.0,-6000.0,56942000.0,0.0,53274000.0,53274000.0,53274000.0,0.0,2809000.0,0.174,218829000.0,88065000.0,60408000.0,0.462,5.271,12.506,12.482,27982000.0,0.0,24.09,2.023,2.023,31222000.0,1054793000.0,306894000.0,306894000.0,0.0,,,,,4378000.0,205433000.0,1.0,102866343.0,102866343.0,,2.983,183316000.0,9973000.0,31712000.0,25538000.0,1.782,-66391000.0
49,FHI,MRQ,2009-03-31,2009-03-31,2009-03-31,2021-08-03,552000.0,834358000.0,,125554000.0,708804000.0,,4.287,-5740000.0,51621000.0,51621000.0,0.0,37469000.0,0.59,0.895,190298000.0,44098000.0,146200000.0,190298000.0,0.0,11423000.0,0.0,0.167,0.24,55789000.0,67212000.0,0.216,67212000.0,55789000.0,55789000.0,0.34,0.34,0.34,438414000.0,,438414000.0,2438820628.0,8.0,6.586,49974000.0,0.489,1.0,310643000.0,1.0,643086000.0,0.0,117160000.0,,0.0,19604000.0,19604000.0,0.0,392346000.0,212789000.0,179557000.0,2276690628.0,6183000.0,-762000.0,78000.0,-17540000.0,-24553000.0,-41758000.0,-7773000.0,-1271000.0,55714000.0,0.0,35135000.0,34407000.0,34407000.0,0.0,2334000.0,0.111,250594000.0,60049000.0,70314000.0,0.706,5.193,11.22,11.242,27864000.0,728000.0,22.26,1.853,1.853,30682000.0,1028244000.0,310643000.0,310643000.0,0.0,,,,,4488000.0,216727000.0,1.0,102277207.0,102277207.0,,3.037,191272000.0,9546000.0,20654000.0,46746000.0,1.87,-87235000.0
50,FHI,MRQ,2008-12-31,2008-12-31,2008-12-31,2021-08-03,297000.0,846610000.0,,116832000.0,729778000.0,,4.158,989000.0,45438000.0,45438000.0,0.0,55517000.0,0.536,0.997,207568000.0,51071000.0,156497000.0,207568000.0,0.0,11846000.0,0.0,0.218,0.24,81304000.0,93150000.0,0.309,93150000.0,81304000.0,81304000.0,0.54,0.53,0.54,423374000.0,,423374000.0,1878822195.0,5.0,4.601,97246000.0,0.955,1.0,301768000.0,1.0,657321000.0,0.0,133581000.0,,0.0,13209000.0,13209000.0,0.0,422040000.0,217838000.0,204202000.0,1726727195.0,557000.0,-80676000.0,-212000.0,8728000.0,-24434000.0,-16009000.0,-79691000.0,-4000.0,96257000.0,0.0,54262000.0,54262000.0,54262000.0,0.0,1255000.0,0.18,216011000.0,85757000.0,65880000.0,0.444,4.078,7.698,7.709,29389000.0,0.0,16.96,1.411,1.411,33211000.0,1028928000.0,301768000.0,301768000.0,0.0,,,,,3334000.0,200884000.0,1.0,101811745.0,101811745.0,,2.964,189289000.0,9600000.0,27042000.0,31648000.0,1.859,-101006000.0
51,FHI,MRQ,2008-09-30,2008-09-30,2008-09-30,2021-08-03,574000.0,775315000.0,,122651000.0,652664000.0,,3.859,-2162000.0,44881000.0,44881000.0,0.0,58666000.0,0.698,0.985,196976000.0,30594000.0,166382000.0,196976000.0,0.0,13715000.0,0.0,0.127,3.0,89464000.0,103179000.0,0.337,103179000.0,89464000.0,89464000.0,0.53,0.52,0.53,389794000.0,,389794000.0,2817817755.0,8.0,6.765,76758000.0,0.76,1.0,305913000.0,1.0,576978000.0,0.0,174625000.0,,0.0,15114000.0,15114000.0,0.0,384015000.0,175807000.0,208208000.0,2914028755.0,-96146000.0,-36521000.0,15550000.0,151268000.0,-305396000.0,-136379000.0,-38687000.0,-4000.0,78920000.0,0.0,56211000.0,56211000.0,56211000.0,0.0,2455000.0,0.184,212653000.0,93260000.0,63268000.0,5.66,7.476,13.082,13.481,28920000.0,0.0,28.85,2.384,2.384,32108000.0,1007026000.0,305913000.0,305913000.0,0.0,,,,,6261000.0,196113000.0,1.0,101006196.0,101006196.0,,3.029,198337000.0,0.0,33253000.0,34271000.0,1.964,-53156000.0
52,FHI,MRQ,2008-06-30,2008-06-30,2008-06-30,2021-08-03,884000.0,877309000.0,,223020000.0,654289000.0,,6.01,-2104000.0,141027000.0,141027000.0,0.0,60045000.0,1.259,0.43,44816000.0,0.0,44816000.0,44816000.0,0.0,14863000.0,0.0,0.025,0.24,91898000.0,106761000.0,0.344,106761000.0,91898000.0,91898000.0,0.57,0.57,0.57,612680000.0,,612680000.0,3391939472.0,9.0,8.013,58063000.0,0.57,1.0,310306000.0,1.0,570352000.0,0.0,33570000.0,,0.0,13994000.0,13994000.0,0.0,263276000.0,177176000.0,86100000.0,3508973472.0,-29426000.0,-16666000.0,-36189000.0,-9527000.0,-24450000.0,-70821000.0,-18772000.0,-2000.0,60167000.0,0.0,58025000.0,58025000.0,58025000.0,-2808000.0,2020000.0,0.187,219093000.0,91213000.0,72990000.0,0.421,5.727,15.646,15.789,29014000.0,0.0,34.42,2.918,2.918,37847000.0,1255178000.0,310306000.0,310306000.0,0.0,,,,,3616000.0,201331000.0,1.0,101945772.0,101945772.0,,3.044,306957000.0,0.0,33873000.0,34320000.0,3.011,45844000.0
53,FHI,MRQ,2008-03-31,2008-03-31,2008-03-31,2021-08-03,935000.0,867046000.0,,235573000.0,631473000.0,,6.008,-2230000.0,170453000.0,170453000.0,0.0,57205000.0,1.445,0.416,53419000.0,0.0,53419000.0,53419000.0,0.0,15461000.0,0.0,0.021,0.21,89819000.0,105280000.0,0.344,105280000.0,89819000.0,89819000.0,0.55,0.54,0.55,611271000.0,,611271000.0,3926666051.0,11.0,9.306,73381000.0,0.721,1.0,305693000.0,1.0,539245000.0,0.0,47694000.0,,0.0,12782000.0,12782000.0,0.0,254360000.0,163073000.0,91287000.0,3984315051.0,50103000.0,0.0,-1703000.0,-10658000.0,-21371000.0,-34308000.0,8800000.0,11030000.0,75611000.0,0.0,55819000.0,55819000.0,55819000.0,0.0,1386000.0,0.183,214749000.0,90944000.0,73585000.0,0.382,6.518,17.986,18.13,28119000.0,0.0,39.16,3.409,3.409,35269000.0,1221480000.0,305693000.0,305693000.0,0.0,,,,,3693000.0,196332000.0,1.0,101744511.0,101744511.0,,3.005,327801000.0,0.0,34000000.0,52452000.0,3.222,72500000.0
54,FHI,MRQ,2007-12-31,2007-12-31,2007-12-31,2021-08-03,879000.0,840971000.0,,206291000.0,634680000.0,,5.643,-4166000.0,120350000.0,120350000.0,0.0,58468000.0,1.254,0.459,62861000.0,89000.0,62772000.0,62861000.0,0.0,17187000.0,0.0,0.02,0.21,84129000.0,101316000.0,0.337,101316000.0,84129000.0,84129000.0,0.49,0.5,0.49,574015000.0,,574015000.0,4206256346.0,12.0,10.048,94708000.0,0.931,1.0,300292000.0,1.0,534603000.0,0.0,84308000.0,,0.0,25921000.0,25921000.0,0.0,263384000.0,164571000.0,98813000.0,4187223346.0,63287000.0,-410000.0,-1129000.0,-11859000.0,-21374000.0,-31009000.0,-4578000.0,-2000.0,98874000.0,0.0,52703000.0,52703000.0,52703000.0,0.0,5765000.0,0.176,213994000.0,86298000.0,58983000.0,0.429,7.295,19.254,19.415,25873000.0,0.0,41.16,3.713,3.713,37269000.0,1189516000.0,300292000.0,300292000.0,0.0,,,,,3318000.0,195124000.0,1.0,101730402.0,101730402.0,,2.952,306368000.0,6443000.0,31426000.0,27097000.0,3.012,41720000.0
55,FHI,MRQ,2007-09-30,2007-09-30,2007-09-30,2021-08-03,717000.0,788250000.0,,142463000.0,645787000.0,,5.237,-1357000.0,57063000.0,57063000.0,0.0,57727000.0,1.05,0.457,76096000.0,0.0,76096000.0,76096000.0,0.0,17899000.0,0.0,0.02,0.21,92042000.0,109941000.0,0.384,109941000.0,92042000.0,92042000.0,0.57,0.57,0.57,539449000.0,,539449000.0,4072776046.0,12.0,9.698,91705000.0,0.89,1.0,286408000.0,1.0,534816000.0,0.0,136815000.0,,0.0,30079000.0,30079000.0,0.0,246318000.0,135652000.0,110666000.0,4089512046.0,-48404000.0,-49633000.0,-56968000.0,-13310000.0,-21481000.0,-90372000.0,-51094000.0,-104000.0,93062000.0,0.0,57727000.0,57727000.0,57727000.0,0.0,0.0,0.202,188179000.0,98229000.0,64263000.0,0.368,7.581,18.755,18.465,23457000.0,0.0,39.7,3.762,3.762,36191000.0,1158133000.0,286408000.0,286408000.0,0.0,,,,,2963000.0,168046000.0,1.0,103010379.0,103010379.0,,2.78,253434000.0,5602000.0,34315000.0,29684000.0,2.46,6811000.0
56,FHI,MRQ,2007-06-30,2007-06-30,2007-06-30,2021-08-03,511000.0,839023000.0,,184716000.0,654307000.0,,5.391,-816000.0,105467000.0,105467000.0,0.0,55277000.0,1.174,0.509,88731000.0,0.0,88731000.0,88731000.0,0.0,17696000.0,0.0,0.02,0.21,87698000.0,105394000.0,0.381,105394000.0,87698000.0,87698000.0,0.55,0.54,0.55,555220000.0,,555220000.0,3938493528.0,12.0,9.785,62391000.0,0.606,1.0,276530000.0,1.0,529881000.0,0.0,135088000.0,,0.0,23802000.0,23802000.0,0.0,282354000.0,157318000.0,125036000.0,3947701528.0,-5924000.0,-23021000.0,-9497000.0,-13452000.0,-21610000.0,-44290000.0,-24841000.0,-1004000.0,63207000.0,0.0,55277000.0,55277000.0,55277000.0,0.0,0.0,0.2,187648000.0,88882000.0,59947000.0,0.382,7.11,19.17,18.975,23343000.0,0.0,38.33,3.779,3.779,34021000.0,1127357000.0,276530000.0,276530000.0,0.0,,,,,3587000.0,167273000.0,1.0,102992474.0,102992474.0,,2.685,309142000.0,6053000.0,32421000.0,30586000.0,3.002,27398000.0
57,FHI,MRQ,2007-03-31,2007-03-31,2007-03-31,2021-08-03,499000.0,798868000.0,,182827000.0,616041000.0,,5.067,-1350000.0,111391000.0,111391000.0,0.0,51763000.0,1.381,0.517,102183000.0,0.0,102183000.0,102183000.0,0.0,19165000.0,0.0,0.02,0.18,82808000.0,101973000.0,0.386,101973000.0,82808000.0,82808000.0,0.51,0.5,0.51,524752000.0,,524752000.0,3796993836.0,12.0,9.638,70506000.0,0.681,1.0,264414000.0,1.0,487413000.0,0.0,169884000.0,,0.0,22712000.0,22712000.0,0.0,271463000.0,132363000.0,139100000.0,3802756836.0,-7330000.0,-8383000.0,-42249000.0,-10804000.0,-18675000.0,-69475000.0,-9711000.0,22000.0,71856000.0,0.0,51763000.0,51763000.0,51763000.0,0.0,0.0,0.196,180630000.0,83784000.0,58682000.0,0.353,7.247,18.96,18.831,23684000.0,0.0,36.72,3.786,3.786,33817000.0,1094525000.0,264414000.0,264414000.0,0.0,,,,,3673000.0,159036000.0,1.0,103560916.0,103560916.0,,2.553,311455000.0,5167000.0,31045000.0,52923000.0,3.007,50464000.0
58,FHI,MRQ,2006-12-31,2006-12-31,2006-12-31,2021-08-03,451000.0,810294000.0,,182051000.0,628243000.0,,5.04,-7479000.0,118721000.0,118721000.0,0.0,53278000.0,1.38,0.529,112987000.0,0.0,112987000.0,112987000.0,0.0,19186000.0,0.0,0.02,0.18,83464000.0,102650000.0,0.395,102650000.0,83464000.0,83464000.0,0.52,0.51,0.52,529375000.0,,529375000.0,3598868481.0,12.0,9.29,112728000.0,1.073,1.0,259735000.0,1.0,488650000.0,0.0,184003000.0,,0.0,16193000.0,16193000.0,0.0,280037000.0,131907000.0,148130000.0,3548030481.0,43027000.0,6233000.0,-44908000.0,-11392000.0,-18889000.0,-74787000.0,-2393000.0,-1147000.0,120207000.0,0.0,53278000.0,53278000.0,53278000.0,-136000.0,0.0,0.205,174956000.0,84779000.0,53223000.0,0.346,6.702,17.944,17.779,24168000.0,0.0,33.78,3.625,3.625,32639000.0,1065505000.0,259735000.0,259735000.0,0.0,,,,,3178000.0,151629000.0,1.0,105033466.0,105033466.0,,2.473,321644000.0,4222000.0,30186000.0,28319000.0,3.062,50144000.0
59,FHI,MRQ,2006-09-30,2006-09-30,2006-09-30,2021-08-03,351000.0,816003000.0,,176697000.0,639306000.0,,5.074,5757000.0,76076000.0,76076000.0,0.0,45609000.0,1.479,0.525,126914000.0,2620000.0,124294000.0,126914000.0,0.0,19478000.0,0.0,0.02,0.18,72992000.0,92470000.0,0.379,92470000.0,72992000.0,72992000.0,0.44,0.43,0.44,534498000.0,,534498000.0,3547910253.0,11.0,9.232,80322000.0,0.763,1.0,243935000.0,1.0,489709000.0,0.0,257640000.0,,0.0,37444000.0,37444000.0,0.0,280755000.0,119492000.0,161263000.0,3561478253.0,-73286000.0,-108544000.0,-28334000.0,-11005000.0,-18938000.0,-50602000.0,-97249000.0,5538000.0,74565000.0,0.0,45609000.0,45609000.0,45609000.0,-445000.0,0.0,0.187,169984000.0,73951000.0,54095000.0,0.409,6.663,18.145,18.08,24790000.0,0.0,33.81,3.719,3.719,36227000.0,1032463000.0,243935000.0,243935000.0,0.0,,,,,3133000.0,148535000.0,1.0,105338014.0,105338014.0,,2.316,326294000.0,2777000.0,27383000.0,30296000.0,3.098,57205000.0
60,FHI,MRQ,2006-06-30,2006-06-30,2006-06-30,2021-08-03,303000.0,776355000.0,,242362000.0,533993000.0,,4.819,-2636000.0,149188000.0,149188000.0,0.0,49921000.0,2.494,0.507,135620000.0,321000.0,135299000.0,135620000.0,0.0,18375000.0,0.0,0.02,0.18,78491000.0,96866000.0,0.41,96866000.0,78491000.0,78491000.0,0.48,0.47,0.48,514884000.0,,514884000.0,3258792407.0,10.0,7.917,25276000.0,0.237,1.0,236406000.0,1.0,376449000.0,0.0,289163000.0,,0.0,42199000.0,42199000.0,0.0,261272000.0,97175000.0,164097000.0,3365692407.0,-108683000.0,-38395000.0,-65585000.0,-10175000.0,-19220000.0,-96117000.0,-40478000.0,553000.0,27912000.0,0.0,49921000.0,49921000.0,49921000.0,-3265000.0,0.0,0.211,160836000.0,75570000.0,50704000.0,0.375,6.537,15.703,15.517,22294000.0,0.0,31.5,3.536,3.536,35257000.0,1013448000.0,236406000.0,236406000.0,0.0,,,,,2275000.0,140700000.0,1.0,106847378.0,106847378.0,,2.213,399906000.0,2060000.0,28570000.0,23198000.0,3.743,145187000.0
61,FHI,MRQ,2006-03-31,2006-03-31,2006-03-31,2021-08-03,315000.0,909777000.0,,362568000.0,547209000.0,,5.225,-382000.0,258016000.0,258016000.0,0.0,48921000.0,2.049,0.632,151116000.0,3442000.0,147674000.0,151116000.0,0.0,18892000.0,0.0,0.015,0.15,76501000.0,95393000.0,0.399,95393000.0,76501000.0,76501000.0,0.46,0.45,0.46,557157000.0,,557157000.0,4079437347.0,12.0,10.172,70652000.0,0.663,1.0,238781000.0,1.0,377452000.0,0.0,248468000.0,,0.0,37963000.0,37963000.0,0.0,352026000.0,176957000.0,175069000.0,4163794347.0,11817000.0,-8779000.0,-21080000.0,-12110000.0,-15999000.0,-50187000.0,-9030000.0,131000.0,71034000.0,0.0,48921000.0,48921000.0,48921000.0,-2836000.0,0.0,0.205,164610000.0,74171000.0,78465000.0,0.326,7.473,20.595,20.445,23001000.0,0.0,39.05,4.462,4.462,54096000.0,986636000.0,238781000.0,238781000.0,0.0,,,,,2992000.0,144026000.0,1.0,106627256.0,106627256.0,,2.239,532325000.0,3189000.0,27580000.0,45880000.0,4.992,185611000.0
62,FHI,MRQ,2005-12-31,2005-12-31,2005-12-31,2021-08-03,326000.0,896621000.0,,346423000.0,550198000.0,,5.041,-2195000.0,246433000.0,246433000.0,0.0,51827000.0,2.083,0.657,159784000.0,0.0,159784000.0,159784000.0,0.0,17502000.0,0.0,0.016,0.15,82071000.0,99573000.0,0.417,99573000.0,82071000.0,82071000.0,0.49,0.48,0.49,540329000.0,,540329000.0,3931821962.0,14.0,11.342,-24898000.0,-0.232,1.0,238592000.0,1.0,370026000.0,0.0,273646000.0,,0.0,38372000.0,38372000.0,0.0,355039000.0,166300000.0,188739000.0,3970211962.0,-49161000.0,2084000.0,-4010000.0,-10472000.0,-16069000.0,-32595000.0,6137000.0,6248000.0,-22703000.0,0.0,51827000.0,51827000.0,51827000.0,-477000.0,0.0,0.217,153176000.0,85416000.0,72145000.0,0.306,7.348,24.77,24.53,22006000.0,0.0,37.04,4.43,4.43,52509000.0,954710000.0,238592000.0,238592000.0,0.0,,,,,1484000.0,133472000.0,1.0,107187148.0,107187148.0,,2.226,526595000.0,2433000.0,30244000.0,22531000.0,4.913,180123000.0
63,FHI,MRQ,2005-09-30,2005-09-30,2005-09-30,2021-08-03,307000.0,991355000.0,,371967000.0,619388000.0,,4.744,217000.0,296846000.0,296846000.0,0.0,63667000.0,1.929,0.948,258456000.0,2974000.0,255482000.0,258456000.0,0.0,18289000.0,0.0,0.017,0.15,101500000.0,119789000.0,0.503,119789000.0,101500000.0,101500000.0,0.6,0.59,0.6,508659000.0,,508659000.0,3594617990.0,14.0,11.242,92987000.0,0.867,1.0,237969000.0,1.0,337168000.0,0.0,422981000.0,,0.0,6626000.0,6626000.0,0.0,482232000.0,192816000.0,289416000.0,3563223990.0,56426000.0,-2034000.0,1877000.0,-10933000.0,-16068000.0,-27685000.0,-8659000.0,-6842000.0,92770000.0,0.0,63667000.0,63667000.0,63667000.0,1166000.0,0.0,0.268,130882000.0,107087000.0,145180000.0,0.25,7.005,25.415,25.174,22757000.0,0.0,33.23,4.183,4.183,50162000.0,918951000.0,237969000.0,237969000.0,0.0,,,,,2905000.0,110354000.0,1.0,107229130.0,107229130.0,,2.219,654187000.0,2354000.0,37833000.0,27712000.0,6.101,179151000.0
64,FHI,MRQ,2005-06-30,2005-06-30,2005-06-30,2021-08-03,344000.0,951496000.0,,318751000.0,632745000.0,,4.281,482000.0,238581000.0,238581000.0,0.0,37761000.0,1.637,1.084,269975000.0,3559000.0,266416000.0,269975000.0,0.0,18014000.0,0.0,0.017,0.15,68277000.0,86291000.0,0.396,86291000.0,68277000.0,68277000.0,0.36,0.35,0.36,456315000.0,,456315000.0,3205588303.0,14.0,10.955,53926000.0,0.506,1.0,217732000.0,1.0,337225000.0,0.0,450970000.0,,0.0,1653000.0,1653000.0,0.0,494843000.0,194695000.0,300148000.0,3198594303.0,-35131000.0,-57830000.0,-2572000.0,-9568000.0,-15979000.0,-31224000.0,-57351000.0,-3000.0,53444000.0,0.0,37761000.0,37761000.0,37761000.0,239000.0,0.0,0.173,144006000.0,73726000.0,140516000.0,0.417,7.01,25.882,25.871,24880000.0,0.0,30.01,3.909,3.909,48530000.0,877198000.0,217732000.0,217732000.0,0.0,,,,,1808000.0,119818000.0,1.0,106584282.0,106584282.0,,2.043,614271000.0,8851000.0,30516000.0,26722000.0,5.763,124056000.0
65,FHI,MRQ,2005-03-31,2005-03-31,2005-03-31,2021-08-03,437000.0,960578000.0,,331856000.0,628722000.0,,4.047,-845000.0,273712000.0,273712000.0,0.0,7028000.0,1.578,1.219,280706000.0,4737000.0,275969000.0,280706000.0,0.0,17681000.0,0.0,0.016,0.125,23330000.0,41011000.0,0.203,41011000.0,23330000.0,23330000.0,0.07,0.06,0.07,432590000.0,,432590000.0,3062400818.0,13.0,10.102,61650000.0,0.577,1.0,201945000.0,1.0,320882000.0,0.0,436370000.0,,0.0,1613000.0,1613000.0,0.0,527282000.0,210320000.0,316962000.0,3026330818.0,17499000.0,-1126000.0,-18377000.0,-9153000.0,-13349000.0,-43515000.0,-1481000.0,490000.0,62495000.0,0.0,7028000.0,7028000.0,7028000.0,-236000.0,0.0,0.035,173281000.0,28664000.0,112629000.0,1.786,6.996,22.175,22.291,26278000.0,0.0,28.31,3.719,3.719,40480000.0,856242000.0,201945000.0,201945000.0,0.0,,,,,592000.0,103560000.0,1.0,106899711.0,106899711.0,,1.889,639696000.0,9571000.0,16302000.0,32280000.0,5.984,121536000.0
66,FHI,MRQ,2004-12-31,2004-12-31,2004-12-31,2021-08-03,529000.0,954688000.0,,322500000.0,632188000.0,,4.26,-668000.0,256213000.0,256213000.0,0.0,31746000.0,1.839,1.084,291742000.0,6827000.0,284915000.0,291742000.0,0.0,17132000.0,0.0,0.014,0.125,55532000.0,72664000.0,0.374,72664000.0,55532000.0,55532000.0,0.29,0.29,0.29,457753000.0,,457753000.0,3363196605.0,12.0,9.28,94748000.0,0.882,1.0,194210000.0,1.0,311974000.0,0.0,502876000.0,,0.0,2058000.0,2058000.0,0.0,496349000.0,175367000.0,320982000.0,3266631605.0,48927000.0,-351000.0,-20937000.0,-7763000.0,-13400000.0,-45509000.0,-980000.0,39000.0,95416000.0,0.0,31746000.0,31746000.0,31746000.0,-2658000.0,0.0,0.163,135220000.0,58990000.0,72759000.0,0.431,7.136,18.03,18.095,27166000.0,0.0,30.4,3.934,3.934,41051000.0,865348000.0,194210000.0,194210000.0,0.0,,,,,3928000.0,97245000.0,1.0,107454987.0,107454987.0,,1.807,642714000.0,8916000.0,23786000.0,25650000.0,5.981,147133000.0
67,FHI,MRQ,2004-09-30,2004-09-30,2004-09-30,2021-08-03,347000.0,901147000.0,,284011000.0,617136000.0,,4.193,-1616000.0,207286000.0,207286000.0,0.0,47051000.0,2.325,0.982,303851000.0,10726000.0,293125000.0,303851000.0,0.0,18161000.0,0.0,0.013,0.102,74483000.0,92644000.0,0.453,92644000.0,74483000.0,74483000.0,0.44,0.43,0.44,454501000.0,,454501000.0,3209732243.0,11.0,8.752,82756000.0,0.763,1.0,204414000.0,1.0,285040000.0,0.0,590508000.0,,0.0,1776000.0,1776000.0,0.0,446184000.0,122164000.0,324020000.0,3083041243.0,17534000.0,503000.0,-42933000.0,-9309000.0,-11054000.0,-65722000.0,-1116000.0,-3000.0,84372000.0,0.0,47051000.0,47051000.0,47051000.0,453000.0,0.0,0.23,122575000.0,81839000.0,27661000.0,0.232,6.783,16.04,15.888,28468000.0,0.0,28.44,3.652,3.652,38897000.0,849654000.0,204414000.0,204414000.0,0.0,,,,,15905000.0,102117000.0,1.0,108405107.0,108405107.0,,1.886,616107000.0,1669000.0,27432000.0,23527000.0,5.683,161847000.0
68,FHI,MRQ,2004-06-30,2004-06-30,2004-06-30,2021-08-03,313000.0,896417000.0,,265689000.0,630728000.0,,4.145,-1855000.0,189752000.0,189752000.0,0.0,50649000.0,2.285,1.0,316443000.0,14757000.0,301686000.0,316443000.0,0.0,18881000.0,0.0,0.012,0.102,77955000.0,96836000.0,0.454,96836000.0,77955000.0,77955000.0,0.47,0.46,0.47,448054000.0,,448054000.0,3333912409.0,11.0,9.187,48843000.0,0.452,1.0,213084000.0,1.0,286569000.0,0.0,620268000.0,,0.0,1776000.0,1776000.0,0.0,448022000.0,116271000.0,331751000.0,3279816409.0,-79513000.0,-66442000.0,-39711000.0,-8267000.0,-11017000.0,-61912000.0,-68299000.0,-2000.0,50698000.0,0.0,50649000.0,50649000.0,50649000.0,-2000000.0,0.0,0.238,129914000.0,83170000.0,36160000.0,0.217,7.32,16.726,16.579,28870000.0,0.0,30.34,3.891,3.891,46054000.0,831543000.0,213084000.0,213084000.0,0.0,,,,,70000.0,110484000.0,1.0,108102057.0,108102057.0,,1.971,609848000.0,1071000.0,27306000.0,22435000.0,5.641,149418000.0
69,FHI,MRQ,2004-03-31,2004-03-31,2004-03-31,2021-08-03,343000.0,972829000.0,,326732000.0,646097000.0,,4.134,-1388000.0,269265000.0,269265000.0,0.0,51733000.0,1.879,1.164,323361000.0,3739000.0,319622000.0,323361000.0,0.0,18840000.0,0.0,0.01,0.085,81366000.0,100206000.0,0.454,100206000.0,81366000.0,81366000.0,0.48,0.46,0.48,449208000.0,,449208000.0,3515031449.0,12.0,10.031,65171000.0,0.6,1.0,220680000.0,1.0,289903000.0,0.0,563156000.0,,0.0,1545000.0,1545000.0,0.0,522910000.0,173866000.0,349044000.0,3415182449.0,36801000.0,-28000.0,-10431000.0,-6247000.0,-9232000.0,-28340000.0,-1418000.0,-2000.0,66559000.0,0.0,51733000.0,51733000.0,51733000.0,-546000.0,0.0,0.234,132415000.0,88265000.0,37541000.0,0.177,7.603,17.558,17.269,29865000.0,0.0,31.43,4.136,4.136,45501000.0,791911000.0,220680000.0,220680000.0,0.0,,,,,21212000.0,113033000.0,1.0,108659957.0,108659957.0,,2.031,682926000.0,4531000.0,29633000.0,25155000.0,6.285,152866000.0
70,FHI,MRQ,2003-12-31,2003-12-31,2003-12-31,2021-08-03,372000.0,879228000.0,,291332000.0,587896000.0,,3.643,-1142000.0,232464000.0,232464000.0,0.0,42774000.0,2.234,1.22,333356000.0,5672000.0,327684000.0,333356000.0,0.0,9508000.0,0.0,0.01,0.085,67532000.0,77040000.0,0.374,77040000.0,67532000.0,67532000.0,0.4,0.39,0.4,395853000.0,,395853000.0,3080938295.0,10.0,9.235,72181000.0,0.664,1.0,206135000.0,1.0,226268000.0,0.0,623451000.0,,0.0,1526000.0,1526000.0,0.0,482815000.0,130401000.0,352414000.0,3190397295.0,60089000.0,-6000.0,0.0,341000.0,-9236000.0,-12452000.0,-782000.0,366000.0,73323000.0,0.0,42774000.0,42774000.0,42774000.0,11000.0,0.0,0.208,135602000.0,70533000.0,69708000.0,0.212,8.06,16.661,16.494,30892000.0,0.0,29.36,4.027,4.027,45260000.0,749410000.0,206135000.0,206135000.0,0.0,,,,,0.0,118590000.0,1.0,108664758.0,108664758.0,,1.897,652960000.0,3545000.0,24758000.0,21433000.0,6.009,160931000.0
71,FHI,MRQ,2003-09-30,2003-09-30,2003-09-30,2021-08-03,215000.0,544933000.0,,220613000.0,324320000.0,,3.33,-3561000.0,172375000.0,172375000.0,0.0,50940000.0,2.245,0.505,62916000.0,2488000.0,60428000.0,62916000.0,0.0,9467000.0,0.0,0.01,0.085,79352000.0,88819000.0,0.437,88819000.0,79352000.0,79352000.0,0.48,0.46,0.48,361688000.0,,361688000.0,2956831957.0,10.0,8.757,79279000.0,0.73,1.0,203074000.0,1.0,228705000.0,0.0,108501000.0,,0.0,1840000.0,1840000.0,0.0,182758000.0,98268000.0,84490000.0,3008650957.0,54781000.0,-1216000.0,-10438000.0,-279000.0,-9238000.0,-22487000.0,-5572000.0,-795000.0,82840000.0,0.0,50940000.0,50940000.0,50940000.0,-1035000.0,0.0,0.251,121453000.0,81621000.0,29650000.0,0.177,8.318,15.225,15.22,32240000.0,0.0,27.7,3.605,3.605,35600000.0,715873000.0,203074000.0,203074000.0,0.0,,,,,3102000.0,112603000.0,1.0,108615558.0,108615558.0,,1.87,316228000.0,2451000.0,28412000.0,19947000.0,2.911,122345000.0
72,FHI,MRQ,2003-06-30,2003-06-30,2003-06-30,2021-08-03,178000.0,490704000.0,,165632000.0,325072000.0,,2.934,-746000.0,117594000.0,117594000.0,0.0,49060000.0,1.924,0.533,65775000.0,5058000.0,60717000.0,65775000.0,0.0,8242000.0,0.0,0.009,0.07,76108000.0,84350000.0,0.431,84350000.0,76108000.0,76108000.0,0.46,0.44,0.46,319922000.0,,319922000.0,2936306566.0,10.0,8.773,37338000.0,0.342,1.0,195735000.0,1.0,230034000.0,0.0,122783000.0,,0.0,1029000.0,1029000.0,0.0,170369000.0,86068000.0,84301000.0,2989726566.0,-440000.0,-12000.0,-28384000.0,691000.0,-7636000.0,-37764000.0,-760000.0,-2000.0,38084000.0,0.0,49060000.0,49060000.0,49060000.0,-850000.0,0.0,0.251,116990000.0,78745000.0,26889000.0,0.152,9.345,15.207,15.318,30878000.0,0.0,27.42,3.715,3.715,35378000.0,674170000.0,195735000.0,195735000.0,0.0,,,,,163000.0,107927000.0,1.0,109034521.0,109034521.0,,1.795,260670000.0,1418000.0,27048000.0,18499000.0,2.391,79564000.0
73,FHI,MRQ,2003-03-31,2003-03-31,2003-03-31,2021-08-03,95000.0,489502000.0,,162354000.0,327148000.0,,2.818,-839000.0,118034000.0,118034000.0,0.0,48711000.0,1.68,0.576,64614000.0,4579000.0,60035000.0,64614000.0,0.0,8200000.0,0.0,0.009,0.057,75599000.0,83799000.0,0.432,83799000.0,75599000.0,75599000.0,0.44,0.43,0.44,310441000.0,,310441000.0,2718497799.0,9.0,8.004,53731000.0,0.488,1.0,194054000.0,1.0,232516000.0,0.0,106938000.0,,0.0,1010000.0,1010000.0,0.0,178842000.0,96628000.0,82214000.0,2803615799.0,-31875000.0,-11000.0,-76929000.0,610000.0,-6383000.0,-85643000.0,-802000.0,48000.0,54570000.0,0.0,48711000.0,48711000.0,48711000.0,0.0,0.0,0.251,115249000.0,78805000.0,27679000.0,0.13,9.031,14.008,14.139,32389000.0,0.0,25.45,3.543,3.543,35531000.0,632746000.0,194054000.0,194054000.0,0.0,,,,,204000.0,107251000.0,1.0,110161721.0,110161721.0,,1.762,256986000.0,290000.0,26888000.0,37468000.0,2.333,65726000.0
74,FHI,MRQ,2002-12-31,2002-12-31,2002-12-31,2021-08-03,21000.0,795451000.0,,203662000.0,591789000.0,,2.998,-2212000.0,149909000.0,149909000.0,0.0,48899000.0,1.82,1.333,326261000.0,5548000.0,320713000.0,326261000.0,0.0,8318000.0,0.0,0.009,0.057,72384000.0,80702000.0,0.334,80702000.0,72384000.0,72384000.0,0.44,0.42,0.44,340717000.0,,340717000.0,2822799206.0,9.0,8.14,61568000.0,0.542,1.0,241735000.0,1.0,235166000.0,0.0,624743000.0,,0.0,1023000.0,1023000.0,0.0,454154000.0,111894000.0,342260000.0,2883467206.0,27171000.0,-45000.0,-25675000.0,493000.0,-6481000.0,-34177000.0,-2432000.0,-175000.0,63780000.0,0.0,48899000.0,48899000.0,48899000.0,-4991000.0,0.0,0.202,170912000.0,70823000.0,31410000.0,0.13,8.463,14.151,14.017,33722000.0,0.0,25.37,3.702,3.702,41192000.0,590418000.0,241735000.0,241735000.0,0.0,,,,,0.0,160219000.0,1.0,113656571.0,113656571.0,,2.127,560285000.0,1166000.0,23485000.0,15773000.0,4.93,91768000.0
75,FHI,MRQ,2002-09-30,2002-09-30,2002-09-30,2021-08-03,-61000.0,502233000.0,,165993000.0,336240000.0,,2.879,-3117000.0,122738000.0,122738000.0,0.0,49927000.0,1.737,0.526,62070000.0,3580000.0,58490000.0,62070000.0,0.0,8212000.0,0.0,0.008,0.057,77647000.0,85859000.0,0.496,85859000.0,77647000.0,77647000.0,0.45,0.43,0.45,328789000.0,,328789000.0,3067684187.0,10.0,8.855,64813000.0,0.568,1.0,173235000.0,1.0,238325000.0,0.0,107678000.0,,0.0,1472000.0,1472000.0,0.0,172989000.0,95562000.0,77427000.0,3082338187.0,46464000.0,-90000.0,-9332000.0,482000.0,-6510000.0,-18258000.0,-3208000.0,-1000.0,67930000.0,0.0,49927000.0,49927000.0,49927000.0,0.0,0.0,0.288,89517000.0,83718000.0,26305000.0,0.127,9.375,15.758,15.601,35680000.0,0.0,26.99,3.766,3.766,35315000.0,548000000.0,173235000.0,173235000.0,0.0,,,,,2000.0,81182000.0,1.0,114202971.0,114202971.0,,1.517,263908000.0,390000.0,27720000.0,12841000.0,2.311,70431000.0
76,FHI,MRQ,2002-06-30,2002-06-30,2002-06-30,2021-08-03,-45000.0,457901000.0,,119864000.0,338037000.0,,2.59,-1184000.0,76274000.0,76274000.0,0.0,52611000.0,1.387,0.545,61620000.0,4672000.0,56948000.0,61620000.0,0.0,8605000.0,0.0,0.006,0.057,80685000.0,89290000.0,0.49,89290000.0,80685000.0,80685000.0,0.47,0.45,0.47,296242000.0,,296242000.0,3925143455.0,13.0,11.33,44866000.0,0.392,1.0,182381000.0,1.0,240463000.0,0.0,116357000.0,,0.0,205000.0,205000.0,0.0,161352000.0,86427000.0,74925000.0,3953403455.0,-8350000.0,-33037000.0,-13219000.0,1062000.0,-6519000.0,-21011000.0,-33389000.0,832000.0,46050000.0,0.0,52611000.0,52611000.0,52611000.0,0.0,0.0,0.288,98293000.0,84088000.0,26451000.0,0.121,13.345,20.933,20.952,33397000.0,0.0,34.57,4.784,4.784,35661000.0,504583000.0,182381000.0,182381000.0,0.0,,,,,0.0,89204000.0,1.0,114359371.0,114359371.0,,1.595,217438000.0,370000.0,28074000.0,11522000.0,1.901,33437000.0
77,FHI,MRQ,2002-03-31,2002-03-31,2002-03-31,2021-08-03,-212000.0,472072000.0,,131284000.0,340788000.0,,2.294,-694000.0,84624000.0,84624000.0,0.0,52323000.0,0.967,0.795,56364000.0,478000.0,55886000.0,56364000.0,0.0,8607000.0,0.0,0.006,0.046,82311000.0,90918000.0,0.501,90918000.0,82311000.0,82311000.0,0.46,0.44,0.46,263108000.0,,263108000.0,3697101177.0,13.0,10.818,37343000.0,0.326,1.0,181620000.0,1.0,243255000.0,0.0,64745000.0,,0.0,1036000.0,1036000.0,0.0,209052000.0,135812000.0,73240000.0,3710573177.0,11113000.0,-315000.0,-21270000.0,213000.0,-5279000.0,-29501000.0,2577000.0,3586000.0,38037000.0,0.0,52323000.0,52323000.0,52323000.0,0.0,0.0,0.288,95949000.0,85671000.0,28285000.0,0.1,14.103,20.715,20.871,34162000.0,0.0,32.35,4.51,4.51,39661000.0,458491000.0,181620000.0,181620000.0,0.0,,,,,80000.0,87140000.0,1.0,114700871.0,114700871.0,,1.583,228817000.0,1496000.0,29988000.0,37601000.0,1.995,-4528000.0
78,FHI,MRQ,2001-12-31,2001-12-31,2001-12-31,2021-08-03,-286000.0,431553000.0,,122309000.0,309244000.0,,2.04,-1869000.0,73511000.0,73511000.0,0.0,40738000.0,0.978,0.819,60039000.0,5085000.0,54954000.0,60039000.0,0.0,16491000.0,0.0,0.005,0.046,63867000.0,80358000.0,0.286,80358000.0,63867000.0,63867000.0,0.35,0.34,0.35,237097000.0,,237097000.0,3966240495.0,15.0,11.915,57132000.0,0.492,1.0,281252000.0,1.0,211893000.0,0.0,81080000.0,,0.0,4602000.0,4602000.0,0.0,194093000.0,125108000.0,68985000.0,3704460495.0,-15480000.0,-769000.0,-29979000.0,-82914000.0,-5348000.0,-120866000.0,46385000.0,49023000.0,59001000.0,0.0,40738000.0,40738000.0,40738000.0,0.0,0.0,0.145,197135000.0,84117000.0,29102000.0,0.131,15.624,21.992,21.836,34521000.0,0.0,31.88,4.547,4.547,39177000.0,411447000.0,281252000.0,281252000.0,0.0,,,,,0.0,179862000.0,1.0,116200141.0,116200141.0,,2.42,219660000.0,2025000.0,23129000.0,33579000.0,1.89,-2799000.0
79,FHI,MRQ,2001-09-30,2001-09-30,2001-09-30,2021-08-03,-4527000.0,729547000.0,,193734000.0,535813000.0,,1.937,-1906000.0,88991000.0,88991000.0,0.0,43191000.0,1.511,2.208,350771000.0,18333000.0,332438000.0,350771000.0,0.0,18625000.0,0.0,0.006,0.046,67247000.0,85872000.0,0.474,85872000.0,67247000.0,67247000.0,0.37,0.36,0.37,227332000.0,,227332000.0,3779035094.0,14.0,11.294,104145000.0,0.888,1.0,181167000.0,1.0,216088000.0,0.0,647033000.0,,0.0,53620000.0,53620000.0,0.0,501975000.0,128206000.0,373769000.0,3473052094.0,29608000.0,-792000.0,-26758000.0,-14393000.0,-5397000.0,-49196000.0,-27247000.0,-24549000.0,106051000.0,0.0,43191000.0,43191000.0,43191000.0,0.0,0.0,0.238,104007000.0,77160000.0,30048000.0,0.124,15.277,20.578,20.414,35392000.0,0.0,29.6,5.092,5.092,44374000.0,376057000.0,181167000.0,181167000.0,0.0,,,,,0.0,85624000.0,1.0,117332841.0,117332841.0,,1.544,513459000.0,2718000.0,24056000.0,58850000.0,4.376,65528000.0
80,FHI,MRQ,2001-06-30,2001-06-30,2001-06-30,2021-08-03,-4126000.0,706779000.0,,147598000.0,559181000.0,,1.851,-1512000.0,59383000.0,59383000.0,0.0,42874000.0,1.496,2.263,365366000.0,18598000.0,346768000.0,365366000.0,0.0,17802000.0,0.0,0.005,0.046,66813000.0,84615000.0,0.473,84615000.0,66813000.0,66813000.0,0.37,0.36,0.37,216586000.0,,216586000.0,3939626640.0,15.0,11.898,45849000.0,0.392,1.0,178731000.0,1.0,221375000.0,0.0,692738000.0,,0.0,31317000.0,31317000.0,0.0,490079000.0,98649000.0,391430000.0,3768708640.0,-163649000.0,-171776000.0,-21051000.0,-28285000.0,-5383000.0,861786000.0,-172796000.0,492000.0,47361000.0,0.0,42874000.0,42874000.0,42874000.0,0.0,0.0,0.24,103651000.0,75080000.0,31563000.0,0.124,17.401,22.758,22.676,35640000.0,0.0,32.2,5.592,5.592,45843000.0,338263000.0,178731000.0,178731000.0,0.0,,,,,4163000.0,86326000.0,1.0,117040641.0,117040641.0,,1.527,485404000.0,2569000.0,23939000.0,38822000.0,4.147,48949000.0
81,FHI,MRQ,2001-03-31,2001-03-31,2001-03-31,2021-08-03,-3971000.0,703551000.0,,303792000.0,399759000.0,,1.442,-1759000.0,223032000.0,223032000.0,0.0,41644000.0,2.638,3.189,393950000.0,18891000.0,375059000.0,393950000.0,0.0,16922000.0,0.0,0.005,0.037,65109000.0,82031000.0,0.49,82031000.0,65109000.0,65109000.0,0.36,0.35,0.36,167914000.0,,167914000.0,3561270422.0,14.0,11.065,66474000.0,0.571,1.0,167430000.0,1.0,45003000.0,0.0,714286000.0,,0.0,31832000.0,31832000.0,0.0,535546000.0,115180000.0,420366000.0,3301828422.0,73112000.0,-38000.0,367000.0,-18926000.0,-4328000.0,-945174000.0,50053000.0,51850000.0,68233000.0,0.0,41644000.0,41644000.0,41644000.0,0.0,0.0,0.249,69552000.0,97878000.0,30438000.0,0.103,19.664,20.72,20.846,36098000.0,0.0,28.35,4.976,4.976,42098000.0,300772000.0,167430000.0,167430000.0,0.0,,,,,2540000.0,55807000.0,1.0,116466611.0,116466611.0,,1.438,658548000.0,2814000.0,23465000.0,60047000.0,5.654,188612000.0
82,FHI,MRQ,2000-12-31,2000-12-31,2000-12-31,2021-08-03,-2746000.0,704750000.0,,284547000.0,420203000.0,,1.27,-4077000.0,149920000.0,149920000.0,0.0,41070000.0,2.463,3.762,395082000.0,1090000.0,393992000.0,395082000.0,0.0,18175000.0,0.0,0.005,0.037,63927000.0,82102000.0,0.531,82102000.0,63927000.0,63927000.0,0.35,0.34,0.35,147868000.0,,147868000.0,,,,62571000.0,0.537,1.0,154681000.0,1.0,46977000.0,0.0,787413000.0,,0.0,85305000.0,85305000.0,0.0,556344000.0,115522000.0,440822000.0,3392672378.0,12671000.0,-560000.0,-21530000.0,-15139000.0,-4343000.0,-43594000.0,-10383000.0,-5746000.0,66648000.0,0.0,41070000.0,41070000.0,41070000.0,0.0,0.0,0.266,95360000.0,59321000.0,30161000.0,0.106,22.944,21.837,22.068,36406000.0,0.0,29.13,5.102,5.102,43537000.0,263456000.0,154681000.0,154681000.0,0.0,,,,,0.0,79675000.0,1.0,116466611.0,116466611.0,,1.328,657773000.0,2349000.0,22857000.0,48727000.0,5.648,169025000.0
83,FHI,MRQ,2000-09-30,2000-09-30,2000-09-30,2021-08-03,,,,,,,,-4129000.0,,,0.0,40012000.0,,,,,,,,19647000.0,,0.005,0.037,62729000.0,82376000.0,0.476,82376000.0,62729000.0,62729000.0,0.34,0.33,0.34,,,,,,,45144000.0,,1.0,173100000.0,1.0,,0.0,,,,,,,,,,,15246000.0,-9017000.0,-14018000.0,2311000.0,-4385000.0,-18581000.0,-15446000.0,-2300000.0,49273000.0,0.0,40012000.0,40012000.0,40012000.0,0.0,0.0,0.231,99144000.0,73956000.0,,0.109,,,,,0.0,24.75,,,,,173100000.0,173100000.0,0.0,,,,,0.0,79840000.0,1.0,,,,,,,22717000.0,,,
84,FHI,MRQ,2000-06-30,2000-06-30,2000-06-30,2021-08-03,,,,,,,,-2432000.0,,,0.0,36630000.0,,,,,,,,18477000.0,,0.005,0.037,56867000.0,75344000.0,0.448,75344000.0,56867000.0,56867000.0,0.31,0.3,0.31,,,,,,,14914000.0,,1.0,168287000.0,1.0,,0.0,,,,,,,,,,,-65057000.0,-92000.0,-45145000.0,-3045000.0,-4407000.0,-55090000.0,-27313000.0,-24789000.0,17346000.0,0.0,36630000.0,36630000.0,36630000.0,0.0,0.0,0.218,100403000.0,67884000.0,,0.119,,,,,0.0,23.373,,,,,168287000.0,168287000.0,0.0,,,,,0.0,81296000.0,1.0,,,,,,,20237000.0,,,
85,FHI,MRQ,2000-03-31,2000-03-31,2000-03-31,2021-08-03,,,,,,,,-1519000.0,,,0.0,37648000.0,,,,,,,,18545000.0,,0.006,0.028,58999000.0,77544000.0,0.459,77544000.0,58999000.0,58999000.0,0.31,0.3,0.31,,,,,,,35055000.0,,1.0,168873000.0,1.0,,0.0,,,,,,,,,,,15570000.0,-2527000.0,-26913000.0,15699000.0,-3422000.0,-17338000.0,-3666000.0,380000.0,36574000.0,0.0,37648000.0,37648000.0,37648000.0,0.0,0.0,0.223,98951000.0,69922000.0,,0.09,,,,,0.0,18.207,,,,,168873000.0,168873000.0,0.0,,,,,0.0,80477000.0,1.0,,,,,,,21351000.0,,,
86,FHI,MRQ,1999-12-31,1999-12-31,1999-12-31,2021-08-03,-95000.0,673193000.0,,284147000.0,389046000.0,,,,171490000.0,171490000.0,,,2.461,4.661,417557000.0,23370000.0,394187000.0,417557000.0,0.0,,0.0,0.008,0.028,,,,,,,,,,118812000.0,,118812000.0,,,,,,1.0,,,42547000.0,,761241000.0,,0.0,66438000.0,66438000.0,0.0,553785000.0,115472000.0,438313000.0,,,,,,,,,,,,,,,,,,,,29321000.0,,,,13.508,31305000.0,,13.373,,,41213000.0,124653000.0,,,,,,,,,,1.0,,,,,630646000.0,1382000.0,,40042000.0,,168675000.0
0,FHI,MRT,2021-06-30,2021-06-30,2021-06-30,2021-08-03,20224000.0,2044948000.0,2029866500.0,564199000.0,1480749000.0,0.68,11.798,-11776000.0,253732000.0,253732000.0,0.0,315781000.0,2.647,0.544,196589000.0,17099000.0,179490000.0,196589000.0,0.0,30073000.0,0.0,0.061,2.08,434457000.0,464530000.0,0.336,464530000.0,434457000.0,432659000.0,3.13,3.1,3.13,1161930000.0,1151406250.0,1161930000.0,3321492746.0,8.0,7.15,263019000.0,2.671,1.0,1380586000.0,1.0,1281456000.0,1798000.0,493176000.0,456865250.0,0.0,170469000.0,170469000.0,0.0,631549000.0,213173000.0,418376000.0,3339694746.0,-25380000.0,5855000.0,-110366000.0,-25000000.0,-206545000.0,-309498000.0,-5921000.0,0.0,274795000.0,15244000.0,311358000.0,311358000.0,311358000.0,0.0,4423000.0,0.226,973143000.0,407443000.0,65460000.0,0.665,2.874,10.726,10.834,164783000.0,0.0,33.91,2.419,2.419,97485000.0,1091976000.0,1380586000.0,1380586000.0,0.0,0.153,0.27,0.951,0.315,39255000.0,943337000.0,1.0,98487017.0,98487017.0,,14.018,763492000.0,0.0,121301000.0,205985000.0,7.752,351026000.0
1,FHI,MRT,2021-03-31,2021-03-31,2021-03-31,2021-08-03,18729000.0,2009953000.0,2002103250.0,520312000.0,1489641000.0,0.714,11.661,-14102000.0,222605000.0,222605000.0,0.0,347103000.0,2.611,0.527,204403000.0,16540000.0,187863000.0,204403000.0,0.0,30090000.0,0.0,0.066,2.08,451497000.0,481587000.0,0.337,481587000.0,451497000.0,449260000.0,3.37,3.34,3.37,1155122000.0,1132590500.0,1155122000.0,3011539866.0,7.0,6.253,299875000.0,3.027,1.0,1430258000.0,1.0,1283036000.0,2237000.0,509415000.0,426798000.0,0.0,160090000.0,160090000.0,0.0,609114000.0,199300000.0,409814000.0,3100591866.0,-85121000.0,-4068000.0,-89362000.0,-125000000.0,-207249000.0,-394526000.0,-18170000.0,0.0,313977000.0,13598000.0,336670000.0,336670000.0,336670000.0,0.0,10433000.0,0.235,1007373000.0,422885000.0,57679000.0,0.617,2.684,9.21,9.288,169938000.0,0.0,31.3,2.168,2.168,99888000.0,1062831000.0,1430258000.0,1430258000.0,0.0,0.168,0.297,1.058,0.316,37533000.0,976954000.0,1.0,99060443.0,99060443.0,,14.438,726917000.0,0.0,112590000.0,211355000.0,7.338,321012000.0
2,FHI,MRT,2020-12-31,2020-12-31,2020-12-31,2021-08-03,15171000.0,2060839000.0,1981092250.0,575343000.0,1485496000.0,0.731,11.442,-13500000.0,301819000.0,301819000.0,0.0,336022000.0,2.167,0.604,212767000.0,15845000.0,196922000.0,212767000.0,0.0,29932000.0,0.0,0.072,2.08,439077000.0,469009000.0,0.324,469009000.0,439077000.0,436399000.0,3.25,3.23,3.25,1136997000.0,1104543250.0,1136997000.0,2759494873.0,6.0,5.884,359741000.0,3.62,1.0,1448268000.0,1.0,1282020000.0,2678000.0,424321000.0,424152750.0,0.0,136952000.0,136952000.0,0.0,686855000.0,265446000.0,421409000.0,2870739873.0,59124000.0,-11323000.0,-65304000.0,-25000000.0,-207765000.0,-295136000.0,-24823000.0,0.0,373241000.0,5842000.0,326364000.0,326364000.0,326364000.0,0.0,9658000.0,0.225,1030117000.0,418151000.0,61736000.0,0.64,2.525,8.796,8.889,174688000.0,0.0,28.89,1.982,1.982,105964000.0,1027699000.0,1448268000.0,1448268000.0,0.0,0.165,0.295,1.035,0.303,35455000.0,1000939000.0,1.0,99367943.0,99367943.0,,14.575,778819000.0,0.0,110035000.0,187937000.0,7.838,309897000.0
3,FHI,MRT,2020-09-30,2020-09-30,2020-09-30,2021-08-03,-9582000.0,2003726000.0,1935915250.0,569414000.0,1434312000.0,0.745,11.493,-12283000.0,322847000.0,322847000.0,0.0,319839000.0,2.429,0.554,211602000.0,14913000.0,196689000.0,211602000.0,0.0,29640000.0,0.0,0.05,1.08,425013000.0,454653000.0,0.315,454653000.0,425013000.0,421737000.0,3.11,3.09,3.11,1151576000.0,1080614000.0,1151576000.0,2085035036.0,5.0,4.586,353774000.0,3.531,1.0,1442375000.0,1.0,1257553000.0,3276000.0,400549000.0,418222500.0,0.0,114312000.0,114312000.0,0.0,637849000.0,234379000.0,403470000.0,2155219036.0,130738000.0,-34578000.0,-63400000.0,-30000000.0,-108890000.0,-193127000.0,-46861000.0,0.0,366057000.0,4669000.0,313303000.0,313303000.0,313303000.0,0.0,6536000.0,0.217,1036208000.0,406167000.0,79530000.0,0.347,1.872,6.879,6.916,152771000.0,0.0,21.51,1.494,1.494,106695000.0,1066842000.0,1442375000.0,1442375000.0,0.0,0.162,0.29,1.016,0.295,34401000.0,1010908000.0,1.0,100196143.0,100196143.0,,14.396,746173000.0,0.0,108434000.0,179689000.0,7.447,335035000.0
4,FHI,MRT,2020-06-30,2020-06-30,2020-06-30,2021-08-03,-25821000.0,1933895000.0,1873476500.0,521400000.0,1412495000.0,0.757,10.765,-11160000.0,277840000.0,277840000.0,0.0,306740000.0,2.094,0.591,207656000.0,13800000.0,193856000.0,207656000.0,0.0,29276000.0,0.0,0.034,0.81,403161000.0,432437000.0,0.305,432437000.0,403161000.0,399140000.0,2.97,2.96,2.97,1086667000.0,1030344250.0,1086667000.0,2401137069.0,6.0,5.553,364754000.0,3.613,1.0,1418260000.0,1.0,1241808000.0,4021000.0,372907000.0,436151500.0,0.0,94763000.0,94763000.0,0.0,642556000.0,248996000.0,393560000.0,2392433069.0,103435000.0,-75878000.0,-45026000.0,-35000000.0,-109157000.0,-182619000.0,-87038000.0,0.0,375914000.0,-2822000.0,300443000.0,300443000.0,300443000.0,0.0,6297000.0,0.212,1036167000.0,382093000.0,89136000.0,0.273,2.202,7.963,7.98,148968000.0,0.0,23.7,1.687,1.687,120521000.0,1004497000.0,1418260000.0,1418260000.0,0.0,0.16,0.292,0.924,0.284,34033000.0,1010231000.0,1.0,100946543.0,100946543.0,,14.05,692087000.0,0.0,98697000.0,214930000.0,6.856,272404000.0
5,FHI,MRT,2020-03-31,2020-03-31,2020-03-31,2021-08-03,-25108000.0,1925909000.0,1812015250.0,504113000.0,1421796000.0,0.761,10.313,-11542000.0,308349000.0,308349000.0,0.0,285779000.0,2.693,0.656,317053000.0,14785000.0,302268000.0,317053000.0,0.0,27501000.0,0.0,0.043,0.81,379216000.0,406717000.0,0.295,406717000.0,379216000.0,374648000.0,2.78,2.78,2.78,1042933000.0,986809500.0,1042933000.0,1898411978.0,5.0,4.668,335890000.0,3.321,1.0,1379027000.0,1.0,1248553000.0,4568000.0,498834000.0,457846750.0,0.0,72661000.0,72661000.0,0.0,683715000.0,187226000.0,496489000.0,1926467978.0,179431000.0,-85857000.0,-27824000.0,65000000.0,-109234000.0,-66360000.0,-97399000.0,0.0,347432000.0,-4242000.0,281971000.0,281971000.0,281971000.0,0.0,3808000.0,0.204,1009245000.0,369782000.0,80625000.0,0.291,1.847,6.832,6.853,152762000.0,0.0,19.05,1.397,1.397,96313000.0,949209000.0,1379027000.0,1379027000.0,0.0,0.156,0.286,0.828,0.275,33329000.0,986913000.0,1.0,101126928.0,101126928.0,,13.637,677356000.0,0.0,92677000.0,169397000.0,6.698,316887000.0
6,FHI,MRT,2019-12-31,2019-12-31,2019-12-31,2021-08-03,-249000.0,1880131000.0,1739332000.0,461284000.0,1418847000.0,0.763,10.296,-15045000.0,249174000.0,249174000.0,0.0,277125000.0,1.999,0.602,221118000.0,13575000.0,207543000.0,221118000.0,0.0,27999000.0,0.0,0.025,0.81,365522000.0,393521000.0,0.297,393521000.0,365522000.0,360485000.0,2.69,2.69,2.69,1041280000.0,950511000.0,1041280000.0,3342168168.0,9.0,8.493,319895000.0,3.163,1.0,1326894000.0,1.0,1220762000.0,5037000.0,400600000.0,451264500.0,0.0,91461000.0,91461000.0,0.0,626765000.0,230713000.0,396052000.0,3296129168.0,92085000.0,-79638000.0,-14309000.0,-35000000.0,-109147000.0,-152680000.0,-94683000.0,0.0,334940000.0,4508000.0,272339000.0,272339000.0,272339000.0,0.0,4786000.0,0.205,978967000.0,347927000.0,69014000.0,0.301,3.165,12.103,12.115,152239000.0,0.0,32.59,2.484,2.484,102081000.0,930351000.0,1326894000.0,1326894000.0,0.0,0.157,0.287,0.81,0.275,32945000.0,958857000.0,1.0,101139281.0,101139281.0,,13.119,659369000.0,0.0,88146000.0,165382000.0,6.519,230571000.0
7,FHI,MRT,2019-09-30,2019-09-30,2019-09-30,2021-08-03,-28287000.0,1753971000.0,1655220000.0,420872000.0,1333099000.0,0.771,9.393,-16695000.0,196513000.0,196513000.0,0.0,253668000.0,2.165,0.635,242552000.0,13352000.0,229200000.0,242552000.0,0.0,27758000.0,0.0,0.025,0.81,338987000.0,366745000.0,0.287,366745000.0,338987000.0,333494000.0,2.49,2.49,2.49,950497000.0,904471250.0,950497000.0,3351305775.0,10.0,9.138,313215000.0,3.095,1.0,1276085000.0,1.0,1133370000.0,5493000.0,472265000.0,398970500.0,0.0,112492000.0,112492000.0,0.0,603982000.0,194375000.0,409607000.0,3279795775.0,80989000.0,-60849000.0,-5015000.0,-40000000.0,-109004000.0,-165251000.0,-77333000.0,0.0,329910000.0,-6337000.0,251768000.0,251768000.0,251768000.0,0.0,1900000.0,0.197,942995000.0,333090000.0,66843000.0,0.325,3.451,13.027,13.016,154071000.0,0.0,32.41,2.57,2.57,92837000.0,871774000.0,1276085000.0,1276085000.0,0.0,0.152,0.278,0.85,0.266,35060000.0,921672000.0,1.0,101197031.0,101197031.0,,12.61,620601000.0,0.0,81726000.0,161778000.0,6.133,226497000.0
8,FHI,MRT,2019-06-30,2019-06-30,2019-06-30,2021-08-03,-16492000.0,1688050000.0,1597641500.0,338372000.0,1349678000.0,0.779,9.015,-20741000.0,179961000.0,179961000.0,0.0,242077000.0,2.229,0.629,251471000.0,13386000.0,238085000.0,251471000.0,0.0,26678000.0,0.0,0.033,1.08,324546000.0,351224000.0,0.282,351224000.0,324546000.0,318690000.0,2.36,2.36,2.36,912528000.0,873688000.0,912528000.0,3415678998.0,11.0,9.725,161578000.0,1.596,1.0,1244361000.0,1.0,1148063000.0,5856000.0,459688000.0,341301500.0,0.0,47049000.0,47049000.0,0.0,573534000.0,151809000.0,421725000.0,3289848998.0,-195191000.0,-169946000.0,-9623000.0,-53000000.0,-108888000.0,-181677000.0,-190476000.0,0.0,182319000.0,-5357000.0,238414000.0,238414000.0,238414000.0,0.0,3663000.0,0.192,918680000.0,325681000.0,65493000.0,0.458,3.605,13.799,13.771,159987000.0,0.0,32.5,2.644,2.644,89099000.0,826119000.0,1244361000.0,1244361000.0,0.0,0.149,0.273,0.951,0.261,32451000.0,897646000.0,1.0,101226123.0,101226123.0,,12.293,539987000.0,0.0,80276000.0,162204000.0,5.334,186563000.0
9,FHI,MRT,2019-03-31,2019-03-31,2019-03-31,2021-08-03,-6953000.0,1635176000.0,1494707750.0,278351000.0,1356825000.0,0.789,8.906,-19228000.0,134485000.0,134485000.0,0.0,216904000.0,2.114,0.614,260315000.0,13502000.0,246813000.0,260315000.0,0.0,24390000.0,0.0,0.037,1.08,293343000.0,317733000.0,0.27,317733000.0,293343000.0,287388000.0,2.12,2.12,2.12,897739000.0,845337250.0,897739000.0,2932661401.0,10.0,9.23,155717000.0,1.545,1.0,1178875000.0,1.0,1156809000.0,5955000.0,472505000.0,278243000.0,0.0,27626000.0,27626000.0,0.0,551237000.0,131692000.0,419545000.0,2954493401.0,-191128000.0,-157774000.0,-25365000.0,-35000000.0,-108895000.0,-186435000.0,-176791000.0,0.0,174945000.0,-2847000.0,214512000.0,214512000.0,214512000.0,0.0,2392000.0,0.182,857377000.0,321498000.0,61381000.0,0.509,3.291,13.773,13.825,163147000.0,0.0,29.31,2.506,2.506,96800000.0,807322000.0,1178875000.0,1178875000.0,0.0,0.144,0.254,1.054,0.249,30401000.0,840531000.0,1.0,100801549.0,100801549.0,,11.695,478367000.0,0.0,72876000.0,153603000.0,4.746,146659000.0
10,FHI,MRT,2018-12-31,2018-12-31,2018-12-31,2021-08-03,-14617000.0,1543683000.0,1394745500.0,304101000.0,1239582000.0,0.814,8.529,-17274000.0,156832000.0,156832000.0,0.0,222299000.0,1.678,0.588,135000000.0,0.0,135000000.0,135000000.0,0.0,20054000.0,0.0,0.04,1.06,300057000.0,320111000.0,0.282,320111000.0,300057000.0,294172000.0,2.18,2.18,2.18,857121000.0,820807500.0,857121000.0,2711336779.0,9.0,8.47,189008000.0,1.881,1.0,1135677000.0,1.0,1149247000.0,5885000.0,191424000.0,219694500.0,0.0,33658000.0,33658000.0,0.0,504049000.0,181180000.0,322869000.0,2668279779.0,-159383000.0,-157376000.0,-27803000.0,-35000000.0,-106943000.0,-186115000.0,-174439000.0,0.0,206282000.0,-5111000.0,220297000.0,220297000.0,220297000.0,0.0,2002000.0,0.194,805397000.0,330280000.0,56110000.0,0.486,3.113,12.112,12.179,53229000.0,0.0,26.55,2.35,2.35,95079000.0,791823000.0,1135677000.0,1135677000.0,0.0,0.158,0.268,1.366,0.264,28132000.0,791530000.0,1.0,100500180.0,100500180.0,,11.3,394436000.0,0.0,73875000.0,148164000.0,3.925,122921000.0
11,FHI,MRT,2018-09-30,2018-09-30,2018-09-30,2021-08-03,-5267000.0,1523657000.0,1316677250.0,271622000.0,1252035000.0,0.841,8.21,-14908000.0,116943000.0,116943000.0,0.0,292641000.0,1.653,0.609,160000000.0,0.0,160000000.0,160000000.0,0.0,17380000.0,0.0,0.043,1.04,311098000.0,328478000.0,0.297,328478000.0,311098000.0,305497000.0,2.87,2.87,2.87,827364000.0,796831000.0,827364000.0,2233452547.0,7.0,6.799,263817000.0,2.618,1.0,1106773000.0,1.0,1160824000.0,5601000.0,241589000.0,226684000.0,0.0,40116000.0,40116000.0,0.0,503549000.0,164301000.0,339248000.0,2430624547.0,-44432000.0,-148879000.0,-30123000.0,-14517000.0,-105033000.0,-157027000.0,-163787000.0,0.0,278725000.0,-2343000.0,290571000.0,290571000.0,290571000.0,0.0,2070000.0,0.263,773613000.0,333160000.0,57160000.0,0.362,2.938,8.365,8.404,52644000.0,0.0,24.12,2.196,2.196,94852000.0,765176000.0,1106773000.0,1106773000.0,0.0,0.221,0.365,1.372,0.281,23462000.0,759474000.0,1.0,100772162.0,100772162.0,,10.983,362833000.0,0.0,14926000.0,143651000.0,3.601,107321000.0
12,FHI,MRT,2018-06-30,2018-06-30,2018-06-30,2021-08-03,-1489000.0,1276315000.0,1231140000.0,484180000.0,792135000.0,0.874,7.877,-11735000.0,375172000.0,375172000.0,0.0,287888000.0,3.585,0.571,178000000.0,0.0,178000000.0,178000000.0,0.0,15561000.0,0.0,0.044,1.02,319592000.0,335153000.0,0.311,335153000.0,319592000.0,314343000.0,2.84,2.84,2.84,799125000.0,753439250.0,799125000.0,2205101856.0,7.0,6.579,415655000.0,4.097,1.0,1076472000.0,1.0,736629000.0,5249000.0,207454000.0,251843000.0,0.0,42389000.0,42389000.0,0.0,456206000.0,135060000.0,321146000.0,2365710856.0,260057000.0,-3464000.0,-37724000.0,-17000.0,-103178000.0,-152134000.0,-15199000.0,0.0,427390000.0,0.0,287402000.0,287402000.0,287402000.0,0.0,486000.0,0.267,736520000.0,339952000.0,51358000.0,0.359,2.96,8.231,8.211,39338000.0,0.0,23.32,2.198,2.198,44706000.0,732753000.0,1076472000.0,1076472000.0,0.0,0.233,0.381,1.269,0.297,23042000.0,725153000.0,1.0,101445577.0,101445577.0,,10.611,539686000.0,0.0,26941000.0,122806000.0,5.32,349120000.0
13,FHI,MRT,2018-03-31,2018-03-31,2018-03-31,2021-08-03,-767000.0,1235327000.0,1197259000.0,441013000.0,794314000.0,0.913,7.918,-10772000.0,325609000.0,325609000.0,0.0,303880000.0,4.426,0.509,165000000.0,0.0,165000000.0,165000000.0,0.0,16947000.0,0.0,0.03,1.0,353184000.0,370131000.0,0.339,370131000.0,353184000.0,348184000.0,2.99,2.99,2.99,799620000.0,711565250.0,799620000.0,3226929187.0,9.0,8.718,391480000.0,3.876,1.0,1093275000.0,1.0,736772000.0,5000000.0,238311000.0,293040000.0,0.0,51947000.0,51947000.0,0.0,407053000.0,99635000.0,307418000.0,3373193187.0,231068000.0,3561000.0,-36395000.0,-19875000.0,-101309000.0,-163973000.0,-7211000.0,0.0,402252000.0,0.0,302031000.0,302031000.0,302031000.0,0.0,1849000.0,0.276,749869000.0,343406000.0,54150000.0,0.334,4.218,11.168,11.171,38698000.0,0.0,33.4,3.085,3.085,50057000.0,721829000.0,1093275000.0,1093275000.0,0.0,0.252,0.424,1.205,0.323,22803000.0,736321000.0,1.0,100993808.0,100993808.0,,10.825,498555000.0,0.0,46153000.0,121842000.0,4.936,341378000.0
14,FHI,MRT,2017-12-31,2017-12-31,2017-12-31,2021-08-03,-790000.0,1231410000.0,1171731250.0,437274000.0,794136000.0,0.941,7.544,-9799000.0,316264000.0,316264000.0,0.0,294901000.0,3.394,0.578,170000000.0,0.0,170000000.0,170000000.0,0.0,18662000.0,0.0,0.028,1.0,353214000.0,371876000.0,0.337,371876000.0,353214000.0,348442000.0,2.87,2.87,2.87,761215000.0,664832750.0,761215000.0,3654159055.0,10.0,9.826,377576000.0,3.742,1.0,1102924000.0,1.0,736915000.0,4772000.0,219382000.0,323098250.0,0.0,53274000.0,53274000.0,0.0,440032000.0,128849000.0,311183000.0,3640569055.0,211454000.0,10799000.0,-47343000.0,-21250000.0,-101511000.0,-176921000.0,1000000.0,0.0,387375000.0,0.0,291341000.0,291341000.0,291341000.0,0.0,3560000.0,0.264,761416000.0,341508000.0,47595000.0,0.348,4.783,12.496,12.571,37670000.0,0.0,36.08,3.301,3.301,53482000.0,697359000.0,1102924000.0,1102924000.0,0.0,0.249,0.438,1.093,0.32,22508000.0,746099000.0,1.0,100902690.0,100902690.0,,10.931,494495000.0,0.0,57101000.0,117620000.0,4.901,308425000.0
15,FHI,MRT,2017-09-30,2017-09-30,2017-09-30,2021-08-03,166000.0,1181508000.0,1152655500.0,385689000.0,795819000.0,0.967,6.444,-9239000.0,161410000.0,161410000.0,0.0,220156000.0,3.33,0.763,175000000.0,0.0,175000000.0,175000000.0,0.0,19849000.0,0.0,0.067,2.0,344142000.0,363991000.0,0.327,363991000.0,344142000.0,339553000.0,2.13,2.13,2.13,653797000.0,623235500.0,653797000.0,3076542946.0,9.0,8.452,278277000.0,2.743,1.0,1114516000.0,1.0,737059000.0,4589000.0,342225000.0,354713500.0,0.0,166861000.0,166861000.0,0.0,498720000.0,115814000.0,382906000.0,3013210946.0,-23610000.0,-47000.0,-63179000.0,-23108000.0,-203987000.0,-296133000.0,-14993000.0,-5707000.0,287516000.0,0.0,215373000.0,215373000.0,215373000.0,0.0,4783000.0,0.193,779020000.0,335496000.0,51029000.0,0.939,4.609,13.991,13.944,38654000.0,0.0,29.7,2.704,2.704,45530000.0,598901000.0,1114516000.0,1114516000.0,0.0,0.187,0.346,0.97,0.309,22523000.0,765735000.0,1.0,101454914.0,101454914.0,,10.985,444449000.0,0.0,124180000.0,185370000.0,4.381,269875000.0
16,FHI,MRT,2017-06-30,2017-06-30,2017-06-30,2021-08-03,76000.0,1140791000.0,1164907750.0,344383000.0,796408000.0,0.971,6.195,-9223000.0,115168000.0,115168000.0,0.0,221823000.0,3.637,0.758,178500000.0,0.0,178500000.0,178500000.0,0.0,20901000.0,0.0,0.071,2.0,341258000.0,362159000.0,0.32,362159000.0,341258000.0,336880000.0,2.11,2.11,2.11,631629000.0,629701250.0,631629000.0,2970593061.0,9.0,8.202,263667000.0,2.586,1.0,1130821000.0,1.0,737202000.0,4378000.0,372242000.0,358501750.0,0.0,167607000.0,167607000.0,0.0,478500000.0,94679000.0,383821000.0,2880347061.0,-38623000.0,5967000.0,-75280000.0,-25983000.0,-204419000.0,-309643000.0,-1870000.0,1386000.0,272890000.0,0.0,213859000.0,213859000.0,213859000.0,0.0,7964000.0,0.189,795379000.0,335442000.0,48567000.0,0.948,4.56,13.468,13.389,37843000.0,0.0,28.25,2.547,2.547,45097000.0,567780000.0,1130821000.0,1130821000.0,0.0,0.184,0.34,0.952,0.302,21752000.0,783397000.0,1.0,101959188.0,101959188.0,,11.091,403589000.0,0.0,123021000.0,184190000.0,3.958,249704000.0
17,FHI,MRT,2017-03-31,2017-03-31,2017-03-31,2021-08-03,87000.0,1133216000.0,1179669250.0,335474000.0,797742000.0,0.97,6.024,-11715000.0,94629000.0,94629000.0,0.0,223582000.0,2.63,0.8,184875000.0,25500000.0,159375000.0,184875000.0,0.0,21495000.0,0.0,0.076,2.0,339415000.0,360910000.0,0.315,360910000.0,339415000.0,335199000.0,2.09,2.09,2.09,612690000.0,638740000.0,612690000.0,2765351860.0,8.0,7.662,260934000.0,2.566,1.0,1144763000.0,1.0,737345000.0,4216000.0,358544000.0,360778000.0,0.0,183025000.0,183025000.0,0.0,490336000.0,127573000.0,362763000.0,2678940860.0,-53075000.0,-945000.0,-81478000.0,-25500000.0,-204945000.0,-313837000.0,-11887000.0,773000.0,272649000.0,0.0,213117000.0,213117000.0,213117000.0,0.0,10465000.0,0.186,805862000.0,338901000.0,48763000.0,0.957,4.372,12.57,12.603,38737000.0,0.0,26.34,2.34,2.34,44725000.0,540222000.0,1144763000.0,1144763000.0,0.0,0.181,0.334,0.941,0.296,21880000.0,793129000.0,1.0,101706183.0,101706183.0,,11.256,395871000.0,0.0,122082000.0,182987000.0,3.892,207901000.0
18,FHI,MRT,2016-12-31,2016-12-31,2016-12-31,2021-08-03,-523000.0,1155107000.0,1194018750.0,359760000.0,795347000.0,0.958,5.819,-12839000.0,104839000.0,104839000.0,0.0,221514000.0,2.213,0.888,191250000.0,25500000.0,165750000.0,191250000.0,0.0,21558000.0,0.0,0.071,2.0,332512000.0,354070000.0,0.31,354070000.0,332512000.0,328339000.0,2.03,2.03,2.03,594826000.0,650913000.0,594826000.0,2903336055.0,9.0,8.2,252832000.0,2.473,1.0,1143371000.0,1.0,733137000.0,4173000.0,345843000.0,367995250.0,0.0,196310000.0,196310000.0,0.0,527961000.0,162538000.0,365423000.0,2890815055.0,-67734000.0,-8200000.0,-80335000.0,-25500000.0,-205468000.0,-312366000.0,-21039000.0,0.0,265671000.0,0.0,208919000.0,208919000.0,208919000.0,0.0,12595000.0,0.183,807688000.0,335683000.0,54177000.0,0.985,4.86,13.837,13.931,39280000.0,0.0,28.28,2.528,2.528,44804000.0,529749000.0,1143371000.0,1143371000.0,0.0,0.175,0.321,0.904,0.291,22445000.0,795957000.0,1.0,102221183.0,102221183.0,,11.185,421970000.0,0.0,119420000.0,176686000.0,4.128,197222000.0
19,FHI,MRT,2016-09-30,2016-09-30,2016-09-30,2021-08-03,-594000.0,1230517000.0,1202042750.0,432491000.0,798026000.0,0.913,6.591,-11799000.0,185104000.0,185104000.0,0.0,213454000.0,2.839,0.765,197625000.0,25500000.0,172125000.0,197625000.0,0.0,21708000.0,0.0,0.034,1.0,324194000.0,345902000.0,0.315,345902000.0,324194000.0,320102000.0,1.94,1.94,1.94,679660000.0,664160500.0,679660000.0,3105663734.0,10.0,8.978,244680000.0,2.373,1.0,1097106000.0,1.0,733326000.0,4092000.0,357378000.0,365940750.0,0.0,195404000.0,195404000.0,0.0,519679000.0,152334000.0,367345000.0,3055523734.0,43947000.0,0.0,-76527000.0,-25500000.0,-103788000.0,-209426000.0,-3106000.0,8693000.0,256479000.0,0.0,200687000.0,200687000.0,200687000.0,0.0,12767000.0,0.183,769360000.0,327746000.0,54430000.0,0.515,4.496,15.225,15.273,39738000.0,0.0,29.63,2.785,2.785,39040000.0,607161000.0,1097106000.0,1097106000.0,0.0,0.167,0.302,0.886,0.295,22542000.0,758036000.0,1.0,103122637.0,103122637.0,,10.639,497191000.0,0.0,119415000.0,172853000.0,4.821,280157000.0
20,FHI,MRT,2016-06-30,2016-06-30,2016-06-30,2021-08-03,-2056000.0,1199837000.0,1183588500.0,406439000.0,793398000.0,0.876,6.422,-9873000.0,153860000.0,153860000.0,0.0,198682000.0,3.009,0.75,204000000.0,25500000.0,178500000.0,204000000.0,0.0,22395000.0,0.0,0.035,1.0,306815000.0,329210000.0,0.318,329210000.0,306815000.0,302783000.0,1.82,1.82,1.82,667784000.0,653148250.0,667784000.0,3055300926.0,10.0,9.281,239883000.0,2.307,1.0,1036807000.0,1.0,733554000.0,4032000.0,381347000.0,367146000.0,0.0,198591000.0,198591000.0,0.0,501060000.0,135076000.0,365984000.0,2992687926.0,44773000.0,0.0,-67977000.0,-25500000.0,-104166000.0,-195937000.0,-9046000.0,827000.0,249756000.0,0.0,189893000.0,189893000.0,189893000.0,0.0,8789000.0,0.183,723453000.0,313354000.0,52643000.0,0.549,4.482,15.76,15.813,38315000.0,0.0,28.78,2.886,2.886,39469000.0,577856000.0,1036807000.0,1036807000.0,0.0,0.16,0.291,0.836,0.296,23260000.0,712245000.0,1.0,103984987.0,103984987.0,,9.971,466283000.0,0.0,112890000.0,170279000.0,4.484,271363000.0
21,FHI,MRT,2016-03-31,2016-03-31,2016-03-31,2021-08-03,-3182000.0,1190614000.0,1169334500.0,398590000.0,792024000.0,0.837,6.368,-8275000.0,147762000.0,147762000.0,0.0,184527000.0,3.028,0.759,210375000.0,25500000.0,184875000.0,210375000.0,0.0,23319000.0,0.0,0.035,1.0,290921000.0,314240000.0,0.321,314240000.0,290921000.0,286935000.0,1.71,1.71,1.71,661382000.0,643952250.0,661382000.0,3040492434.0,10.0,9.676,236487000.0,2.277,1.0,978196000.0,1.0,734188000.0,3986000.0,387413000.0,372977500.0,0.0,194256000.0,194256000.0,0.0,501884000.0,131626000.0,370258000.0,2996370434.0,55929000.0,0.0,-55849000.0,-25500000.0,-104416000.0,-181023000.0,-7810000.0,465000.0,244762000.0,0.0,178943000.0,178943000.0,178943000.0,0.0,5584000.0,0.183,683233000.0,294963000.0,52974000.0,0.585,4.53,16.745,16.871,37417000.0,0.0,28.85,3.063,3.063,41396000.0,552263000.0,978196000.0,978196000.0,0.0,0.153,0.278,0.78,0.297,23021000.0,669607000.0,1.0,103860327.0,103860327.0,,9.418,456426000.0,0.0,107992000.0,168192000.0,4.395,266964000.0
22,FHI,MRT,2015-12-31,2015-12-31,2015-12-31,2021-08-03,-4609000.0,1187203000.0,1151457750.0,395828000.0,791375000.0,0.805,6.222,-6026000.0,172628000.0,172628000.0,0.0,171986000.0,2.486,0.817,216750000.0,25500000.0,191250000.0,216750000.0,0.0,24589000.0,0.0,0.035,1.0,277026000.0,301615000.0,0.326,301615000.0,277026000.0,272727000.0,1.62,1.62,1.62,647816000.0,633625250.0,647816000.0,3064781470.0,11.0,10.161,227158000.0,2.182,1.0,926609000.0,1.0,734492000.0,4299000.0,337625000.0,379975000.0,0.0,174187000.0,174187000.0,0.0,529497000.0,159208000.0,370289000.0,2982813470.0,57361000.0,0.0,-52316000.0,-25500000.0,-104628000.0,-170092000.0,-5731000.0,295000.0,233184000.0,0.0,169807000.0,169807000.0,169807000.0,0.0,2179000.0,0.183,647163000.0,279446000.0,43551000.0,0.617,4.604,17.566,17.685,35743000.0,0.0,28.65,3.219,3.219,33524000.0,545785000.0,926609000.0,926609000.0,0.0,0.147,0.268,0.729,0.299,22685000.0,632301000.0,1.0,104112163.0,104112163.0,,8.9,452711000.0,0.0,102920000.0,158895000.0,4.348,236620000.0
23,FHI,MRT,2015-09-30,2015-09-30,2015-09-30,2021-08-03,-3545000.0,1156700000.0,1139786750.0,362894000.0,793806000.0,0.79,6.074,-9217000.0,141157000.0,141157000.0,0.0,162421000.0,2.562,0.803,223125000.0,25500000.0,197625000.0,223125000.0,0.0,25435000.0,0.0,0.035,1.0,264108000.0,289543000.0,0.321,289543000.0,264108000.0,258995000.0,1.54,1.54,1.54,635611000.0,624044750.0,635611000.0,3144551425.0,12.0,10.86,223798000.0,2.139,1.0,900828000.0,1.0,734808000.0,5113000.0,362199000.0,391652250.0,0.0,180605000.0,180605000.0,0.0,510545000.0,141661000.0,368884000.0,3024138425.0,50692000.0,0.0,-43579000.0,-25500000.0,-104756000.0,-168375000.0,-13948000.0,-4731000.0,233015000.0,0.0,161810000.0,161810000.0,161810000.0,0.0,611000.0,0.18,636633000.0,264195000.0,39511000.0,0.649,4.758,18.689,18.766,36458000.0,0.0,28.9,3.357,3.357,28407000.0,536607000.0,900828000.0,900828000.0,0.0,0.142,0.259,0.674,0.293,22446000.0,621228000.0,1.0,104641468.0,104641468.0,,8.609,421892000.0,0.0,97185000.0,152207000.0,4.032,221233000.0
24,FHI,MRT,2015-06-30,2015-06-30,2015-06-30,2021-08-03,-1183000.0,1142821000.0,1148516250.0,346175000.0,796646000.0,0.769,6.01,-9723000.0,109087000.0,109087000.0,0.0,155544000.0,2.796,0.79,229500000.0,25500000.0,204000000.0,229500000.0,0.0,25306000.0,0.0,0.03,1.0,254845000.0,280151000.0,0.317,280151000.0,254845000.0,248549000.0,1.48,1.48,1.48,631000000.0,613910000.0,631000000.0,3660442267.0,14.0,13.066,190101000.0,1.811,1.0,883422000.0,1.0,734741000.0,6296000.0,404673000.0,420576750.0,0.0,190790000.0,190790000.0,0.0,498576000.0,123820000.0,374756000.0,3516400267.0,48006000.0,0.0,-30431000.0,-25500000.0,-104822000.0,-152693000.0,875000.0,10598000.0,199824000.0,0.0,155239000.0,155239000.0,155239000.0,0.0,305000.0,0.176,632643000.0,250779000.0,39773000.0,0.676,5.573,22.652,22.628,37434000.0,0.0,33.49,3.98,3.98,29877000.0,518623000.0,883422000.0,883422000.0,0.0,0.135,0.253,0.606,0.288,22216000.0,617316000.0,1.0,104998515.0,104998515.0,,8.414,408080000.0,0.0,93310000.0,152521000.0,3.887,222355000.0
25,FHI,MRT,2015-03-31,2015-03-31,2015-03-31,2021-08-03,-1146000.0,1119107000.0,1139095500.0,322891000.0,796216000.0,0.762,5.917,-8646000.0,91833000.0,91833000.0,0.0,150595000.0,2.824,0.79,235875000.0,25500000.0,210375000.0,235875000.0,0.0,24545000.0,0.0,0.03,1.0,248378000.0,272923000.0,0.314,272923000.0,248378000.0,240207000.0,1.43,1.43,1.43,620074000.0,602972250.0,620074000.0,3678791373.0,15.0,13.479,180749000.0,1.725,1.0,868276000.0,1.0,733400000.0,8171000.0,415403000.0,430802000.0,0.0,187797000.0,187797000.0,0.0,490097000.0,114346000.0,375751000.0,3551808373.0,20258000.0,-468000.0,-27159000.0,-29750000.0,-104843000.0,-157855000.0,-11282000.0,-2168000.0,189395000.0,0.0,150349000.0,150349000.0,150349000.0,0.0,246000.0,0.173,627934000.0,240342000.0,39215000.0,0.699,5.728,23.624,23.699,37354000.0,0.0,33.89,4.091,4.091,28611000.0,503290000.0,868276000.0,868276000.0,0.0,0.132,0.249,0.577,0.286,22295000.0,615378000.0,1.0,104804024.0,104804024.0,,8.285,385707000.0,0.0,89858000.0,149371000.0,3.68,208545000.0
26,FHI,MRT,2014-12-31,2014-12-31,2014-12-31,2021-08-03,-1662000.0,1140519000.0,1133037000.0,342055000.0,798464000.0,0.758,5.827,-8850000.0,115267000.0,115267000.0,0.0,149822000.0,2.291,0.865,242250000.0,25500000.0,216750000.0,242250000.0,0.0,23403000.0,0.0,0.03,1.0,248377000.0,271780000.0,0.316,271780000.0,248377000.0,238766000.0,1.42,1.42,1.42,609494000.0,591902750.0,609494000.0,3602591799.0,15.0,13.256,183632000.0,1.756,1.0,859250000.0,1.0,733847000.0,9611000.0,384334000.0,418935250.0,0.0,182071000.0,182071000.0,0.0,527170000.0,149321000.0,377849000.0,3444431799.0,10824000.0,-9697000.0,-25193000.0,-34000000.0,-104840000.0,-165240000.0,-16418000.0,2129000.0,192482000.0,0.0,149236000.0,149236000.0,149236000.0,0.0,586000.0,0.174,621301000.0,237949000.0,34930000.0,0.704,5.651,23.08,23.19,38638000.0,0.0,32.93,4.009,4.009,27965000.0,505394000.0,859250000.0,859250000.0,0.0,0.132,0.252,0.593,0.289,21711000.0,608505000.0,1.0,104598597.0,104598597.0,,8.215,406672000.0,0.0,89530000.0,140849000.0,3.888,192734000.0
27,FHI,MRT,2014-09-30,2014-09-30,2014-09-30,2021-08-03,-1325000.0,1191618000.0,1131856500.0,395187000.0,796431000.0,0.756,5.673,-5788000.0,90465000.0,90465000.0,0.0,152394000.0,2.872,0.87,248625000.0,25500000.0,223125000.0,248625000.0,0.0,22101000.0,0.0,0.034,1.0,250530000.0,272631000.0,0.318,272631000.0,250530000.0,239711000.0,1.44,1.44,1.44,595072000.0,581059000.0,595072000.0,3273710363.0,13.0,12.008,244667000.0,2.332,1.0,856114000.0,1.0,734300000.0,10819000.0,477897000.0,412365250.0,0.0,261810000.0,261810000.0,0.0,517574000.0,137581000.0,379993000.0,3079791363.0,12203000.0,-14856000.0,-23219000.0,-38250000.0,-104840000.0,-237752000.0,-500000.0,20144000.0,250455000.0,0.0,150694000.0,150694000.0,150694000.0,0.0,1700000.0,0.176,620041000.0,236073000.0,37683000.0,0.694,5.175,20.437,20.389,36633000.0,0.0,29.36,3.597,3.597,28635000.0,1040354000.0,856114000.0,856114000.0,0.0,0.133,0.259,0.608,0.293,21558000.0,613370000.0,1.0,104897526.0,104897526.0,,8.161,457318000.0,0.0,89017000.0,136893000.0,4.36,257606000.0
28,FHI,MRT,2014-06-30,2014-06-30,2014-06-30,2021-08-03,122000.0,1105138000.0,1129727750.0,308723000.0,796415000.0,0.753,5.587,-6687000.0,61081000.0,61081000.0,0.0,152764000.0,2.6,0.852,255000000.0,25500000.0,229500000.0,255000000.0,0.0,21212000.0,0.0,0.032,1.0,250310000.0,271522000.0,0.319,271522000.0,250310000.0,238575000.0,1.44,1.44,1.44,587249000.0,569838750.0,587249000.0,3443875234.0,14.0,12.684,252044000.0,2.398,1.0,851065000.0,1.0,734761000.0,11735000.0,445574000.0,415211500.0,0.0,202514000.0,202514000.0,0.0,500304000.0,118722000.0,381582000.0,3249825234.0,-26313000.0,-14856000.0,-20932000.0,-42500000.0,-104773000.0,-235789000.0,-49255000.0,-27712000.0,258731000.0,0.0,150838000.0,150838000.0,150838000.0,0.0,1926000.0,0.177,618062000.0,233003000.0,37228000.0,0.694,5.534,21.545,21.472,37205000.0,0.0,30.92,3.819,3.819,27972000.0,1029014000.0,851065000.0,851065000.0,0.0,0.134,0.265,0.603,0.294,21649000.0,606929000.0,1.0,105104309.0,105104309.0,,8.097,370377000.0,0.0,87737000.0,133262000.0,3.524,190001000.0
29,FHI,MRT,2014-03-31,2014-03-31,2014-03-31,2021-08-03,-788000.0,1094873000.0,1138994750.0,300360000.0,794513000.0,0.757,5.498,-8445000.0,71575000.0,71575000.0,0.0,157311000.0,1.613,0.872,265625000.0,95625000.0,170000000.0,265625000.0,0.0,20366000.0,0.0,0.032,0.99,256211000.0,276577000.0,0.321,276577000.0,256211000.0,244188000.0,1.48,1.48,1.48,575796000.0,556726750.0,575796000.0,3370428651.0,13.0,12.186,250504000.0,2.392,1.0,861890000.0,1.0,734807000.0,12023000.0,367936000.0,423688250.0,0.0,185134000.0,185134000.0,0.0,502353000.0,186180000.0,316173000.0,3198621651.0,15148000.0,-14388000.0,-17206000.0,-42500000.0,-103651000.0,-230152000.0,-13649000.0,9184000.0,258949000.0,0.0,154377000.0,154377000.0,154377000.0,0.0,2934000.0,0.179,621701000.0,240189000.0,37387000.0,0.669,5.555,20.72,20.635,38590000.0,0.0,30.54,3.711,3.711,28653000.0,1018448000.0,861890000.0,861890000.0,0.0,0.136,0.277,0.605,0.297,21453000.0,606914000.0,1.0,104735483.0,104735483.0,,8.229,360066000.0,0.0,89811000.0,128781000.0,3.438,114180000.0
30,FHI,MRT,2013-12-31,2013-12-31,2013-12-31,2021-08-03,-1208000.0,1135797000.0,1149593500.0,339318000.0,796479000.0,0.764,5.413,-10316000.0,104443000.0,104443000.0,0.0,166355000.0,1.584,0.978,276250000.0,77917000.0,198333000.0,276250000.0,0.0,19588000.0,0.0,0.034,0.98,267301000.0,286889000.0,0.327,286889000.0,267301000.0,254837000.0,1.55,1.55,1.55,566119000.0,542512000.0,566119000.0,3220938085.0,12.0,11.227,250656000.0,2.396,1.0,878365000.0,1.0,735345000.0,12464000.0,358054000.0,462769750.0,0.0,187735000.0,187735000.0,0.0,553936000.0,214205000.0,339731000.0,3012325085.0,36858000.0,-8524000.0,-11450000.0,-42500000.0,-102515000.0,-222003000.0,-2111000.0,16729000.0,260972000.0,0.0,162177000.0,162177000.0,162177000.0,0.0,4178000.0,0.185,626622000.0,251743000.0,36364000.0,0.632,5.321,18.574,18.581,40088000.0,0.0,28.8,3.429,3.429,29320000.0,1022608000.0,878365000.0,878365000.0,0.0,0.141,0.299,0.578,0.304,20560000.0,609141000.0,1.0,104594621.0,104594621.0,,8.398,400452000.0,0.0,92660000.0,121203000.0,3.829,125113000.0
31,FHI,MRT,2013-09-30,2013-09-30,2013-09-30,2021-08-03,-2001000.0,1183103000.0,1138159500.0,394869000.0,788234000.0,0.798,5.258,-10979000.0,78262000.0,78262000.0,0.0,176133000.0,2.241,0.986,286875000.0,60208000.0,226667000.0,286875000.0,0.0,19067000.0,0.0,0.091,2.48,283243000.0,302310000.0,0.333,302310000.0,283243000.0,270269000.0,1.62,1.62,1.62,550191000.0,524840250.0,550191000.0,3052120822.0,11.0,10.096,187678000.0,1.794,1.0,908469000.0,1.0,726202000.0,12974000.0,489282000.0,481315000.0,0.0,272252000.0,272252000.0,0.0,542743000.0,176232000.0,366511000.0,2842014822.0,-105222000.0,-9812000.0,-6713000.0,-42500000.0,-258223000.0,-292658000.0,-11221000.0,9570000.0,198657000.0,0.0,170686000.0,170686000.0,170686000.0,0.0,5447000.0,0.188,633291000.0,275178000.0,40744000.0,1.531,5.166,16.651,16.765,41000000.0,0.0,27.16,3.128,3.128,27019000.0,1017816000.0,908469000.0,908469000.0,0.0,0.15,0.325,0.588,0.312,22185000.0,605822000.0,1.0,104639721.0,104639721.0,,8.682,456901000.0,0.0,99583000.0,117062000.0,4.366,218637000.0
32,FHI,MRT,2013-06-30,2013-06-30,2013-06-30,2021-08-03,-2343000.0,1142206000.0,1143630250.0,351238000.0,790968000.0,0.818,5.103,-10977000.0,87394000.0,87394000.0,0.0,196697000.0,2.4,1.005,297500000.0,42500000.0,255000000.0,297500000.0,0.0,18567000.0,0.0,0.09,2.47,312834000.0,331401000.0,0.354,331401000.0,312834000.0,299404000.0,1.8,1.8,1.8,534801000.0,542246000.0,534801000.0,3124067387.0,10.0,9.427,289555000.0,2.763,1.0,935071000.0,1.0,726505000.0,13430000.0,479481000.0,473829250.0,0.0,215551000.0,215551000.0,0.0,537544000.0,146326000.0,391218000.0,2872369387.0,2147000.0,-11012000.0,-7147000.0,-42500000.0,-257054000.0,-304805000.0,6420000.0,28409000.0,300532000.0,0.0,188755000.0,188755000.0,188755000.0,0.0,7942000.0,0.202,627618000.0,307453000.0,40625000.0,1.372,5.371,15.217,15.228,40921000.0,0.0,27.41,3.072,3.072,23732000.0,1006271000.0,935071000.0,935071000.0,0.0,0.165,0.348,0.66,0.335,21165000.0,599701000.0,1.0,104792754.0,104792754.0,,8.923,415701000.0,0.0,110649000.0,112891000.0,3.967,204912000.0
33,FHI,MRT,2013-03-31,2013-03-31,2013-03-31,2021-08-03,-436000.0,1137268000.0,1148731500.0,346247000.0,791021000.0,0.821,4.969,-10102000.0,56427000.0,56427000.0,0.0,197909000.0,2.517,1.037,308125000.0,42500000.0,265625000.0,308125000.0,0.0,18123000.0,0.0,0.104,2.47,312731000.0,330854000.0,0.351,330854000.0,312731000.0,298748000.0,1.8,1.8,1.8,518937000.0,554902250.0,518937000.0,2722992424.0,9.0,8.23,295758000.0,2.832,1.0,943397000.0,1.0,727163000.0,13983000.0,524262000.0,487297000.0,0.0,250430000.0,250430000.0,0.0,538285000.0,137541000.0,400744000.0,2471827424.0,4902000.0,-11561000.0,-6369000.0,-42500000.0,-256913000.0,-307125000.0,6167000.0,27830000.0,305860000.0,0.0,188757000.0,188757000.0,188757000.0,0.0,9152000.0,0.2,632952000.0,310445000.0,44810000.0,1.372,4.763,13.095,13.15,40737000.0,0.0,23.67,2.62,2.62,24607000.0,991018000.0,943397000.0,943397000.0,0.0,0.164,0.34,0.642,0.331,20506000.0,605664000.0,1.0,104428704.0,104428704.0,,9.034,410105000.0,0.0,109991000.0,110774000.0,3.927,208706000.0
34,FHI,MRT,2012-12-31,2012-12-31,2012-12-31,2021-08-03,-2937000.0,1090061000.0,1152590500.0,300062000.0,789999000.0,0.821,4.767,-8675000.0,67585000.0,67585000.0,0.0,197628000.0,1.657,1.183,318750000.0,42500000.0,276250000.0,318750000.0,0.0,17910000.0,0.0,0.122,2.47,313412000.0,331322000.0,0.35,331322000.0,313412000.0,298971000.0,1.79,1.79,1.79,495432000.0,567235000.0,495432000.0,2248165815.0,7.0,6.785,307668000.0,2.961,1.0,945706000.0,1.0,727857000.0,14441000.0,432235000.0,498132000.0,0.0,191043000.0,191043000.0,0.0,586117000.0,181134000.0,404983000.0,2102274815.0,18312000.0,-14064000.0,-5029000.0,-42500000.0,-256750000.0,-309406000.0,11375000.0,34114000.0,316343000.0,0.0,188088000.0,188088000.0,188088000.0,0.0,9540000.0,0.199,633113000.0,312593000.0,45255000.0,1.38,4.243,11.177,11.302,38912000.0,0.0,20.23,2.223,2.223,24120000.0,984505000.0,945706000.0,945706000.0,0.0,0.163,0.332,0.629,0.331,20135000.0,606787000.0,1.0,103918676.0,103918676.0,,9.1,362204000.0,0.0,110883000.0,99399000.0,3.485,118928000.0
35,FHI,MRT,2012-09-30,2012-09-30,2012-09-30,2021-08-03,-3695000.0,1204986000.0,1167789250.0,414059000.0,790927000.0,0.785,5.953,-7902000.0,183484000.0,183484000.0,0.0,184297000.0,2.49,0.938,329375000.0,42500000.0,286875000.0,329375000.0,0.0,17734000.0,0.0,0.046,0.96,293978000.0,311712000.0,0.34,311712000.0,293978000.0,279183000.0,1.7,1.7,1.7,619814000.0,578866750.0,619814000.0,2409014835.0,8.0,7.728,200509000.0,1.926,1.0,917287000.0,1.0,725268000.0,14795000.0,459339000.0,530928500.0,0.0,184293000.0,184293000.0,0.0,581507000.0,166270000.0,415237000.0,2154261835.0,50688000.0,-13149000.0,-12204000.0,-42500000.0,-99792000.0,-161583000.0,3860000.0,24911000.0,208411000.0,0.0,175450000.0,175450000.0,175450000.0,0.0,8847000.0,0.191,626026000.0,291261000.0,44412000.0,0.565,3.476,12.278,12.171,39077000.0,0.0,20.69,2.349,2.349,32382000.0,1125886000.0,917287000.0,917287000.0,0.0,0.15,0.303,0.554,0.32,17919000.0,600068000.0,1.0,104120920.0,104120920.0,,8.81,479718000.0,0.0,103733000.0,94685000.0,4.607,247789000.0
36,FHI,MRT,2012-06-30,2012-06-30,2012-06-30,2021-08-03,-6216000.0,1162611000.0,1152838000.0,377148000.0,785463000.0,0.774,5.619,-6544000.0,85247000.0,85247000.0,0.0,164624000.0,2.318,0.981,340000000.0,42500000.0,297500000.0,340000000.0,0.0,17752000.0,0.0,0.044,0.96,268145000.0,285897000.0,0.32,285897000.0,268145000.0,252912000.0,1.53,1.53,1.53,585426000.0,556126000.0,585426000.0,2575387399.0,10.0,9.008,116074000.0,1.114,1.0,892867000.0,1.0,721310000.0,15233000.0,533352000.0,536596500.0,0.0,241882000.0,241882000.0,0.0,574192000.0,162702000.0,411490000.0,2276287399.0,-70001000.0,-14649000.0,-18349000.0,-42500000.0,-99822000.0,-165970000.0,-26649000.0,-5456000.0,122618000.0,0.0,157997000.0,157997000.0,157997000.0,0.0,6627000.0,0.177,624628000.0,268239000.0,42882000.0,0.627,3.888,14.407,14.281,38140000.0,0.0,21.85,2.549,2.549,24552000.0,1095094000.0,892867000.0,892867000.0,0.0,0.137,0.284,0.5,0.3,18277000.0,600073000.0,1.0,104177913.0,104177913.0,,8.571,441301000.0,0.0,94915000.0,88697000.0,4.236,214446000.0
37,FHI,MRT,2012-03-31,2012-03-31,2012-03-31,2021-08-03,-4180000.0,1152704000.0,1142228500.0,368423000.0,784281000.0,0.776,5.477,-8046000.0,51525000.0,51525000.0,0.0,164436000.0,2.247,1.025,350625000.0,42500000.0,308125000.0,350625000.0,0.0,18785000.0,0.0,0.043,0.96,272348000.0,291133000.0,0.328,291133000.0,272348000.0,256228000.0,1.55,1.55,1.55,568268000.0,541864250.0,568268000.0,2637061337.0,10.0,9.058,89200000.0,0.86,1.0,886512000.0,1.0,720255000.0,16120000.0,567602000.0,523087000.0,0.0,259059000.0,259059000.0,0.0,582449000.0,163947000.0,418502000.0,2325084337.0,-125300000.0,-14643000.0,-23123000.0,-40445000.0,-99910000.0,-171125000.0,-51421000.0,-28732000.0,97246000.0,0.0,160000000.0,160000000.0,160000000.0,0.0,4436000.0,0.18,615210000.0,271302000.0,53071000.0,0.619,4.092,14.532,14.458,38183000.0,0.0,22.41,2.623,2.623,40551000.0,1079698000.0,886512000.0,886512000.0,0.0,0.14,0.295,0.521,0.307,17790000.0,589746000.0,1.0,103752090.0,103752090.0,,8.545,432449000.0,0.0,96228000.0,86812000.0,4.168,204476000.0
38,FHI,MRT,2011-12-31,2011-12-31,2011-12-31,2021-08-03,-8612000.0,1150856000.0,1135787750.0,366511000.0,784345000.0,0.788,5.223,-8247000.0,49273000.0,49273000.0,0.0,155083000.0,2.053,1.121,361250000.0,42500000.0,318750000.0,361250000.0,0.0,21778000.0,0.0,0.063,0.96,259241000.0,281019000.0,0.314,281019000.0,259241000.0,242194000.0,1.45,1.45,1.45,541959000.0,529533500.0,541959000.0,1811140566.0,7.0,6.445,105243000.0,1.014,1.0,895114000.0,1.0,720926000.0,17047000.0,563421000.0,497070250.0,0.0,273044000.0,273044000.0,0.0,607673000.0,178486000.0,429187000.0,1572061566.0,-149483000.0,-53507000.0,-11750000.0,-42500000.0,-99960000.0,-155519000.0,-107454000.0,-45700000.0,113490000.0,0.0,150906000.0,150906000.0,150906000.0,0.0,4177000.0,0.169,637659000.0,257455000.0,41691000.0,0.662,2.901,10.417,10.448,38228000.0,0.0,15.15,1.756,1.756,21526000.0,1069913000.0,895114000.0,895114000.0,0.0,0.133,0.285,0.522,0.29,17492000.0,608093000.0,1.0,103766440.0,103766440.0,,8.626,429930000.0,0.0,91288000.0,73246000.0,4.143,188025000.0
39,FHI,MRT,2011-09-30,2011-09-30,2011-09-30,2021-08-03,-12460000.0,1145181000.0,1136449750.0,363315000.0,781866000.0,0.813,5.071,-9564000.0,132796000.0,132796000.0,0.0,165089000.0,1.951,1.162,371875000.0,42500000.0,329375000.0,371875000.0,0.0,25224000.0,0.0,0.055,0.96,282784000.0,308008000.0,0.333,308008000.0,282784000.0,259186000.0,1.56,1.56,1.56,528851000.0,516993500.0,528851000.0,2056883202.0,7.0,6.678,180364000.0,1.729,1.0,924024000.0,1.0,716022000.0,23598000.0,482011000.0,462045250.0,0.0,189393000.0,189393000.0,0.0,614558000.0,186227000.0,428331000.0,1828190202.0,-89888000.0,-51409000.0,2020000.0,-35388000.0,-99761000.0,-140376000.0,-139440000.0,-78467000.0,189928000.0,0.0,160365000.0,160365000.0,160365000.0,0.0,4724000.0,0.174,649398000.0,274626000.0,39882000.0,0.615,3.457,11.4,11.237,39139000.0,0.0,17.53,1.979,1.979,19115000.0,1064552000.0,924024000.0,924024000.0,0.0,0.141,0.31,0.612,0.306,17557000.0,612671000.0,1.0,104289230.0,104289230.0,,8.86,429159000.0,4329000.0,98821000.0,66910000.0,4.115,177088000.0
40,FHI,MRT,2011-06-30,2011-06-30,2011-06-30,2021-08-03,-3865000.0,1120173000.0,1129940000.0,344787000.0,775386000.0,0.843,5.051,-9691000.0,155248000.0,155248000.0,0.0,174632000.0,2.221,1.117,383941000.0,42500000.0,341441000.0,383941000.0,0.0,28789000.0,0.0,0.04,0.96,286860000.0,315649000.0,0.332,315649000.0,286860000.0,267234000.0,1.61,1.61,1.61,528379000.0,498095750.0,528379000.0,2712605546.0,9.0,8.594,180686000.0,1.727,1.0,952149000.0,1.0,714347000.0,19626000.0,479314000.0,447034000.0,0.0,138899000.0,138899000.0,0.0,590176000.0,155205000.0,434971000.0,2493886546.0,-50694000.0,-56904000.0,7811000.0,-37637000.0,-99469000.0,-137034000.0,-104037000.0,-37442000.0,190377000.0,0.0,165101000.0,165101000.0,165101000.0,0.0,9531000.0,0.173,669446000.0,282703000.0,40471000.0,0.596,4.72,15.105,14.807,39800000.0,0.0,23.84,2.619,2.619,19676000.0,1051234000.0,952149000.0,952149000.0,0.0,0.146,0.331,0.642,0.301,17320000.0,628348000.0,1.0,104609335.0,104609335.0,,9.102,405826000.0,4376000.0,102133000.0,69071000.0,3.879,189582000.0
41,FHI,MRT,2011-03-31,2011-03-31,2011-03-31,2021-08-03,-1528000.0,1126941000.0,1116554750.0,353139000.0,773802000.0,0.858,4.988,-8598000.0,176825000.0,176825000.0,0.0,180022000.0,2.122,1.162,395544000.0,42500000.0,353044000.0,395544000.0,0.0,32015000.0,0.0,0.036,0.96,291099000.0,323114000.0,0.337,323114000.0,291099000.0,276050000.0,1.66,1.66,1.66,518945000.0,474359750.0,518945000.0,2992672778.0,10.0,9.262,220430000.0,2.119,1.0,957856000.0,1.0,715671000.0,15049000.0,463535000.0,441919250.0,0.0,140630000.0,140630000.0,0.0,603136000.0,166454000.0,436682000.0,2783242778.0,135252000.0,-89136000.0,8439000.0,192608000.0,-99147000.0,93723000.0,-187499000.0,-89765000.0,229028000.0,0.0,170338000.0,170338000.0,170338000.0,0.0,9684000.0,0.178,663375000.0,294481000.0,61076000.0,0.578,5.363,16.34,16.114,38420000.0,0.0,26.75,2.906,2.906,20140000.0,1033513000.0,957856000.0,957856000.0,0.0,0.153,0.359,0.659,0.304,17630000.0,611451000.0,1.0,104046459.0,104046459.0,,9.206,411270000.0,4657000.0,105712000.0,59751000.0,3.953,186685000.0
42,FHI,MRT,2010-12-31,2010-12-31,2010-12-31,2021-08-03,-3695000.0,1153504000.0,1046190250.0,373170000.0,780334000.0,0.91,4.778,-4572000.0,198756000.0,198756000.0,0.0,189163000.0,1.741,1.342,403750000.0,42500000.0,361250000.0,403750000.0,0.0,33272000.0,0.0,0.085,2.22,306120000.0,339392000.0,0.357,339392000.0,306120000.0,291071000.0,1.73,1.73,1.73,491799000.0,449362250.0,491799000.0,2891892088.0,9.0,8.521,211375000.0,2.054,1.0,951943000.0,1.0,720825000.0,15049000.0,423321000.0,351830250.0,0.0,134885000.0,134885000.0,0.0,659789000.0,214352000.0,445437000.0,2693562088.0,108304000.0,-49561000.0,-1872000.0,277750000.0,-228651000.0,36787000.0,-144430000.0,-90297000.0,215947000.0,0.0,179114000.0,179114000.0,179114000.0,0.0,10049000.0,0.188,642152000.0,309791000.0,86191000.0,1.283,5.477,15.038,15.127,38516000.0,0.0,26.17,2.83,2.83,21228000.0,1036571000.0,951943000.0,951943000.0,0.0,0.171,0.399,0.87,0.322,17949000.0,588400000.0,1.0,102925567.0,102925567.0,,9.249,432679000.0,0.0,111957000.0,51380000.0,4.204,158818000.0
43,FHI,MRT,2010-09-30,2010-09-30,2010-09-30,2021-08-03,-9846000.0,1119142000.0,985922500.0,357282000.0,761860000.0,0.985,4.398,-18074000.0,222684000.0,222684000.0,0.0,195235000.0,1.839,1.425,421014000.0,42500000.0,378514000.0,421014000.0,0.0,34678000.0,0.0,0.098,2.22,298531000.0,333209000.0,0.343,333209000.0,298531000.0,298531000.0,1.77,1.76,1.77,453260000.0,458464250.0,453260000.0,2573516979.0,9.0,7.723,226774000.0,2.2,1.0,971437000.0,1.0,701254000.0,0.0,421966000.0,271385750.0,0.0,93226000.0,93226000.0,0.0,645779000.0,194252000.0,451527000.0,2345592979.0,161683000.0,-46380000.0,-8190000.0,273304000.0,-228538000.0,38175000.0,-121340000.0,-56886000.0,244848000.0,0.0,184611000.0,180311000.0,180311000.0,0.0,10624000.0,0.186,654297000.0,317140000.0,47566000.0,1.254,5.175,13.009,12.859,38315000.0,4300000.0,22.76,2.415,2.415,20557000.0,1025967000.0,971437000.0,971437000.0,0.0,0.183,0.393,1.1,0.307,18073000.0,601327000.0,1.0,103057688.0,103057688.0,,9.426,417888000.0,2031000.0,113920000.0,38226000.0,4.055,163030000.0
44,FHI,MRT,2010-06-30,2010-06-30,2010-06-30,2021-08-03,-9669000.0,1066632000.0,918447250.0,347592000.0,719040000.0,1.114,4.199,-18810000.0,205942000.0,205942000.0,0.0,207459000.0,1.946,1.425,433866000.0,42500000.0,391366000.0,433866000.0,0.0,37398000.0,0.0,0.107,2.22,320588000.0,357986000.0,0.35,357986000.0,320588000.0,320588000.0,1.91,1.9,1.91,433435000.0,469106500.0,433435000.0,2308322341.0,7.0,6.448,242855000.0,2.353,1.0,1022867000.0,1.0,657071000.0,0.0,458855000.0,189409250.0,0.0,77178000.0,77178000.0,0.0,617535000.0,178630000.0,438905000.0,2137914341.0,162818000.0,-41337000.0,-17222000.0,255938000.0,-228490000.0,14388000.0,-113235000.0,-53088000.0,261665000.0,0.0,198541000.0,194241000.0,194241000.0,0.0,8918000.0,0.19,686082000.0,336785000.0,50079000.0,1.162,4.932,11.007,10.843,38811000.0,4300000.0,20.71,2.09,2.09,18170000.0,1007606000.0,1022867000.0,1022867000.0,0.0,0.211,0.414,1.693,0.313,18181000.0,630256000.0,1.0,103231016.0,103231016.0,,9.909,409561000.0,2375000.0,122047000.0,34947000.0,3.967,168962000.0
45,FHI,MRT,2010-03-31,2010-03-31,2010-03-31,2021-08-03,-324000.0,845483000.0,860611500.0,120042000.0,725441000.0,1.276,4.069,-18301000.0,41573000.0,41573000.0,0.0,215267000.0,0.483,0.976,211981000.0,102750000.0,109231000.0,211981000.0,0.0,39432000.0,0.0,0.084,2.22,328631000.0,368063000.0,0.335,368063000.0,328631000.0,328631000.0,1.97,1.96,1.97,418955000.0,478277250.0,418955000.0,2765429834.0,8.0,7.513,233993000.0,2.272,1.0,1098277000.0,1.0,664056000.0,0.0,103179000.0,106631750.0,0.0,34183000.0,34183000.0,0.0,408947000.0,248656000.0,160291000.0,2716325834.0,-10048000.0,-28727000.0,-13842000.0,19733000.0,-228400000.0,-215243000.0,-47099000.0,-71000.0,252294000.0,0.0,204165000.0,199865000.0,199865000.0,0.0,11102000.0,0.182,757288000.0,340989000.0,50454000.0,1.127,6.484,13.591,13.391,39210000.0,4300000.0,26.38,2.473,2.473,21991000.0,984839000.0,1098277000.0,1098277000.0,0.0,0.232,0.418,3.082,0.299,18061000.0,705894000.0,1.0,102969137.0,102969137.0,,10.666,181427000.0,10411000.0,124466000.0,38535000.0,1.762,-128614000.0
46,FHI,MRT,2009-12-31,2009-12-31,2009-12-31,2021-08-03,1514000.0,912433000.0,857830250.0,184787000.0,727646000.0,1.371,5.156,-26210000.0,90452000.0,90452000.0,0.0,208540000.0,0.938,0.7,139556000.0,21000000.0,118556000.0,139556000.0,0.0,42213000.0,0.0,0.035,0.96,315570000.0,357783000.0,0.304,357783000.0,315570000.0,315570000.0,1.93,1.92,1.93,528207000.0,483142000.0,528207000.0,2901491018.0,9.0,8.11,248379000.0,2.425,1.0,1175950000.0,1.0,662996000.0,0.0,101543000.0,110127000.0,0.0,31538000.0,31538000.0,0.0,369705000.0,196998000.0,172707000.0,2817189018.0,45014000.0,-24332000.0,-13693000.0,-70269000.0,-98499000.0,-178008000.0,-51567000.0,-1025000.0,274589000.0,0.0,197292000.0,197292000.0,197292000.0,0.0,11248000.0,0.168,846723000.0,329227000.0,50404000.0,0.497,5.333,14.279,14.249,40027000.0,0.0,27.5,2.396,2.396,19634000.0,1105073000.0,1175950000.0,1175950000.0,0.0,0.23,0.408,2.866,0.268,17475000.0,773018000.0,1.0,102443237.0,102443237.0,,11.479,249437000.0,11166000.0,118278000.0,39234000.0,2.435,-12211000.0
47,FHI,MRT,2009-09-30,2009-09-30,2009-09-30,2021-08-03,1703000.0,849241000.0,841374500.0,134717000.0,714524000.0,1.442,4.82,-8975000.0,61001000.0,61001000.0,0.0,209356000.0,0.737,0.694,145303000.0,19250000.0,126053000.0,145303000.0,0.0,44729000.0,0.0,0.036,0.96,313669000.0,358398000.0,0.295,358398000.0,313669000.0,313669000.0,1.96,1.95,1.96,495829000.0,456933750.0,495829000.0,2845465951.0,9.0,7.939,288014000.0,2.8,1.0,1212908000.0,1.0,656807000.0,0.0,94060000.0,118136500.0,0.0,26273000.0,26273000.0,0.0,344181000.0,182676000.0,161505000.0,2712808951.0,16120000.0,-104755000.0,-14321000.0,-53582000.0,-98346000.0,-165853000.0,-115016000.0,-1286000.0,296989000.0,0.0,199657000.0,198929000.0,198929000.0,0.0,9699000.0,0.164,884304000.0,328604000.0,59227000.0,0.49,5.471,13.637,13.454,27587000.0,728000.0,26.37,2.237,2.237,24049000.0,1087249000.0,1212908000.0,1212908000.0,0.0,0.236,0.435,2.655,0.259,16273000.0,808180000.0,1.0,102874818.0,102874818.0,,11.79,192434000.0,10511000.0,114012000.0,23594000.0,1.871,-47959000.0
48,FHI,MRT,2009-06-30,2009-06-30,2009-06-30,2021-08-03,1119000.0,835289000.0,822893000.0,121837000.0,713452000.0,1.489,4.57,-8841000.0,43124000.0,43124000.0,0.0,207735000.0,0.647,0.768,175781000.0,39524000.0,136257000.0,175781000.0,0.0,47610000.0,0.0,0.154,3.72,311543000.0,359153000.0,0.293,359153000.0,311543000.0,311543000.0,1.93,1.91,1.93,470118000.0,430425000.0,470118000.0,2616727203.0,8.0,7.286,278992000.0,2.712,1.0,1225218000.0,1.0,651973000.0,0.0,127745000.0,138277750.0,0.0,20854000.0,20854000.0,0.0,361163000.0,188228000.0,172935000.0,2478050203.0,-97903000.0,-138124000.0,13234000.0,127926000.0,-379063000.0,-237486000.0,-148250000.0,-1285000.0,287833000.0,0.0,198882000.0,198154000.0,198154000.0,0.0,8853000.0,0.162,898087000.0,327131000.0,60408000.0,1.927,5.271,12.506,12.482,27982000.0,728000.0,24.09,2.023,2.023,31222000.0,1054793000.0,1225218000.0,1225218000.0,0.0,0.241,0.46,2.253,0.254,18461000.0,819157000.0,1.0,102866343.0,102866343.0,,11.911,183316000.0,9973000.0,112661000.0,25538000.0,1.782,-66391000.0
49,FHI,MRT,2009-03-31,2009-03-31,2009-03-31,2021-08-03,552000.0,834358000.0,833398000.0,125554000.0,708804000.0,1.474,4.287,-9017000.0,51621000.0,51621000.0,0.0,211697000.0,0.59,0.895,190298000.0,44098000.0,146200000.0,190298000.0,0.0,51847000.0,0.0,0.167,3.72,318455000.0,370302000.0,0.301,370302000.0,318455000.0,318455000.0,1.98,1.96,1.98,438414000.0,466065500.0,438414000.0,2438820628.0,8.0,6.586,282041000.0,2.758,1.0,1228630000.0,1.0,643086000.0,0.0,117160000.0,114734000.0,0.0,19604000.0,19604000.0,0.0,392346000.0,212789000.0,179557000.0,2276690628.0,-118832000.0,-134625000.0,-20773000.0,132929000.0,-378833000.0,-264967000.0,-144923000.0,-1281000.0,291058000.0,0.0,203633000.0,202905000.0,202905000.0,-2808000.0,8064000.0,0.165,898351000.0,330279000.0,70314000.0,1.879,5.193,11.22,11.242,27864000.0,728000.0,22.26,1.853,1.853,30682000.0,1028244000.0,1228630000.0,1228630000.0,0.0,0.243,0.435,2.776,0.259,17699000.0,815055000.0,1.0,102277207.0,102277207.0,,12.013,191272000.0,9546000.0,114822000.0,46746000.0,1.87,-87235000.0
50,FHI,MRT,2008-12-31,2008-12-31,2008-12-31,2021-08-03,297000.0,846610000.0,841570000.0,116832000.0,729778000.0,1.454,4.158,-5507000.0,45438000.0,45438000.0,0.0,231433000.0,0.536,0.997,207568000.0,51071000.0,156497000.0,207568000.0,0.0,55885000.0,0.0,0.218,3.69,352485000.0,408370000.0,0.334,408370000.0,352485000.0,352485000.0,2.2,2.18,2.2,423374000.0,509279750.0,423374000.0,1878822195.0,5.0,4.601,305448000.0,3.0,1.0,1223680000.0,1.0,657321000.0,0.0,133581000.0,97367500.0,0.0,13209000.0,13209000.0,0.0,422040000.0,217838000.0,204202000.0,1726727195.0,-74912000.0,-133863000.0,-22554000.0,139811000.0,-375651000.0,-257517000.0,-128350000.0,11020000.0,310955000.0,0.0,224317000.0,224317000.0,224317000.0,-2808000.0,7116000.0,0.183,862505000.0,361175000.0,65880000.0,1.677,4.078,7.698,7.709,29389000.0,0.0,16.96,1.411,1.411,33211000.0,1028928000.0,1223680000.0,1223680000.0,0.0,0.267,0.44,3.62,0.288,16904000.0,794661000.0,1.0,101811745.0,101811745.0,,12.019,189289000.0,9600000.0,128168000.0,31648000.0,1.859,-101006000.0
51,FHI,MRT,2008-09-30,2008-09-30,2008-09-30,2021-08-03,574000.0,775315000.0,840160250.0,122651000.0,652664000.0,1.455,3.859,-10662000.0,44881000.0,44881000.0,0.0,234384000.0,0.698,0.985,196976000.0,30594000.0,166382000.0,196976000.0,0.0,61226000.0,0.0,0.127,3.66,355310000.0,416536000.0,0.341,416536000.0,355310000.0,355310000.0,2.14,2.13,2.14,389794000.0,546940000.0,389794000.0,2817817755.0,8.0,6.765,302910000.0,2.999,1.0,1222204000.0,1.0,576978000.0,0.0,174625000.0,85049250.0,0.0,15114000.0,15114000.0,0.0,384015000.0,175807000.0,208208000.0,2914028755.0,-12182000.0,-53597000.0,-23471000.0,119224000.0,-372591000.0,-272517000.0,-53237000.0,11022000.0,313572000.0,0.0,222758000.0,222758000.0,222758000.0,-2808000.0,11626000.0,0.182,860489000.0,361715000.0,63268000.0,1.71,7.476,13.082,13.481,28920000.0,0.0,28.85,2.384,2.384,32108000.0,1007026000.0,1222204000.0,1222204000.0,0.0,0.265,0.407,4.178,0.291,16888000.0,788900000.0,1.0,101006196.0,101006196.0,,12.1,198337000.0,0.0,132552000.0,34271000.0,1.964,-53156000.0
52,FHI,MRT,2008-06-30,2008-06-30,2008-06-30,2021-08-03,884000.0,877309000.0,843394000.0,223020000.0,654289000.0,1.426,6.01,-9857000.0,141027000.0,141027000.0,0.0,233445000.0,1.259,0.43,44816000.0,0.0,44816000.0,44816000.0,0.0,65410000.0,0.0,0.025,0.87,357888000.0,423298000.0,0.352,423298000.0,357888000.0,357888000.0,2.18,2.18,2.18,612680000.0,584353750.0,612680000.0,3391939472.0,9.0,8.013,317857000.0,3.118,1.0,1202699000.0,1.0,570352000.0,0.0,33570000.0,75596750.0,0.0,13994000.0,13994000.0,0.0,263276000.0,177176000.0,86100000.0,3508973472.0,35560000.0,-66709000.0,-95989000.0,-45354000.0,-88676000.0,-226510000.0,-65644000.0,10922000.0,327714000.0,0.0,224274000.0,224274000.0,224274000.0,-2808000.0,9171000.0,0.186,836015000.0,366684000.0,72990000.0,0.399,5.727,15.646,15.789,29014000.0,0.0,34.42,2.918,2.918,37847000.0,1255178000.0,1202699000.0,1202699000.0,0.0,0.266,0.384,4.734,0.298,13590000.0,760833000.0,1.0,101945772.0,101945772.0,,11.797,306957000.0,0.0,133614000.0,34320000.0,3.011,45844000.0
53,FHI,MRT,2008-03-31,2008-03-31,2008-03-31,2021-08-03,935000.0,867046000.0,833822500.0,235573000.0,631473000.0,1.402,6.008,-8569000.0,170453000.0,170453000.0,0.0,228677000.0,1.445,0.416,53419000.0,0.0,53419000.0,53419000.0,0.0,68243000.0,0.0,0.021,0.84,353688000.0,421931000.0,0.361,421931000.0,353688000.0,353688000.0,2.16,2.15,2.16,611271000.0,569988750.0,611271000.0,3926666051.0,11.0,9.306,322185000.0,3.167,1.0,1168923000.0,1.0,539245000.0,0.0,47694000.0,100976250.0,0.0,12782000.0,12782000.0,0.0,254360000.0,163073000.0,91287000.0,3984315051.0,59062000.0,-73064000.0,-69297000.0,-49279000.0,-85836000.0,-199979000.0,-71713000.0,9920000.0,330754000.0,0.0,221526000.0,221526000.0,221526000.0,0.0,7151000.0,0.19,804570000.0,364353000.0,73585000.0,0.389,6.518,17.986,18.13,28119000.0,0.0,39.16,3.409,3.409,35269000.0,1221480000.0,1168923000.0,1168923000.0,0.0,0.266,0.389,3.503,0.303,13561000.0,726775000.0,1.0,101744511.0,101744511.0,,11.489,327801000.0,0.0,132162000.0,52452000.0,3.222,72500000.0
54,FHI,MRT,2007-12-31,2007-12-31,2007-12-31,2021-08-03,879000.0,840971000.0,816778000.0,206291000.0,634680000.0,1.381,5.643,-7689000.0,120350000.0,120350000.0,0.0,223236000.0,1.254,0.459,62861000.0,89000.0,62772000.0,62861000.0,0.0,71947000.0,0.0,0.02,0.81,346678000.0,418625000.0,0.371,418625000.0,346678000.0,346678000.0,2.12,2.1,2.12,574015000.0,548359000.0,574015000.0,4206256346.0,12.0,10.048,319310000.0,3.139,1.0,1127644000.0,1.0,534603000.0,0.0,84308000.0,131523750.0,0.0,25921000.0,25921000.0,0.0,263384000.0,164571000.0,98813000.0,4187223346.0,1629000.0,-81447000.0,-109843000.0,-49425000.0,-83140000.0,-235146000.0,-90224000.0,-1088000.0,326999000.0,0.0,217471000.0,217471000.0,217471000.0,0.0,5765000.0,0.193,770451000.0,357193000.0,58983000.0,0.382,7.295,19.254,19.415,25873000.0,0.0,41.16,3.713,3.713,37269000.0,1189516000.0,1127644000.0,1127644000.0,0.0,0.266,0.397,2.636,0.307,13541000.0,689478000.0,1.0,101730402.0,101730402.0,,11.085,306368000.0,6443000.0,129207000.0,27097000.0,3.012,41720000.0
55,FHI,MRT,2007-09-30,2007-09-30,2007-09-30,2021-08-03,717000.0,788250000.0,809108750.0,142463000.0,645787000.0,1.344,5.237,-11002000.0,57063000.0,57063000.0,0.0,218045000.0,1.05,0.457,76096000.0,0.0,76096000.0,76096000.0,0.0,73946000.0,0.0,0.02,0.78,346012000.0,419958000.0,0.386,419958000.0,346012000.0,346012000.0,2.15,2.12,2.15,539449000.0,537199000.0,539449000.0,4072776046.0,12.0,9.698,337330000.0,3.275,1.0,1087087000.0,1.0,534816000.0,0.0,136815000.0,156447500.0,0.0,30079000.0,30079000.0,0.0,246318000.0,135652000.0,110666000.0,4089512046.0,-18631000.0,-74804000.0,-153622000.0,-48958000.0,-80655000.0,-278924000.0,-88039000.0,-2233000.0,348332000.0,0.0,218045000.0,218045000.0,218045000.0,-136000.0,0.0,0.201,731413000.0,355674000.0,64263000.0,0.363,7.581,18.755,18.465,23457000.0,0.0,39.7,3.762,3.762,36191000.0,1158133000.0,1087087000.0,1087087000.0,0.0,0.269,0.406,2.212,0.318,13401000.0,645984000.0,1.0,103010379.0,103010379.0,,10.553,253434000.0,5602000.0,127967000.0,29684000.0,2.46,6811000.0
56,FHI,MRT,2007-06-30,2007-06-30,2007-06-30,2021-08-03,511000.0,839023000.0,816047000.0,184716000.0,654307000.0,1.28,5.391,-3888000.0,105467000.0,105467000.0,0.0,205927000.0,1.174,0.509,88731000.0,0.0,88731000.0,88731000.0,0.0,75525000.0,0.0,0.02,0.75,326962000.0,402487000.0,0.385,402487000.0,326962000.0,326962000.0,2.02,1.98,2.02,555220000.0,535961250.0,555220000.0,3938493528.0,12.0,9.785,325947000.0,3.165,1.0,1044614000.0,1.0,529881000.0,0.0,135088000.0,186653750.0,0.0,23802000.0,23802000.0,0.0,282354000.0,157318000.0,125036000.0,3947701528.0,-43513000.0,-133715000.0,-124988000.0,-46653000.0,-78112000.0,-239154000.0,-134194000.0,3409000.0,329835000.0,0.0,205927000.0,205927000.0,205927000.0,-581000.0,0.0,0.197,713218000.0,331396000.0,59947000.0,0.371,7.11,19.17,18.975,23343000.0,0.0,38.33,3.779,3.779,34021000.0,1127357000.0,1044614000.0,1044614000.0,0.0,0.252,0.384,1.752,0.313,13571000.0,626473000.0,1.0,102992474.0,102992474.0,,10.143,309142000.0,6053000.0,121035000.0,30586000.0,3.002,27398000.0
57,FHI,MRT,2007-03-31,2007-03-31,2007-03-31,2021-08-03,499000.0,798868000.0,800380000.0,182827000.0,616041000.0,1.255,5.067,-5708000.0,111391000.0,111391000.0,0.0,200571000.0,1.381,0.517,102183000.0,0.0,102183000.0,102183000.0,0.0,76204000.0,0.0,0.02,0.72,317755000.0,393959000.0,0.392,393959000.0,317755000.0,317755000.0,1.95,1.91,1.95,524752000.0,525877250.0,524752000.0,3796993836.0,12.0,9.638,288832000.0,2.789,1.0,1004490000.0,1.0,487413000.0,0.0,169884000.0,225172500.0,0.0,22712000.0,22712000.0,0.0,271463000.0,132363000.0,139100000.0,3802756836.0,-146272000.0,-149089000.0,-181076000.0,-43376000.0,-75722000.0,-290981000.0,-149831000.0,4966000.0,294540000.0,0.0,200571000.0,200571000.0,200571000.0,-3846000.0,0.0,0.2,686406000.0,318084000.0,58682000.0,0.369,7.247,18.96,18.831,23684000.0,0.0,36.72,3.786,3.786,33817000.0,1094525000.0,1004490000.0,1004490000.0,0.0,0.251,0.381,1.411,0.316,12259000.0,599900000.0,1.0,103560916.0,103560916.0,,9.7,311455000.0,5167000.0,117184000.0,52923000.0,3.007,50464000.0
58,FHI,MRT,2006-12-31,2006-12-31,2006-12-31,2021-08-03,451000.0,810294000.0,828107250.0,182051000.0,628243000.0,1.182,5.04,-4740000.0,118721000.0,118721000.0,0.0,197729000.0,1.38,0.529,112987000.0,0.0,112987000.0,112987000.0,0.0,75931000.0,0.0,0.02,0.69,311448000.0,387379000.0,0.396,387379000.0,311448000.0,311448000.0,1.9,1.86,1.9,529375000.0,533978500.0,529375000.0,3598868481.0,12.0,9.29,288978000.0,2.751,1.0,978858000.0,1.0,488650000.0,0.0,184003000.0,244818500.0,0.0,16193000.0,16193000.0,0.0,280037000.0,131907000.0,148130000.0,3548030481.0,-127125000.0,-149485000.0,-159907000.0,-44682000.0,-73046000.0,-271693000.0,-149150000.0,5075000.0,293718000.0,0.0,197729000.0,197729000.0,197729000.0,-6681000.0,0.0,0.202,670386000.0,308472000.0,53223000.0,0.363,6.702,17.944,17.779,24168000.0,0.0,33.78,3.625,3.625,32639000.0,1065505000.0,978858000.0,978858000.0,0.0,0.239,0.37,1.272,0.318,11578000.0,584892000.0,1.0,105033466.0,105033466.0,,9.319,321644000.0,4222000.0,113719000.0,28319000.0,3.062,50144000.0
59,FHI,MRT,2006-09-30,2006-09-30,2006-09-30,2021-08-03,351000.0,816003000.0,849689000.0,176697000.0,639306000.0,1.127,5.074,544000.0,76076000.0,76076000.0,0.0,196278000.0,1.479,0.525,126914000.0,2620000.0,124294000.0,126914000.0,0.0,74247000.0,0.0,0.02,0.66,310055000.0,384302000.0,0.401,384302000.0,310055000.0,310055000.0,1.87,1.83,1.87,534498000.0,536717000.0,534498000.0,3547910253.0,11.0,9.232,151352000.0,1.437,1.0,957714000.0,1.0,489709000.0,0.0,257640000.0,267229250.0,0.0,37444000.0,37444000.0,0.0,280755000.0,119492000.0,161263000.0,3561478253.0,-219313000.0,-153634000.0,-119009000.0,-43762000.0,-70226000.0,-229501000.0,-140620000.0,12470000.0,150808000.0,0.0,196278000.0,196278000.0,196278000.0,-7023000.0,0.0,0.205,648606000.0,309108000.0,54095000.0,0.353,6.663,18.145,18.08,24790000.0,0.0,33.81,3.719,3.719,36227000.0,1032463000.0,957714000.0,957714000.0,0.0,0.231,0.366,1.16,0.324,9884000.0,566733000.0,1.0,105338014.0,105338014.0,,9.092,326294000.0,2777000.0,113777000.0,30296000.0,3.098,57205000.0
60,FHI,MRT,2006-06-30,2006-06-30,2006-06-30,2021-08-03,303000.0,776355000.0,893527000.0,242362000.0,533993000.0,1.065,4.819,-4996000.0,149188000.0,149188000.0,0.0,214336000.0,2.494,0.507,135620000.0,321000.0,135299000.0,135620000.0,0.0,73058000.0,0.0,0.02,0.63,338563000.0,411621000.0,0.432,411621000.0,338563000.0,338563000.0,2.03,1.99,2.03,514884000.0,530257250.0,514884000.0,3258792407.0,10.0,7.917,164017000.0,1.535,1.0,951748000.0,1.0,376449000.0,0.0,289163000.0,308564500.0,0.0,42199000.0,42199000.0,0.0,261272000.0,97175000.0,164097000.0,3365692407.0,-89601000.0,-47124000.0,-88798000.0,-43690000.0,-67356000.0,-206584000.0,-52030000.0,90000.0,169013000.0,0.0,214336000.0,214336000.0,214336000.0,-5412000.0,0.0,0.225,609504000.0,342244000.0,50704000.0,0.31,6.537,15.703,15.517,22294000.0,0.0,31.5,3.536,3.536,35257000.0,1013448000.0,951748000.0,951748000.0,0.0,0.24,0.404,1.097,0.356,9656000.0,528552000.0,1.0,106847378.0,106847378.0,,8.908,399906000.0,2060000.0,124227000.0,23198000.0,3.743,145187000.0
61,FHI,MRT,2006-03-31,2006-03-31,2006-03-31,2021-08-03,315000.0,909777000.0,937312250.0,362568000.0,547209000.0,0.995,5.225,-1878000.0,258016000.0,258016000.0,0.0,202176000.0,2.049,0.632,151116000.0,3442000.0,147674000.0,151116000.0,0.0,72697000.0,0.0,0.015,0.6,328349000.0,401046000.0,0.43,401046000.0,328349000.0,328349000.0,1.91,1.87,1.91,557157000.0,515615000.0,557157000.0,4079437347.0,12.0,10.172,192667000.0,1.807,1.0,933074000.0,1.0,377452000.0,0.0,248468000.0,349016250.0,0.0,37963000.0,37963000.0,0.0,352026000.0,176957000.0,175069000.0,4163794347.0,-16049000.0,-66559000.0,-25785000.0,-43083000.0,-64115000.0,-141691000.0,-68903000.0,-466000.0,194545000.0,0.0,202176000.0,202176000.0,202176000.0,-1908000.0,0.0,0.217,592674000.0,340400000.0,78465000.0,0.314,7.473,20.595,20.445,23001000.0,0.0,39.05,4.462,4.462,54096000.0,986636000.0,933074000.0,933074000.0,0.0,0.216,0.392,0.941,0.352,9189000.0,507670000.0,1.0,106627256.0,106627256.0,,8.751,532325000.0,3189000.0,126173000.0,45880000.0,4.992,185611000.0
62,FHI,MRT,2005-12-31,2005-12-31,2005-12-31,2021-08-03,326000.0,896621000.0,950012500.0,346423000.0,550198000.0,0.943,5.041,-2341000.0,246433000.0,246433000.0,0.0,160283000.0,2.083,0.657,159784000.0,0.0,159784000.0,159784000.0,0.0,71486000.0,0.0,0.016,0.575,275179000.0,346665000.0,0.387,346665000.0,275179000.0,275179000.0,1.51,1.48,1.51,540329000.0,484473250.0,540329000.0,3931821962.0,14.0,11.342,183665000.0,1.713,1.0,896238000.0,1.0,370026000.0,0.0,273646000.0,395991750.0,0.0,38372000.0,38372000.0,0.0,355039000.0,166300000.0,188739000.0,3970211962.0,-10367000.0,-58906000.0,-23082000.0,-40126000.0,-61465000.0,-135019000.0,-61354000.0,-107000.0,186006000.0,0.0,160283000.0,160283000.0,160283000.0,691000.0,0.0,0.179,601344000.0,294894000.0,72145000.0,0.381,7.348,24.77,24.53,22006000.0,0.0,37.04,4.43,4.43,52509000.0,954710000.0,896238000.0,896238000.0,0.0,0.169,0.331,0.695,0.307,6789000.0,467491000.0,1.0,107187148.0,107187148.0,,8.361,526595000.0,2433000.0,114896000.0,22531000.0,4.913,180123000.0
63,FHI,MRT,2005-09-30,2005-09-30,2005-09-30,2021-08-03,307000.0,991355000.0,964529250.0,371967000.0,619388000.0,0.883,4.744,-814000.0,296846000.0,296846000.0,0.0,140202000.0,1.929,0.948,258456000.0,2974000.0,255482000.0,258456000.0,0.0,71116000.0,0.0,0.017,0.55,248639000.0,319755000.0,0.375,319755000.0,248639000.0,248639000.0,1.32,1.29,1.32,508659000.0,463829250.0,508659000.0,3594617990.0,14.0,11.242,303311000.0,2.829,1.0,851856000.0,1.0,337168000.0,0.0,422981000.0,453299250.0,0.0,6626000.0,6626000.0,0.0,482232000.0,192816000.0,289416000.0,3563223990.0,87721000.0,-61341000.0,-40009000.0,-37417000.0,-58796000.0,-147933000.0,-68471000.0,-6316000.0,304125000.0,0.0,140202000.0,140202000.0,140202000.0,-1489000.0,0.0,0.165,583389000.0,268467000.0,145180000.0,0.417,7.005,25.415,25.174,22757000.0,0.0,33.23,4.183,4.183,50162000.0,918951000.0,851856000.0,851856000.0,0.0,0.145,0.302,0.549,0.292,9233000.0,430977000.0,1.0,107229130.0,107229130.0,,7.944,654187000.0,2354000.0,108437000.0,27712000.0,6.101,179151000.0
64,FHI,MRT,2005-06-30,2005-06-30,2005-06-30,2021-08-03,344000.0,951496000.0,941977250.0,318751000.0,632745000.0,0.869,4.281,-2647000.0,238581000.0,238581000.0,0.0,123586000.0,1.637,1.084,269975000.0,3559000.0,266416000.0,269975000.0,0.0,70988000.0,0.0,0.017,0.502,221622000.0,292610000.0,0.358,292610000.0,221622000.0,221622000.0,1.16,1.13,1.16,456315000.0,450289750.0,456315000.0,3205588303.0,14.0,10.955,293080000.0,2.75,1.0,818301000.0,1.0,337225000.0,0.0,450970000.0,495181000.0,0.0,1653000.0,1653000.0,0.0,494843000.0,194695000.0,300148000.0,3198594303.0,48829000.0,-58804000.0,-84819000.0,-35793000.0,-53782000.0,-185970000.0,-60928000.0,523000.0,295727000.0,0.0,123586000.0,123586000.0,123586000.0,-2202000.0,0.0,0.151,575082000.0,243219000.0,140516000.0,0.433,7.01,25.882,25.871,24880000.0,0.0,30.01,3.909,3.909,48530000.0,877198000.0,818301000.0,818301000.0,0.0,0.131,0.274,0.448,0.271,22233000.0,422740000.0,1.0,106584282.0,106584282.0,,7.678,614271000.0,8851000.0,98036000.0,26722000.0,5.763,124056000.0
65,FHI,MRT,2005-03-31,2005-03-31,2005-03-31,2021-08-03,437000.0,960578000.0,928207500.0,331856000.0,628722000.0,0.877,4.047,-4984000.0,273712000.0,273712000.0,0.0,136474000.0,1.578,1.219,280706000.0,4737000.0,275969000.0,280706000.0,0.0,71855000.0,0.0,0.016,0.454,231300000.0,303155000.0,0.373,303155000.0,231300000.0,231300000.0,1.27,1.24,1.27,432590000.0,448224500.0,432590000.0,3062400818.0,13.0,10.102,287997000.0,2.694,1.0,813653000.0,1.0,320882000.0,0.0,436370000.0,537505500.0,0.0,1613000.0,1613000.0,0.0,527282000.0,210320000.0,316962000.0,3026330818.0,4447000.0,-67416000.0,-121958000.0,-34492000.0,-48820000.0,-216658000.0,-71876000.0,524000.0,292981000.0,0.0,136474000.0,136474000.0,136474000.0,-4441000.0,0.0,0.168,560990000.0,252663000.0,112629000.0,0.357,6.996,22.175,22.291,26278000.0,0.0,28.31,3.719,3.719,40480000.0,856242000.0,813653000.0,813653000.0,0.0,0.147,0.304,0.43,0.284,20495000.0,413406000.0,1.0,106899711.0,106899711.0,,7.611,639696000.0,9571000.0,94826000.0,32280000.0,5.984,121536000.0
66,FHI,MRT,2004-12-31,2004-12-31,2004-12-31,2021-08-03,529000.0,954688000.0,931270250.0,322500000.0,632188000.0,0.892,4.26,-5527000.0,256213000.0,256213000.0,0.0,181179000.0,1.839,1.084,291742000.0,6827000.0,284915000.0,291742000.0,0.0,73014000.0,0.0,0.014,0.414,289392000.0,362406000.0,0.436,362406000.0,289392000.0,289392000.0,1.68,1.64,1.68,457753000.0,452379000.0,457753000.0,3363196605.0,12.0,9.28,291518000.0,2.713,1.0,830314000.0,1.0,311974000.0,0.0,502876000.0,569202000.0,0.0,2058000.0,2058000.0,0.0,496349000.0,175367000.0,320982000.0,3266631605.0,23749000.0,-66318000.0,-114012000.0,-31586000.0,-44703000.0,-201483000.0,-71813000.0,32000.0,297045000.0,0.0,181179000.0,181179000.0,181179000.0,-4644000.0,0.0,0.218,517887000.0,312427000.0,72759000.0,0.246,7.136,18.03,18.095,27166000.0,0.0,30.4,3.934,3.934,41051000.0,865348000.0,830314000.0,830314000.0,0.0,0.195,0.401,0.508,0.349,41115000.0,420654000.0,1.0,107454987.0,107454987.0,,7.727,642714000.0,8916000.0,108213000.0,25650000.0,5.981,147133000.0
67,FHI,MRT,2004-09-30,2004-09-30,2004-09-30,2021-08-03,347000.0,901147000.0,912405250.0,284011000.0,617136000.0,0.925,4.193,-6001000.0,207286000.0,207286000.0,0.0,192207000.0,2.325,0.982,303851000.0,10726000.0,293125000.0,303851000.0,0.0,65390000.0,0.0,0.013,0.374,301336000.0,366726000.0,0.434,366726000.0,301336000.0,301336000.0,1.79,1.74,1.79,454501000.0,436904000.0,454501000.0,3209732243.0,11.0,8.752,268951000.0,2.481,1.0,844313000.0,1.0,285040000.0,0.0,590508000.0,599345750.0,0.0,1776000.0,1776000.0,0.0,446184000.0,122164000.0,324020000.0,3083041243.0,34911000.0,-65973000.0,-93075000.0,-23482000.0,-40539000.0,-168426000.0,-71615000.0,359000.0,274952000.0,0.0,192207000.0,192207000.0,192207000.0,-2082000.0,0.0,0.228,520506000.0,323807000.0,27661000.0,0.209,6.783,16.04,15.888,28468000.0,0.0,28.44,3.652,3.652,38897000.0,849654000.0,844313000.0,844313000.0,0.0,0.211,0.44,0.503,0.357,37187000.0,444224000.0,1.0,108405107.0,108405107.0,,7.788,616107000.0,1669000.0,109129000.0,23527000.0,5.683,161847000.0
68,FHI,MRT,2004-06-30,2004-06-30,2004-06-30,2021-08-03,313000.0,896417000.0,823351750.0,265689000.0,630728000.0,1.024,4.145,-7946000.0,189752000.0,189752000.0,0.0,196096000.0,2.285,1.0,316443000.0,14757000.0,301686000.0,316443000.0,0.0,56696000.0,0.0,0.012,0.357,306205000.0,362901000.0,0.431,362901000.0,306205000.0,306205000.0,1.83,1.77,1.83,448054000.0,413700750.0,448054000.0,3333912409.0,11.0,9.187,265474000.0,2.456,1.0,842973000.0,1.0,286569000.0,0.0,620268000.0,478844000.0,0.0,1776000.0,1776000.0,0.0,448022000.0,116271000.0,331751000.0,3279816409.0,72158000.0,-67692000.0,-60580000.0,-14452000.0,-38723000.0,-125191000.0,-76071000.0,-433000.0,273420000.0,0.0,196096000.0,196096000.0,196096000.0,-3570000.0,0.0,0.233,519384000.0,323589000.0,36160000.0,0.195,7.32,16.726,16.579,28870000.0,0.0,30.34,3.891,3.891,46054000.0,831543000.0,842973000.0,842973000.0,0.0,0.238,0.474,0.639,0.363,24384000.0,454710000.0,1.0,108102057.0,108102057.0,,7.798,609848000.0,1071000.0,110109000.0,22435000.0,5.641,149418000.0
69,FHI,MRT,2004-03-31,2004-03-31,2004-03-31,2021-08-03,343000.0,972829000.0,721923500.0,326732000.0,646097000.0,1.144,4.134,-6837000.0,269265000.0,269265000.0,0.0,194507000.0,1.879,1.164,323361000.0,3739000.0,319622000.0,323361000.0,0.0,46057000.0,0.0,0.01,0.325,304358000.0,350415000.0,0.424,350415000.0,304358000.0,304358000.0,1.82,1.75,1.82,449208000.0,381667750.0,449208000.0,3515031449.0,12.0,10.031,253969000.0,2.337,1.0,825624000.0,1.0,289903000.0,0.0,563156000.0,354472750.0,0.0,1545000.0,1545000.0,0.0,522910000.0,173866000.0,349044000.0,3415182449.0,151231000.0,-1262000.0,-49253000.0,-5494000.0,-35342000.0,-101043000.0,-8532000.0,-433000.0,260806000.0,0.0,194507000.0,194507000.0,194507000.0,-2420000.0,0.0,0.236,506460000.0,319164000.0,37541000.0,0.179,7.603,17.558,17.269,29865000.0,0.0,31.43,4.136,4.136,45501000.0,791911000.0,825624000.0,825624000.0,0.0,0.269,0.51,0.859,0.369,24477000.0,452153000.0,1.0,108659957.0,108659957.0,,7.598,682926000.0,4531000.0,109851000.0,25155000.0,6.285,152866000.0
70,FHI,MRT,2003-12-31,2003-12-31,2003-12-31,2021-08-03,372000.0,879228000.0,601091750.0,291332000.0,587896000.0,1.318,3.643,-6288000.0,232464000.0,232464000.0,0.0,191485000.0,2.234,1.22,333356000.0,5672000.0,327684000.0,333356000.0,0.0,35417000.0,0.0,0.01,0.297,298205000.0,333622000.0,0.421,333622000.0,298205000.0,298205000.0,1.78,1.71,1.78,395853000.0,346976000.0,395853000.0,3080938295.0,10.0,9.235,242529000.0,2.232,1.0,792308000.0,1.0,226268000.0,0.0,623451000.0,240418250.0,0.0,1526000.0,1526000.0,0.0,482815000.0,130401000.0,352414000.0,3190397295.0,82555000.0,-1245000.0,-115751000.0,1363000.0,-32493000.0,-158346000.0,-7916000.0,-383000.0,248817000.0,0.0,191485000.0,191485000.0,191485000.0,-2591000.0,0.0,0.242,483653000.0,308655000.0,69708000.0,0.167,8.06,16.661,16.494,30892000.0,0.0,29.36,4.027,4.027,45260000.0,749410000.0,792308000.0,792308000.0,0.0,0.319,0.552,1.24,0.376,3469000.0,440789000.0,1.0,108664758.0,108664758.0,,7.291,652960000.0,3545000.0,106720000.0,21433000.0,6.009,160931000.0
71,FHI,MRT,2003-09-30,2003-09-30,2003-09-30,2021-08-03,215000.0,544933000.0,580147500.0,220613000.0,324320000.0,1.439,3.33,-7358000.0,172375000.0,172375000.0,0.0,197610000.0,2.245,0.505,62916000.0,2488000.0,60428000.0,62916000.0,0.0,34227000.0,0.0,0.01,0.269,303443000.0,337670000.0,0.405,337670000.0,303443000.0,303443000.0,1.82,1.75,1.82,361688000.0,333192000.0,361688000.0,2956831957.0,10.0,8.757,231916000.0,2.135,1.0,834598000.0,1.0,228705000.0,0.0,108501000.0,240741250.0,0.0,1840000.0,1840000.0,0.0,182758000.0,98268000.0,84490000.0,3008650957.0,49637000.0,-1284000.0,-141426000.0,1515000.0,-29738000.0,-180071000.0,-9566000.0,-924000.0,239274000.0,0.0,197610000.0,197610000.0,197610000.0,-6876000.0,0.0,0.237,524604000.0,309994000.0,29650000.0,0.148,8.318,15.225,15.22,32240000.0,0.0,27.7,3.605,3.605,35600000.0,715873000.0,834598000.0,834598000.0,0.0,0.341,0.593,1.26,0.364,3469000.0,488000000.0,1.0,108615558.0,108615558.0,,7.684,316228000.0,2451000.0,105833000.0,19947000.0,2.911,122345000.0
72,FHI,MRT,2003-06-30,2003-06-30,2003-06-30,2021-08-03,178000.0,490704000.0,569472500.0,165632000.0,325072000.0,1.413,2.934,-6914000.0,117594000.0,117594000.0,0.0,196597000.0,1.924,0.533,65775000.0,5058000.0,60717000.0,65775000.0,0.0,32972000.0,0.0,0.009,0.241,301738000.0,334710000.0,0.416,334710000.0,301738000.0,301738000.0,1.79,1.72,1.79,319922000.0,324967250.0,319922000.0,2936306566.0,10.0,8.773,217450000.0,1.994,1.0,804759000.0,1.0,230034000.0,0.0,122783000.0,240535500.0,0.0,1029000.0,1029000.0,0.0,170369000.0,86068000.0,84301000.0,2989726566.0,41320000.0,-158000.0,-140320000.0,2276000.0,-27010000.0,-175842000.0,-7202000.0,-130000.0,224364000.0,0.0,196597000.0,196597000.0,196597000.0,-5841000.0,0.0,0.244,492668000.0,312091000.0,26889000.0,0.135,9.345,15.207,15.318,30878000.0,0.0,27.42,3.715,3.715,35378000.0,674170000.0,804759000.0,804759000.0,0.0,0.345,0.605,1.254,0.375,369000.0,456579000.0,1.0,109034521.0,109034521.0,,7.381,260670000.0,1418000.0,105141000.0,18499000.0,2.391,79564000.0
73,FHI,MRT,2003-03-31,2003-03-31,2003-03-31,2021-08-03,95000.0,489502000.0,561271750.0,162354000.0,327148000.0,1.41,2.818,-7352000.0,118034000.0,118034000.0,0.0,200148000.0,1.68,0.576,64614000.0,4579000.0,60035000.0,64614000.0,0.0,33335000.0,0.0,0.009,0.228,306315000.0,339650000.0,0.429,339650000.0,306315000.0,306315000.0,1.8,1.73,1.8,310441000.0,319047250.0,310441000.0,2718497799.0,9.0,8.004,224978000.0,2.042,1.0,791405000.0,1.0,232516000.0,0.0,106938000.0,238929000.0,0.0,1010000.0,1010000.0,0.0,178842000.0,96628000.0,82214000.0,2803615799.0,33410000.0,-33183000.0,-125155000.0,2647000.0,-25893000.0,-159089000.0,-39831000.0,704000.0,232330000.0,0.0,200148000.0,200148000.0,200148000.0,-4991000.0,0.0,0.253,473971000.0,317434000.0,27679000.0,0.127,9.031,14.008,14.139,32389000.0,0.0,25.45,3.543,3.543,35531000.0,632746000.0,791405000.0,791405000.0,0.0,0.357,0.627,1.282,0.387,206000.0,437856000.0,1.0,110161721.0,110161721.0,,7.184,256986000.0,290000.0,106167000.0,37468000.0,2.333,65726000.0
74,FHI,MRT,2002-12-31,2002-12-31,2002-12-31,2021-08-03,21000.0,795451000.0,556914250.0,203662000.0,591789000.0,1.399,2.998,-7207000.0,149909000.0,149909000.0,0.0,203760000.0,1.82,1.333,326261000.0,5548000.0,320713000.0,326261000.0,0.0,33742000.0,0.0,0.009,0.217,313027000.0,346769000.0,0.445,346769000.0,313027000.0,313027000.0,1.81,1.74,1.81,340717000.0,307214000.0,340717000.0,2822799206.0,9.0,8.14,208590000.0,1.835,1.0,778971000.0,1.0,235166000.0,0.0,624743000.0,228380750.0,0.0,1023000.0,1023000.0,0.0,454154000.0,111894000.0,342260000.0,2883467206.0,76398000.0,-33487000.0,-69496000.0,2250000.0,-24789000.0,-102947000.0,-36452000.0,4242000.0,215797000.0,0.0,203760000.0,203760000.0,203760000.0,-4991000.0,0.0,0.262,454671000.0,324300000.0,31410000.0,0.12,8.463,14.151,14.017,33722000.0,0.0,25.37,3.702,3.702,41192000.0,590418000.0,778971000.0,778971000.0,0.0,0.366,0.663,1.371,0.402,82000.0,417744000.0,1.0,113656571.0,113656571.0,,6.854,560285000.0,1166000.0,109267000.0,15773000.0,4.93,91768000.0
75,FHI,MRT,2002-09-30,2002-09-30,2002-09-30,2021-08-03,-61000.0,502233000.0,465939750.0,165993000.0,336240000.0,1.757,2.879,-6864000.0,122738000.0,122738000.0,0.0,195599000.0,1.737,0.526,62070000.0,3580000.0,58490000.0,62070000.0,0.0,41915000.0,0.0,0.008,0.206,304510000.0,346425000.0,0.423,346425000.0,304510000.0,304510000.0,1.73,1.66,1.73,328789000.0,281309000.0,328789000.0,3067684187.0,10.0,8.855,204154000.0,1.788,1.0,818488000.0,1.0,238325000.0,0.0,107678000.0,92465000.0,0.0,1472000.0,1472000.0,0.0,172989000.0,95562000.0,77427000.0,3082338187.0,33747000.0,-34211000.0,-73800000.0,-81157000.0,-23656000.0,-189636000.0,12365000.0,53440000.0,211018000.0,0.0,195599000.0,195599000.0,195599000.0,0.0,0.0,0.239,480894000.0,337594000.0,26305000.0,0.119,9.375,15.758,15.601,35680000.0,0.0,26.99,3.766,3.766,35315000.0,548000000.0,818488000.0,818488000.0,0.0,0.42,0.695,3.293,0.372,82000.0,437388000.0,1.0,114202971.0,114202971.0,,7.167,263908000.0,390000.0,108911000.0,12841000.0,2.311,70431000.0
76,FHI,MRT,2002-06-30,2002-06-30,2002-06-30,2021-08-03,-45000.0,457901000.0,522768250.0,119864000.0,338037000.0,1.581,2.59,-5653000.0,76274000.0,76274000.0,0.0,188863000.0,1.387,0.545,61620000.0,4672000.0,56948000.0,61620000.0,0.0,52328000.0,0.0,0.006,0.195,294110000.0,346438000.0,0.419,346438000.0,294110000.0,294110000.0,1.65,1.59,1.65,296242000.0,255944750.0,296242000.0,3925143455.0,13.0,11.33,243486000.0,2.129,1.0,826420000.0,1.0,240463000.0,0.0,116357000.0,227303750.0,0.0,205000.0,205000.0,0.0,161352000.0,86427000.0,74925000.0,3953403455.0,16891000.0,-34913000.0,-91226000.0,-96032000.0,-22543000.0,-220574000.0,-11674000.0,28892000.0,249139000.0,0.0,188863000.0,188863000.0,188863000.0,0.0,0.0,0.229,495384000.0,331036000.0,26451000.0,0.118,13.345,20.933,20.952,33397000.0,0.0,34.57,4.784,4.784,35661000.0,504583000.0,826420000.0,826420000.0,0.0,0.361,0.738,1.294,0.356,80000.0,441830000.0,1.0,114359371.0,114359371.0,,7.227,217438000.0,370000.0,105247000.0,11522000.0,1.901,33437000.0
77,FHI,MRT,2002-03-31,2002-03-31,2002-03-31,2021-08-03,-212000.0,472072000.0,584987750.0,131284000.0,340788000.0,1.406,2.294,-5981000.0,84624000.0,84624000.0,0.0,179126000.0,0.967,0.795,56364000.0,478000.0,55886000.0,56364000.0,0.0,61525000.0,0.0,0.006,0.184,280238000.0,341763000.0,0.415,341763000.0,280238000.0,280238000.0,1.55,1.5,1.55,263108000.0,236030750.0,263108000.0,3697101177.0,13.0,10.818,244469000.0,2.131,1.0,822770000.0,1.0,243255000.0,0.0,64745000.0,371399000.0,0.0,1036000.0,1036000.0,0.0,209052000.0,135812000.0,73240000.0,3710573177.0,-138408000.0,-173652000.0,-99058000.0,-125379000.0,-21407000.0,662223000.0,-151081000.0,28552000.0,250450000.0,0.0,179126000.0,179126000.0,179126000.0,0.0,0.0,0.218,500742000.0,322028000.0,28285000.0,0.119,14.103,20.715,20.871,34162000.0,0.0,32.35,4.51,4.51,39661000.0,458491000.0,822770000.0,822770000.0,0.0,0.306,0.759,0.755,0.341,4243000.0,438952000.0,1.0,114700871.0,114700871.0,,7.173,228817000.0,1496000.0,101112000.0,37601000.0,1.995,-4528000.0
78,FHI,MRT,2001-12-31,2001-12-31,2001-12-31,2021-08-03,-286000.0,431553000.0,642857500.0,122309000.0,309244000.0,1.267,2.04,-7046000.0,73511000.0,73511000.0,0.0,168447000.0,0.978,0.819,60039000.0,5085000.0,54954000.0,60039000.0,0.0,69840000.0,0.0,0.005,0.175,263035000.0,332875000.0,0.409,332875000.0,263035000.0,263035000.0,1.46,1.4,1.46,237097000.0,212232250.0,237097000.0,3966240495.0,15.0,11.915,273600000.0,2.355,1.0,814697000.0,1.0,211893000.0,0.0,81080000.0,533784250.0,0.0,4602000.0,4602000.0,0.0,194093000.0,125108000.0,68985000.0,3704460495.0,-76409000.0,-173375000.0,-77421000.0,-144518000.0,-20456000.0,-253450000.0,-103605000.0,76816000.0,280646000.0,0.0,168447000.0,168447000.0,168447000.0,0.0,0.0,0.207,500507000.0,314190000.0,29102000.0,0.12,15.624,21.992,21.836,34521000.0,0.0,31.88,4.547,4.547,39177000.0,411447000.0,814697000.0,814697000.0,0.0,0.262,0.794,0.493,0.323,6703000.0,432123000.0,1.0,116200141.0,116200141.0,,7.011,219660000.0,2025000.0,94588000.0,33579000.0,1.89,-2799000.0
79,FHI,MRT,2001-09-30,2001-09-30,2001-09-30,2021-08-03,-4527000.0,729547000.0,711156750.0,193734000.0,535813000.0,0.959,1.937,-9254000.0,88991000.0,88991000.0,0.0,168779000.0,1.511,2.208,350771000.0,18333000.0,332438000.0,350771000.0,0.0,71524000.0,0.0,0.006,0.166,263096000.0,334620000.0,0.491,334620000.0,263096000.0,263096000.0,1.45,1.41,1.45,227332000.0,189925000.0,227332000.0,3779035094.0,14.0,11.294,279039000.0,2.378,1.0,682009000.0,1.0,216088000.0,0.0,647033000.0,710367500.0,0.0,53620000.0,53620000.0,0.0,501975000.0,128206000.0,373769000.0,3473052094.0,-48258000.0,-173166000.0,-68972000.0,-76743000.0,-19451000.0,-176178000.0,-160373000.0,22047000.0,288293000.0,0.0,168779000.0,168779000.0,168779000.0,0.0,0.0,0.247,372570000.0,309439000.0,30048000.0,0.114,15.277,20.578,20.414,35392000.0,0.0,29.6,5.092,5.092,44374000.0,376057000.0,682009000.0,682009000.0,0.0,0.237,0.889,0.37,0.386,6703000.0,307432000.0,1.0,117332841.0,117332841.0,,5.813,513459000.0,2718000.0,94317000.0,58850000.0,4.376,65528000.0
80,FHI,MRT,2001-06-30,2001-06-30,2001-06-30,2021-08-03,-4126000.0,706779000.0,,147598000.0,559181000.0,,1.851,-11477000.0,59383000.0,59383000.0,0.0,165600000.0,1.496,2.263,365366000.0,18598000.0,346768000.0,365366000.0,0.0,72546000.0,0.0,0.005,0.157,258578000.0,331124000.0,0.491,331124000.0,258578000.0,258578000.0,1.42,1.38,1.42,216586000.0,,216586000.0,3939626640.0,15.0,11.898,220038000.0,1.88,1.0,673942000.0,1.0,221375000.0,0.0,692738000.0,,0.0,31317000.0,31317000.0,0.0,490079000.0,98649000.0,391430000.0,3768708640.0,-62620000.0,-181391000.0,-56232000.0,-60039000.0,-18439000.0,-145563000.0,-148572000.0,44296000.0,231515000.0,0.0,165600000.0,165600000.0,165600000.0,0.0,0.0,0.246,367707000.0,306235000.0,31563000.0,0.111,17.401,22.758,22.676,35640000.0,0.0,32.2,5.592,5.592,45843000.0,338263000.0,673942000.0,673942000.0,0.0,,,,0.384,6703000.0,301648000.0,1.0,117040641.0,117040641.0,,5.758,485404000.0,2569000.0,92978000.0,38822000.0,4.147,48949000.0
81,FHI,MRT,2001-03-31,2001-03-31,2001-03-31,2021-08-03,-3971000.0,703551000.0,,303792000.0,399759000.0,,1.442,-12397000.0,223032000.0,223032000.0,0.0,159356000.0,2.638,3.189,393950000.0,18891000.0,375059000.0,393950000.0,0.0,73221000.0,0.0,0.005,0.148,248632000.0,321853000.0,0.485,321853000.0,248632000.0,248632000.0,1.36,1.32,1.36,167914000.0,,167914000.0,3561270422.0,14.0,11.065,189103000.0,1.624,1.0,663498000.0,1.0,45003000.0,0.0,714286000.0,,0.0,31832000.0,31832000.0,0.0,535546000.0,115180000.0,420366000.0,3301828422.0,35972000.0,-9707000.0,-80326000.0,-34799000.0,-17463000.0,-1062439000.0,-3089000.0,19015000.0,201500000.0,0.0,159356000.0,159356000.0,159356000.0,0.0,0.0,0.24,364459000.0,299039000.0,30438000.0,0.109,19.664,20.72,20.846,36098000.0,0.0,28.35,4.976,4.976,42098000.0,300772000.0,663498000.0,663498000.0,0.0,,,,0.375,2540000.0,296618000.0,1.0,116466611.0,116466611.0,,5.697,658548000.0,2814000.0,89276000.0,60047000.0,5.654,188612000.0
82,FHI,MRT,2000-12-31,2000-12-31,2000-12-31,2021-08-03,-2746000.0,704750000.0,688971500.0,284547000.0,420203000.0,0.965,1.27,-12157000.0,149920000.0,149920000.0,0.0,155360000.0,2.463,3.762,395082000.0,1090000.0,393992000.0,395082000.0,0.0,74844000.0,0.0,0.005,0.139,242522000.0,317366000.0,0.477,317366000.0,242522000.0,242522000.0,1.32,1.27,1.32,147868000.0,133340000.0,147868000.0,,,,157684000.0,1.354,1.0,664942000.0,1.0,46977000.0,0.0,787413000.0,774327000.0,0.0,85305000.0,85305000.0,0.0,556344000.0,115522000.0,440822000.0,3392672378.0,-21570000.0,-12196000.0,-107606000.0,-174000.0,-16557000.0,-134603000.0,-56808000.0,-32455000.0,169841000.0,0.0,155360000.0,155360000.0,155360000.0,0.0,0.0,0.234,393858000.0,271084000.0,30161000.0,0.105,22.944,21.837,22.068,36406000.0,0.0,29.13,5.102,5.102,43537000.0,263456000.0,664942000.0,664942000.0,0.0,0.225,1.165,0.313,0.365,0.0,321289000.0,1.0,116466611.0,116466611.0,,5.709,657773000.0,2349000.0,87162000.0,48727000.0,5.648,169025000.0
83,FHI,MRT,2000-09-30,2000-09-30,2000-09-30,2021-08-03,,,,,,,,,,,,,,,,,,,,,,0.005,0.13,,,,,,,,,,,,,,,,,,1.0,,,,,,,,,,,,,,,,,,,,,,,,,,,,,,,,,,,,,,,,24.75,,,,,,,,,,,,,,1.0,,,,,,,,,,
84,FHI,MRT,2000-06-30,2000-06-30,2000-06-30,2021-08-03,,,,,,,,,,,,,,,,,,,,,,0.005,0.121,,,,,,,,,,,,,,,,,,1.0,,,,,,,,,,,,,,,,,,,,,,,,,,,,,,,,,,,,,,,,23.373,,,,,,,,,,,,,,1.0,,,,,,,,,,
85,FHI,MRT,2000-03-31,2000-03-31,2000-03-31,2021-08-03,,,,,,,,,,,,,,,,,,,,,,0.006,0.112,,,,,,,,,,,,,,,,,,1.0,,,,,,,,,,,,,,,,,,,,,,,,,,,,,,,,,,,,,,,,18.207,,,,,,,,,,,,,,1.0,,,,,,,,,,
86,FHI,MRT,1999-12-31,1999-12-31,1999-12-31,2021-08-03,-95000.0,673193000.0,,284147000.0,389046000.0,,,-13444000.0,171490000.0,171490000.0,0.0,124020000.0,2.461,4.661,417557000.0,23370000.0,394187000.0,417557000.0,0.0,66392000.0,0.0,0.008,0.109,194881000.0,261273000.0,0.435,261273000.0,194881000.0,194881000.0,0.99,0.96,0.99,118812000.0,,118812000.0,,,,118701000.0,,1.0,601098000.0,1.0,42547000.0,0.0,761241000.0,,0.0,66438000.0,66438000.0,0.0,553785000.0,115472000.0,438313000.0,,-14091000.0,-2158000.0,-79953000.0,36659000.0,-13924000.0,-67512000.0,-78724000.0,-63122000.0,132145000.0,0.0,124020000.0,124020000.0,124020000.0,0.0,0.0,0.206,364152000.0,236946000.0,29321000.0,0.11,,,13.508,31305000.0,0.0,13.373,,,41213000.0,124653000.0,601098000.0,601098000.0,0.0,,,,0.324,0.0,298951000.0,1.0,,,,,630646000.0,1382000.0,70861000.0,40042000.0,,168675000.0
87,FHI,MRT,1998-12-31,1998-12-31,1998-12-31,2021-08-03,,,,,,,,-7526000.0,,,0.0,92369000.0,,,,,,,,55747000.0,,0.004,0.049,145934000.0,201681000.0,0.386,201681000.0,145934000.0,145934000.0,0.73,0.71,0.73,,,,,,,52537000.0,,1.0,522127000.0,1.0,,0.0,,,,,,,,,,,162669000.0,-580000.0,47666000.0,87169000.0,-11480000.0,114690000.0,-12084000.0,-3978000.0,60063000.0,0.0,92369000.0,92369000.0,92369000.0,0.0,0.0,0.177,339709000.0,182418000.0,,0.067,,,16.557,,0.0,12.087,,,,,522127000.0,522127000.0,0.0,,,,0.279,0.0,282997000.0,1.0,,,,,,,53565000.0,,,
