None,ticker,dimension,calendardate,datekey,reportperiod,lastupdated,accoci,assets,assetsavg,assetsc,assetsnc,assetturnover,bvps,capex,cashneq,cashnequsd,cor,consolinc,currentratio,de,debt,debtc,debtnc,debtusd,deferredrev,depamor,deposits,divyield,dps,ebit,ebitda,ebitdamargin,ebitdausd,ebitusd,ebt,eps,epsdil,epsusd,equity,equityavg,equityusd,ev,evebit,evebitda,fcf,fcfps,fxusd,gp,grossmargin,intangibles,intexp,invcap,invcapavg,inventory,investments,investmentsc,investmentsnc,liabilities,liabilitiesc,liabilitiesnc,marketcap,ncf,ncfbus,ncfcommon,ncfdebt,ncfdiv,ncff,ncfi,ncfinv,ncfo,ncfx,netinc,netinccmn,netinccmnusd,netincdis,netincnci,netmargin,opex,opinc,payables,payoutratio,pb,pe,pe1,ppnenet,prefdivis,price,ps,ps1,receivables,retearn,revenue,revenueusd,rnd,roa,roe,roic,ros,sbcomp,sgna,sharefactor,sharesbas,shareswa,shareswadil,sps,tangibles,taxassets,taxexp,taxliabilities,tbvps,workingcapital
0,MPC,MRY,2020-12-31,2020-12-31,2020-12-31,2021-08-04,-512000000.0,85158000000.0,85022000000.0,28287000000.0,56871000000.0,0.812,34.205,-2637000000.0,415000000.0,415000000.0,65733000000.0,-9977000000.0,1.806,2.475,33095000000.0,3351000000.0,29744000000.0,33095000000.0,0.0,3375000000.0,0.0,0.056,2.32,-10891000000.0,-7516000000.0,-0.109,-7516000000.0,-10891000000.0,-12256000000.0,-15.13,-15.13,-15.13,22199000000.0,23120250000.0,22199000000.0,59816914855.0,-5.0,-7.959,-218000000.0,-0.336,1.0,3299000000.0,0.048,8256000000.0,1365000000.0,93919000000.0,93702000000.0,7999000000.0,5422000000.0,0.0,5422000000.0,54938000000.0,15663000000.0,39275000000.0,26910914855.0,-973000000.0,-485000000.0,11000000.0,2676000000.0,-1510000000.0,-135000000.0,-3257000000.0,137000000.0,2419000000.0,0.0,-9826000000.0,-9826000000.0,-9826000000.0,-1205000000.0,-151000000.0,-0.142,15546000000.0,-12247000000.0,8535000000.0,-0.153,1.212,-2.739,-2.734,40556000000.0,0.0,41.36,0.39,0.389,5760000000.0,4650000000.0,69032000000.0,69032000000.0,0.0,-0.116,-0.425,-0.116,-0.158,0.0,2710000000.0,1.0,650650746.0,649000000.0,649000000.0,106.367,76902000000.0,0.0,-2430000000.0,7308000000.0,118.493,12624000000.0
1,MPC,MRY,2019-12-31,2019-12-31,2019-12-31,2021-08-04,-320000000.0,98556000000.0,97506750000.0,30458000000.0,68098000000.0,1.147,51.129,-4763000000.0,1393000000.0,1393000000.0,99228000000.0,3255000000.0,1.797,1.646,30538000000.0,1218000000.0,29320000000.0,30538000000.0,0.0,3225000000.0,0.0,0.035,2.12,4650000000.0,7875000000.0,0.07,7875000000.0,4650000000.0,3421000000.0,4.0,3.97,4.0,33694000000.0,33897500000.0,33694000000.0,68983632967.0,15.0,8.76,4678000000.0,7.099,1.0,12637000000.0,0.113,15650000000.0,1229000000.0,95103000000.0,92281000000.0,9804000000.0,6568000000.0,0.0,6568000000.0,55449000000.0,16948000000.0,38501000000.0,39121632967.0,-196000000.0,-1193000000.0,-1940000000.0,1179000000.0,-1398000000.0,-3376000000.0,-6261000000.0,98000000.0,9441000000.0,0.0,2637000000.0,2637000000.0,2637000000.0,-806000000.0,618000000.0,0.024,8175000000.0,4462000000.0,12209000000.0,0.53,1.161,14.836,15.062,42676000000.0,0.0,60.25,0.35,0.355,7233000000.0,15990000000.0,111865000000.0,111865000000.0,0.0,0.027,0.078,0.05,0.042,0.0,3192000000.0,1.0,649321709.0,659000000.0,664000000.0,169.75,82906000000.0,0.0,784000000.0,7407000000.0,125.806,13510000000.0
2,MPC,MRY,2018-12-31,2018-12-31,2018-12-31,2021-08-04,-144000000.0,92940000000.0,62017750000.0,18023000000.0,74917000000.0,1.396,67.905,-3157000000.0,1687000000.0,1687000000.0,77047000000.0,3606000000.0,1.364,1.361,27524000000.0,544000000.0,26980000000.0,27524000000.0,0.0,2170000000.0,0.0,0.031,1.84,4537000000.0,6707000000.0,0.077,6707000000.0,4537000000.0,3544000000.0,5.36,5.28,5.36,35175000000.0,20071750000.0,35175000000.0,54224266569.0,12.0,8.085,3001000000.0,5.793,1.0,9542000000.0,0.11,20184000000.0,993000000.0,85377000000.0,60058000000.0,9837000000.0,5898000000.0,0.0,5898000000.0,47887000000.0,13216000000.0,34671000000.0,40767266569.0,-1290000000.0,-4231000000.0,-3263000000.0,5358000000.0,-954000000.0,222000000.0,-7670000000.0,16000000.0,6158000000.0,0.0,2780000000.0,2780000000.0,2780000000.0,-673000000.0,826000000.0,0.032,4852000000.0,4690000000.0,10518000000.0,0.343,1.159,14.664,11.009,45058000000.0,0.0,59.01,0.471,0.353,5853000000.0,14755000000.0,86589000000.0,86589000000.0,0.0,0.045,0.139,0.076,0.052,0.0,2276000000.0,1.0,690853526.0,518000000.0,526000000.0,167.16,72756000000.0,0.0,764000000.0,6310000000.0,140.456,4807000000.0
3,MPC,MRY,2017-12-31,2017-12-31,2017-12-31,2021-08-04,-231000000.0,49047000000.0,46780250000.0,13401000000.0,35646000000.0,1.611,27.679,-2653000000.0,3011000000.0,3011000000.0,67089000000.0,3804000000.0,1.279,1.94,12946000000.0,624000000.0,12322000000.0,12946000000.0,0.0,2114000000.0,0.0,0.023,1.52,3646000000.0,5760000000.0,0.076,5760000000.0,3646000000.0,2972000000.0,6.76,6.7,6.76,14033000000.0,13167250000.0,14033000000.0,42919434977.0,12.0,7.451,3959000000.0,7.809,1.0,8280000000.0,0.11,3586000000.0,674000000.0,44918000000.0,45811000000.0,5550000000.0,4787000000.0,0.0,4787000000.0,27219000000.0,10478000000.0,16741000000.0,32225434977.0,2123000000.0,-1054000000.0,-2326000000.0,2236000000.0,-773000000.0,-1091000000.0,-3398000000.0,62000000.0,6612000000.0,0.0,3432000000.0,3432000000.0,3432000000.0,0.0,372000000.0,0.046,4262000000.0,4018000000.0,8888000000.0,0.225,2.296,9.39,9.76,26443000000.0,0.0,65.98,0.428,0.444,4695000000.0,12864000000.0,75369000000.0,75369000000.0,0.0,0.073,0.261,0.08,0.048,0.0,1694000000.0,1.0,488412170.0,507000000.0,512000000.0,148.657,45461000000.0,0.0,-460000000.0,3324000000.0,89.667,2923000000.0
4,MPC,MRY,2016-12-31,2016-12-31,2016-12-31,2021-08-04,-234000000.0,44413000000.0,43399250000.0,10401000000.0,34012000000.0,1.46,25.676,-2791000000.0,887000000.0,887000000.0,57185000000.0,1213000000.0,1.455,1.712,10572000000.0,28000000.0,10544000000.0,10572000000.0,0.0,2001000000.0,0.0,0.027,1.36,2347000000.0,4348000000.0,0.069,4348000000.0,2347000000.0,1783000000.0,2.22,2.21,2.22,13557000000.0,13336000000.0,13557000000.0,36432494766.0,16.0,8.379,1226000000.0,2.322,1.0,6179000000.0,0.098,3587000000.0,564000000.0,43365000000.0,43326750000.0,5656000000.0,3827000000.0,0.0,3827000000.0,23210000000.0,7146000000.0,16064000000.0,26575494766.0,-244000000.0,-288000000.0,-186000000.0,-1416000000.0,-719000000.0,-1294000000.0,-2967000000.0,0.0,4017000000.0,0.0,1174000000.0,1174000000.0,1174000000.0,0.0,39000000.0,0.019,3793000000.0,2386000000.0,6123000000.0,0.613,1.96,22.637,22.68,25765000000.0,0.0,50.35,0.419,0.42,3617000000.0,10206000000.0,63364000000.0,63364000000.0,0.0,0.027,0.088,0.054,0.037,0.0,1597000000.0,1.0,527815189.0,528000000.0,530000000.0,120.008,40826000000.0,0.0,609000000.0,4478000000.0,77.322,3255000000.0
5,MPC,MRY,2015-12-31,2015-12-31,2015-12-31,2021-08-04,-318000000.0,43115000000.0,33527750000.0,9471000000.0,33644000000.0,2.155,24.604,-1977000000.0,1127000000.0,1127000000.0,63583000000.0,2868000000.0,1.493,1.771,11925000000.0,29000000.0,11896000000.0,11925000000.0,0.0,1502000000.0,0.0,0.022,1.14,4676000000.0,6178000000.0,0.085,6178000000.0,4676000000.0,4358000000.0,5.29,5.26,5.29,13237000000.0,12123750000.0,13237000000.0,32277376152.0,7.0,5.225,2096000000.0,3.896,1.0,8675000000.0,0.12,4019000000.0,318000000.0,43549000000.0,29805250000.0,5225000000.0,3622000000.0,0.0,3622000000.0,23440000000.0,6345000000.0,17095000000.0,27629376152.0,-367000000.0,-1549000000.0,-932000000.0,746000000.0,-613000000.0,-999000000.0,-3441000000.0,4000000.0,4073000000.0,0.0,2852000000.0,2852000000.0,2852000000.0,0.0,16000000.0,0.039,3983000000.0,4692000000.0,5246000000.0,0.216,2.087,9.688,9.8,25164000000.0,0.0,51.84,0.382,0.386,2927000000.0,9752000000.0,72258000000.0,72258000000.0,0.0,0.085,0.235,0.157,0.065,0.0,1576000000.0,1.0,532974077.0,538000000.0,542000000.0,134.309,39096000000.0,0.0,1506000000.0,3929000000.0,72.669,3126000000.0
6,MPC,MRY,2014-12-31,2014-12-31,2014-12-31,2021-08-04,-313000000.0,30425000000.0,30166250000.0,11339000000.0,19086000000.0,3.252,18.861,-1453000000.0,1494000000.0,1494000000.0,90960000000.0,2555000000.0,1.322,1.771,6602000000.0,27000000.0,6575000000.0,6602000000.0,0.0,1326000000.0,0.0,0.02,0.92,4020000000.0,5346000000.0,0.054,5346000000.0,4020000000.0,3804000000.0,4.42,4.39,4.42,10751000000.0,10641000000.0,10751000000.0,29700196983.0,7.0,5.556,1657000000.0,2.907,1.0,7142000000.0,0.073,1566000000.0,216000000.0,25388000000.0,21839750000.0,5642000000.0,865000000.0,0.0,865000000.0,19035000000.0,8579000000.0,10456000000.0,25290196983.0,-798000000.0,-3234000000.0,-2105000000.0,3223000000.0,-524000000.0,635000000.0,-4543000000.0,9000000.0,3110000000.0,0.0,2524000000.0,2524000000.0,2524000000.0,0.0,31000000.0,0.026,3091000000.0,4051000000.0,7088000000.0,0.208,2.352,10.02,10.21,16261000000.0,0.0,45.13,0.258,0.262,4058000000.0,7515000000.0,98102000000.0,98102000000.0,0.0,0.084,0.237,0.184,0.041,0.0,1375000000.0,1.0,560385486.0,570000000.0,574000000.0,172.109,28859000000.0,0.0,1280000000.0,3124000000.0,50.63,2760000000.0
7,MPC,MRY,2013-12-31,2013-12-31,2013-12-31,2021-08-04,-204000000.0,28385000000.0,29464000000.0,12737000000.0,15648000000.0,3.403,17.333,-1190000000.0,2292000000.0,2292000000.0,94021000000.0,2133000000.0,1.297,1.562,3396000000.0,23000000.0,3373000000.0,3396000000.0,0.0,1220000000.0,0.0,0.021,0.98,3404000000.0,4624000000.0,0.046,4624000000.0,3404000000.0,3225000000.0,3.34,3.32,3.34,10920000000.0,11388750000.0,10920000000.0,28998177173.0,9.0,6.271,2215000000.0,3.516,1.0,6233000000.0,0.062,938000000.0,179000000.0,18727000000.0,18606750000.0,4689000000.0,463000000.0,0.0,463000000.0,17053000000.0,9824000000.0,7229000000.0,27613177173.0,-2568000000.0,-1666000000.0,-2745000000.0,-25000000.0,-484000000.0,-3217000000.0,-2756000000.0,77000000.0,3405000000.0,0.0,2112000000.0,2112000000.0,2112000000.0,0.0,21000000.0,0.021,2808000000.0,3425000000.0,8640000000.0,0.293,2.529,13.074,13.732,13921000000.0,0.0,45.865,0.275,0.288,5559000000.0,5507000000.0,100254000000.0,100254000000.0,0.0,0.072,0.185,0.183,0.034,0.0,1248000000.0,1.0,602053356.0,630000000.0,634000000.0,159.133,27447000000.0,0.0,1113000000.0,3190000000.0,43.567,2913000000.0
8,MPC,MRY,2012-12-31,2012-12-31,2012-12-31,2021-08-04,-464000000.0,27223000000.0,25948250000.0,13029000000.0,14194000000.0,3.179,17.197,-1316000000.0,4860000000.0,4860000000.0,74657000000.0,3393000000.0,1.588,1.293,3361000000.0,19000000.0,3342000000.0,3361000000.0,0.0,995000000.0,0.0,0.019,0.6,5343000000.0,6338000000.0,0.077,6338000000.0,5343000000.0,5234000000.0,4.975,4.945,4.975,11694000000.0,10675750000.0,11694000000.0,21330535930.0,4.0,3.365,3176000000.0,4.671,1.0,7835000000.0,0.095,930000000.0,109000000.0,16591000000.0,16976250000.0,3449000000.0,321000000.0,0.0,321000000.0,15118000000.0,8203000000.0,6915000000.0,21368535930.0,1781000000.0,-247000000.0,-1242000000.0,-23000000.0,-407000000.0,-1259000000.0,-1452000000.0,108000000.0,4492000000.0,0.0,3389000000.0,3389000000.0,3389000000.0,0.0,4000000.0,0.041,2488000000.0,5347000000.0,7149000000.0,0.121,1.827,6.305,6.332,12643000000.0,0.0,31.5,0.259,0.26,4610000000.0,3880000000.0,82492000000.0,82492000000.0,0.0,0.131,0.317,0.315,0.065,0.0,1223000000.0,1.0,678366220.0,680000000.0,684000000.0,121.312,26293000000.0,0.0,1845000000.0,2973000000.0,38.666,4826000000.0
9,MPC,MRY,2011-12-31,2011-12-31,2011-12-31,2021-08-04,-879000000.0,25745000000.0,24677750000.0,12001000000.0,13744000000.0,3.191,13.35,-1041000000.0,3079000000.0,3079000000.0,72825000000.0,2389000000.0,1.251,1.709,3307000000.0,15000000.0,3292000000.0,3307000000.0,0.0,891000000.0,0.0,0.014,0.225,3780000000.0,4671000000.0,0.059,4671000000.0,3780000000.0,3719000000.0,3.35,3.335,3.35,9505000000.0,9391750000.0,9505000000.0,12210494373.0,3.0,2.614,2268000000.0,3.185,1.0,5934000000.0,0.075,842000000.0,61000000.0,15540000000.0,16411750000.0,3320000000.0,302000000.0,0.0,302000000.0,16240000000.0,9591000000.0,6649000000.0,11868494373.0,2961000000.0,-74000000.0,1000000.0,-701000000.0,-160000000.0,-1643000000.0,1295000000.0,2401000000.0,3309000000.0,0.0,2389000000.0,2389000000.0,2389000000.0,0.0,0.0,0.03,2189000000.0,3745000000.0,8501000000.0,0.067,1.249,4.968,4.969,12228000000.0,0.0,16.645,0.151,0.15,5461000000.0,898000000.0,78759000000.0,78759000000.0,0.0,0.097,0.254,0.23,0.048,0.0,1059000000.0,1.0,713036610.0,712000000.0,714000000.0,110.617,24903000000.0,0.0,1330000000.0,2205000000.0,34.976,2410000000.0
10,MPC,MRY,2010-12-31,2010-12-31,2010-12-31,2021-08-04,-623000000.0,23232000000.0,22243000000.0,10056000000.0,13176000000.0,2.815,11.579,-454000000.0,118000000.0,118000000.0,59532000000.0,623000000.0,1.167,1.818,3897000000.0,666000000.0,3231000000.0,3897000000.0,0.0,941000000.0,0.0,,0.0,1035000000.0,1976000000.0,0.032,1976000000.0,1035000000.0,1023000000.0,0.875,0.87,0.875,8244000000.0,8708000000.0,8244000000.0,,,,1763000000.0,2.476,1.0,3073000000.0,0.049,837000000.0,12000000.0,17554000000.0,16891500000.0,3071000000.0,2716000000.0,2404000000.0,312000000.0,14988000000.0,8620000000.0,6368000000.0,,-10000000.0,0.0,0.0,1248000000.0,0.0,-82000000.0,-2145000000.0,-1691000000.0,2217000000.0,0.0,623000000.0,623000000.0,623000000.0,0.0,0.0,0.01,2062000000.0,1011000000.0,7060000000.0,0.0,,,,11724000000.0,0.0,,,,4398000000.0,0.0,62605000000.0,62605000000.0,0.0,0.028,0.072,0.061,0.017,0.0,874000000.0,1.0,712995106.0,712000000.0,716000000.0,87.928,22395000000.0,0.0,400000000.0,2177000000.0,31.454,1436000000.0
11,MPC,MRY,2009-12-31,2009-12-31,2009-12-31,2021-08-04,-520000000.0,21254000000.0,19715500000.0,7900000000.0,13354000000.0,2.315,12.882,-2838000000.0,128000000.0,128000000.0,43244000000.0,449000000.0,1.19,1.317,2612000000.0,11000000.0,2601000000.0,2612000000.0,0.0,670000000.0,0.0,,0.0,699000000.0,1369000000.0,0.03,1369000000.0,699000000.0,685000000.0,0.63,0.625,0.63,9172000000.0,9054000000.0,9172000000.0,,,,-383000000.0,-0.538,1.0,2395000000.0,0.052,872000000.0,14000000.0,16229000000.0,15595000000.0,3324000000.0,1229000000.0,864000000.0,365000000.0,12082000000.0,6637000000.0,5445000000.0,,20000000.0,0.0,0.0,2000000.0,0.0,209000000.0,-2644000000.0,172000000.0,2455000000.0,0.0,449000000.0,449000000.0,449000000.0,0.0,0.0,0.01,1741000000.0,654000000.0,5940000000.0,0.0,,,,11897000000.0,0.0,,,,3543000000.0,,45639000000.0,45639000000.0,0.0,0.023,0.05,0.045,0.015,0.0,842000000.0,1.0,712995106.0,712000000.0,716000000.0,64.1,20382000000.0,0.0,236000000.0,1808000000.0,28.626,1263000000.0
12,MPC,MRY,2008-12-31,2008-12-31,2008-12-31,2021-08-04,-258000000.0,18177000000.0,,6734000000.0,11443000000.0,,,-2118000000.0,108000000.0,108000000.0,61592000000.0,1215000000.0,1.413,1.034,2525000000.0,15000000.0,2510000000.0,2525000000.0,0.0,606000000.0,0.0,,0.0,1881000000.0,2487000000.0,0.038,2487000000.0,1881000000.0,1885000000.0,,,,8936000000.0,,8936000000.0,,,,-1434000000.0,,1.0,3666000000.0,0.056,866000000.0,-4000000.0,14961000000.0,,3302000000.0,1406000000.0,1024000000.0,382000000.0,9241000000.0,4767000000.0,4474000000.0,,-16000000.0,84000000.0,0.0,2058000000.0,0.0,1907000000.0,-2607000000.0,-572000000.0,684000000.0,0.0,1215000000.0,1215000000.0,1215000000.0,0.0,0.0,0.019,1811000000.0,1855000000.0,3702000000.0,,,,,9959000000.0,0.0,,,,2138000000.0,,65258000000.0,65258000000.0,0.0,,,,0.029,0.0,961000000.0,1.0,,,,,17311000000.0,0.0,670000000.0,1551000000.0,,1967000000.0
13,MPC,MRY,2007-12-31,2007-12-31,2007-12-31,2021-08-04,,,,,,,,-1366000000.0,,,50235000000.0,2262000000.0,,,,,,,,587000000.0,,,0.0,3427000000.0,4014000000.0,0.073,4014000000.0,3427000000.0,3426000000.0,,,,,,,,,,1790000000.0,,1.0,4990000000.0,0.09,,1000000.0,,,,,,,,,,,-27000000.0,-22000000.0,0.0,273000000.0,0.0,-7181000000.0,3998000000.0,5389000000.0,3156000000.0,0.0,2262000000.0,2262000000.0,2262000000.0,0.0,0.0,0.041,1729000000.0,3261000000.0,,,,,,,0.0,,,,,,55225000000.0,55225000000.0,0.0,,,,0.062,0.0,924000000.0,1.0,,,,,,,1164000000.0,,,
0,MPC,MRQ,2021-06-30,2021-06-30,2021-06-30,2021-08-04,-340000000.0,94300000000.0,,38592000000.0,55708000000.0,,44.494,-297000000.0,11839000000.0,11839000000.0,27177000000.0,8802000000.0,1.978,1.992,29813000000.0,543000000.0,29270000000.0,29813000000.0,0.0,871000000.0,0.0,0.038,0.58,8889000000.0,9760000000.0,0.327,9760000000.0,8889000000.0,8517000000.0,13.09,13.0,13.09,28921000000.0,,28921000000.0,72771100614.0,9.0,6.226,1083000000.0,1.666,1.0,2650000000.0,0.089,8256000000.0,372000000.0,84506000000.0,,8879000000.0,10842000000.0,5418000000.0,5424000000.0,57607000000.0,19512000000.0,38095000000.0,39433100614.0,11080000000.0,0.0,-954000000.0,-4169000000.0,-381000000.0,-5970000000.0,15670000000.0,-5477000000.0,1380000000.0,0.0,8512000000.0,8512000000.0,8512000000.0,-8214000000.0,290000000.0,0.285,1685000000.0,965000000.0,12821000000.0,0.044,1.363,5.142,5.116,39496000000.0,0.0,60.42,0.446,0.444,9771000000.0,12160000000.0,29827000000.0,29827000000.0,0.0,,,,,0.0,625000000.0,1.0,652649795.0,650000000.0,654000000.0,45.888,86044000000.0,0.0,5000000.0,10923000000.0,132.375,19080000000.0
1,MPC,MRQ,2021-03-31,2021-03-31,2021-03-31,2021-08-04,-511000000.0,86651000000.0,,30361000000.0,56290000000.0,,33.167,-228000000.0,624000000.0,624000000.0,21084000000.0,64000000.0,1.888,2.648,33962000000.0,2261000000.0,31701000000.0,33962000000.0,0.0,844000000.0,0.0,0.043,0.58,145000000.0,989000000.0,0.043,989000000.0,145000000.0,-208000000.0,-0.37,-0.37,-0.37,21592000000.0,,21592000000.0,67516691299.0,631.0,20.698,226000000.0,0.347,1.0,1798000000.0,0.079,8256000000.0,353000000.0,95648000000.0,,8407000000.0,5435000000.0,0.0,5435000000.0,57172000000.0,16085000000.0,41087000000.0,34836691299.0,203000000.0,0.0,23000000.0,865000000.0,-379000000.0,16000000.0,-267000000.0,-50000000.0,454000000.0,0.0,-242000000.0,-242000000.0,-242000000.0,-234000000.0,306000000.0,-0.011,1581000000.0,217000000.0,10454000000.0,-1.568,1.613,-41.771,-42.118,40005000000.0,0.0,53.49,0.491,0.491,7468000000.0,4029000000.0,22882000000.0,22882000000.0,0.0,,,,,0.0,575000000.0,1.0,651274842.0,651000000.0,651000000.0,35.149,78395000000.0,0.0,34000000.0,7249000000.0,120.422,14276000000.0
2,MPC,MRQ,2020-12-31,2020-12-31,2020-12-31,2021-08-04,-512000000.0,85158000000.0,,28287000000.0,56871000000.0,,34.205,-380000000.0,415000000.0,415000000.0,17216000000.0,574000000.0,1.806,2.475,33095000000.0,3351000000.0,29744000000.0,33095000000.0,0.0,849000000.0,0.0,0.056,0.58,425000000.0,1274000000.0,0.07,1274000000.0,425000000.0,92000000.0,0.45,0.45,0.45,22199000000.0,,22199000000.0,59816914855.0,-5.0,-7.959,948000000.0,1.461,1.0,971000000.0,0.053,8256000000.0,333000000.0,93919000000.0,,7999000000.0,5422000000.0,0.0,5422000000.0,54938000000.0,15663000000.0,39275000000.0,26910914855.0,-162000000.0,-49000000.0,5000000.0,-344000000.0,-377000000.0,-1057000000.0,-433000000.0,15000000.0,1328000000.0,0.0,285000000.0,285000000.0,285000000.0,-324000000.0,289000000.0,0.016,581000000.0,390000000.0,8535000000.0,1.289,1.212,-2.739,-2.734,40556000000.0,0.0,41.36,0.39,0.389,5760000000.0,4650000000.0,18187000000.0,18187000000.0,0.0,,,,,0.0,630000000.0,1.0,650650746.0,649000000.0,649000000.0,28.023,76902000000.0,0.0,-193000000.0,7308000000.0,118.493,12624000000.0
3,MPC,MRQ,2020-09-30,2020-09-30,2020-09-30,2021-08-04,-334000000.0,84020000000.0,,26200000000.0,57820000000.0,,34.543,-426000000.0,618000000.0,618000000.0,16673000000.0,-609000000.0,1.839,2.383,33524000000.0,3031000000.0,30493000000.0,33524000000.0,0.0,629000000.0,0.0,0.077,0.58,-963000000.0,-334000000.0,-0.019,-334000000.0,-963000000.0,-1322000000.0,-1.36,-1.36,-1.36,22453000000.0,,22453000000.0,52641405002.0,-5.0,-7.294,895000000.0,1.377,1.0,875000000.0,0.05,8256000000.0,359000000.0,94424000000.0,,7403000000.0,5462000000.0,0.0,5462000000.0,53506000000.0,14246000000.0,39260000000.0,19091405002.0,-375000000.0,-53000000.0,0.0,-240000000.0,-378000000.0,-949000000.0,-747000000.0,4000000.0,1321000000.0,0.0,-886000000.0,-886000000.0,-886000000.0,-371000000.0,277000000.0,-0.05,1932000000.0,-1057000000.0,7579000000.0,-0.426,0.85,-1.975,-1.968,41397000000.0,0.0,29.34,0.242,0.241,4911000000.0,4744000000.0,17548000000.0,17548000000.0,0.0,,,,,0.0,673000000.0,1.0,650695467.0,650000000.0,650000000.0,26.997,75764000000.0,0.0,-436000000.0,6726000000.0,116.56,11954000000.0
4,MPC,MRQ,2020-06-30,2020-06-30,2020-06-30,2021-08-04,-336000000.0,84593000000.0,,14643000000.0,69950000000.0,,36.525,-735000000.0,1091000000.0,1091000000.0,11502000000.0,276000000.0,1.273,2.223,34641000000.0,2340000000.0,32301000000.0,34641000000.0,0.0,833000000.0,0.0,0.059,0.58,500000000.0,1333000000.0,0.108,1333000000.0,500000000.0,159000000.0,0.01,0.01,0.01,23741000000.0,,23741000000.0,56804752330.0,-7.0,-12.213,-197000000.0,-0.303,1.0,798000000.0,0.065,12710000000.0,341000000.0,93929000000.0,,8086000000.0,5740000000.0,0.0,5740000000.0,52776000000.0,11504000000.0,41272000000.0,24306752330.0,-601000000.0,0.0,2000000.0,531000000.0,-378000000.0,-150000000.0,-989000000.0,-173000000.0,538000000.0,0.0,9000000.0,9000000.0,9000000.0,-192000000.0,267000000.0,0.001,223000000.0,575000000.0,6925000000.0,58.0,1.024,-3.162,-3.146,47479000000.0,0.0,37.38,0.273,0.273,4361000000.0,6008000000.0,12300000000.0,12300000000.0,0.0,,,,,0.0,665000000.0,1.0,650260897.0,650000000.0,650000000.0,18.923,71883000000.0,0.0,150000000.0,7186000000.0,110.589,3139000000.0
5,MPC,MRQ,2020-03-31,2020-03-31,2020-03-31,2021-08-04,-326000000.0,86317000000.0,,15693000000.0,70624000000.0,,37.173,-903000000.0,1690000000.0,1690000000.0,20342000000.0,-10218000000.0,1.157,2.247,34188000000.0,2340000000.0,31848000000.0,34188000000.0,0.0,863000000.0,0.0,0.092,0.58,-10853000000.0,-9990000000.0,-0.476,-9990000000.0,-10853000000.0,-11185000000.0,-14.25,-14.25,-14.25,24088000000.0,,24088000000.0,45131283701.0,-7.0,-13.606,-1671000000.0,-2.579,1.0,655000000.0,0.031,12710000000.0,332000000.0,92536000000.0,,7445000000.0,5656000000.0,0.0,5656000000.0,54121000000.0,13569000000.0,40552000000.0,15341283701.0,165000000.0,0.0,4000000.0,2729000000.0,-377000000.0,2021000000.0,-1088000000.0,-92000000.0,-768000000.0,0.0,-9234000000.0,-9234000000.0,-9234000000.0,-318000000.0,-984000000.0,-0.44,12810000000.0,-12155000000.0,9213000000.0,-0.041,0.637,-2.328,-2.311,47895000000.0,0.0,23.62,0.139,0.139,5583000000.0,6380000000.0,20997000000.0,20997000000.0,0.0,,,,,0.0,742000000.0,1.0,649503967.0,648000000.0,648000000.0,32.403,73607000000.0,0.0,-1951000000.0,6870000000.0,113.591,2124000000.0
6,MPC,MRQ,2019-12-31,2019-12-31,2019-12-31,2021-08-04,-320000000.0,98556000000.0,,30458000000.0,68098000000.0,,52.077,-1332000000.0,1393000000.0,1393000000.0,24602000000.0,262000000.0,1.797,1.646,30538000000.0,1218000000.0,29320000000.0,30538000000.0,0.0,850000000.0,0.0,0.035,0.53,924000000.0,1774000000.0,0.063,1774000000.0,924000000.0,627000000.0,0.69,0.69,0.69,33694000000.0,,33694000000.0,68983632967.0,15.0,8.76,1077000000.0,1.665,1.0,3538000000.0,0.126,15650000000.0,297000000.0,95103000000.0,,9804000000.0,6568000000.0,0.0,6568000000.0,55449000000.0,16948000000.0,38501000000.0,39121632967.0,1000000.0,-272000000.0,-61000000.0,-19000000.0,-344000000.0,-722000000.0,-1686000000.0,23000000.0,2409000000.0,0.0,443000000.0,443000000.0,443000000.0,-185000000.0,-181000000.0,0.016,2980000000.0,558000000.0,12209000000.0,0.768,1.161,14.836,15.062,42676000000.0,0.0,60.25,0.35,0.355,7233000000.0,15990000000.0,28140000000.0,28140000000.0,0.0,,,,,0.0,779000000.0,1.0,649321709.0,647000000.0,652000000.0,43.493,82906000000.0,0.0,184000000.0,7407000000.0,128.139,13510000000.0
7,MPC,MRQ,2019-09-30,2019-09-30,2019-09-30,2021-08-04,-212000000.0,98139000000.0,,19139000000.0,79000000000.0,,51.43,-1045000000.0,1525000000.0,1525000000.0,24345000000.0,1367000000.0,1.248,1.616,31387000000.0,1143000000.0,30244000000.0,31387000000.0,0.0,570000000.0,0.0,0.034,0.53,1662000000.0,2232000000.0,0.081,2232000000.0,1662000000.0,1350000000.0,1.67,1.66,1.67,33738000000.0,,33738000000.0,69835898933.0,13.0,8.374,1742000000.0,2.655,1.0,3343000000.0,0.121,21277000000.0,312000000.0,91385000000.0,,9696000000.0,6725000000.0,0.0,6725000000.0,54515000000.0,15339000000.0,39176000000.0,39992898933.0,279000000.0,-326000000.0,-497000000.0,350000000.0,-348000000.0,-813000000.0,-1695000000.0,17000000.0,2787000000.0,0.0,1095000000.0,1095000000.0,1095000000.0,-254000000.0,272000000.0,0.04,1663000000.0,1680000000.0,12319000000.0,0.317,1.185,12.716,12.844,47556000000.0,0.0,60.75,0.357,0.356,7461000000.0,15891000000.0,27688000000.0,27688000000.0,0.0,,,,,0.0,761000000.0,1.0,658319324.0,656000000.0,660000000.0,42.207,76862000000.0,0.0,255000000.0,7195000000.0,117.168,3800000000.0
8,MPC,MRQ,2019-06-30,2019-06-30,2019-06-30,2021-08-04,-161000000.0,96896000000.0,,18396000000.0,78500000000.0,,51.672,-1169000000.0,1247000000.0,1247000000.0,29682000000.0,1367000000.0,1.235,1.544,31090000000.0,1169000000.0,29921000000.0,31090000000.0,0.0,886000000.0,0.0,0.035,0.53,1781000000.0,2667000000.0,0.079,2667000000.0,1781000000.0,1459000000.0,1.67,1.66,1.67,34207000000.0,,34207000000.0,67031093896.0,14.0,8.526,1453000000.0,2.195,1.0,3988000000.0,0.118,20277000000.0,322000000.0,91572000000.0,,9088000000.0,6729000000.0,0.0,6729000000.0,52830000000.0,14890000000.0,37940000000.0,37027093896.0,341000000.0,-270000000.0,-499000000.0,275000000.0,-352000000.0,-921000000.0,-1360000000.0,56000000.0,2622000000.0,0.0,1106000000.0,1106000000.0,1106000000.0,0.0,261000000.0,0.033,1946000000.0,2042000000.0,11683000000.0,0.317,1.082,13.286,11.915,47923000000.0,0.0,55.88,0.345,0.344,7603000000.0,15146000000.0,33670000000.0,33670000000.0,0.0,,,,,0.0,886000000.0,1.0,662618001.0,662000000.0,666000000.0,50.861,76619000000.0,0.0,353000000.0,6458000000.0,115.739,3506000000.0
9,MPC,MRQ,2019-03-31,2019-03-31,2019-03-31,2021-08-04,-151000000.0,96436000000.0,,18151000000.0,78285000000.0,,50.447,-1217000000.0,877000000.0,877000000.0,25960000000.0,259000000.0,1.198,1.549,30881000000.0,1163000000.0,29718000000.0,30881000000.0,0.0,919000000.0,0.0,0.032,0.53,403000000.0,1322000000.0,0.046,1322000000.0,403000000.0,97000000.0,-0.01,-0.01,-0.01,33951000000.0,,33951000000.0,66153108522.0,14.0,9.113,406000000.0,0.603,1.0,2641000000.0,0.092,20229000000.0,306000000.0,91064000000.0,,9833000000.0,6558000000.0,0.0,6558000000.0,52574000000.0,15147000000.0,37427000000.0,40316108522.0,-817000000.0,-325000000.0,-883000000.0,573000000.0,-354000000.0,-920000000.0,-1520000000.0,2000000.0,1623000000.0,0.0,-7000000.0,-7000000.0,-7000000.0,0.0,266000000.0,0.0,1972000000.0,669000000.0,11526000000.0,-53.0,1.187,14.735,11.25,47771000000.0,0.0,59.85,0.419,0.419,6893000000.0,14391000000.0,28601000000.0,28601000000.0,0.0,,,,,0.0,867000000.0,1.0,673619190.0,673000000.0,673000000.0,42.498,76207000000.0,0.0,104000000.0,6540000000.0,113.235,3004000000.0
10,MPC,MRQ,2018-12-31,2018-12-31,2018-12-31,2021-08-04,-144000000.0,92940000000.0,,18023000000.0,74917000000.0,,67.905,-861000000.0,1687000000.0,1687000000.0,19275000000.0,1195000000.0,1.364,1.361,27524000000.0,544000000.0,26980000000.0,27524000000.0,0.0,554000000.0,0.0,0.031,0.46,1565000000.0,2119000000.0,0.096,2119000000.0,1565000000.0,1190000000.0,1.4,1.36,1.4,35175000000.0,,35175000000.0,54224266569.0,12.0,8.085,1866000000.0,3.602,1.0,2753000000.0,0.125,20184000000.0,375000000.0,85377000000.0,,9837000000.0,5898000000.0,0.0,5898000000.0,47887000000.0,13216000000.0,34671000000.0,40767266569.0,-3270000000.0,-3556000000.0,-675000000.0,77000000.0,-317000000.0,-1222000000.0,-4775000000.0,0.0,2727000000.0,0.0,951000000.0,951000000.0,951000000.0,-673000000.0,244000000.0,0.043,1617000000.0,1136000000.0,10518000000.0,0.329,1.159,14.664,11.009,45058000000.0,0.0,59.01,0.471,0.353,5853000000.0,14755000000.0,22028000000.0,22028000000.0,0.0,,,,,0.0,1005000000.0,1.0,690853526.0,518000000.0,526000000.0,42.525,72756000000.0,0.0,239000000.0,6310000000.0,140.456,4807000000.0
11,MPC,MRQ,2018-09-30,2018-09-30,2018-09-30,2021-08-04,-168000000.0,53031000000.0,,15873000000.0,37158000000.0,,33.627,-844000000.0,4992000000.0,4992000000.0,20606000000.0,941000000.0,1.648,2.176,18449000000.0,26000000.0,18423000000.0,18449000000.0,0.0,555000000.0,0.0,0.022,0.46,1199000000.0,1754000000.0,0.076,1754000000.0,1199000000.0,959000000.0,1.63,1.62,1.63,15166000000.0,,15166000000.0,48334840421.0,12.0,7.812,338000000.0,0.749,1.0,2526000000.0,0.109,3713000000.0,240000000.0,53141000000.0,,5339000000.0,4910000000.0,0.0,4910000000.0,32997000000.0,9634000000.0,23363000000.0,36066840421.0,-9000000.0,-557000000.0,-397000000.0,994000000.0,-207000000.0,186000000.0,-1377000000.0,1000000.0,1182000000.0,0.0,737000000.0,737000000.0,737000000.0,0.0,204000000.0,0.032,1123000000.0,1403000000.0,8509000000.0,0.282,2.378,9.38,9.971,27717000000.0,0.0,79.97,0.42,0.42,5408000000.0,14119000000.0,23132000000.0,23132000000.0,0.0,,,,,0.0,445000000.0,1.0,451004632.0,451000000.0,456000000.0,51.29,49318000000.0,0.0,222000000.0,3863000000.0,109.353,6239000000.0
12,MPC,MRQ,2018-06-30,2018-06-30,2018-06-30,2021-08-04,-233000000.0,51736000000.0,,15548000000.0,36188000000.0,,32.588,-704000000.0,4999000000.0,4999000000.0,19655000000.0,1235000000.0,1.6,2.134,17267000000.0,26000000.0,17241000000.0,17267000000.0,0.0,533000000.0,0.0,0.025,0.46,1531000000.0,2064000000.0,0.092,2064000000.0,1531000000.0,1336000000.0,2.3,2.27,2.3,14958000000.0,,14958000000.0,45010414924.0,10.0,7.004,1682000000.0,3.664,1.0,2790000000.0,0.124,3586000000.0,195000000.0,50703000000.0,,5485000000.0,4838000000.0,0.0,4838000000.0,31915000000.0,9715000000.0,22200000000.0,32405414924.0,347000000.0,-77000000.0,-876000000.0,-6000000.0,-211000000.0,-1299000000.0,-740000000.0,15000000.0,2386000000.0,0.0,1055000000.0,1055000000.0,1055000000.0,0.0,180000000.0,0.047,1079000000.0,1711000000.0,8545000000.0,0.2,2.166,8.079,8.577,26931000000.0,0.0,70.16,0.395,0.392,4919000000.0,13589000000.0,22445000000.0,22445000000.0,0.0,,,,,0.0,424000000.0,1.0,461878776.0,459000000.0,464000000.0,48.9,48150000000.0,0.0,281000000.0,3857000000.0,104.902,5833000000.0
13,MPC,MRQ,2018-03-31,2018-03-31,2018-03-31,2021-08-04,-233000000.0,50364000000.0,,14525000000.0,35839000000.0,,31.487,-748000000.0,4653000000.0,4653000000.0,17511000000.0,235000000.0,1.735,2.035,17258000000.0,26000000.0,17232000000.0,17258000000.0,0.0,528000000.0,0.0,0.022,0.46,242000000.0,770000000.0,0.041,770000000.0,242000000.0,59000000.0,0.08,0.08,0.08,14988000000.0,,14988000000.0,44739726787.0,12.0,7.748,-885000000.0,-1.859,1.0,1473000000.0,0.078,3586000000.0,183000000.0,51011000000.0,,5111000000.0,4817000000.0,0.0,4817000000.0,30501000000.0,8372000000.0,22129000000.0,34804726787.0,1642000000.0,-41000000.0,-1315000000.0,4293000000.0,-219000000.0,2557000000.0,-778000000.0,0.0,-137000000.0,0.0,37000000.0,37000000.0,37000000.0,0.0,198000000.0,0.002,1033000000.0,440000000.0,7403000000.0,5.75,2.322,10.121,10.72,26618000000.0,0.0,73.11,0.446,0.446,4613000000.0,12745000000.0,18984000000.0,18984000000.0,0.0,,,,,0.0,402000000.0,1.0,476059729.0,476000000.0,480000000.0,39.882,46778000000.0,0.0,22000000.0,3759000000.0,98.273,6153000000.0
14,MPC,MRQ,2017-12-31,2017-12-31,2017-12-31,2021-08-04,-231000000.0,49047000000.0,,13401000000.0,35646000000.0,,28.874,-789000000.0,3011000000.0,3011000000.0,19005000000.0,2125000000.0,1.279,1.94,12946000000.0,624000000.0,12322000000.0,12946000000.0,0.0,540000000.0,0.0,0.023,0.4,1059000000.0,1599000000.0,0.075,1599000000.0,1059000000.0,850000000.0,4.01,3.97,4.01,14033000000.0,,14033000000.0,42919434977.0,12.0,7.451,1956000000.0,4.025,1.0,2231000000.0,0.105,3586000000.0,209000000.0,44918000000.0,,5550000000.0,4787000000.0,0.0,4787000000.0,27219000000.0,10478000000.0,16741000000.0,32225434977.0,920000000.0,-75000000.0,-731000000.0,73000000.0,-195000000.0,-1044000000.0,-781000000.0,2000000.0,2745000000.0,0.0,2016000000.0,2016000000.0,2016000000.0,0.0,109000000.0,0.095,1063000000.0,1168000000.0,8888000000.0,0.1,2.296,9.39,9.76,26443000000.0,0.0,65.98,0.428,0.444,4695000000.0,12864000000.0,21236000000.0,21236000000.0,0.0,,,,,0.0,408000000.0,1.0,488412170.0,486000000.0,494000000.0,43.695,45461000000.0,0.0,-1166000000.0,3324000000.0,93.541,2923000000.0
15,MPC,MRQ,2017-09-30,2017-09-30,2017-09-30,2021-08-04,-239000000.0,46806000000.0,,11631000000.0,35175000000.0,,25.655,-636000000.0,2088000000.0,2088000000.0,16765000000.0,1004000000.0,1.521,2.011,12782000000.0,29000000.0,12753000000.0,12782000000.0,0.0,517000000.0,0.0,0.026,0.4,1476000000.0,1993000000.0,0.103,1993000000.0,1476000000.0,1318000000.0,1.79,1.77,1.79,12930000000.0,,12930000000.0,39546717478.0,13.0,7.658,1270000000.0,2.52,1.0,2621000000.0,0.135,3586000000.0,158000000.0,46267000000.0,,5493000000.0,4769000000.0,0.0,4769000000.0,26004000000.0,7647000000.0,18357000000.0,28390717478.0,641000000.0,-82000000.0,-445000000.0,156000000.0,-202000000.0,-660000000.0,-605000000.0,36000000.0,1906000000.0,0.0,903000000.0,903000000.0,903000000.0,0.0,101000000.0,0.047,1044000000.0,1577000000.0,6618000000.0,0.223,2.196,17.28,17.416,26036000000.0,0.0,56.08,0.398,0.396,3900000000.0,11044000000.0,19386000000.0,19386000000.0,0.0,,,,,0.0,411000000.0,1.0,506253878.0,504000000.0,508000000.0,38.464,43220000000.0,0.0,415000000.0,4667000000.0,85.754,3984000000.0
16,MPC,MRQ,2017-06-30,2017-06-30,2017-06-30,2021-08-04,-236000000.0,45447000000.0,,10443000000.0,35004000000.0,,24.632,-620000000.0,1450000000.0,1450000000.0,16251000000.0,574000000.0,1.545,1.969,12606000000.0,29000000.0,12577000000.0,12606000000.0,0.0,521000000.0,0.0,0.028,0.36,891000000.0,1412000000.0,0.077,1412000000.0,891000000.0,733000000.0,0.94,0.93,0.94,12636000000.0,,12636000000.0,37576528194.0,19.0,9.303,233000000.0,0.454,1.0,2103000000.0,0.115,3586000000.0,158000000.0,46259000000.0,,5548000000.0,4823000000.0,0.0,4823000000.0,24883000000.0,6758000000.0,18125000000.0,27145528194.0,-716000000.0,-111000000.0,-740000000.0,-6000000.0,-186000000.0,-910000000.0,-659000000.0,4000000.0,853000000.0,0.0,483000000.0,483000000.0,483000000.0,0.0,91000000.0,0.026,1121000000.0,982000000.0,5702000000.0,0.383,2.148,30.673,30.602,25786000000.0,0.0,52.33,0.396,0.392,3259000000.0,10344000000.0,18354000000.0,18354000000.0,0.0,,,,,0.0,485000000.0,1.0,518737401.0,513000000.0,517000000.0,35.778,41861000000.0,0.0,250000000.0,4574000000.0,81.6,3685000000.0
17,MPC,MRQ,2017-03-31,2017-03-31,2017-03-31,2021-08-04,-237000000.0,45821000000.0,,11042000000.0,34779000000.0,,24.895,-608000000.0,2167000000.0,2167000000.0,15068000000.0,101000000.0,1.608,1.915,12598000000.0,28000000.0,12570000000.0,12598000000.0,0.0,536000000.0,0.0,0.028,0.36,220000000.0,756000000.0,0.046,756000000.0,220000000.0,71000000.0,0.06,0.06,0.06,13070000000.0,,13070000000.0,36359149232.0,15.0,8.152,500000000.0,0.952,1.0,1325000000.0,0.081,3586000000.0,149000000.0,45800000000.0,,5392000000.0,4704000000.0,0.0,4704000000.0,25024000000.0,6866000000.0,18158000000.0,26674149232.0,1278000000.0,-786000000.0,-410000000.0,2013000000.0,-190000000.0,1523000000.0,-1353000000.0,20000000.0,1108000000.0,0.0,30000000.0,30000000.0,30000000.0,0.0,71000000.0,0.002,1034000000.0,291000000.0,5871000000.0,6.0,2.041,22.173,22.167,25669000000.0,0.0,50.54,0.399,0.396,3284000000.0,10046000000.0,16393000000.0,16393000000.0,0.0,,,,,0.0,390000000.0,1.0,527782929.0,525000000.0,530000000.0,31.225,42235000000.0,0.0,41000000.0,4505000000.0,80.448,4176000000.0
18,MPC,MRQ,2016-12-31,2016-12-31,2016-12-31,2021-08-04,-234000000.0,44413000000.0,,10401000000.0,34012000000.0,,25.676,-732000000.0,887000000.0,887000000.0,15718000000.0,289000000.0,1.455,1.712,10572000000.0,28000000.0,10544000000.0,10572000000.0,0.0,504000000.0,0.0,0.027,0.36,499000000.0,1003000000.0,0.058,1003000000.0,499000000.0,355000000.0,0.43,0.43,0.43,13557000000.0,,13557000000.0,36432494766.0,16.0,8.379,283000000.0,0.536,1.0,1566000000.0,0.091,3587000000.0,144000000.0,43365000000.0,,5656000000.0,3827000000.0,0.0,3827000000.0,23210000000.0,7146000000.0,16064000000.0,26575494766.0,174000000.0,-48000000.0,-17000000.0,-7000000.0,-190000000.0,-91000000.0,-750000000.0,-20000000.0,1015000000.0,0.0,227000000.0,227000000.0,227000000.0,0.0,62000000.0,0.013,1005000000.0,561000000.0,6123000000.0,0.837,1.96,22.637,22.68,25765000000.0,0.0,50.35,0.419,0.42,3617000000.0,10206000000.0,17284000000.0,17284000000.0,0.0,,,,,0.0,398000000.0,1.0,527815189.0,528000000.0,527000000.0,32.735,40826000000.0,0.0,128000000.0,4478000000.0,77.322,3255000000.0
19,MPC,MRQ,2016-09-30,2016-09-30,2016-09-30,2021-08-04,-327000000.0,43293000000.0,,9545000000.0,33748000000.0,,25.417,-707000000.0,709000000.0,709000000.0,14986000000.0,219000000.0,1.506,1.667,10566000000.0,28000000.0,10538000000.0,10566000000.0,0.0,507000000.0,0.0,0.033,0.36,361000000.0,868000000.0,0.053,868000000.0,361000000.0,220000000.0,0.28,0.27,0.28,13395000000.0,,13395000000.0,30767362190.0,14.0,7.477,-302000000.0,-0.573,1.0,1474000000.0,0.09,3648000000.0,141000000.0,43162000000.0,,5524000000.0,3554000000.0,0.0,3554000000.0,22336000000.0,6340000000.0,15996000000.0,21462362190.0,-1045000000.0,-69000000.0,-45000000.0,-516000000.0,-190000000.0,-729000000.0,-721000000.0,19000000.0,405000000.0,0.0,145000000.0,145000000.0,145000000.0,0.0,74000000.0,0.009,1039000000.0,435000000.0,5494000000.0,1.286,1.602,18.926,18.853,25697000000.0,0.0,40.59,0.348,0.346,3136000000.0,10169000000.0,16460000000.0,16460000000.0,0.0,,,,,0.0,420000000.0,1.0,528759847.0,527000000.0,530000000.0,31.233,39645000000.0,0.0,75000000.0,4174000000.0,75.228,3205000000.0
20,MPC,MRQ,2016-06-30,2016-06-30,2016-06-30,2021-08-04,-321000000.0,44133000000.0,,10304000000.0,33829000000.0,,25.549,-684000000.0,1754000000.0,1754000000.0,14847000000.0,783000000.0,1.519,1.72,11059000000.0,27000000.0,11032000000.0,11059000000.0,0.0,500000000.0,0.0,0.034,0.32,1333000000.0,1833000000.0,0.109,1833000000.0,1333000000.0,1196000000.0,1.51,1.51,1.51,13490000000.0,,13490000000.0,31370532197.0,9.0,6.091,1583000000.0,2.998,1.0,1943000000.0,0.116,3648000000.0,137000000.0,43008000000.0,,5209000000.0,3793000000.0,0.0,3793000000.0,23205000000.0,6782000000.0,16423000000.0,20112532197.0,1446000000.0,-105000000.0,-50000000.0,-521000000.0,-170000000.0,-52000000.0,-769000000.0,1000000.0,2267000000.0,0.0,801000000.0,801000000.0,801000000.0,0.0,-18000000.0,0.048,628000000.0,1315000000.0,5580000000.0,0.212,1.491,10.383,10.42,25512000000.0,0.0,37.96,0.314,0.313,3199000000.0,10215000000.0,16790000000.0,16790000000.0,0.0,,,,,0.0,401000000.0,1.0,529834884.0,528000000.0,531000000.0,31.799,40485000000.0,0.0,395000000.0,4336000000.0,76.676,3522000000.0
21,MPC,MRQ,2016-03-31,2016-03-31,2016-03-31,2021-08-04,-318000000.0,41758000000.0,,8097000000.0,33661000000.0,,24.389,-668000000.0,308000000.0,308000000.0,11634000000.0,-78000000.0,1.447,1.726,11566000000.0,215000000.0,11351000000.0,11566000000.0,0.0,490000000.0,0.0,0.033,0.32,154000000.0,644000000.0,0.05,644000000.0,154000000.0,12000000.0,0.003,0.003,0.003,12902000000.0,,12902000000.0,30474676703.0,9.0,6.094,-338000000.0,-0.639,1.0,1196000000.0,0.093,3649000000.0,142000000.0,43772000000.0,,4983000000.0,3807000000.0,0.0,3807000000.0,22264000000.0,5595000000.0,16669000000.0,19676676703.0,-819000000.0,-66000000.0,-74000000.0,-372000000.0,-169000000.0,-422000000.0,-727000000.0,0.0,330000000.0,0.0,1000000.0,1000000.0,1000000.0,0.0,-79000000.0,0.0,1121000000.0,75000000.0,4385000000.0,106.667,1.525,10.029,10.178,25319000000.0,0.0,37.18,0.29,0.29,2602000000.0,9584000000.0,12830000000.0,12830000000.0,0.0,,,,,0.0,378000000.0,1.0,529227453.0,529000000.0,531000000.0,24.253,38109000000.0,0.0,11000000.0,3960000000.0,72.04,2502000000.0
22,MPC,MRQ,2015-12-31,2015-12-31,2015-12-31,2021-08-04,-318000000.0,43115000000.0,,9471000000.0,33644000000.0,,24.882,-714000000.0,1127000000.0,1127000000.0,14030000000.0,168000000.0,1.493,1.771,11925000000.0,29000000.0,11896000000.0,11925000000.0,0.0,413000000.0,0.0,0.022,0.32,357000000.0,770000000.0,0.049,770000000.0,357000000.0,254000000.0,0.36,0.36,0.36,13237000000.0,,13237000000.0,32277376152.0,7.0,5.225,106000000.0,0.199,1.0,1649000000.0,0.105,4019000000.0,103000000.0,43549000000.0,,5225000000.0,3622000000.0,0.0,3622000000.0,23440000000.0,6345000000.0,17095000000.0,27629376152.0,-917000000.0,-1328000000.0,-188000000.0,655000000.0,-170000000.0,276000000.0,-2013000000.0,0.0,820000000.0,0.0,187000000.0,187000000.0,187000000.0,0.0,-19000000.0,0.012,1311000000.0,338000000.0,5246000000.0,0.889,2.087,9.688,9.8,25164000000.0,0.0,51.84,0.382,0.386,2927000000.0,9752000000.0,15679000000.0,15679000000.0,0.0,,,,,0.0,433000000.0,1.0,532974077.0,532000000.0,536000000.0,29.472,39096000000.0,0.0,67000000.0,3929000000.0,73.489,3126000000.0
23,MPC,MRQ,2015-09-30,2015-09-30,2015-09-30,2021-08-04,-312000000.0,30161000000.0,,10861000000.0,19300000000.0,,22.948,-511000000.0,2044000000.0,2044000000.0,16214000000.0,958000000.0,1.413,1.404,6692000000.0,780000000.0,5912000000.0,6692000000.0,0.0,364000000.0,0.0,0.023,0.32,1539000000.0,1903000000.0,0.101,1903000000.0,1539000000.0,1469000000.0,1.77,1.76,1.77,12277000000.0,,12277000000.0,29657143895.0,5.0,4.225,558000000.0,1.043,1.0,2544000000.0,0.136,1565000000.0,70000000.0,25558000000.0,,5556000000.0,1073000000.0,0.0,1073000000.0,17236000000.0,7686000000.0,9550000000.0,24840143895.0,163000000.0,-72000000.0,-153000000.0,-6000000.0,-171000000.0,-334000000.0,-572000000.0,0.0,1069000000.0,0.0,948000000.0,948000000.0,948000000.0,0.0,10000000.0,0.051,995000000.0,1549000000.0,5410000000.0,0.181,2.023,7.173,7.308,16294000000.0,0.0,46.33,0.315,0.314,3124000000.0,9736000000.0,18758000000.0,18758000000.0,0.0,,,,,0.0,392000000.0,1.0,536156786.0,535000000.0,538000000.0,35.062,28596000000.0,0.0,521000000.0,3129000000.0,53.45,3175000000.0
24,MPC,MRQ,2015-06-30,2015-06-30,2015-06-30,2021-08-04,-309000000.0,30653000000.0,,11431000000.0,19222000000.0,,21.521,-374000000.0,1881000000.0,1881000000.0,18387000000.0,839000000.0,1.31,1.577,6698000000.0,780000000.0,5918000000.0,6698000000.0,0.0,362000000.0,0.0,0.019,0.25,1322000000.0,1684000000.0,0.082,1684000000.0,1322000000.0,1258000000.0,1.52,1.51,1.52,11643000000.0,,11643000000.0,33083677168.0,7.0,5.095,620000000.0,1.146,1.0,2194000000.0,0.107,1566000000.0,64000000.0,25179000000.0,,5540000000.0,994000000.0,0.0,994000000.0,18363000000.0,8725000000.0,9638000000.0,28418677168.0,-197000000.0,-107000000.0,-403000000.0,-6000000.0,-136000000.0,-723000000.0,-468000000.0,3000000.0,994000000.0,0.0,826000000.0,826000000.0,826000000.0,0.0,13000000.0,0.04,859000000.0,1335000000.0,6594000000.0,0.164,2.441,8.917,9.082,16283000000.0,0.0,52.31,0.332,0.33,3876000000.0,8959000000.0,20581000000.0,20581000000.0,0.0,,,,,0.0,393000000.0,1.0,543274272.0,541000000.0,544000000.0,38.043,29087000000.0,0.0,432000000.0,2997000000.0,53.765,2706000000.0
25,MPC,MRQ,2015-03-31,2015-03-31,2015-03-31,2021-08-04,-313000000.0,30182000000.0,,11053000000.0,19129000000.0,,20.804,-378000000.0,2078000000.0,2078000000.0,14952000000.0,903000000.0,1.324,1.605,6743000000.0,776000000.0,5967000000.0,6743000000.0,0.0,363000000.0,0.0,0.019,0.25,1458000000.0,1821000000.0,0.106,1821000000.0,1458000000.0,1377000000.0,1.63,1.62,1.63,11338000000.0,,11338000000.0,33101908283.0,6.0,5.097,812000000.0,1.49,1.0,2288000000.0,0.133,1566000000.0,81000000.0,24935000000.0,,5437000000.0,902000000.0,0.0,902000000.0,18202000000.0,8346000000.0,9856000000.0,27958908283.0,584000000.0,-42000000.0,-188000000.0,103000000.0,-136000000.0,-218000000.0,-388000000.0,1000000.0,1190000000.0,0.0,891000000.0,891000000.0,891000000.0,0.0,12000000.0,0.052,818000000.0,1470000000.0,5861000000.0,0.153,2.466,8.694,8.935,16241000000.0,0.0,51.195,0.304,0.303,3364000000.0,8269000000.0,17240000000.0,17240000000.0,0.0,,,,,0.0,358000000.0,1.0,546125760.0,545000000.0,549000000.0,31.633,28616000000.0,0.0,486000000.0,3407000000.0,52.506,2707000000.0
26,MPC,MRQ,2014-12-31,2014-12-31,2014-12-31,2021-08-04,-313000000.0,30425000000.0,,11339000000.0,19086000000.0,,19.371,-520000000.0,1494000000.0,1494000000.0,20252000000.0,805000000.0,1.322,1.771,6602000000.0,27000000.0,6575000000.0,6602000000.0,0.0,359000000.0,0.0,0.02,0.25,1252000000.0,1611000000.0,0.072,1611000000.0,1252000000.0,1180000000.0,1.42,1.41,1.42,10751000000.0,,10751000000.0,29700196983.0,7.0,5.556,-132000000.0,-0.238,1.0,2091000000.0,0.094,1566000000.0,72000000.0,25388000000.0,,5642000000.0,865000000.0,0.0,865000000.0,19035000000.0,8579000000.0,10456000000.0,25290196983.0,-360000000.0,-62000000.0,-677000000.0,371000000.0,-138000000.0,-229000000.0,-519000000.0,6000000.0,388000000.0,0.0,798000000.0,798000000.0,798000000.0,0.0,7000000.0,0.036,832000000.0,1259000000.0,7088000000.0,0.176,2.352,10.02,10.21,16261000000.0,0.0,45.13,0.258,0.262,4058000000.0,7515000000.0,22343000000.0,22343000000.0,0.0,,,,,0.0,371000000.0,1.0,560385486.0,555000000.0,559000000.0,40.258,28859000000.0,0.0,382000000.0,3124000000.0,51.998,2760000000.0
27,MPC,MRQ,2014-09-30,2014-09-30,2014-09-30,2021-08-04,-228000000.0,31705000000.0,,12887000000.0,18818000000.0,,19.202,-381000000.0,1854000000.0,1854000000.0,23669000000.0,679000000.0,1.242,1.884,6264000000.0,26000000.0,6238000000.0,6264000000.0,0.0,322000000.0,0.0,0.021,0.25,1055000000.0,1377000000.0,0.054,1377000000.0,1055000000.0,1005000000.0,1.19,1.18,1.19,10849000000.0,,10849000000.0,25502140705.0,7.0,5.03,697000000.0,1.234,1.0,1812000000.0,0.071,1537000000.0,50000000.0,24206000000.0,,5608000000.0,862000000.0,0.0,862000000.0,20439000000.0,10372000000.0,10067000000.0,23989140705.0,-271000000.0,-2966000000.0,-297000000.0,2608000000.0,-141000000.0,1994000000.0,-3343000000.0,0.0,1078000000.0,0.0,672000000.0,672000000.0,672000000.0,0.0,7000000.0,0.026,750000000.0,1062000000.0,9071000000.0,0.21,2.211,10.199,10.466,15999000000.0,0.0,42.335,0.238,0.238,5271000000.0,6856000000.0,25481000000.0,25481000000.0,0.0,,,,,0.0,342000000.0,1.0,566650306.0,565000000.0,569000000.0,45.099,30168000000.0,0.0,333000000.0,3116000000.0,53.395,2515000000.0
28,MPC,MRQ,2014-06-30,2014-06-30,2014-06-30,2021-08-04,-218000000.0,29376000000.0,,13596000000.0,15780000000.0,,18.502,-287000000.0,2125000000.0,2125000000.0,24825000000.0,864000000.0,1.23,1.727,3638000000.0,26000000.0,3612000000.0,3638000000.0,0.0,325000000.0,0.0,0.027,0.21,1360000000.0,1685000000.0,0.063,1685000000.0,1360000000.0,1312000000.0,1.49,1.48,1.49,10620000000.0,,10620000000.0,24026537089.0,8.0,5.603,591000000.0,1.03,1.0,2108000000.0,0.078,937000000.0,48000000.0,18897000000.0,,5621000000.0,690000000.0,0.0,690000000.0,18339000000.0,11055000000.0,7284000000.0,22533537089.0,-41000000.0,-83000000.0,-455000000.0,-20000000.0,-122000000.0,-598000000.0,-321000000.0,3000000.0,878000000.0,0.0,855000000.0,855000000.0,855000000.0,0.0,9000000.0,0.032,739000000.0,1369000000.0,9220000000.0,0.141,2.122,12.193,12.491,13850000000.0,0.0,39.035,0.222,0.221,5725000000.0,6325000000.0,26933000000.0,26933000000.0,0.0,,,,,0.0,316000000.0,1.0,577264944.0,574000000.0,578000000.0,46.922,28439000000.0,0.0,457000000.0,3460000000.0,49.545,2541000000.0
29,MPC,MRQ,2014-03-31,2014-03-31,2014-03-31,2021-08-04,-205000000.0,29159000000.0,,13448000000.0,15711000000.0,,17.652,-265000000.0,2166000000.0,2166000000.0,22214000000.0,207000000.0,1.24,1.779,3659000000.0,24000000.0,3635000000.0,3659000000.0,0.0,320000000.0,0.0,0.023,0.21,353000000.0,673000000.0,0.029,673000000.0,353000000.0,307000000.0,0.34,0.335,0.34,10344000000.0,,10344000000.0,26742870666.0,10.0,6.93,501000000.0,0.855,1.0,1131000000.0,0.048,938000000.0,46000000.0,18868000000.0,,5689000000.0,602000000.0,0.0,602000000.0,18401000000.0,10846000000.0,7555000000.0,25638870666.0,-126000000.0,-123000000.0,-676000000.0,264000000.0,-123000000.0,-532000000.0,-360000000.0,0.0,766000000.0,0.0,199000000.0,199000000.0,199000000.0,0.0,8000000.0,0.009,770000000.0,361000000.0,9572000000.0,0.618,2.479,16.166,17.033,13854000000.0,0.0,43.52,0.256,0.254,5420000000.0,5591000000.0,23345000000.0,23345000000.0,0.0,,,,,0.0,346000000.0,1.0,589128462.0,586000000.0,590000000.0,39.838,28221000000.0,0.0,108000000.0,3275000000.0,48.159,2602000000.0
30,MPC,MRQ,2013-12-31,2013-12-31,2013-12-31,2021-08-04,-204000000.0,28385000000.0,,12737000000.0,15648000000.0,,18.384,-469000000.0,2292000000.0,2292000000.0,23175000000.0,631000000.0,1.297,1.562,3396000000.0,23000000.0,3373000000.0,3396000000.0,0.0,332000000.0,0.0,0.021,0.21,1003000000.0,1335000000.0,0.054,1335000000.0,1003000000.0,964000000.0,1.025,1.02,1.025,10920000000.0,,10920000000.0,28998177173.0,9.0,6.271,886000000.0,1.492,1.0,1757000000.0,0.07,938000000.0,39000000.0,18727000000.0,,4689000000.0,463000000.0,0.0,463000000.0,17053000000.0,9824000000.0,7229000000.0,27613177173.0,274000000.0,-38000000.0,-441000000.0,-7000000.0,-126000000.0,-576000000.0,-505000000.0,1000000.0,1355000000.0,0.0,626000000.0,626000000.0,626000000.0,0.0,5000000.0,0.025,749000000.0,1008000000.0,8640000000.0,0.205,2.529,13.074,13.732,13921000000.0,0.0,45.865,0.275,0.288,5559000000.0,5507000000.0,24932000000.0,24932000000.0,0.0,,,,,0.0,336000000.0,1.0,602053356.0,594000000.0,598000000.0,41.973,27447000000.0,0.0,338000000.0,3190000000.0,46.207,2913000000.0
31,MPC,MRQ,2013-09-30,2013-09-30,2013-09-30,2021-08-04,-205000000.0,29003000000.0,,13531000000.0,15472000000.0,,17.558,-306000000.0,2018000000.0,2018000000.0,25287000000.0,173000000.0,1.301,1.635,3403000000.0,23000000.0,3380000000.0,3403000000.0,0.0,299000000.0,0.0,0.029,0.42,296000000.0,595000000.0,0.023,595000000.0,296000000.0,249000000.0,0.27,0.27,0.27,10851000000.0,,10851000000.0,20477932287.0,6.0,4.305,101000000.0,0.163,1.0,987000000.0,0.038,938000000.0,47000000.0,19049000000.0,,5714000000.0,417000000.0,0.0,417000000.0,17739000000.0,10401000000.0,7338000000.0,20136932287.0,-1051000000.0,-75000000.0,-1025000000.0,-6000000.0,-129000000.0,-1125000000.0,-333000000.0,48000000.0,407000000.0,0.0,168000000.0,168000000.0,168000000.0,0.0,5000000.0,0.006,686000000.0,301000000.0,9302000000.0,1.556,1.856,8.986,9.417,13795000000.0,0.0,32.16,0.21,0.207,5593000000.0,5007000000.0,26274000000.0,26274000000.0,0.0,,,,,0.0,305000000.0,1.0,626148392.0,618000000.0,622000000.0,42.515,28065000000.0,0.0,81000000.0,3114000000.0,45.413,3130000000.0
32,MPC,MRQ,2013-06-30,2013-06-30,2013-06-30,2021-08-04,-254000000.0,29695000000.0,,14252000000.0,15443000000.0,,18.298,-223000000.0,3069000000.0,3069000000.0,23995000000.0,599000000.0,1.392,1.485,3410000000.0,23000000.0,3387000000.0,3410000000.0,0.0,302000000.0,0.0,0.02,0.175,954000000.0,1256000000.0,0.049,1256000000.0,954000000.0,909000000.0,0.92,0.915,0.92,11784000000.0,,11784000000.0,21758390654.0,4.0,3.452,-659000000.0,-1.023,1.0,1708000000.0,0.066,938000000.0,45000000.0,18857000000.0,,4830000000.0,328000000.0,0.0,328000000.0,17498000000.0,10241000000.0,7257000000.0,23079390654.0,-1668000000.0,-39000000.0,-876000000.0,-5000000.0,-113000000.0,-996000000.0,-236000000.0,17000000.0,-436000000.0,0.0,593000000.0,593000000.0,593000000.0,0.0,6000000.0,0.023,748000000.0,960000000.0,8885000000.0,0.19,1.959,7.0,7.178,13799000000.0,0.0,35.53,0.254,0.251,6163000000.0,4969000000.0,25703000000.0,25703000000.0,0.0,,,,,0.0,358000000.0,1.0,649574744.0,644000000.0,648000000.0,39.911,28757000000.0,0.0,316000000.0,3205000000.0,44.654,4011000000.0
33,MPC,MRQ,2013-03-31,2013-03-31,2013-03-31,2021-08-04,-382000000.0,30773000000.0,,15297000000.0,15476000000.0,,18.127,-192000000.0,4737000000.0,4737000000.0,21564000000.0,730000000.0,1.426,1.53,3416000000.0,22000000.0,3394000000.0,3416000000.0,0.0,287000000.0,0.0,0.015,0.175,1151000000.0,1438000000.0,0.062,1438000000.0,1151000000.0,1103000000.0,1.095,1.085,1.095,12000000000.0,,12000000000.0,28197479770.0,5.0,4.279,1887000000.0,2.85,1.0,1781000000.0,0.076,930000000.0,48000000.0,17794000000.0,,4879000000.0,327000000.0,0.0,327000000.0,18361000000.0,10728000000.0,7633000000.0,29696479770.0,-123000000.0,-1514000000.0,-403000000.0,-7000000.0,-116000000.0,-520000000.0,-1682000000.0,11000000.0,2079000000.0,0.0,725000000.0,725000000.0,725000000.0,0.0,5000000.0,0.031,625000000.0,1156000000.0,9188000000.0,0.16,2.475,8.441,8.574,13850000000.0,0.0,44.8,0.347,0.347,5509000000.0,4489000000.0,23345000000.0,23345000000.0,0.0,,,,,0.0,249000000.0,1.0,662867852.0,662000000.0,666000000.0,35.264,29843000000.0,0.0,378000000.0,3460000000.0,45.08,4569000000.0
34,MPC,MRQ,2012-12-31,2012-12-31,2012-12-31,2021-08-04,-464000000.0,27223000000.0,,13029000000.0,14194000000.0,,17.506,-402000000.0,4860000000.0,4860000000.0,18859000000.0,759000000.0,1.588,1.293,3361000000.0,19000000.0,3342000000.0,3361000000.0,0.0,283000000.0,0.0,0.019,0.175,1185000000.0,1468000000.0,0.071,1468000000.0,1185000000.0,1140000000.0,1.13,1.12,1.13,11694000000.0,,11694000000.0,21330535930.0,4.0,3.365,1641000000.0,2.457,1.0,1852000000.0,0.089,930000000.0,45000000.0,16591000000.0,,3449000000.0,321000000.0,0.0,321000000.0,15118000000.0,8203000000.0,6915000000.0,21368535930.0,1473000000.0,-57000000.0,-446000000.0,-5000000.0,-116000000.0,-151000000.0,-419000000.0,40000000.0,2043000000.0,0.0,755000000.0,755000000.0,755000000.0,0.0,4000000.0,0.036,663000000.0,1189000000.0,7149000000.0,0.155,1.827,6.305,6.332,12643000000.0,0.0,31.5,0.259,0.26,4610000000.0,3880000000.0,20711000000.0,20711000000.0,0.0,,,,,0.0,314000000.0,1.0,678366220.0,668000000.0,672000000.0,31.004,26293000000.0,0.0,385000000.0,2973000000.0,39.361,4826000000.0
35,MPC,MRQ,2012-09-30,2012-09-30,2012-09-30,2021-08-04,-489000000.0,26583000000.0,,12516000000.0,14067000000.0,,16.963,-285000000.0,3387000000.0,3387000000.0,18749000000.0,1224000000.0,1.506,1.318,3349000000.0,20000000.0,3329000000.0,3349000000.0,0.0,246000000.0,0.0,0.02,0.175,1895000000.0,2141000000.0,0.101,2141000000.0,1895000000.0,1870000000.0,1.805,1.795,1.805,11467000000.0,,11467000000.0,19907633448.0,5.0,4.028,1548000000.0,2.29,1.0,2500000000.0,0.118,930000000.0,25000000.0,17307000000.0,,3889000000.0,300000000.0,0.0,300000000.0,15116000000.0,8308000000.0,6808000000.0,18467633448.0,1492000000.0,-27000000.0,22000000.0,-12000000.0,-119000000.0,-106000000.0,-235000000.0,76000000.0,1833000000.0,0.0,1224000000.0,1224000000.0,1224000000.0,0.0,0.0,0.058,605000000.0,1895000000.0,7238000000.0,0.097,1.611,7.217,7.279,12532000000.0,0.0,27.295,0.227,0.227,5101000000.0,3241000000.0,21249000000.0,21249000000.0,0.0,,,,,0.0,293000000.0,1.0,676594008.0,676000000.0,680000000.0,31.433,25653000000.0,0.0,646000000.0,2927000000.0,37.948,4208000000.0
36,MPC,MRQ,2012-06-30,2012-06-30,2012-06-30,2021-08-04,-497000000.0,24681000000.0,,10706000000.0,13975000000.0,,15.185,-322000000.0,1895000000.0,1895000000.0,18285000000.0,814000000.0,1.415,1.39,3335000000.0,19000000.0,3316000000.0,3335000000.0,0.0,236000000.0,0.0,0.021,0.125,1307000000.0,1543000000.0,0.076,1543000000.0,1307000000.0,1290000000.0,1.195,1.19,1.195,10326000000.0,,10326000000.0,16421234351.0,4.0,3.43,-53000000.0,-0.078,1.0,1972000000.0,0.097,925000000.0,17000000.0,17628000000.0,,4030000000.0,302000000.0,0.0,302000000.0,14355000000.0,7568000000.0,6787000000.0,15305234351.0,-310000000.0,-163000000.0,5000000.0,-3000000.0,-85000000.0,-92000000.0,-487000000.0,-1000000.0,269000000.0,0.0,814000000.0,814000000.0,814000000.0,0.0,0.0,0.04,665000000.0,1307000000.0,6380000000.0,0.105,1.482,6.201,6.354,12414000000.0,0.0,22.46,0.19,0.189,4708000000.0,2136000000.0,20257000000.0,20257000000.0,0.0,,,,,0.0,365000000.0,1.0,681444094.0,680000000.0,682000000.0,29.79,23756000000.0,0.0,476000000.0,2788000000.0,34.935,3138000000.0
37,MPC,MRQ,2012-03-31,2012-03-31,2012-03-31,2021-08-04,-862000000.0,25306000000.0,,11580000000.0,13726000000.0,,13.241,-307000000.0,2205000000.0,2205000000.0,18764000000.0,596000000.0,1.259,1.746,3321000000.0,17000000.0,3304000000.0,3321000000.0,0.0,230000000.0,0.0,0.016,0.125,956000000.0,1186000000.0,0.058,1186000000.0,956000000.0,934000000.0,0.855,0.85,0.855,9216000000.0,,9216000000.0,15300548807.0,4.0,3.184,40000000.0,0.057,1.0,1511000000.0,0.075,842000000.0,22000000.0,16379000000.0,,3352000000.0,302000000.0,0.0,302000000.0,16090000000.0,9201000000.0,6889000000.0,15072548807.0,-874000000.0,0.0,-823000000.0,-3000000.0,-87000000.0,-910000000.0,-311000000.0,-7000000.0,347000000.0,0.0,596000000.0,596000000.0,596000000.0,0.0,0.0,0.029,555000000.0,956000000.0,8064000000.0,0.146,1.635,6.137,6.257,12246000000.0,0.0,21.68,0.186,0.186,5867000000.0,1407000000.0,20275000000.0,20275000000.0,0.0,,,,,0.0,251000000.0,1.0,695228266.0,696000000.0,700000000.0,29.131,24464000000.0,0.0,338000000.0,2428000000.0,35.149,2379000000.0
38,MPC,MRQ,2011-12-31,2011-12-31,2011-12-31,2021-08-04,-879000000.0,25745000000.0,,12001000000.0,13744000000.0,,13.35,-338000000.0,3079000000.0,3079000000.0,19065000000.0,-75000000.0,1.251,1.709,3307000000.0,15000000.0,3292000000.0,3307000000.0,0.0,230000000.0,0.0,0.014,0.125,-158000000.0,72000000.0,0.004,72000000.0,-158000000.0,-180000000.0,-0.105,-0.105,-0.105,9505000000.0,,9505000000.0,12210494373.0,3.0,2.614,300000000.0,0.421,1.0,376000000.0,0.019,842000000.0,22000000.0,15540000000.0,,3320000000.0,302000000.0,0.0,302000000.0,16240000000.0,9591000000.0,6649000000.0,11868494373.0,122000000.0,0.0,0.0,-3000000.0,-89000000.0,-176000000.0,-340000000.0,-3000000.0,638000000.0,0.0,-75000000.0,-75000000.0,-75000000.0,0.0,0.0,-0.004,534000000.0,-158000000.0,8501000000.0,-1.19,1.249,4.968,4.969,12228000000.0,0.0,16.645,0.151,0.15,5461000000.0,898000000.0,19441000000.0,19441000000.0,0.0,,,,,0.0,255000000.0,1.0,713036610.0,712000000.0,708000000.0,27.305,24903000000.0,0.0,-105000000.0,2205000000.0,34.976,2410000000.0
39,MPC,MRQ,2011-09-30,2011-09-30,2011-09-30,2021-08-04,-601000000.0,25225000000.0,,11669000000.0,13556000000.0,,14.114,-319000000.0,2957000000.0,2957000000.0,18305000000.0,1133000000.0,1.355,1.51,3299000000.0,14000000.0,3285000000.0,3299000000.0,0.0,227000000.0,0.0,0.007,0.1,1759000000.0,1986000000.0,0.096,1986000000.0,1759000000.0,1744000000.0,1.59,1.58,1.59,10049000000.0,,10049000000.0,11298823784.0,3.0,2.181,1400000000.0,1.966,1.0,2348000000.0,0.114,842000000.0,15000000.0,16113000000.0,,3615000000.0,321000000.0,0.0,321000000.0,15176000000.0,8612000000.0,6564000000.0,9646823784.0,1335000000.0,0.0,1000000.0,-5000000.0,-71000000.0,-75000000.0,-309000000.0,7000000.0,1719000000.0,0.0,1133000000.0,1133000000.0,1133000000.0,0.0,0.0,0.055,589000000.0,1759000000.0,7255000000.0,0.063,0.96,3.581,3.575,12026000000.0,0.0,13.53,0.126,0.125,4914000000.0,1062000000.0,20653000000.0,20653000000.0,0.0,,,,,0.0,299000000.0,1.0,712995106.0,712000000.0,714000000.0,29.007,24383000000.0,0.0,611000000.0,2691000000.0,34.246,3057000000.0
40,MPC,MRQ,2011-06-30,2011-06-30,2011-06-30,2021-08-04,-596000000.0,23964000000.0,,10513000000.0,13451000000.0,,12.608,-266000000.0,1622000000.0,1622000000.0,18904000000.0,802000000.0,1.23,1.669,3274000000.0,12000000.0,3262000000.0,3274000000.0,0.0,218000000.0,0.0,0.0,0.0,1343000000.0,1561000000.0,0.075,1561000000.0,1343000000.0,1333000000.0,1.125,1.12,1.125,8977000000.0,,8977000000.0,17866998694.0,6.0,4.612,-229000000.0,-0.322,1.0,1890000000.0,0.091,842000000.0,10000000.0,16225000000.0,,3679000000.0,323000000.0,0.0,323000000.0,14987000000.0,8549000000.0,6438000000.0,14758998694.0,1403000000.0,-74000000.0,0.0,-76000000.0,0.0,-1062000000.0,2428000000.0,2763000000.0,37000000.0,0.0,802000000.0,802000000.0,802000000.0,0.0,0.0,0.039,565000000.0,1325000000.0,7551000000.0,0.0,1.644,8.03,8.008,11935000000.0,0.0,20.7,0.205,0.205,5042000000.0,0.0,20794000000.0,20794000000.0,0.0,,,,,0.0,288000000.0,1.0,712995106.0,712000000.0,716000000.0,29.205,23122000000.0,0.0,531000000.0,2122000000.0,32.475,1964000000.0
41,MPC,MRQ,2011-03-31,2011-03-31,2011-03-31,2021-08-04,-611000000.0,23777000000.0,,10580000000.0,13197000000.0,,12.691,-118000000.0,219000000.0,219000000.0,16551000000.0,529000000.0,1.277,1.631,3327000000.0,64000000.0,3263000000.0,3327000000.0,0.0,216000000.0,0.0,,0.0,836000000.0,1052000000.0,0.059,1052000000.0,836000000.0,822000000.0,0.745,0.74,0.745,9036000000.0,,9036000000.0,,,,797000000.0,1.119,1.0,1320000000.0,0.074,834000000.0,14000000.0,17769000000.0,,2735000000.0,3081000000.0,2765000000.0,316000000.0,14741000000.0,8282000000.0,6459000000.0,,101000000.0,0.0,0.0,-617000000.0,0.0,-330000000.0,-484000000.0,-366000000.0,915000000.0,0.0,529000000.0,529000000.0,529000000.0,0.0,0.0,0.03,501000000.0,819000000.0,7282000000.0,0.0,,,,11708000000.0,0.0,,,,4755000000.0,,17871000000.0,17871000000.0,0.0,,,,,0.0,217000000.0,1.0,712995106.0,712000000.0,716000000.0,25.1,22943000000.0,0.0,293000000.0,2099000000.0,32.223,2298000000.0
42,MPC,MRQ,2010-12-31,2010-12-31,2010-12-31,2021-08-04,-623000000.0,23232000000.0,,10056000000.0,13176000000.0,,11.579,450000000.0,118000000.0,118000000.0,16621000000.0,230000000.0,1.167,1.818,3897000000.0,666000000.0,3231000000.0,3897000000.0,0.0,218000000.0,0.0,,0.0,364000000.0,582000000.0,0.033,582000000.0,364000000.0,361000000.0,0.325,0.32,0.325,8244000000.0,,8244000000.0,,,,2377000000.0,3.338,1.0,840000000.0,0.048,837000000.0,3000000.0,17554000000.0,,3071000000.0,2716000000.0,2404000000.0,312000000.0,14988000000.0,8620000000.0,6368000000.0,,1000000.0,0.0,0.0,100000000.0,0.0,-243000000.0,-1683000000.0,-2140000000.0,1927000000.0,0.0,230000000.0,230000000.0,230000000.0,0.0,0.0,0.013,489000000.0,351000000.0,7060000000.0,0.0,,,,11724000000.0,0.0,,,,4398000000.0,0.0,17461000000.0,17461000000.0,0.0,,,,,0.0,214000000.0,1.0,712995106.0,712000000.0,,24.524,22395000000.0,0.0,131000000.0,2177000000.0,31.454,1436000000.0
43,MPC,MRQ,2010-09-30,2010-09-30,2010-09-30,2021-08-04,,,,,,,,-277000000.0,,,14966000000.0,277000000.0,,,,,,,,234000000.0,,,0.0,445000000.0,679000000.0,0.043,679000000.0,445000000.0,439000000.0,0.39,0.385,0.39,,,,,,,-282000000.0,-0.396,1.0,962000000.0,0.06,,6000000.0,,,,,,,,,,,-37000000.0,0.0,0.0,745000000.0,0.0,258000000.0,-290000000.0,-8000000.0,-5000000.0,0.0,277000000.0,277000000.0,277000000.0,0.0,0.0,0.017,519000000.0,443000000.0,,0.0,,,,,0.0,,,,,,15928000000.0,15928000000.0,0.0,,,,,0.0,226000000.0,1.0,712995106.0,712995106.0,,22.34,,,162000000.0,,,
44,MPC,MRQ,2010-06-30,2010-06-30,2010-06-30,2021-08-04,,,,,,,,-293000000.0,,,14629000000.0,405000000.0,,,,,,,,269000000.0,,,0.0,639000000.0,908000000.0,0.057,908000000.0,639000000.0,640000000.0,0.57,0.565,0.57,,,,,,,151000000.0,0.212,1.0,1196000000.0,0.076,,-1000000.0,,,,,,,,,,,8000000.0,0.0,0.0,-253000000.0,0.0,-239000000.0,-197000000.0,98000000.0,444000000.0,0.0,405000000.0,405000000.0,405000000.0,0.0,0.0,0.026,560000000.0,636000000.0,,0.0,,,,,0.0,,,,,,15825000000.0,15825000000.0,0.0,,,,,0.0,228000000.0,1.0,712995106.0,712995106.0,,22.195,,,235000000.0,,,
45,MPC,MRQ,2010-03-31,2010-03-31,2010-03-31,2021-08-04,,,,,,,,-334000000.0,,,13316000000.0,-289000000.0,,,,,,,,220000000.0,,,0.0,-413000000.0,-193000000.0,-0.014,-193000000.0,-413000000.0,-417000000.0,,,,,,,,,,-483000000.0,-0.677,1.0,75000000.0,0.006,,4000000.0,,,,,,,,,,,18000000.0,0.0,0.0,656000000.0,0.0,142000000.0,25000000.0,359000000.0,-149000000.0,0.0,-289000000.0,-289000000.0,-289000000.0,0.0,0.0,-0.022,494000000.0,-419000000.0,,,,,,,0.0,,,,,,13391000000.0,13391000000.0,0.0,,,,,0.0,206000000.0,1.0,712995106.0,712995106.0,,18.781,,,-128000000.0,,,
46,MPC,MRQ,2009-12-31,2009-12-31,2009-12-31,2021-08-04,-520000000.0,21254000000.0,,7900000000.0,13354000000.0,,12.882,,128000000.0,128000000.0,,,1.19,1.317,2612000000.0,11000000.0,2601000000.0,2612000000.0,0.0,,0.0,,0.0,,,,,,,,,,9172000000.0,,9172000000.0,,,,,,1.0,,,872000000.0,,16229000000.0,,3324000000.0,1229000000.0,864000000.0,365000000.0,12082000000.0,6637000000.0,5445000000.0,,,,,,,,,,,,,,,,,,,,5940000000.0,,,,,11897000000.0,,,,,3543000000.0,,,,,,,,,,,1.0,712995106.0,712000000.0,,,20382000000.0,0.0,,1808000000.0,28.626,1263000000.0
47,MPC,MRQ,2008-12-31,2008-12-31,2008-12-31,2021-08-04,-258000000.0,18177000000.0,,6734000000.0,11443000000.0,,,,108000000.0,108000000.0,,,1.413,1.034,2525000000.0,15000000.0,2510000000.0,2525000000.0,0.0,,0.0,,0.0,,,,,,,,,,8936000000.0,,8936000000.0,,,,,,1.0,,,866000000.0,,14961000000.0,,3302000000.0,1406000000.0,1024000000.0,382000000.0,9241000000.0,4767000000.0,4474000000.0,,,,,,,,,,,,,,,,,,,,3702000000.0,,,,,9959000000.0,,,,,2138000000.0,,,,,,,,,,,1.0,,,,,17311000000.0,0.0,,1551000000.0,,1967000000.0
0,MPC,MRT,2021-06-30,2021-06-30,2021-06-30,2021-08-04,-340000000.0,94300000000.0,87532250000.0,38592000000.0,55708000000.0,1.01,44.494,-1331000000.0,11839000000.0,11839000000.0,82150000000.0,8831000000.0,1.978,1.992,29813000000.0,543000000.0,29270000000.0,29813000000.0,0.0,3193000000.0,0.0,0.038,2.32,8496000000.0,11689000000.0,0.132,11689000000.0,8496000000.0,7079000000.0,11.81,11.72,11.81,28921000000.0,23791250000.0,28921000000.0,72771100614.0,9.0,6.226,3152000000.0,4.849,1.0,6294000000.0,0.071,8256000000.0,1417000000.0,84506000000.0,92124250000.0,8879000000.0,10842000000.0,5418000000.0,5424000000.0,57607000000.0,19512000000.0,38095000000.0,39433100614.0,10746000000.0,-102000000.0,-926000000.0,-3888000000.0,-1515000000.0,-7960000000.0,14223000000.0,-5508000000.0,4483000000.0,0.0,7669000000.0,7669000000.0,7669000000.0,-9143000000.0,1162000000.0,0.087,5779000000.0,515000000.0,12821000000.0,0.196,1.363,5.142,5.116,39496000000.0,0.0,60.42,0.446,0.444,9771000000.0,12160000000.0,88444000000.0,88444000000.0,0.0,0.088,0.322,0.092,0.096,0.0,2503000000.0,1.0,652649795.0,650000000.0,654000000.0,136.068,86044000000.0,0.0,-590000000.0,10923000000.0,132.375,19080000000.0
1,MPC,MRT,2021-03-31,2021-03-31,2021-03-31,2021-08-04,-511000000.0,86651000000.0,85105500000.0,30361000000.0,56290000000.0,0.833,33.167,-1769000000.0,624000000.0,624000000.0,66475000000.0,305000000.0,1.888,2.648,33962000000.0,2261000000.0,31701000000.0,33962000000.0,0.0,3155000000.0,0.0,0.043,2.32,107000000.0,3262000000.0,0.046,3262000000.0,107000000.0,-1279000000.0,-1.27,-1.27,-1.27,21592000000.0,22496250000.0,21592000000.0,67516691299.0,631.0,20.698,1872000000.0,2.876,1.0,4442000000.0,0.063,8256000000.0,1386000000.0,95648000000.0,94480000000.0,8407000000.0,5435000000.0,0.0,5435000000.0,57172000000.0,16085000000.0,41087000000.0,34836691299.0,-935000000.0,-102000000.0,30000000.0,812000000.0,-1512000000.0,-2140000000.0,-2436000000.0,-204000000.0,3641000000.0,0.0,-834000000.0,-834000000.0,-834000000.0,-1121000000.0,1139000000.0,-0.012,4317000000.0,125000000.0,10454000000.0,-1.827,1.613,-41.771,-42.118,40005000000.0,0.0,53.49,0.491,0.491,7468000000.0,4029000000.0,70917000000.0,70917000000.0,0.0,-0.01,-0.037,0.001,0.002,0.0,2543000000.0,1.0,651274842.0,651000000.0,651000000.0,108.935,78395000000.0,0.0,-445000000.0,7249000000.0,120.422,14276000000.0
2,MPC,MRT,2020-12-31,2020-12-31,2020-12-31,2021-08-04,-512000000.0,85158000000.0,85022000000.0,28287000000.0,56871000000.0,0.812,34.205,-2637000000.0,415000000.0,415000000.0,65733000000.0,-9977000000.0,1.806,2.475,33095000000.0,3351000000.0,29744000000.0,33095000000.0,0.0,3375000000.0,0.0,0.056,2.32,-10891000000.0,-7516000000.0,-0.109,-7516000000.0,-10891000000.0,-12256000000.0,-15.13,-15.13,-15.13,22199000000.0,23120250000.0,22199000000.0,59816914855.0,-5.0,-7.959,-218000000.0,-0.336,1.0,3299000000.0,0.048,8256000000.0,1365000000.0,93919000000.0,93702000000.0,7999000000.0,5422000000.0,0.0,5422000000.0,54938000000.0,15663000000.0,39275000000.0,26910914855.0,-973000000.0,-485000000.0,11000000.0,2676000000.0,-1510000000.0,-135000000.0,-3257000000.0,137000000.0,2419000000.0,0.0,-9826000000.0,-9826000000.0,-9826000000.0,-1205000000.0,-151000000.0,-0.142,15546000000.0,-12247000000.0,8535000000.0,-0.153,1.212,-2.739,-2.734,40556000000.0,0.0,41.36,0.39,0.389,5760000000.0,4650000000.0,69032000000.0,69032000000.0,0.0,-0.116,-0.425,-0.116,-0.158,0.0,2710000000.0,1.0,650650746.0,649000000.0,649000000.0,106.367,76902000000.0,0.0,-2430000000.0,7308000000.0,118.493,12624000000.0
3,MPC,MRT,2020-09-30,2020-09-30,2020-09-30,2021-08-04,-334000000.0,84020000000.0,88371500000.0,26200000000.0,57820000000.0,0.894,34.543,-3396000000.0,618000000.0,618000000.0,73119000000.0,-10289000000.0,1.839,2.383,33524000000.0,3031000000.0,30493000000.0,33524000000.0,0.0,3175000000.0,0.0,0.077,2.27,-10392000000.0,-7217000000.0,-0.091,-7217000000.0,-10392000000.0,-11721000000.0,-14.91,-14.91,-14.91,22453000000.0,25994000000.0,22453000000.0,52641405002.0,-5.0,-7.294,104000000.0,0.16,1.0,5866000000.0,0.074,8256000000.0,1329000000.0,94424000000.0,93998000000.0,7403000000.0,5462000000.0,0.0,5462000000.0,53506000000.0,14246000000.0,39260000000.0,19091405002.0,-810000000.0,-325000000.0,-55000000.0,3001000000.0,-1477000000.0,200000000.0,-4510000000.0,-238000000.0,3500000000.0,0.0,-9668000000.0,-9668000000.0,-9668000000.0,-1066000000.0,-621000000.0,-0.122,17945000000.0,-12079000000.0,7579000000.0,-0.152,0.85,-1.975,-1.968,41397000000.0,0.0,29.34,0.242,0.241,4911000000.0,4744000000.0,78985000000.0,78985000000.0,0.0,-0.109,-0.372,-0.111,-0.132,0.0,2859000000.0,1.0,650695467.0,650000000.0,650000000.0,121.515,75764000000.0,0.0,-2053000000.0,6726000000.0,116.56,11954000000.0
4,MPC,MRT,2020-06-30,2020-06-30,2020-06-30,2021-08-04,-336000000.0,84593000000.0,91901250000.0,14643000000.0,69950000000.0,0.97,36.525,-4015000000.0,1091000000.0,1091000000.0,80791000000.0,-8313000000.0,1.273,2.223,34641000000.0,2340000000.0,32301000000.0,34641000000.0,0.0,3116000000.0,0.0,0.059,2.22,-7767000000.0,-4651000000.0,-0.052,-4651000000.0,-7767000000.0,-9049000000.0,-11.88,-11.89,-11.88,23741000000.0,28815250000.0,23741000000.0,56804752330.0,-7.0,-12.213,951000000.0,1.463,1.0,8334000000.0,0.094,12710000000.0,1282000000.0,93929000000.0,93238250000.0,8086000000.0,5740000000.0,0.0,5740000000.0,52776000000.0,11504000000.0,41272000000.0,24306752330.0,-156000000.0,-598000000.0,-552000000.0,3591000000.0,-1447000000.0,336000000.0,-5458000000.0,-225000000.0,4966000000.0,0.0,-7687000000.0,-7687000000.0,-7687000000.0,-949000000.0,-626000000.0,-0.086,17676000000.0,-9342000000.0,6925000000.0,-0.187,1.024,-3.162,-3.146,47479000000.0,0.0,37.38,0.273,0.273,4361000000.0,6008000000.0,89125000000.0,89125000000.0,0.0,-0.084,-0.267,-0.083,-0.087,0.0,2947000000.0,1.0,650260897.0,650000000.0,650000000.0,137.115,71883000000.0,0.0,-1362000000.0,7186000000.0,110.589,3139000000.0
5,MPC,MRT,2020-03-31,2020-03-31,2020-03-31,2021-08-04,-326000000.0,86317000000.0,94977000000.0,15693000000.0,70624000000.0,1.163,37.173,-4449000000.0,1690000000.0,1690000000.0,98971000000.0,-7222000000.0,1.157,2.247,34188000000.0,2340000000.0,31848000000.0,34188000000.0,0.0,3169000000.0,0.0,0.092,2.17,-6486000000.0,-3317000000.0,-0.03,-3317000000.0,-6486000000.0,-7749000000.0,-10.22,-10.24,-10.22,24088000000.0,31431750000.0,24088000000.0,45131283701.0,-7.0,-13.606,2601000000.0,4.014,1.0,11524000000.0,0.104,12710000000.0,1263000000.0,92536000000.0,92649000000.0,7445000000.0,5656000000.0,0.0,5656000000.0,54121000000.0,13569000000.0,40552000000.0,15341283701.0,786000000.0,-868000000.0,-1053000000.0,3335000000.0,-1421000000.0,-435000000.0,-5829000000.0,4000000.0,7050000000.0,0.0,-6590000000.0,-6590000000.0,-6590000000.0,-757000000.0,-632000000.0,-0.06,19399000000.0,-7875000000.0,9213000000.0,-0.212,0.637,-2.328,-2.311,47895000000.0,0.0,23.62,0.139,0.139,5583000000.0,6380000000.0,110495000000.0,110495000000.0,0.0,-0.069,-0.21,-0.07,-0.059,0.0,3168000000.0,1.0,649503967.0,648000000.0,648000000.0,170.517,73607000000.0,0.0,-1159000000.0,6870000000.0,113.591,2124000000.0
6,MPC,MRT,2019-12-31,2019-12-31,2019-12-31,2021-08-04,-320000000.0,98556000000.0,97506750000.0,30458000000.0,68098000000.0,1.147,51.129,-4763000000.0,1393000000.0,1393000000.0,99228000000.0,3255000000.0,1.797,1.646,30538000000.0,1218000000.0,29320000000.0,30538000000.0,0.0,3225000000.0,0.0,0.035,2.12,4650000000.0,7875000000.0,0.07,7875000000.0,4650000000.0,3421000000.0,4.0,3.97,4.0,33694000000.0,33897500000.0,33694000000.0,68983632967.0,15.0,8.76,4678000000.0,7.099,1.0,12637000000.0,0.113,15650000000.0,1229000000.0,95103000000.0,92281000000.0,9804000000.0,6568000000.0,0.0,6568000000.0,55449000000.0,16948000000.0,38501000000.0,39121632967.0,-196000000.0,-1193000000.0,-1940000000.0,1179000000.0,-1398000000.0,-3376000000.0,-6261000000.0,98000000.0,9441000000.0,0.0,2637000000.0,2637000000.0,2637000000.0,-806000000.0,618000000.0,0.024,8175000000.0,4462000000.0,12209000000.0,0.53,1.161,14.836,15.062,42676000000.0,0.0,60.25,0.35,0.355,7233000000.0,15990000000.0,111865000000.0,111865000000.0,0.0,0.027,0.078,0.05,0.042,0.0,3192000000.0,1.0,649321709.0,659000000.0,664000000.0,169.75,82906000000.0,0.0,784000000.0,7407000000.0,125.806,13510000000.0
7,MPC,MRT,2019-09-30,2019-09-30,2019-09-30,2021-08-04,-212000000.0,98139000000.0,96102750000.0,19139000000.0,79000000000.0,1.165,51.43,-4292000000.0,1525000000.0,1525000000.0,99262000000.0,4188000000.0,1.248,1.616,31387000000.0,1143000000.0,30244000000.0,31387000000.0,0.0,2929000000.0,0.0,0.034,2.05,5411000000.0,8340000000.0,0.074,8340000000.0,5411000000.0,4096000000.0,4.73,4.67,4.73,33738000000.0,34267750000.0,33738000000.0,69835898933.0,13.0,8.374,5467000000.0,8.334,1.0,12725000000.0,0.114,21277000000.0,1315000000.0,91385000000.0,89849500000.0,9696000000.0,6725000000.0,0.0,6725000000.0,54515000000.0,15339000000.0,39176000000.0,39992898933.0,-3467000000.0,-4477000000.0,-2554000000.0,1275000000.0,-1371000000.0,-3876000000.0,-9350000000.0,75000000.0,9759000000.0,0.0,3145000000.0,3145000000.0,3145000000.0,-927000000.0,1043000000.0,0.028,7198000000.0,5527000000.0,12319000000.0,0.433,1.185,12.716,12.844,47556000000.0,0.0,60.75,0.357,0.356,7461000000.0,15891000000.0,111987000000.0,111987000000.0,0.0,0.033,0.092,0.06,0.048,0.0,3519000000.0,1.0,658319324.0,656000000.0,660000000.0,170.712,76862000000.0,0.0,951000000.0,7195000000.0,117.168,3800000000.0
8,MPC,MRT,2019-06-30,2019-06-30,2019-06-30,2021-08-04,-161000000.0,96896000000.0,84825750000.0,18396000000.0,78500000000.0,1.266,51.672,-4091000000.0,1247000000.0,1247000000.0,95523000000.0,3762000000.0,1.235,1.544,31090000000.0,1169000000.0,29921000000.0,31090000000.0,0.0,2914000000.0,0.0,0.035,1.98,4948000000.0,7862000000.0,0.073,7862000000.0,4948000000.0,3705000000.0,4.69,4.63,4.69,34207000000.0,29624750000.0,34207000000.0,67031093896.0,14.0,8.526,4063000000.0,6.137,1.0,11908000000.0,0.111,20277000000.0,1243000000.0,91572000000.0,80288500000.0,9088000000.0,6729000000.0,0.0,6729000000.0,52830000000.0,14890000000.0,37940000000.0,37027093896.0,-3755000000.0,-4708000000.0,-2454000000.0,1919000000.0,-1230000000.0,-2877000000.0,-9032000000.0,59000000.0,8154000000.0,0.0,2787000000.0,2787000000.0,2787000000.0,-673000000.0,975000000.0,0.026,6658000000.0,5250000000.0,11683000000.0,0.422,1.082,13.286,11.915,47923000000.0,0.0,55.88,0.345,0.344,7603000000.0,15146000000.0,107431000000.0,107431000000.0,0.0,0.033,0.094,0.062,0.046,0.0,3203000000.0,1.0,662618001.0,662000000.0,666000000.0,162.282,76619000000.0,0.0,918000000.0,6458000000.0,115.739,3506000000.0
9,MPC,MRT,2019-03-31,2019-03-31,2019-03-31,2021-08-04,-151000000.0,96436000000.0,73535750000.0,18151000000.0,78285000000.0,1.308,50.447,-3626000000.0,877000000.0,877000000.0,85496000000.0,3630000000.0,1.198,1.549,30881000000.0,1163000000.0,29718000000.0,30881000000.0,0.0,2561000000.0,0.0,0.032,1.91,4698000000.0,7259000000.0,0.075,7259000000.0,4698000000.0,3582000000.0,5.32,5.24,5.32,33951000000.0,24812500000.0,33951000000.0,66153108522.0,14.0,9.113,4292000000.0,6.377,1.0,10710000000.0,0.111,20229000000.0,1116000000.0,91064000000.0,70071250000.0,9833000000.0,6558000000.0,0.0,6558000000.0,52574000000.0,15147000000.0,37427000000.0,40316108522.0,-3749000000.0,-4515000000.0,-2831000000.0,1638000000.0,-1089000000.0,-3255000000.0,-8412000000.0,18000000.0,7918000000.0,0.0,2736000000.0,2736000000.0,2736000000.0,-673000000.0,894000000.0,0.028,5791000000.0,4919000000.0,11526000000.0,0.359,1.187,14.735,11.25,47771000000.0,0.0,59.85,0.419,0.419,6893000000.0,14391000000.0,96206000000.0,96206000000.0,0.0,0.037,0.11,0.067,0.049,0.0,2741000000.0,1.0,673619190.0,673000000.0,673000000.0,142.951,76207000000.0,0.0,846000000.0,6540000000.0,113.235,3004000000.0
10,MPC,MRT,2018-12-31,2018-12-31,2018-12-31,2021-08-04,-144000000.0,92940000000.0,62017750000.0,18023000000.0,74917000000.0,1.396,67.905,-3157000000.0,1687000000.0,1687000000.0,77047000000.0,3606000000.0,1.364,1.361,27524000000.0,544000000.0,26980000000.0,27524000000.0,0.0,2170000000.0,0.0,0.031,1.84,4537000000.0,6707000000.0,0.077,6707000000.0,4537000000.0,3544000000.0,5.36,5.28,5.36,35175000000.0,20071750000.0,35175000000.0,54224266569.0,12.0,8.085,3001000000.0,5.793,1.0,9542000000.0,0.11,20184000000.0,993000000.0,85377000000.0,60058000000.0,9837000000.0,5898000000.0,0.0,5898000000.0,47887000000.0,13216000000.0,34671000000.0,40767266569.0,-1290000000.0,-4231000000.0,-3263000000.0,5358000000.0,-954000000.0,222000000.0,-7670000000.0,16000000.0,6158000000.0,0.0,2780000000.0,2780000000.0,2780000000.0,-673000000.0,826000000.0,0.032,4852000000.0,4690000000.0,10518000000.0,0.343,1.159,14.664,11.009,45058000000.0,0.0,59.01,0.471,0.353,5853000000.0,14755000000.0,86589000000.0,86589000000.0,0.0,0.045,0.139,0.076,0.052,0.0,2276000000.0,1.0,690853526.0,518000000.0,526000000.0,167.16,72756000000.0,0.0,764000000.0,6310000000.0,140.456,4807000000.0
11,MPC,MRT,2018-09-30,2018-09-30,2018-09-30,2021-08-04,-168000000.0,53031000000.0,51044500000.0,15873000000.0,37158000000.0,1.681,33.627,-3085000000.0,4992000000.0,4992000000.0,76777000000.0,4536000000.0,1.648,2.176,18449000000.0,26000000.0,18423000000.0,18449000000.0,0.0,2156000000.0,0.0,0.022,1.78,4031000000.0,6187000000.0,0.072,6187000000.0,4031000000.0,3204000000.0,8.02,7.94,8.02,15166000000.0,14786250000.0,15166000000.0,48334840421.0,12.0,7.812,3091000000.0,6.854,1.0,9020000000.0,0.105,3713000000.0,827000000.0,53141000000.0,49943250000.0,5339000000.0,4910000000.0,0.0,4910000000.0,32997000000.0,9634000000.0,23363000000.0,36066840421.0,2900000000.0,-750000000.0,-3319000000.0,5354000000.0,-832000000.0,400000000.0,-3676000000.0,18000000.0,6176000000.0,0.0,3845000000.0,3845000000.0,3845000000.0,0.0,691000000.0,0.045,4298000000.0,4722000000.0,8509000000.0,0.222,2.378,9.38,9.971,27717000000.0,0.0,79.97,0.42,0.42,5408000000.0,14119000000.0,85797000000.0,85797000000.0,0.0,0.075,0.26,0.081,0.047,0.0,1679000000.0,1.0,451004632.0,451000000.0,456000000.0,190.237,49318000000.0,0.0,-641000000.0,3863000000.0,109.353,6239000000.0
12,MPC,MRT,2018-06-30,2018-06-30,2018-06-30,2021-08-04,-233000000.0,51736000000.0,49488250000.0,15548000000.0,36188000000.0,1.658,32.588,-2877000000.0,4999000000.0,4999000000.0,72936000000.0,4599000000.0,1.6,2.134,17267000000.0,26000000.0,17241000000.0,17267000000.0,0.0,2118000000.0,0.0,0.025,1.72,4308000000.0,6426000000.0,0.078,6426000000.0,4308000000.0,3563000000.0,8.18,8.09,8.18,14958000000.0,14227250000.0,14958000000.0,45010414924.0,10.0,7.004,4023000000.0,8.765,1.0,9115000000.0,0.111,3586000000.0,745000000.0,50703000000.0,48224750000.0,5485000000.0,4838000000.0,0.0,4838000000.0,31915000000.0,9715000000.0,22200000000.0,32405414924.0,3550000000.0,-275000000.0,-3367000000.0,4516000000.0,-827000000.0,-446000000.0,-2904000000.0,53000000.0,6900000000.0,0.0,4011000000.0,4011000000.0,4011000000.0,0.0,588000000.0,0.049,4219000000.0,4896000000.0,8545000000.0,0.21,2.166,8.079,8.577,26931000000.0,0.0,70.16,0.395,0.392,4919000000.0,13589000000.0,82051000000.0,82051000000.0,0.0,0.081,0.282,0.089,0.053,0.0,1645000000.0,1.0,461878776.0,459000000.0,464000000.0,178.76,48150000000.0,0.0,-448000000.0,3857000000.0,104.902,5833000000.0
13,MPC,MRT,2018-03-31,2018-03-31,2018-03-31,2021-08-04,-233000000.0,50364000000.0,47916000000.0,14525000000.0,35839000000.0,1.627,31.487,-2793000000.0,4653000000.0,4653000000.0,69532000000.0,3938000000.0,1.735,2.035,17258000000.0,26000000.0,17232000000.0,17258000000.0,0.0,2106000000.0,0.0,0.022,1.62,3668000000.0,5774000000.0,0.074,5774000000.0,3668000000.0,2960000000.0,6.82,6.75,6.82,14988000000.0,13646750000.0,14988000000.0,44739726787.0,12.0,7.748,2574000000.0,5.408,1.0,8428000000.0,0.108,3586000000.0,708000000.0,51011000000.0,47113750000.0,5111000000.0,4817000000.0,0.0,4817000000.0,30501000000.0,8372000000.0,22129000000.0,34804726787.0,2487000000.0,-309000000.0,-3231000000.0,4516000000.0,-802000000.0,-57000000.0,-2823000000.0,42000000.0,5367000000.0,0.0,3439000000.0,3439000000.0,3439000000.0,0.0,499000000.0,0.044,4261000000.0,4167000000.0,7403000000.0,0.238,2.322,10.121,10.72,26618000000.0,0.0,73.11,0.446,0.446,4613000000.0,12745000000.0,77960000000.0,77960000000.0,0.0,0.072,0.252,0.078,0.047,0.0,1706000000.0,1.0,476059729.0,476000000.0,480000000.0,163.782,46778000000.0,0.0,-479000000.0,3759000000.0,98.273,6153000000.0
14,MPC,MRT,2017-12-31,2017-12-31,2017-12-31,2021-08-04,-231000000.0,49047000000.0,46780250000.0,13401000000.0,35646000000.0,1.611,27.679,-2653000000.0,3011000000.0,3011000000.0,67089000000.0,3804000000.0,1.279,1.94,12946000000.0,624000000.0,12322000000.0,12946000000.0,0.0,2114000000.0,0.0,0.023,1.52,3646000000.0,5760000000.0,0.076,5760000000.0,3646000000.0,2972000000.0,6.76,6.7,6.76,14033000000.0,13167250000.0,14033000000.0,42919434977.0,12.0,7.451,3959000000.0,7.809,1.0,8280000000.0,0.11,3586000000.0,674000000.0,44918000000.0,45811000000.0,5550000000.0,4787000000.0,0.0,4787000000.0,27219000000.0,10478000000.0,16741000000.0,32225434977.0,2123000000.0,-1054000000.0,-2326000000.0,2236000000.0,-773000000.0,-1091000000.0,-3398000000.0,62000000.0,6612000000.0,0.0,3432000000.0,3432000000.0,3432000000.0,0.0,372000000.0,0.046,4262000000.0,4018000000.0,8888000000.0,0.225,2.296,9.39,9.76,26443000000.0,0.0,65.98,0.428,0.444,4695000000.0,12864000000.0,75369000000.0,75369000000.0,0.0,0.073,0.261,0.08,0.048,0.0,1694000000.0,1.0,488412170.0,507000000.0,512000000.0,148.657,45461000000.0,0.0,-460000000.0,3324000000.0,89.667,2923000000.0
15,MPC,MRT,2017-09-30,2017-09-30,2017-09-30,2021-08-04,-239000000.0,46806000000.0,45621750000.0,11631000000.0,35175000000.0,1.565,25.655,-2596000000.0,2088000000.0,2088000000.0,63802000000.0,1968000000.0,1.521,2.011,12782000000.0,29000000.0,12753000000.0,12782000000.0,0.0,2078000000.0,0.0,0.026,1.48,3086000000.0,5164000000.0,0.072,5164000000.0,3086000000.0,2477000000.0,3.22,3.19,3.22,12930000000.0,13048250000.0,12930000000.0,39546717478.0,13.0,7.658,2286000000.0,4.536,1.0,7615000000.0,0.107,3586000000.0,609000000.0,46267000000.0,45422750000.0,5493000000.0,4769000000.0,0.0,4769000000.0,26004000000.0,7647000000.0,18357000000.0,28390717478.0,1377000000.0,-1027000000.0,-1612000000.0,2156000000.0,-768000000.0,-138000000.0,-3367000000.0,40000000.0,4882000000.0,0.0,1643000000.0,1643000000.0,1643000000.0,0.0,325000000.0,0.023,4204000000.0,3411000000.0,6618000000.0,0.46,2.196,17.28,17.416,26036000000.0,0.0,56.08,0.398,0.396,3900000000.0,11044000000.0,71417000000.0,71417000000.0,0.0,0.036,0.126,0.068,0.043,0.0,1684000000.0,1.0,506253878.0,504000000.0,508000000.0,141.7,43220000000.0,0.0,834000000.0,4667000000.0,85.754,3984000000.0
16,MPC,MRT,2017-06-30,2017-06-30,2017-06-30,2021-08-04,-236000000.0,45447000000.0,44743500000.0,10443000000.0,35004000000.0,1.531,24.632,-2667000000.0,1450000000.0,1450000000.0,62023000000.0,1183000000.0,1.545,1.969,12606000000.0,29000000.0,12577000000.0,12606000000.0,0.0,2068000000.0,0.0,0.028,1.44,1971000000.0,4039000000.0,0.059,4039000000.0,1971000000.0,1379000000.0,1.71,1.69,1.71,12636000000.0,13164500000.0,12636000000.0,37576528194.0,19.0,9.303,714000000.0,1.392,1.0,6468000000.0,0.094,3586000000.0,592000000.0,46259000000.0,44646500000.0,5548000000.0,4823000000.0,0.0,4823000000.0,24883000000.0,6758000000.0,18125000000.0,27145528194.0,-309000000.0,-1014000000.0,-1212000000.0,1484000000.0,-756000000.0,-207000000.0,-3483000000.0,23000000.0,3381000000.0,0.0,885000000.0,885000000.0,885000000.0,0.0,298000000.0,0.013,4199000000.0,2269000000.0,5702000000.0,0.842,2.148,30.673,30.602,25786000000.0,0.0,52.33,0.396,0.392,3259000000.0,10344000000.0,68491000000.0,68491000000.0,0.0,0.02,0.067,0.044,0.029,0.0,1693000000.0,1.0,518737401.0,513000000.0,517000000.0,133.511,41861000000.0,0.0,494000000.0,4574000000.0,81.6,3685000000.0
17,MPC,MRT,2017-03-31,2017-03-31,2017-03-31,2021-08-04,-237000000.0,45821000000.0,44415000000.0,11042000000.0,34779000000.0,1.507,24.895,-2731000000.0,2167000000.0,2167000000.0,60619000000.0,1392000000.0,1.608,1.915,12598000000.0,28000000.0,12570000000.0,12598000000.0,0.0,2047000000.0,0.0,0.028,1.4,2413000000.0,4460000000.0,0.067,4460000000.0,2413000000.0,1842000000.0,2.28,2.27,2.28,13070000000.0,13378000000.0,13070000000.0,36359149232.0,15.0,8.152,2064000000.0,3.931,1.0,6308000000.0,0.094,3586000000.0,571000000.0,45800000000.0,43833750000.0,5392000000.0,4704000000.0,0.0,4704000000.0,25024000000.0,6866000000.0,18158000000.0,26674149232.0,1853000000.0,-1008000000.0,-522000000.0,969000000.0,-740000000.0,651000000.0,-3593000000.0,20000000.0,4795000000.0,0.0,1203000000.0,1203000000.0,1203000000.0,0.0,189000000.0,0.018,3706000000.0,2602000000.0,5871000000.0,0.614,2.041,22.173,22.167,25669000000.0,0.0,50.54,0.399,0.396,3284000000.0,10046000000.0,66927000000.0,66927000000.0,0.0,0.027,0.09,0.055,0.036,0.0,1609000000.0,1.0,527782929.0,525000000.0,530000000.0,127.48,42235000000.0,0.0,639000000.0,4505000000.0,80.448,4176000000.0
18,MPC,MRT,2016-12-31,2016-12-31,2016-12-31,2021-08-04,-234000000.0,44413000000.0,43399250000.0,10401000000.0,34012000000.0,1.46,25.676,-2791000000.0,887000000.0,887000000.0,57185000000.0,1213000000.0,1.455,1.712,10572000000.0,28000000.0,10544000000.0,10572000000.0,0.0,2001000000.0,0.0,0.027,1.36,2347000000.0,4348000000.0,0.069,4348000000.0,2347000000.0,1783000000.0,2.22,2.21,2.22,13557000000.0,13336000000.0,13557000000.0,36432494766.0,16.0,8.379,1226000000.0,2.322,1.0,6179000000.0,0.098,3587000000.0,564000000.0,43365000000.0,43326750000.0,5656000000.0,3827000000.0,0.0,3827000000.0,23210000000.0,7146000000.0,16064000000.0,26575494766.0,-244000000.0,-288000000.0,-186000000.0,-1416000000.0,-719000000.0,-1294000000.0,-2967000000.0,0.0,4017000000.0,0.0,1174000000.0,1174000000.0,1174000000.0,0.0,39000000.0,0.019,3793000000.0,2386000000.0,6123000000.0,0.613,1.96,22.637,22.68,25765000000.0,0.0,50.35,0.419,0.42,3617000000.0,10206000000.0,63364000000.0,63364000000.0,0.0,0.027,0.088,0.054,0.037,0.0,1597000000.0,1.0,527815189.0,528000000.0,530000000.0,120.008,40826000000.0,0.0,609000000.0,4478000000.0,77.322,3255000000.0
19,MPC,MRT,2016-09-30,2016-09-30,2016-09-30,2021-08-04,-327000000.0,43293000000.0,43074750000.0,9545000000.0,33748000000.0,1.434,25.417,-2773000000.0,709000000.0,709000000.0,55497000000.0,1092000000.0,1.506,1.667,10566000000.0,28000000.0,10538000000.0,10566000000.0,0.0,1910000000.0,0.0,0.033,1.32,2205000000.0,4115000000.0,0.067,4115000000.0,2205000000.0,1682000000.0,2.153,2.143,2.153,13395000000.0,13256000000.0,13395000000.0,30767362190.0,14.0,7.477,1049000000.0,1.991,1.0,6262000000.0,0.101,3648000000.0,523000000.0,43162000000.0,43372750000.0,5524000000.0,3554000000.0,0.0,3554000000.0,22336000000.0,6340000000.0,15996000000.0,21462362190.0,-1335000000.0,-1568000000.0,-357000000.0,-754000000.0,-699000000.0,-927000000.0,-4230000000.0,20000000.0,3822000000.0,0.0,1134000000.0,1134000000.0,1134000000.0,0.0,-42000000.0,0.018,4099000000.0,2163000000.0,5494000000.0,0.613,1.602,18.926,18.853,25697000000.0,0.0,40.59,0.348,0.346,3136000000.0,10169000000.0,61759000000.0,61759000000.0,0.0,0.026,0.086,0.051,0.036,0.0,1632000000.0,1.0,528759847.0,527000000.0,530000000.0,117.19,39645000000.0,0.0,548000000.0,4174000000.0,75.228,3205000000.0
20,MPC,MRT,2016-06-30,2016-06-30,2016-06-30,2021-08-04,-321000000.0,44133000000.0,39791750000.0,10304000000.0,33829000000.0,1.61,25.549,-2577000000.0,1754000000.0,1754000000.0,56725000000.0,1831000000.0,1.519,1.72,11059000000.0,27000000.0,11032000000.0,11059000000.0,0.0,1767000000.0,0.0,0.034,1.28,3383000000.0,5150000000.0,0.08,5150000000.0,3383000000.0,2931000000.0,3.643,3.633,3.643,13490000000.0,12976500000.0,13490000000.0,31370532197.0,9.0,6.091,1909000000.0,3.616,1.0,7332000000.0,0.114,3648000000.0,452000000.0,43008000000.0,38971750000.0,5209000000.0,3793000000.0,0.0,3793000000.0,23205000000.0,6782000000.0,16423000000.0,20112532197.0,-127000000.0,-1571000000.0,-465000000.0,-244000000.0,-680000000.0,-532000000.0,-4081000000.0,1000000.0,4486000000.0,0.0,1937000000.0,1937000000.0,1937000000.0,0.0,-106000000.0,0.03,4055000000.0,3277000000.0,5580000000.0,0.351,1.491,10.383,10.42,25512000000.0,0.0,37.96,0.314,0.313,3199000000.0,10215000000.0,64057000000.0,64057000000.0,0.0,0.049,0.149,0.087,0.053,0.0,1604000000.0,1.0,529834884.0,528000000.0,531000000.0,121.32,40485000000.0,0.0,994000000.0,4336000000.0,76.676,3522000000.0
21,MPC,MRT,2016-03-31,2016-03-31,2016-03-31,2021-08-04,-318000000.0,41758000000.0,36421750000.0,8097000000.0,33661000000.0,1.863,24.389,-2267000000.0,308000000.0,308000000.0,60265000000.0,1887000000.0,1.447,1.726,11566000000.0,215000000.0,11351000000.0,11566000000.0,0.0,1629000000.0,0.0,0.033,1.21,3372000000.0,5001000000.0,0.074,5001000000.0,3372000000.0,2993000000.0,3.653,3.633,3.653,12902000000.0,12514750000.0,12902000000.0,30474676703.0,9.0,6.094,946000000.0,1.788,1.0,7583000000.0,0.112,3649000000.0,379000000.0,43772000000.0,34514500000.0,4983000000.0,3807000000.0,0.0,3807000000.0,22264000000.0,5595000000.0,16669000000.0,19676676703.0,-1770000000.0,-1573000000.0,-818000000.0,271000000.0,-646000000.0,-1203000000.0,-3780000000.0,3000000.0,3213000000.0,0.0,1962000000.0,1962000000.0,1962000000.0,0.0,-75000000.0,0.029,4286000000.0,3297000000.0,4385000000.0,0.331,1.525,10.029,10.178,25319000000.0,0.0,37.18,0.29,0.29,2602000000.0,9584000000.0,67848000000.0,67848000000.0,0.0,0.054,0.157,0.098,0.05,0.0,1596000000.0,1.0,529227453.0,529000000.0,531000000.0,128.257,38109000000.0,0.0,1031000000.0,3960000000.0,72.04,2502000000.0
22,MPC,MRT,2015-12-31,2015-12-31,2015-12-31,2021-08-04,-318000000.0,43115000000.0,33527750000.0,9471000000.0,33644000000.0,2.155,24.604,-1977000000.0,1127000000.0,1127000000.0,63583000000.0,2868000000.0,1.493,1.771,11925000000.0,29000000.0,11896000000.0,11925000000.0,0.0,1502000000.0,0.0,0.022,1.14,4676000000.0,6178000000.0,0.085,6178000000.0,4676000000.0,4358000000.0,5.29,5.26,5.29,13237000000.0,12123750000.0,13237000000.0,32277376152.0,7.0,5.225,2096000000.0,3.896,1.0,8675000000.0,0.12,4019000000.0,318000000.0,43549000000.0,29805250000.0,5225000000.0,3622000000.0,0.0,3622000000.0,23440000000.0,6345000000.0,17095000000.0,27629376152.0,-367000000.0,-1549000000.0,-932000000.0,746000000.0,-613000000.0,-999000000.0,-3441000000.0,4000000.0,4073000000.0,0.0,2852000000.0,2852000000.0,2852000000.0,0.0,16000000.0,0.039,3983000000.0,4692000000.0,5246000000.0,0.216,2.087,9.688,9.8,25164000000.0,0.0,51.84,0.382,0.386,2927000000.0,9752000000.0,72258000000.0,72258000000.0,0.0,0.085,0.235,0.157,0.065,0.0,1576000000.0,1.0,532974077.0,538000000.0,542000000.0,134.309,39096000000.0,0.0,1506000000.0,3929000000.0,72.669,3126000000.0
23,MPC,MRT,2015-09-30,2015-09-30,2015-09-30,2021-08-04,-312000000.0,30161000000.0,30355250000.0,10861000000.0,19300000000.0,2.6,22.948,-1783000000.0,2044000000.0,2044000000.0,69805000000.0,3505000000.0,1.413,1.404,6692000000.0,780000000.0,5912000000.0,6692000000.0,0.0,1448000000.0,0.0,0.023,1.07,5571000000.0,7019000000.0,0.089,7019000000.0,5571000000.0,5284000000.0,6.34,6.3,6.34,12277000000.0,11502250000.0,12277000000.0,29657143895.0,5.0,4.225,1858000000.0,3.473,1.0,9117000000.0,0.116,1565000000.0,287000000.0,25558000000.0,25265000000.0,5556000000.0,1073000000.0,0.0,1073000000.0,17236000000.0,7686000000.0,9550000000.0,24840143895.0,190000000.0,-283000000.0,-1421000000.0,462000000.0,-581000000.0,-1504000000.0,-1947000000.0,10000000.0,3641000000.0,0.0,3463000000.0,3463000000.0,3463000000.0,0.0,42000000.0,0.044,3504000000.0,5613000000.0,5410000000.0,0.169,2.023,7.173,7.308,16294000000.0,0.0,46.33,0.315,0.314,3124000000.0,9736000000.0,78922000000.0,78922000000.0,0.0,0.114,0.301,0.221,0.071,0.0,1514000000.0,1.0,536156786.0,535000000.0,538000000.0,147.518,28596000000.0,0.0,1821000000.0,3129000000.0,53.45,3175000000.0
24,MPC,MRT,2015-06-30,2015-06-30,2015-06-30,2021-08-04,-309000000.0,30653000000.0,30741250000.0,11431000000.0,19222000000.0,2.786,21.521,-1653000000.0,1881000000.0,1881000000.0,77260000000.0,3226000000.0,1.31,1.577,6698000000.0,780000000.0,5918000000.0,6698000000.0,0.0,1406000000.0,0.0,0.019,1.0,5087000000.0,6493000000.0,0.076,6493000000.0,5087000000.0,4820000000.0,5.76,5.72,5.76,11643000000.0,11145250000.0,11643000000.0,33083677168.0,7.0,5.095,1997000000.0,3.691,1.0,8385000000.0,0.098,1566000000.0,267000000.0,25179000000.0,24927000000.0,5540000000.0,994000000.0,0.0,994000000.0,18363000000.0,8725000000.0,9638000000.0,28418677168.0,-244000000.0,-3177000000.0,-1565000000.0,3076000000.0,-551000000.0,824000000.0,-4718000000.0,10000000.0,3650000000.0,0.0,3187000000.0,3187000000.0,3187000000.0,0.0,39000000.0,0.037,3259000000.0,5126000000.0,6594000000.0,0.174,2.441,8.917,9.082,16283000000.0,0.0,52.31,0.332,0.33,3876000000.0,8959000000.0,85645000000.0,85645000000.0,0.0,0.104,0.286,0.204,0.059,0.0,1464000000.0,1.0,543274272.0,541000000.0,544000000.0,158.309,29087000000.0,0.0,1633000000.0,2997000000.0,53.765,2706000000.0
25,MPC,MRT,2015-03-31,2015-03-31,2015-03-31,2021-08-04,-313000000.0,30182000000.0,30422000000.0,11053000000.0,19129000000.0,3.024,20.804,-1566000000.0,2078000000.0,2078000000.0,83698000000.0,3251000000.0,1.324,1.605,6743000000.0,776000000.0,5967000000.0,6743000000.0,0.0,1369000000.0,0.0,0.019,0.96,5125000000.0,6494000000.0,0.071,6494000000.0,5125000000.0,4874000000.0,5.73,5.69,5.73,11338000000.0,10889500000.0,11338000000.0,33101908283.0,6.0,5.097,1968000000.0,3.611,1.0,8299000000.0,0.09,1566000000.0,251000000.0,24935000000.0,23356500000.0,5437000000.0,902000000.0,0.0,902000000.0,18202000000.0,8346000000.0,9856000000.0,27958908283.0,-88000000.0,-3153000000.0,-1617000000.0,3062000000.0,-537000000.0,949000000.0,-4571000000.0,10000000.0,3534000000.0,0.0,3216000000.0,3216000000.0,3216000000.0,0.0,35000000.0,0.035,3139000000.0,5160000000.0,5861000000.0,0.168,2.466,8.694,8.935,16241000000.0,0.0,51.195,0.304,0.303,3364000000.0,8269000000.0,91997000000.0,91997000000.0,0.0,0.106,0.295,0.219,0.056,0.0,1387000000.0,1.0,546125760.0,545000000.0,549000000.0,168.802,28616000000.0,0.0,1658000000.0,3407000000.0,52.506,2707000000.0
26,MPC,MRT,2014-12-31,2014-12-31,2014-12-31,2021-08-04,-313000000.0,30425000000.0,30166250000.0,11339000000.0,19086000000.0,3.252,18.861,-1453000000.0,1494000000.0,1494000000.0,90960000000.0,2555000000.0,1.322,1.771,6602000000.0,27000000.0,6575000000.0,6602000000.0,0.0,1326000000.0,0.0,0.02,0.92,4020000000.0,5346000000.0,0.054,5346000000.0,4020000000.0,3804000000.0,4.42,4.39,4.42,10751000000.0,10641000000.0,10751000000.0,29700196983.0,7.0,5.556,1657000000.0,2.907,1.0,7142000000.0,0.073,1566000000.0,216000000.0,25388000000.0,21839750000.0,5642000000.0,865000000.0,0.0,865000000.0,19035000000.0,8579000000.0,10456000000.0,25290196983.0,-798000000.0,-3234000000.0,-2105000000.0,3223000000.0,-524000000.0,635000000.0,-4543000000.0,9000000.0,3110000000.0,0.0,2524000000.0,2524000000.0,2524000000.0,0.0,31000000.0,0.026,3091000000.0,4051000000.0,7088000000.0,0.208,2.352,10.02,10.21,16261000000.0,0.0,45.13,0.258,0.262,4058000000.0,7515000000.0,98102000000.0,98102000000.0,0.0,0.084,0.237,0.184,0.041,0.0,1375000000.0,1.0,560385486.0,570000000.0,574000000.0,172.109,28859000000.0,0.0,1280000000.0,3124000000.0,50.63,2760000000.0
27,MPC,MRT,2014-09-30,2014-09-30,2014-09-30,2021-08-04,-228000000.0,31705000000.0,29656250000.0,12887000000.0,18818000000.0,3.395,19.202,-1402000000.0,1854000000.0,1854000000.0,93883000000.0,2381000000.0,1.242,1.884,6264000000.0,26000000.0,6238000000.0,6264000000.0,0.0,1299000000.0,0.0,0.021,0.88,3771000000.0,5070000000.0,0.05,5070000000.0,3771000000.0,3588000000.0,4.045,4.015,4.045,10849000000.0,10683250000.0,10849000000.0,25502140705.0,7.0,5.03,2675000000.0,4.735,1.0,6808000000.0,0.068,1537000000.0,183000000.0,24206000000.0,20174500000.0,5608000000.0,862000000.0,0.0,862000000.0,20439000000.0,10372000000.0,10067000000.0,23989140705.0,-164000000.0,-3210000000.0,-1869000000.0,2845000000.0,-512000000.0,288000000.0,-4529000000.0,4000000.0,4077000000.0,0.0,2352000000.0,2352000000.0,2352000000.0,0.0,29000000.0,0.023,3008000000.0,3800000000.0,9071000000.0,0.218,2.211,10.199,10.466,15999000000.0,0.0,42.335,0.238,0.238,5271000000.0,6856000000.0,100691000000.0,100691000000.0,0.0,0.079,0.22,0.187,0.037,0.0,1340000000.0,1.0,566650306.0,565000000.0,569000000.0,178.214,30168000000.0,0.0,1236000000.0,3116000000.0,53.395,2515000000.0
28,MPC,MRT,2014-06-30,2014-06-30,2014-06-30,2021-08-04,-218000000.0,29376000000.0,28980750000.0,13596000000.0,15780000000.0,3.502,18.502,-1327000000.0,2125000000.0,2125000000.0,95501000000.0,1875000000.0,1.23,1.727,3638000000.0,26000000.0,3612000000.0,3638000000.0,0.0,1276000000.0,0.0,0.027,1.05,3012000000.0,4288000000.0,0.042,4288000000.0,3012000000.0,2832000000.0,3.125,3.105,3.125,10620000000.0,10683750000.0,10620000000.0,24026537089.0,8.0,5.603,2079000000.0,3.622,1.0,5983000000.0,0.059,937000000.0,180000000.0,18897000000.0,18885250000.0,5621000000.0,690000000.0,0.0,690000000.0,18339000000.0,11055000000.0,7284000000.0,22533537089.0,-944000000.0,-319000000.0,-2597000000.0,231000000.0,-500000000.0,-2831000000.0,-1519000000.0,52000000.0,3406000000.0,0.0,1848000000.0,1848000000.0,1848000000.0,0.0,27000000.0,0.018,2944000000.0,3039000000.0,9220000000.0,0.336,2.122,12.193,12.491,13850000000.0,0.0,39.035,0.222,0.221,5725000000.0,6325000000.0,101484000000.0,101484000000.0,0.0,0.064,0.173,0.159,0.03,0.0,1303000000.0,1.0,577264944.0,574000000.0,578000000.0,176.801,28439000000.0,0.0,984000000.0,3460000000.0,49.545,2541000000.0
29,MPC,MRT,2014-03-31,2014-03-31,2014-03-31,2021-08-04,-205000000.0,29159000000.0,29060500000.0,13448000000.0,15711000000.0,3.45,17.652,-1263000000.0,2166000000.0,2166000000.0,94671000000.0,1610000000.0,1.24,1.779,3659000000.0,24000000.0,3635000000.0,3659000000.0,0.0,1253000000.0,0.0,0.023,1.015,2606000000.0,3859000000.0,0.038,3859000000.0,2606000000.0,2429000000.0,2.555,2.54,2.555,10344000000.0,10974750000.0,10344000000.0,26742870666.0,10.0,6.93,829000000.0,1.415,1.0,5583000000.0,0.056,938000000.0,177000000.0,18868000000.0,18875250000.0,5689000000.0,602000000.0,0.0,602000000.0,18401000000.0,10846000000.0,7555000000.0,25638870666.0,-2571000000.0,-275000000.0,-3018000000.0,246000000.0,-491000000.0,-3229000000.0,-1434000000.0,66000000.0,2092000000.0,0.0,1586000000.0,1586000000.0,1586000000.0,0.0,24000000.0,0.016,2953000000.0,2630000000.0,9572000000.0,0.397,2.479,16.166,17.033,13854000000.0,0.0,43.52,0.256,0.254,5420000000.0,5591000000.0,100254000000.0,100254000000.0,0.0,0.055,0.145,0.138,0.026,0.0,1345000000.0,1.0,589128462.0,586000000.0,590000000.0,171.082,28221000000.0,0.0,843000000.0,3275000000.0,48.159,2602000000.0
30,MPC,MRT,2013-12-31,2013-12-31,2013-12-31,2021-08-04,-204000000.0,28385000000.0,29464000000.0,12737000000.0,15648000000.0,3.403,17.333,-1190000000.0,2292000000.0,2292000000.0,94021000000.0,2133000000.0,1.297,1.562,3396000000.0,23000000.0,3373000000.0,3396000000.0,0.0,1220000000.0,0.0,0.021,0.98,3404000000.0,4624000000.0,0.046,4624000000.0,3404000000.0,3225000000.0,3.34,3.32,3.34,10920000000.0,11388750000.0,10920000000.0,28998177173.0,9.0,6.271,2215000000.0,3.516,1.0,6233000000.0,0.062,938000000.0,179000000.0,18727000000.0,18606750000.0,4689000000.0,463000000.0,0.0,463000000.0,17053000000.0,9824000000.0,7229000000.0,27613177173.0,-2568000000.0,-1666000000.0,-2745000000.0,-25000000.0,-484000000.0,-3217000000.0,-2756000000.0,77000000.0,3405000000.0,0.0,2112000000.0,2112000000.0,2112000000.0,0.0,21000000.0,0.021,2808000000.0,3425000000.0,8640000000.0,0.293,2.529,13.074,13.732,13921000000.0,0.0,45.865,0.275,0.288,5559000000.0,5507000000.0,100254000000.0,100254000000.0,0.0,0.072,0.185,0.183,0.034,0.0,1248000000.0,1.0,602053356.0,630000000.0,634000000.0,159.133,27447000000.0,0.0,1113000000.0,3190000000.0,43.567,2913000000.0
31,MPC,MRT,2013-09-30,2013-09-30,2013-09-30,2021-08-04,-205000000.0,29003000000.0,29173500000.0,13531000000.0,15472000000.0,3.292,17.558,-1123000000.0,2018000000.0,2018000000.0,89705000000.0,2261000000.0,1.301,1.635,3403000000.0,23000000.0,3380000000.0,3403000000.0,0.0,1171000000.0,0.0,0.029,0.945,3586000000.0,4757000000.0,0.05,4757000000.0,3586000000.0,3401000000.0,3.415,3.39,3.415,10851000000.0,11582250000.0,10851000000.0,20477932287.0,6.0,4.305,2970000000.0,4.806,1.0,6328000000.0,0.066,938000000.0,185000000.0,19049000000.0,18072750000.0,5714000000.0,417000000.0,0.0,417000000.0,17739000000.0,10401000000.0,7338000000.0,20136932287.0,-1369000000.0,-1685000000.0,-2750000000.0,-23000000.0,-474000000.0,-2792000000.0,-2670000000.0,116000000.0,4093000000.0,0.0,2241000000.0,2241000000.0,2241000000.0,0.0,20000000.0,0.023,2722000000.0,3606000000.0,9302000000.0,0.277,1.856,8.986,9.417,13795000000.0,0.0,32.16,0.21,0.207,5593000000.0,5007000000.0,96033000000.0,96033000000.0,0.0,0.077,0.193,0.198,0.037,0.0,1226000000.0,1.0,626148392.0,618000000.0,622000000.0,155.393,28065000000.0,0.0,1160000000.0,3114000000.0,45.413,3130000000.0
32,MPC,MRT,2013-06-30,2013-06-30,2013-06-30,2021-08-04,-254000000.0,29695000000.0,28568500000.0,14252000000.0,15443000000.0,3.186,18.298,-1102000000.0,3069000000.0,3069000000.0,83167000000.0,3312000000.0,1.392,1.485,3410000000.0,23000000.0,3387000000.0,3410000000.0,0.0,1118000000.0,0.0,0.02,0.7,5185000000.0,6303000000.0,0.069,6303000000.0,5185000000.0,5022000000.0,4.95,4.915,4.95,11784000000.0,11736250000.0,11784000000.0,21758390654.0,4.0,3.452,4417000000.0,6.859,1.0,7841000000.0,0.086,938000000.0,163000000.0,18857000000.0,17637250000.0,4830000000.0,328000000.0,0.0,328000000.0,17498000000.0,10241000000.0,7257000000.0,23079390654.0,1174000000.0,-1637000000.0,-1703000000.0,-29000000.0,-464000000.0,-1773000000.0,-2572000000.0,144000000.0,5519000000.0,0.0,3297000000.0,3297000000.0,3297000000.0,0.0,15000000.0,0.036,2641000000.0,5200000000.0,8885000000.0,0.141,1.959,7.0,7.178,13799000000.0,0.0,35.53,0.254,0.251,6163000000.0,4969000000.0,91008000000.0,91008000000.0,0.0,0.115,0.281,0.294,0.057,0.0,1214000000.0,1.0,649574744.0,644000000.0,648000000.0,141.317,28757000000.0,0.0,1725000000.0,3205000000.0,44.654,4011000000.0
33,MPC,MRT,2013-03-31,2013-03-31,2013-03-31,2021-08-04,-382000000.0,30773000000.0,27315000000.0,15297000000.0,15476000000.0,3.132,18.127,-1201000000.0,4737000000.0,4737000000.0,77457000000.0,3527000000.0,1.426,1.53,3416000000.0,22000000.0,3394000000.0,3416000000.0,0.0,1052000000.0,0.0,0.015,0.65,5538000000.0,6590000000.0,0.077,6590000000.0,5538000000.0,5403000000.0,5.225,5.19,5.225,12000000000.0,11371750000.0,12000000000.0,28197479770.0,5.0,4.279,5023000000.0,7.588,1.0,8105000000.0,0.095,930000000.0,135000000.0,17794000000.0,17330000000.0,4879000000.0,327000000.0,0.0,327000000.0,18361000000.0,10728000000.0,7633000000.0,29696479770.0,2532000000.0,-1761000000.0,-822000000.0,-27000000.0,-436000000.0,-869000000.0,-2823000000.0,126000000.0,6224000000.0,0.0,3518000000.0,3518000000.0,3518000000.0,0.0,9000000.0,0.041,2558000000.0,5547000000.0,9188000000.0,0.124,2.475,8.441,8.574,13850000000.0,0.0,44.8,0.347,0.347,5509000000.0,4489000000.0,85562000000.0,85562000000.0,0.0,0.129,0.309,0.32,0.065,0.0,1221000000.0,1.0,662867852.0,662000000.0,666000000.0,129.248,29843000000.0,0.0,1885000000.0,3460000000.0,45.08,4569000000.0
34,MPC,MRT,2012-12-31,2012-12-31,2012-12-31,2021-08-04,-464000000.0,27223000000.0,25948250000.0,13029000000.0,14194000000.0,3.179,17.197,-1316000000.0,4860000000.0,4860000000.0,74657000000.0,3393000000.0,1.588,1.293,3361000000.0,19000000.0,3342000000.0,3361000000.0,0.0,995000000.0,0.0,0.019,0.6,5343000000.0,6338000000.0,0.077,6338000000.0,5343000000.0,5234000000.0,4.975,4.945,4.975,11694000000.0,10675750000.0,11694000000.0,21330535930.0,4.0,3.365,3176000000.0,4.671,1.0,7835000000.0,0.095,930000000.0,109000000.0,16591000000.0,16976250000.0,3449000000.0,321000000.0,0.0,321000000.0,15118000000.0,8203000000.0,6915000000.0,21368535930.0,1781000000.0,-247000000.0,-1242000000.0,-23000000.0,-407000000.0,-1259000000.0,-1452000000.0,108000000.0,4492000000.0,0.0,3389000000.0,3389000000.0,3389000000.0,0.0,4000000.0,0.041,2488000000.0,5347000000.0,7149000000.0,0.121,1.827,6.305,6.332,12643000000.0,0.0,31.5,0.259,0.26,4610000000.0,3880000000.0,82492000000.0,82492000000.0,0.0,0.131,0.317,0.315,0.065,0.0,1223000000.0,1.0,678366220.0,680000000.0,684000000.0,121.312,26293000000.0,0.0,1845000000.0,2973000000.0,38.666,4826000000.0
35,MPC,MRT,2012-09-30,2012-09-30,2012-09-30,2021-08-04,-489000000.0,26583000000.0,25578750000.0,12516000000.0,14067000000.0,3.175,16.963,-1252000000.0,3387000000.0,3387000000.0,74863000000.0,2559000000.0,1.506,1.318,3349000000.0,20000000.0,3329000000.0,3349000000.0,0.0,942000000.0,0.0,0.02,0.55,4000000000.0,4942000000.0,0.061,4942000000.0,4000000000.0,3914000000.0,3.75,3.73,3.75,11467000000.0,10128500000.0,11467000000.0,19907633448.0,5.0,4.028,1835000000.0,2.714,1.0,6359000000.0,0.078,930000000.0,86000000.0,17307000000.0,16713500000.0,3889000000.0,300000000.0,0.0,300000000.0,15116000000.0,8308000000.0,6808000000.0,18467633448.0,430000000.0,-190000000.0,-796000000.0,-21000000.0,-380000000.0,-1284000000.0,-1373000000.0,65000000.0,3087000000.0,0.0,2559000000.0,2559000000.0,2559000000.0,0.0,0.0,0.032,2359000000.0,4000000000.0,7238000000.0,0.147,1.611,7.217,7.279,12532000000.0,0.0,27.295,0.227,0.227,5101000000.0,3241000000.0,81222000000.0,81222000000.0,0.0,0.1,0.253,0.239,0.049,0.0,1164000000.0,1.0,676594008.0,676000000.0,680000000.0,120.151,25653000000.0,0.0,1355000000.0,2927000000.0,37.948,4208000000.0
36,MPC,MRT,2012-06-30,2012-06-30,2012-06-30,2021-08-04,-497000000.0,24681000000.0,25239250000.0,10706000000.0,13975000000.0,3.194,15.185,-1286000000.0,1895000000.0,1895000000.0,74419000000.0,2468000000.0,1.415,1.39,3335000000.0,19000000.0,3316000000.0,3335000000.0,0.0,923000000.0,0.0,0.021,0.475,3864000000.0,4787000000.0,0.059,4787000000.0,3864000000.0,3788000000.0,3.535,3.515,3.535,10326000000.0,9774000000.0,10326000000.0,16421234351.0,4.0,3.43,1687000000.0,2.481,1.0,6207000000.0,0.077,925000000.0,76000000.0,17628000000.0,16415000000.0,4030000000.0,302000000.0,0.0,302000000.0,14355000000.0,7568000000.0,6787000000.0,15305234351.0,273000000.0,-163000000.0,-817000000.0,-14000000.0,-332000000.0,-1253000000.0,-1447000000.0,-4000000.0,2973000000.0,0.0,2468000000.0,2468000000.0,2468000000.0,0.0,0.0,0.031,2343000000.0,3864000000.0,6380000000.0,0.134,1.482,6.201,6.354,12414000000.0,0.0,22.46,0.19,0.189,4708000000.0,2136000000.0,80626000000.0,80626000000.0,0.0,0.098,0.253,0.235,0.048,0.0,1170000000.0,1.0,681444094.0,680000000.0,682000000.0,118.568,23756000000.0,0.0,1320000000.0,2788000000.0,34.935,3138000000.0
37,MPC,MRT,2012-03-31,2012-03-31,2012-03-31,2021-08-04,-862000000.0,25306000000.0,25060000000.0,11580000000.0,13726000000.0,3.239,13.241,-1230000000.0,2205000000.0,2205000000.0,75038000000.0,2456000000.0,1.259,1.746,3321000000.0,17000000.0,3304000000.0,3321000000.0,0.0,905000000.0,0.0,0.016,0.35,3900000000.0,4805000000.0,0.059,4805000000.0,3900000000.0,3831000000.0,3.465,3.445,3.465,9216000000.0,9436750000.0,9216000000.0,15300548807.0,4.0,3.184,1511000000.0,2.171,1.0,6125000000.0,0.075,842000000.0,69000000.0,16379000000.0,16064250000.0,3352000000.0,302000000.0,0.0,302000000.0,16090000000.0,9201000000.0,6889000000.0,15072548807.0,1986000000.0,-74000000.0,-822000000.0,-87000000.0,-247000000.0,-2223000000.0,1468000000.0,2760000000.0,2741000000.0,0.0,2456000000.0,2456000000.0,2456000000.0,0.0,0.0,0.03,2243000000.0,3882000000.0,8064000000.0,0.101,1.635,6.137,6.257,12246000000.0,0.0,21.68,0.186,0.186,5867000000.0,1407000000.0,81163000000.0,81163000000.0,0.0,0.098,0.26,0.243,0.048,0.0,1093000000.0,1.0,695228266.0,696000000.0,700000000.0,116.614,24464000000.0,0.0,1375000000.0,2428000000.0,35.149,2379000000.0
38,MPC,MRT,2011-12-31,2011-12-31,2011-12-31,2021-08-04,-879000000.0,25745000000.0,24677750000.0,12001000000.0,13744000000.0,3.191,13.35,-1041000000.0,3079000000.0,3079000000.0,72825000000.0,2389000000.0,1.251,1.709,3307000000.0,15000000.0,3292000000.0,3307000000.0,0.0,891000000.0,0.0,0.014,0.225,3780000000.0,4671000000.0,0.059,4671000000.0,3780000000.0,3719000000.0,3.35,3.335,3.35,9505000000.0,9391750000.0,9505000000.0,12210494373.0,3.0,2.614,2268000000.0,3.185,1.0,5934000000.0,0.075,842000000.0,61000000.0,15540000000.0,16411750000.0,3320000000.0,302000000.0,0.0,302000000.0,16240000000.0,9591000000.0,6649000000.0,11868494373.0,2961000000.0,-74000000.0,1000000.0,-701000000.0,-160000000.0,-1643000000.0,1295000000.0,2401000000.0,3309000000.0,0.0,2389000000.0,2389000000.0,2389000000.0,0.0,0.0,0.03,2189000000.0,3745000000.0,8501000000.0,0.067,1.249,4.968,4.969,12228000000.0,0.0,16.645,0.151,0.15,5461000000.0,898000000.0,78759000000.0,78759000000.0,0.0,0.097,0.254,0.23,0.048,0.0,1059000000.0,1.0,713036610.0,712000000.0,714000000.0,110.617,24903000000.0,0.0,1330000000.0,2205000000.0,34.976,2410000000.0
39,MPC,MRT,2011-09-30,2011-09-30,2011-09-30,2021-08-04,-601000000.0,25225000000.0,24049500000.0,11669000000.0,13556000000.0,3.193,14.114,-253000000.0,2957000000.0,2957000000.0,70381000000.0,2694000000.0,1.355,1.51,3299000000.0,14000000.0,3285000000.0,3299000000.0,0.0,879000000.0,0.0,0.007,0.1,4302000000.0,5181000000.0,0.067,5181000000.0,4302000000.0,4260000000.0,3.785,3.76,3.785,10049000000.0,9076500000.0,10049000000.0,11298823784.0,3.0,2.181,4345000000.0,6.103,1.0,6398000000.0,0.083,842000000.0,42000000.0,16113000000.0,16915250000.0,3615000000.0,321000000.0,0.0,321000000.0,15176000000.0,8612000000.0,6564000000.0,9646823784.0,2840000000.0,-74000000.0,1000000.0,-598000000.0,-71000000.0,-1710000000.0,-48000000.0,264000000.0,4598000000.0,0.0,2694000000.0,2694000000.0,2694000000.0,0.0,0.0,0.035,2144000000.0,4254000000.0,7255000000.0,0.026,0.96,3.581,3.575,12026000000.0,0.0,13.53,0.126,0.125,4914000000.0,1062000000.0,76779000000.0,76779000000.0,0.0,0.112,0.297,0.254,0.056,0.0,1018000000.0,1.0,712995106.0,712000000.0,,107.836,24383000000.0,0.0,1566000000.0,2691000000.0,34.246,3057000000.0
40,MPC,MRT,2011-06-30,2011-06-30,2011-06-30,2021-08-04,-596000000.0,23964000000.0,,10513000000.0,13451000000.0,,12.608,-211000000.0,1622000000.0,1622000000.0,67042000000.0,1838000000.0,1.23,1.669,3274000000.0,12000000.0,3262000000.0,3274000000.0,0.0,886000000.0,0.0,0.0,0.0,2988000000.0,3874000000.0,0.054,3874000000.0,2988000000.0,2955000000.0,2.585,2.565,2.585,8977000000.0,,8977000000.0,17866998694.0,6.0,4.612,2663000000.0,3.74,1.0,5012000000.0,0.07,842000000.0,33000000.0,16225000000.0,,3679000000.0,323000000.0,0.0,323000000.0,14987000000.0,8549000000.0,6438000000.0,14758998694.0,1468000000.0,-74000000.0,0.0,152000000.0,0.0,-1377000000.0,-29000000.0,249000000.0,2874000000.0,0.0,1838000000.0,1838000000.0,1838000000.0,0.0,0.0,0.026,2074000000.0,2938000000.0,7551000000.0,0.0,1.644,8.03,8.008,11935000000.0,0.0,20.7,0.205,0.205,5042000000.0,0.0,72054000000.0,72054000000.0,0.0,,,,0.041,0.0,945000000.0,1.0,712995106.0,712000000.0,,101.199,23122000000.0,0.0,1117000000.0,2122000000.0,32.475,1964000000.0
41,MPC,MRT,2011-03-31,2011-03-31,2011-03-31,2021-08-04,-611000000.0,23777000000.0,,10580000000.0,13197000000.0,,12.691,-238000000.0,219000000.0,219000000.0,62767000000.0,1441000000.0,1.277,1.631,3327000000.0,64000000.0,3263000000.0,3327000000.0,0.0,937000000.0,0.0,,0.0,2284000000.0,3221000000.0,0.048,3221000000.0,2284000000.0,2262000000.0,2.03,2.01,2.03,9036000000.0,,9036000000.0,,,,3043000000.0,4.274,1.0,4318000000.0,0.064,834000000.0,22000000.0,17769000000.0,,2735000000.0,3081000000.0,2765000000.0,316000000.0,14741000000.0,8282000000.0,6459000000.0,,73000000.0,0.0,0.0,-25000000.0,0.0,-554000000.0,-2654000000.0,-2416000000.0,3281000000.0,0.0,1441000000.0,1441000000.0,1441000000.0,0.0,0.0,0.021,2069000000.0,2249000000.0,7282000000.0,0.0,,,,11708000000.0,0.0,,,,4755000000.0,,67085000000.0,67085000000.0,0.0,,,,0.034,0.0,885000000.0,1.0,712995106.0,712000000.0,,94.221,22943000000.0,0.0,821000000.0,2099000000.0,32.223,2298000000.0
42,MPC,MRT,2010-12-31,2010-12-31,2010-12-31,2021-08-04,-623000000.0,23232000000.0,22243000000.0,10056000000.0,13176000000.0,2.815,11.579,-454000000.0,118000000.0,118000000.0,59532000000.0,623000000.0,1.167,1.818,3897000000.0,666000000.0,3231000000.0,3897000000.0,0.0,941000000.0,0.0,,0.0,1035000000.0,1976000000.0,0.032,1976000000.0,1035000000.0,1023000000.0,0.875,0.87,0.875,8244000000.0,8708000000.0,8244000000.0,,,,1763000000.0,2.476,1.0,3073000000.0,0.049,837000000.0,12000000.0,17554000000.0,16891500000.0,3071000000.0,2716000000.0,2404000000.0,312000000.0,14988000000.0,8620000000.0,6368000000.0,,-10000000.0,0.0,0.0,1248000000.0,0.0,-82000000.0,-2145000000.0,-1691000000.0,2217000000.0,0.0,623000000.0,623000000.0,623000000.0,0.0,0.0,0.01,2062000000.0,1011000000.0,7060000000.0,0.0,,,,11724000000.0,0.0,,,,4398000000.0,0.0,62605000000.0,62605000000.0,0.0,0.028,0.072,0.061,0.017,0.0,874000000.0,1.0,712995106.0,712000000.0,716000000.0,87.928,22395000000.0,0.0,400000000.0,2177000000.0,31.454,1436000000.0
43,MPC,MRT,2010-09-30,2010-09-30,2010-09-30,2021-08-04,,,,,,,,,,,,,,,,,,,,,,,0.0,,,,,,,,,,,,,,,,,,1.0,,,,,,,,,,,,,,,,,,,,,,,,,,,,,,,,,,,,,,,,,,,,,,,,,,,,,,1.0,712995106.0,712995106.0,,,,,,,,
44,MPC,MRT,2010-06-30,2010-06-30,2010-06-30,2021-08-04,,,,,,,,,,,,,,,,,,,,,,,0.0,,,,,,,,,,,,,,,,,,1.0,,,,,,,,,,,,,,,,,,,,,,,,,,,,,,,,,,,,,,,,,,,,,,,,,,,,,,1.0,712995106.0,712995106.0,,,,,,,,
45,MPC,MRT,2010-03-31,2010-03-31,2010-03-31,2021-08-04,,,,,,,,,,,,,,,,,,,,,,,0.0,,,,,,,,,,,,,,,,,,1.0,,,,,,,,,,,,,,,,,,,,,,,,,,,,,,,,,,,,,,,,,,,,,,,,,,,,,,1.0,712995106.0,712995106.0,,,,,,,,
46,MPC,MRT,2009-12-31,2009-12-31,2009-12-31,2021-08-04,-520000000.0,21254000000.0,19715500000.0,7900000000.0,13354000000.0,2.315,12.882,-2838000000.0,128000000.0,128000000.0,43244000000.0,449000000.0,1.19,1.317,2612000000.0,11000000.0,2601000000.0,2612000000.0,0.0,670000000.0,0.0,,0.0,699000000.0,1369000000.0,0.03,1369000000.0,699000000.0,685000000.0,0.63,0.625,0.63,9172000000.0,9054000000.0,9172000000.0,,,,-383000000.0,-0.538,1.0,2395000000.0,0.052,872000000.0,14000000.0,16229000000.0,15595000000.0,3324000000.0,1229000000.0,864000000.0,365000000.0,12082000000.0,6637000000.0,5445000000.0,,20000000.0,0.0,0.0,2000000.0,0.0,209000000.0,-2644000000.0,172000000.0,2455000000.0,0.0,449000000.0,449000000.0,449000000.0,0.0,0.0,0.01,1741000000.0,654000000.0,5940000000.0,0.0,,,,11897000000.0,0.0,,,,3543000000.0,,45639000000.0,45639000000.0,0.0,0.023,0.05,0.045,0.015,0.0,842000000.0,1.0,712995106.0,712000000.0,716000000.0,64.1,20382000000.0,0.0,236000000.0,1808000000.0,28.626,1263000000.0
47,MPC,MRT,2008-12-31,2008-12-31,2008-12-31,2021-08-04,-258000000.0,18177000000.0,,6734000000.0,11443000000.0,,,-2118000000.0,108000000.0,108000000.0,61592000000.0,1215000000.0,1.413,1.034,2525000000.0,15000000.0,2510000000.0,2525000000.0,0.0,606000000.0,0.0,,0.0,1881000000.0,2487000000.0,0.038,2487000000.0,1881000000.0,1885000000.0,,,,8936000000.0,,8936000000.0,,,,-1434000000.0,,1.0,3666000000.0,0.056,866000000.0,-4000000.0,14961000000.0,,3302000000.0,1406000000.0,1024000000.0,382000000.0,9241000000.0,4767000000.0,4474000000.0,,-16000000.0,84000000.0,0.0,2058000000.0,0.0,1907000000.0,-2607000000.0,-572000000.0,684000000.0,0.0,1215000000.0,1215000000.0,1215000000.0,0.0,0.0,0.019,1811000000.0,1855000000.0,3702000000.0,,,,,9959000000.0,0.0,,,,2138000000.0,,65258000000.0,65258000000.0,0.0,,,,0.029,0.0,961000000.0,1.0,,,,,17311000000.0,0.0,670000000.0,1551000000.0,,1967000000.0
48,MPC,MRT,2007-12-31,2007-12-31,2007-12-31,2021-08-04,,,,,,,,-1366000000.0,,,50235000000.0,2262000000.0,,,,,,,,587000000.0,,,0.0,3427000000.0,4014000000.0,0.073,4014000000.0,3427000000.0,3426000000.0,,,,,,,,,,1790000000.0,,1.0,4990000000.0,0.09,,1000000.0,,,,,,,,,,,-27000000.0,-22000000.0,0.0,273000000.0,0.0,-7181000000.0,3998000000.0,5389000000.0,3156000000.0,0.0,2262000000.0,2262000000.0,2262000000.0,0.0,0.0,0.041,1729000000.0,3261000000.0,,,,,,,0.0,,,,,,55225000000.0,55225000000.0,0.0,,,,0.062,0.0,924000000.0,1.0,,,,,,,1164000000.0,,,
