None,ticker,dimension,calendardate,datekey,reportperiod,lastupdated,accoci,assets,assetsavg,assetsc,assetsnc,assetturnover,bvps,capex,cashneq,cashnequsd,cor,consolinc,currentratio,de,debt,debtc,debtnc,debtusd,deferredrev,depamor,deposits,divyield,dps,ebit,ebitda,ebitdamargin,ebitdausd,ebitusd,ebt,eps,epsdil,epsusd,equity,equityavg,equityusd,ev,evebit,evebitda,fcf,fcfps,fxusd,gp,grossmargin,intangibles,intexp,invcap,invcapavg,inventory,investments,investmentsc,investmentsnc,liabilities,liabilitiesc,liabilitiesnc,marketcap,ncf,ncfbus,ncfcommon,ncfdebt,ncfdiv,ncff,ncfi,ncfinv,ncfo,ncfx,netinc,netinccmn,netinccmnusd,netincdis,netincnci,netmargin,opex,opinc,payables,payoutratio,pb,pe,pe1,ppnenet,prefdivis,price,ps,ps1,receivables,retearn,revenue,revenueusd,rnd,roa,roe,roic,ros,sbcomp,sgna,sharefactor,sharesbas,shareswa,shareswadil,sps,tangibles,taxassets,taxexp,taxliabilities,tbvps,workingcapital
0,EQIX,MRY,2020-12-31,2020-12-31,2020-12-31,2021-08-02,-913368000.0,27006841000.0,26206720750.0,2609155000.0,24397686000.0,0.229,121.254,-2482686000.0,1604869000.0,1604869000.0,3074340000.0,370074000.0,1.289,1.54,13923339000.0,524365000.0,13398974000.0,13923339000.0,0.0,1423369000.0,0.0,0.015,10.64,922394000.0,2345763000.0,0.391,2345763000.0,922394000.0,515928000.0,4.22,4.18,4.22,10633988000.0,10061861500.0,10633988000.0,74731641104.0,81.0,31.858,-172860000.0,-1.971,1.0,2924205000.0,0.487,7643498000.0,406466000.0,29657063000.0,27594384250.0,0.0,4532000.0,4532000.0,0.0,16372723000.0,2024750000.0,14347973000.0,63634667104.0,-260918000.0,-845875000.0,2043493000.0,-280034000.0,-947933000.0,815526000.0,-3426972000.0,-98411000.0,2309826000.0,40702000.0,369777000.0,369777000.0,369777000.0,0.0,297000.0,0.062,1871277000.0,1052928000.0,844862000.0,2.521,5.984,172.089,169.237,15978141000.0,0.0,714.18,10.608,10.441,676738000.0,-3358972000.0,5998545000.0,5998545000.0,0.0,0.014,0.037,0.033,0.154,294952000.0,1809337000.0,1.0,89101721.0,87700000,88410000.0,68.398,19363343000.0,0.0,146151000.0,0.0,220.791,584405000.0
1,EQIX,MRY,2019-12-31,2019-12-31,2019-12-31,2021-08-02,-934613000.0,23965615000.0,23046386000.0,2872616000.0,21092999000.0,0.241,105.07,-2248674000.0,1869577000.0,1869577000.0,2810184000.0,507245000.0,1.331,1.711,13287317000.0,941672000.0,12345645000.0,13287317000.0,0.0,1284837000.0,0.0,0.017,9.84,1172486000.0,2457323000.0,0.442,2457323000.0,1172486000.0,692802000.0,6.03,5.99,6.03,8840606000.0,8694017750.0,8840606000.0,60634551998.0,52.0,24.675,-255946000.0,-3.042,1.0,2751956000.0,0.495,6884247000.0,479684000.0,26341245000.0,25157436000.0,0.0,10362000.0,10362000.0,0.0,15125233000.0,2157863000.0,12967370000.0,49777269998.0,1259009000.0,324630000.0,1712994000.0,325252000.0,-836164000.0,1202082000.0,-1944567000.0,-20523000.0,1992728000.0,8766000.0,507450000.0,507450000.0,507450000.0,0.0,-205000.0,0.091,1582325000.0,1169631000.0,760718000.0,1.632,5.631,98.093,96.799,13627964000.0,0.0,583.7,8.949,8.83,689134000.0,-2777044000.0,5562140000.0,5562140000.0,0.0,0.022,0.058,0.047,0.211,236539000.0,1586064000.0,1.0,85278859.0,84140000,84679000.0,66.106,17081368000.0,0.0,185352000.0,0.0,203.011,714753000.0
2,EQIX,MRY,2018-12-31,2018-12-31,2018-12-31,2021-08-02,-945702000.0,20244638000.0,20136231250.0,1515682000.0,18728956000.0,0.252,90.491,-2278592000.0,606166000.0,606166000.0,2605475000.0,365359000.0,1.0,1.804,11332497000.0,451972000.0,10880525000.0,11332497000.0,0.0,1227489000.0,0.0,0.026,9.12,954532000.0,2182021000.0,0.43,2182021000.0,954532000.0,433038000.0,4.58,4.56,4.58,7219279000.0,7111132500.0,7219279000.0,38826571327.0,41.0,17.794,-463166000.0,-5.806,1.0,2466179000.0,0.486,7169684000.0,521494000.0,22286214000.0,21761207250.0,0.0,4540000.0,4540000.0,0.0,13025359000.0,1515071000.0,11510288000.0,28342474327.0,-823097000.0,-817533000.0,438308000.0,770479000.0,-738600000.0,470912000.0,-3075528000.0,20597000.0,1815426000.0,-33907000.0,365359000.0,365359000.0,365359000.0,0.0,0.0,0.072,1488796000.0,977383000.0,756692000.0,1.991,3.926,77.574,76.978,11026020000.0,0.0,352.56,5.588,5.546,630119000.0,-2441252000.0,5071654000.0,5071654000.0,0.0,0.018,0.051,0.044,0.188,180716000.0,1460396000.0,1.0,80390499.0,79779000,80197000.0,63.571,13074954000.0,0.0,67679000.0,0.0,163.89,611000.0
3,EQIX,MRY,2017-12-31,2017-12-31,2017-12-31,2021-08-02,-785189000.0,18691457000.0,17914643500.0,2249128000.0,16442329000.0,0.244,89.127,-1473808000.0,1412517000.0,1412517000.0,2193149000.0,232982000.0,1.81,1.729,10080419000.0,143196000.0,9937223000.0,10080419000.0,0.0,1042480000.0,0.0,0.018,8.0,765530000.0,1808010000.0,0.414,1808010000.0,765530000.0,286832000.0,3.03,3.0,3.03,6849790000.0,6608377250.0,6849790000.0,43882718154.0,57.0,24.271,-34575000.0,-0.45,1.0,2175279000.0,0.498,6796734000.0,478698000.0,19319891000.0,18248698750.0,0.0,37514000.0,28271000.0,9243000.0,11841667000.0,1242734000.0,10598933000.0,35457076154.0,677454000.0,-3915513000.0,2523117000.0,2707140000.0,-621497000.0,4607860000.0,-5400826000.0,-11505000.0,1439233000.0,31187000.0,232982000.0,232982000.0,232982000.0,0.0,0.0,0.053,1366265000.0,809014000.0,719257000.0,2.64,5.176,152.188,149.578,9394602000.0,0.0,453.22,8.117,7.974,576313000.0,-2340103000.0,4368428000.0,4368428000.0,0.0,0.013,0.035,0.042,0.175,175500000.0,1327630000.0,1.0,78233697.0,76854000,77535000.0,56.841,11894723000.0,0.0,53850000.0,0.0,154.77,1006394000.0
4,EQIX,MRY,2016-12-31,2016-12-31,2016-12-31,2021-08-02,-949142000.0,12608371000.0,13117702000.0,1467526000.0,11140845000.0,0.275,62.265,-1141483000.0,748476000.0,748476000.0,1820870000.0,126800000.0,1.427,1.888,6759573000.0,168974000.0,6590599000.0,6759573000.0,0.0,837207000.0,0.0,0.02,7.0,564407000.0,1401614000.0,0.388,1401614000.0,564407000.0,172251000.0,1.81,1.79,1.81,4365829000.0,4628527250.0,4365829000.0,31449069541.0,56.0,22.438,-122130000.0,-1.742,1.0,1791119000.0,0.496,3705295000.0,392156000.0,13885478000.0,14002566500.0,0.0,13451000.0,3409000.0,10042000.0,8242542000.0,1028695000.0,7213847000.0,25511674541.0,-1945180000.0,-915024000.0,34179000.0,-431730000.0,-499463000.0,-897065000.0,-2045668000.0,10839000.0,1019353000.0,-21800000.0,126800000.0,126800000.0,126800000.0,-12392000.0,0.0,0.035,1172380000.0,618739000.0,581739000.0,3.867,5.843,201.196,197.464,7199210000.0,0.0,357.41,7.063,6.938,396245000.0,-1951061000.0,3611989000.0,3611989000.0,0.0,0.01,0.027,0.04,0.156,155567000.0,1133303000.0,1.0,71379297.0,70117000,70816000.0,51.514,8903076000.0,0.0,45451000.0,0.0,126.975,438831000.0
5,EQIX,MRY,2015-12-31,2015-12-31,2015-12-31,2021-08-02,-509059000.0,10356695000.0,8404018250.0,3259280000.0,7097415000.0,0.324,47.506,-906402000.0,2228838000.0,2228838000.0,1291506000.0,187774000.0,1.968,2.772,6521020000.0,956478000.0,5564542000.0,6521020000.0,0.0,525580000.0,0.0,0.059,17.71,510053000.0,1035633000.0,0.38,1035633000.0,510053000.0,210998000.0,3.25,3.21,3.25,2745386000.0,2149589500.0,2745386000.0,21624128398.0,42.0,20.88,-11579000.0,-0.2,1.0,1434361000.0,0.526,1287765000.0,299055000.0,11704758000.0,10363541000.0,0.0,496876000.0,492292000.0,4584000.0,7611309000.0,1656354000.0,5954955000.0,17323185398.0,2090394000.0,-245503000.0,859536000.0,1535077000.0,-521461000.0,1873152000.0,-637797000.0,514108000.0,894823000.0,-39784000.0,187774000.0,187774000.0,187774000.0,0.0,0.0,0.069,867019000.0,567342000.0,400948000.0,5.449,6.31,92.256,93.046,5606436000.0,0.0,302.4,6.355,6.411,291964000.0,-1576688000.0,2725867000.0,2725867000.0,0.0,0.022,0.087,0.049,0.187,132443000.0,825296000.0,1.0,57285666.0,57790000,58483000.0,47.168,9068930000.0,0.0,23224000.0,0.0,156.929,1602926000.0
6,EQIX,MRY,2014-12-31,2014-12-31,2014-12-31,2021-08-02,-332443000.0,7781978000.0,7653546750.0,1490943000.0,6291035000.0,0.319,43.357,-676994000.0,610917000.0,610917000.0,1197885000.0,-260726000.0,2.316,2.428,4643954000.0,80828000.0,4563126000.0,4643954000.0,0.0,481691000.0,0.0,0.033,7.57,356465000.0,838156000.0,0.343,838156000.0,356465000.0,85912000.0,-4.96,-4.96,-4.96,2270131000.0,2516969000.0,2270131000.0,15719239079.0,44.0,18.755,12426000.0,0.237,1.0,1245891000.0,0.51,1149656000.0,270553000.0,10021602000.0,9583409250.0,0.0,546951000.0,532452000.0,14499000.0,5511847000.0,643757000.0,4868090000.0,12089765079.0,349023000.0,0.0,-268638000.0,665999000.0,-83266000.0,107401000.0,-435839000.0,239551000.0,689420000.0,-11959000.0,-259547000.0,-259547000.0,-259547000.0,0.0,-1179000.0,-0.106,736625000.0,509266000.0,285796000.0,-1.526,5.326,-46.58,-45.712,4998270000.0,0.0,226.73,4.947,4.858,262570000.0,-720377000.0,2443776000.0,2443776000.0,0.0,-0.034,-0.103,0.037,0.146,98408000.0,734119000.0,1.0,53322300.0,52359000,52359000.0,46.673,6632322000.0,0.0,345459000.0,0.0,126.67,847186000.0
7,EQIX,MRY,2013-12-31,2013-12-31,2013-12-31,2021-08-02,-113767000.0,7492359000.0,7393046250.0,888660000.0,6603699000.0,0.291,49.74,-646738000.0,261894000.0,261894000.0,1064403000.0,96123000.0,1.626,1.996,4158656000.0,70722000.0,4087934000.0,4158656000.0,0.0,432471000.0,0.0,0.0,0.0,359633000.0,792104000.0,0.368,792104000.0,359633000.0,110841000.0,1.92,1.89,1.92,2459064000.0,2391549000.0,2459064000.0,12479716336.0,35.0,15.755,-42130000.0,-0.852,1.0,1088363000.0,0.506,1226335000.0,248792000.0,9616282000.0,8920209750.0,0.0,768198000.0,369808000.0,398390000.0,4909393000.0,546504000.0,4362889000.0,8832882336.0,9681000.0,-49337000.0,-16907000.0,564484000.0,0.0,574907000.0,-1169313000.0,-479136000.0,604608000.0,-521000.0,94685000.0,94685000.0,94685000.0,0.0,1438000.0,0.044,627431000.0,460932000.0,263223000.0,0.0,3.592,93.287,92.422,4591650000.0,0.0,177.45,4.103,4.075,184840000.0,-36443000.0,2152766000.0,2152766000.0,0.0,0.013,0.04,0.04,0.167,75610000.0,621413000.0,1.0,49776739.0,49438000,50116000.0,43.545,6266024000.0,0.0,16156000.0,0.0,126.745,342156000.0
8,EQIX,MRY,2012-12-31,2012-12-31,2012-12-31,2021-08-02,-101042000.0,6135797000.0,5933950000.0,640092000.0,5495705000.0,0.318,48.193,-789156000.0,252213000.0,252213000.0,944617000.0,143144000.0,1.166,1.616,3010747000.0,67366000.0,2943381000.0,3010747000.0,0.0,398579000.0,0.0,0.0,0.0,398920000.0,797499000.0,0.423,797499000.0,398920000.0,198592000.0,2.92,2.83,2.92,2313441000.0,2168797500.0,2313441000.0,12743367931.0,32.0,15.979,-157130000.0,-3.273,1.0,942759000.0,0.5,1244126000.0,200328000.0,7101133000.0,6753644000.0,0.0,294311000.0,166492000.0,127819000.0,3738178000.0,549072000.0,3189106000.0,10026525931.0,-26610000.0,-233034000.0,42773000.0,-338125000.0,0.0,-222721000.0,-442873000.0,499251000.0,632026000.0,6958000.0,140028000.0,140028000.0,140028000.0,-13086000.0,3116000.0,0.074,549863000.0,392896000.0,268853000.0,0.0,4.334,71.604,70.616,3915738000.0,0.0,206.2,5.312,5.245,163840000.0,-131128000.0,1887376000.0,1887376000.0,0.0,0.024,0.065,0.059,0.211,10394000.0,531180000.0,1.0,48625247.0,48004000,51816000.0,39.317,4891671000.0,0.0,58564000.0,0.0,101.901,91020000.0
9,EQIX,MRY,2011-12-31,2011-12-31,2011-12-31,2021-08-02,-143698000.0,5785324000.0,5284428750.0,1235757000.0,4549567000.0,0.296,41.575,-713452000.0,278823000.0,278823000.0,829024000.0,93382000.0,1.704,1.929,3099130000.0,345297000.0,2753833000.0,3099130000.0,0.0,347674000.0,0.0,0.0,0.0,313426000.0,661100000.0,0.422,661100000.0,313426000.0,132123000.0,1.77,1.74,1.77,1952212000.0,2007078750.0,1952212000.0,7496371230.0,24.0,11.339,-126132000.0,-2.686,1.0,736601000.0,0.47,1015130000.0,181303000.0,6865247000.0,6011494250.0,0.0,797522000.0,635721000.0,161801000.0,3765511000.0,725254000.0,3040257000.0,4807347230.0,-164018000.0,-41954000.0,-47773000.0,796420000.0,0.0,748728000.0,-1499155000.0,-647035000.0,587320000.0,-911000.0,94776000.0,94776000.0,94776000.0,-1009000.0,-1394000.0,0.061,430679000.0,305922000.0,229043000.0,0.0,2.463,50.723,57.288,3225912000.0,0.0,101.4,3.071,3.041,139057000.0,-255095000.0,1565625000.0,1565625000.0,0.0,0.018,0.047,0.052,0.2,71451000.0,423901000.0,1.0,47409736.0,46956000,47898000.0,33.342,4770194000.0,0.0,37347000.0,0.0,101.589,510503000.0
10,EQIX,MRY,2010-12-31,2010-12-31,2010-12-31,2021-08-02,-112018000.0,4448009000.0,4219719000.0,778048000.0,3669961000.0,0.283,42.991,-594258000.0,442841000.0,442841000.0,652156000.0,36881000.0,2.446,1.365,2048585000.0,27966000.0,2020619000.0,2048585000.0,0.0,260176000.0,0.0,0.0,0.0,189918000.0,450094000.0,0.376,450094000.0,189918000.0,49443000.0,0.84,0.82,0.84,1880515000.0,1668043000.0,1880515000.0,5479907937.0,29.0,12.175,-201386000.0,-4.604,1.0,544058000.0,0.455,925310000.0,140475000.0,4810328000.0,4605041500.0,0.0,149998000.0,147192000.0,2806000.0,2567494000.0,318115000.0,2249379000.0,3737501937.0,96785000.0,-113289000.0,39817000.0,269869000.0,0.0,309686000.0,-600969000.0,107916000.0,392872000.0,-4804000.0,36881000.0,36881000.0,36881000.0,-668000.0,0.0,0.031,350454000.0,193604000.0,145854000.0,0.0,1.987,101.339,96.738,2650953000.0,0.0,81.26,3.124,2.971,116358000.0,-349099000.0,1196214000.0,1196214000.0,0.0,0.009,0.022,0.041,0.159,67489000.0,331383000.0,1.0,45994363.0,43742000,44810000.0,27.347,3522699000.0,0.0,12562000.0,0.0,80.534,459933000.0
11,EQIX,MRY,2009-12-31,2009-12-31,2009-12-31,2021-08-02,-97238000.0,3038150000.0,2815270500.0,727887000.0,2310263000.0,0.313,30.723,-369542000.0,346056000.0,346056000.0,483420000.0,69431000.0,2.307,1.569,1484969000.0,65364000.0,1419605000.0,1484969000.0,0.0,173530000.0,0.0,0.0,0.0,183260000.0,356790000.0,0.404,356790000.0,183260000.0,109028000.0,1.8,1.75,1.8,1182483000.0,1085683750.0,1182483000.0,5351188966.0,29.0,14.998,-14050000.0,-0.365,1.0,399089000.0,0.452,432065000.0,74232000.0,3429539000.0,3210389500.0,0.0,258311000.0,248508000.0,9803000.0,1855667000.0,315459000.0,1540208000.0,4138081966.0,125849000.0,-28176000.0,37006000.0,338607000.0,0.0,323598000.0,-558178000.0,-172658000.0,355492000.0,4937000.0,69431000.0,69431000.0,69431000.0,0.0,0.0,0.079,218010000.0,181079000.0,99053000.0,0.0,3.499,59.6,58.972,1808115000.0,0.0,106.15,4.689,4.629,64767000.0,-385980000.0,882509000.0,882509000.0,0.0,0.025,0.064,0.057,0.208,53056000.0,218908000.0,1.0,38983344.0,38488000,39676000.0,22.929,2606085000.0,51993000.0,39597000.0,25937000.0,67.712,412428000.0
12,EQIX,MRY,2008-12-31,2008-12-31,2008-12-31,2021-08-02,-152800000.0,2434736000.0,2336110000.0,379511000.0,2055225000.0,0.302,24.695,-447032000.0,220207000.0,220207000.0,414799000.0,107924000.0,1.309,1.656,1203690000.0,75703000.0,1127987000.0,1203690000.0,0.0,159047000.0,0.0,0.0,0.0,81982000.0,241029000.0,0.342,241029000.0,81982000.0,20305000.0,2.91,2.79,2.91,916661000.0,868928500.0,916661000.0,3019623309.0,37.0,12.528,-179474000.0,-4.835,1.0,289881000.0,0.411,393747000.0,61677000.0,2734479000.0,2590407750.0,0.0,87738000.0,42112000.0,45626000.0,1518075000.0,289993000.0,1228082000.0,1986633309.0,-70426000.0,-23241000.0,26230000.0,118297000.0,0.0,145106000.0,-478040000.0,5436000.0,267558000.0,-5050000.0,107924000.0,107924000.0,107924000.0,0.0,0.0,0.153,216619000.0,73262000.0,74317000.0,0.0,2.167,18.408,18.278,1492830000.0,0.0,53.19,2.819,2.802,66029000.0,-455411000.0,704680000.0,704680000.0,0.0,0.046,0.124,0.032,0.116,55085000.0,213477000.0,1.0,37349752.0,37120000,41582000.0,18.984,2040989000.0,101164000.0,-87619000.0,0.0,54.984,89518000.0
13,EQIX,MRY,2007-12-31,2007-12-31,2007-12-31,2021-08-02,-3888000.0,2181868000.0,1640391750.0,426761000.0,1755107000.0,0.256,24.986,-376836000.0,290633000.0,290633000.0,263768000.0,-9891000.0,2.229,1.679,1106144000.0,20389000.0,1085755000.0,1106144000.0,0.0,100103000.0,0.0,0.0,0.0,22596000.0,122699000.0,0.293,122699000.0,22596000.0,-9418000.0,-0.3,-0.3,-0.3,814432000.0,624226500.0,814432000.0,4383317990.0,194.0,35.724,-256816000.0,-7.879,1.0,155674000.0,0.371,510133000.0,32014000.0,2295784000.0,1727126250.0,0.0,93267000.0,63301000.0,29966000.0,1367436000.0,191462000.0,1175974000.0,3668159990.0,208070000.0,-662322000.0,376264000.0,768749000.0,0.0,1145013000.0,-1054725000.0,-18101000.0,120020000.0,-2238000.0,-9891000.0,-9891000.0,-9891000.0,0.0,0.0,-0.024,145582000.0,10092000.0,65096000.0,0.0,4.504,-370.858,-336.9,1162720000.0,0.0,101.07,8.745,7.854,60089000.0,-558632000.0,419442000.0,419442000.0,0.0,-0.006,-0.016,0.013,0.054,42731000.0,146513000.0,1.0,36293262.0,32595000,32595000.0,12.868,1671735000.0,6404000.0,473000.0,0.0,51.288,235299000.0
14,EQIX,MRY,2006-12-31,2006-12-31,2006-12-31,2021-08-02,3870000.0,771832000.0,713760250.0,166261000.0,605571000.0,0.402,12.435,-162291000.0,82563000.0,82563000.0,188379000.0,-6397000.0,2.122,1.174,279845000.0,4127000.0,275718000.0,279845000.0,0.0,72518000.0,0.0,0.0,0.0,8672000.0,81190000.0,0.283,81190000.0,8672000.0,-5958000.0,-0.22,-0.22,-0.22,355028000.0,326659750.0,355028000.0,2402158344.0,277.0,29.587,-86879000.0,-3.043,1.0,98536000.0,0.343,17441000.0,14630000.0,873320000.0,792566000.0,0.0,73918000.0,48831000.0,25087000.0,416804000.0,78353000.0,338451000.0,2206307344.0,-36704000.0,-9766000.0,38836000.0,6579000.0,0.0,46107000.0,-158470000.0,-3505000.0,75412000.0,247000.0,-6397000.0,-6397000.0,-6397000.0,0.0,0.0,-0.022,96622000.0,1914000.0,27269000.0,0.0,6.214,-344.897,-343.727,546395000.0,0.0,75.62,7.69,7.525,26864000.0,-553444000.0,286915000.0,286915000.0,0.0,-0.009,-0.02,0.011,0.03,30767000.0,104742000.0,1.0,29176241.0,28551000,28551000.0,10.049,754391000.0,0.0,439000.0,0.0,26.423,87908000.0
15,EQIX,MRY,2005-12-31,2005-12-31,2005-12-31,2021-08-02,1126000.0,680997000.0,564852000.0,191712000.0,489285000.0,0.391,12.05,-121048000.0,119267000.0,119267000.0,158354000.0,-42612000.0,2.097,1.359,272455000.0,32711000.0,239744000.0,272455000.0,0.0,62680000.0,0.0,0.0,0.0,-33164000.0,29516000.0,0.134,29516000.0,-33164000.0,-42069000.0,-1.78,-1.78,-1.78,288673000.0,306049750.0,288673000.0,1081275002.0,-33.0,36.634,-53453000.0,-2.231,1.0,62703000.0,0.284,21654000.0,8905000.0,721108000.0,597364500.0,0.0,69588000.0,52105000.0,17483000.0,392324000.0,91423000.0,300901000.0,985933002.0,93329000.0,0.0,12989000.0,83480000.0,0.0,134611000.0,-108722000.0,12201000.0,67595000.0,-155000.0,-42612000.0,-42612000.0,-42612000.0,0.0,0.0,-0.193,99476000.0,-36773000.0,22557000.0,0.0,3.415,-23.137,-22.899,438790000.0,0.0,40.76,4.46,4.417,17237000.0,-547047000.0,221057000.0,221057000.0,0.0,-0.075,-0.139,-0.056,-0.15,8277000.0,65662000.0,1.0,24188739.0,23956000,23956000.0,9.228,659343000.0,0.0,543000.0,0.0,27.523,100289000.0
16,EQIX,MRY,2004-12-31,2004-12-31,2004-12-31,2021-08-02,2257000.0,501798000.0,475299250.0,107082000.0,394716000.0,0.344,15.447,-22476000.0,25938000.0,25938000.0,136950000.0,-68631000.0,3.322,0.833,157278000.0,675000.0,156603000.0,157278000.0,0.0,55926000.0,0.0,0.0,0.0,-56982000.0,-1056000.0,-0.006,-1056000.0,-56982000.0,-68478000.0,-3.87,-3.87,-3.87,273706000.0,291027250.0,273706000.0,865682063.0,-15.0,-819.775,14436000.0,0.815,1.0,26721000.0,0.163,22018000.0,11496000.0,578882000.0,506672000.0,0.0,82154000.0,64499000.0,17655000.0,228092000.0,32238000.0,195854000.0,788952063.0,-931000.0,0.0,7289000.0,11950000.0,0.0,19239000.0,-56865000.0,-36140000.0,36912000.0,-217000.0,-68631000.0,-68631000.0,-68631000.0,0.0,0.0,-0.419,68783000.0,-42062000.0,19822000.0,0.0,2.882,-11.496,-11.044,343361000.0,0.0,42.74,4.82,4.627,11919000.0,-504435000.0,163671000.0,163671000.0,0.0,-0.144,-0.236,-0.112,-0.348,1467000.0,51098000.0,1.0,18459337.0,17719000,17719000.0,9.237,479780000.0,0.0,153000.0,0.0,27.077,74844000.0
17,EQIX,MRY,2003-12-31,2003-12-31,2003-12-31,2021-08-02,1198000.0,464532000.0,444450500.0,86288000.0,378244000.0,0.265,33.327,-5296000.0,26869000.0,26869000.0,128121000.0,-84171000.0,2.24,0.451,98596000.0,14689000.0,83907000.0,98596000.0,0.0,60642000.0,0.0,0.0,0.0,-63659000.0,-3017000.0,-0.026,-3017000.0,-63659000.0,-84171000.0,-8.76,-8.76,-8.76,320077000.0,264941000.0,320077000.0,396510119.0,-6.0,-131.425,-22562000.0,-2.349,1.0,-10179000.0,-0.086,21228000.0,20512000.0,476505000.0,503219500.0,0.0,46102000.0,46102000.0,0.0,144455000.0,38526000.0,105929000.0,265760119.0,-14347000.0,0.0,106564000.0,-54276000.0,0.0,52288000.0,-49179000.0,-43883000.0,-17266000.0,-190000.0,-84171000.0,-84171000.0,-84171000.0,0.0,0.0,-0.714,53776000.0,-63955000.0,18052000.0,0.0,0.83,-3.157,-3.22,343554000.0,0.0,28.21,2.253,2.297,10178000.0,-435804000.0,117942000.0,117942000.0,0.0,-0.189,-0.318,-0.127,-0.54,2905000.0,53776000.0,1.0,9420777.0,9604000,9604000.0,12.281,443304000.0,0.0,0.0,0.0,46.158,47762000.0
18,EQIX,MRY,2002-12-31,2002-12-31,2002-12-31,2021-08-02,617000.0,492003000.0,480591000.0,63495000.0,428508000.0,0.161,95.048,-35216000.0,41216000.0,41216000.0,104073000.0,-21618000.0,1.375,0.731,154996000.0,7572000.0,147424000.0,154996000.0,0.0,54082000.0,0.0,0.0,0.0,13480000.0,67562000.0,0.875,67562000.0,13480000.0,-21618000.0,-7.23,-7.23,-7.23,284194000.0,206976750.0,284194000.0,256362264.0,19.0,3.794,-62725000.0,-20.978,1.0,-26885000.0,-0.348,21081000.0,35098000.0,538531000.0,599487500.0,0.0,4407000.0,1981000.0,2426000.0,207809000.0,46171000.0,161638000.0,17615264.0,-17615000.0,0.0,537000.0,-12793000.0,0.0,16924000.0,-7528000.0,27688000.0,-27509000.0,498000.0,-21618000.0,-21618000.0,-21618000.0,0.0,0.0,-0.28,74791000.0,-101676000.0,20347000.0,0.0,0.062,-0.815,-0.788,390048000.0,0.0,5.7,0.228,0.221,9152000.0,-351633000.0,77188000.0,77188000.0,0.0,-0.045,-0.104,0.022,0.175,6878000.0,45906000.0,1.0,3090397.0,2990000,2990000.0,25.815,470922000.0,0.0,0.0,0.0,157.499,17324000.0
19,EQIX,MRY,2001-12-31,2001-12-31,2001-12-31,2021-08-02,135000.0,575054000.0,670103750.0,103218000.0,471836000.0,0.095,82.766,-156827000.0,58831000.0,58831000.0,94889000.0,-188415000.0,1.63,1.826,306432000.0,7206000.0,299226000.0,306432000.0,0.0,49645000.0,0.0,0.0,0.0,-144605000.0,-94960000.0,-1.497,-94960000.0,-144605000.0,-188415000.0,-76.62,-76.62,-76.62,203521000.0,268212000.0,203521000.0,499943537.0,-3.0,-5.265,-225681000.0,-91.778,1.0,-31475000.0,-0.496,0.0,43810000.0,759326000.0,818105750.0,0.0,56934000.0,28937000.0,27997000.0,371533000.0,63329000.0,308204000.0,232100537.0,-115942000.0,0.0,1900000.0,105899000.0,0.0,107799000.0,-153014000.0,3813000.0,-68854000.0,-1873000.0,-188415000.0,-188415000.0,-188415000.0,0.0,0.0,-2.971,123786000.0,-155261000.0,11109000.0,0.0,1.14,-1.232,-1.211,428917000.0,0.0,92.8,3.66,3.598,6909000.0,-330015000.0,63414000.0,63414000.0,0.0,-0.281,-0.702,-0.177,-2.28,19044000.0,75221000.0,1.0,2501083.0,2459000,2459000.0,25.789,575054000.0,0.0,0.0,0.0,233.857,39889000.0
20,EQIX,MRY,2000-12-31,2000-12-31,2000-12-31,2021-08-02,1919000.0,683485000.0,501715500.0,237976000.0,445509000.0,0.026,348.297,-370768000.0,174773000.0,174773000.0,43401000.0,-119790000.0,2.138,0.822,196840000.0,4426000.0,192414000.0,196840000.0,0.0,14816000.0,0.0,0.0,0.0,-90679000.0,-75863000.0,-5.828,-75863000.0,-90679000.0,-119790000.0,-111.23,-111.23,-111.23,375116000.0,191794000.0,375116000.0,262945442.0,-3.0,-3.466,-438841000.0,-407.466,1.0,-30385000.0,-2.334,0.0,29111000.0,594253000.0,443755000.0,0.0,69292000.0,47905000.0,21387000.0,308369000.0,111299000.0,197070000.0,335463442.0,-28392000.0,0.0,254532000.0,-9038000.0,0.0,339847000.0,-302158000.0,-10961000.0,-68073000.0,1992000.0,-119790000.0,-119790000.0,-119790000.0,0.0,0.0,-9.203,76724000.0,-107109000.0,13717000.0,0.0,0.894,-2.8,-1.26,410274000.0,0.0,140.16,25.773,11.597,4925000.0,-141600000.0,13016000.0,13016000.0,0.0,-0.239,-0.625,-0.204,-6.967,29893000.0,76724000.0,1.0,2393432.0,1077000,1077000.0,12.085,683485000.0,0.0,0.0,0.0,634.619,126677000.0
21,EQIX,MRY,1999-12-31,1999-12-31,1999-12-31,2021-08-02,14000.0,319946000.0,,249860000.0,70086000.0,,64.966,-42386000.0,203165000.0,203165000.0,3268000.0,-20791000.0,12.081,25.289,197158000.0,4395000.0,192763000.0,197158000.0,0.0,609000.0,0.0,,0.0,-17645000.0,-17036000.0,-460.432,-17036000.0,-17645000.0,-20791000.0,-159.36,-159.36,-159.36,8472000.0,,8472000.0,,,,-52294000.0,-401.009,1.0,-3231000.0,-87.324,0.0,3146000.0,293257000.0,,0.0,58418000.0,44920000.0,13498000.0,214247000.0,20682000.0,193565000.0,,199000000.0,0.0,1276000.0,209016000.0,0.0,295178000.0,-86270000.0,-53404000.0,-9908000.0,0.0,-20791000.0,-20791000.0,-20791000.0,0.0,0.0,-561.919,16552000.0,-19783000.0,4143000.0,0.0,,,,46756000.0,0.0,,,,178000.0,-21810000.0,37000.0,37000.0,0.0,,,,-476.892,0.0,16552000.0,1.0,,130406,130406.0,0.284,319946000.0,0.0,0.0,0.0,2453.461,229178000.0
0,EQIX,MRQ,2021-06-30,2021-06-30,2021-06-30,2021-08-02,-941114000.0,27930362000.0,,3148062000.0,24782300000.0,,118.759,-726132000.0,1799727000.0,1799727000.0,865120000.0,68487000.0,1.87,1.623,15170369000.0,340003000.0,14830366000.0,15170369000.0,0.0,416241000.0,0.0,0.014,2.87,137043000.0,553284000.0,0.334,553284000.0,137043000.0,49812000.0,0.76,0.76,0.76,10646472000.0,,10646472000.0,84749806556.0,107.0,36.134,-126935000.0,-1.416,1.0,792799000.0,0.478,7458638000.0,87231000.0,32158995000.0,,0.0,0.0,0.0,0.0,17283890000.0,1683371000.0,15600519000.0,71896832556.0,50111000.0,0.0,99599000.0,333130000.0,-258053000.0,174676000.0,-728727000.0,-2595000.0,599197000.0,4965000.0,68339000.0,68339000.0,68339000.0,0.0,148000.0,0.041,514145000.0,278654000.0,767963000.0,3.776,6.753,209.99,209.556,16515692000.0,0.0,802.6,11.344,11.353,726382000.0,-3655960000.0,1657919000.0,1657919000.0,0.0,,,,,94335000.0,507615000.0,1.0,89579906.0,89648000,90104000.0,18.494,20471724000.0,0.0,-18527000.0,0.0,228.357,1464691000.0
1,EQIX,MRQ,2021-03-31,2021-03-31,2021-03-31,2021-08-02,-1008848000.0,27316990000.0,,2849717000.0,24467273000.0,,118.402,-617335000.0,1752990000.0,1752990000.0,811217000.0,156074000.0,1.554,1.583,14605964000.0,526457000.0,14079507000.0,14605964000.0,0.0,395017000.0,0.0,0.016,2.87,278671000.0,673688000.0,0.422,673688000.0,278671000.0,188990000.0,1.75,1.74,1.75,10576834000.0,,10576834000.0,72997608816.0,77.0,30.074,-226177000.0,-2.532,1.0,784847000.0,0.492,7479854000.0,89681000.0,30856530000.0,,0.0,4229000.0,4229000.0,0.0,16740315000.0,1833580000.0,14906735000.0,60679138816.0,146109000.0,0.0,40034000.0,635659000.0,-263039000.0,412654000.0,-635684000.0,-18349000.0,391158000.0,-22019000.0,156362000.0,156362000.0,156362000.0,0.0,-288000.0,0.098,487185000.0,297662000.0,742300000.0,1.64,5.737,148.962,147.737,16174496000.0,0.0,679.59,9.866,9.871,684642000.0,-3463029000.0,1596064000.0,1596064000.0,0.0,,,,,78350000.0,484283000.0,1.0,89287863.0,89330000,89842000.0,17.867,19837136000.0,0.0,32628000.0,0.0,222.066,1016137000.0
2,EQIX,MRQ,2020-12-31,2020-12-31,2020-12-31,2021-08-02,-913368000.0,27006841000.0,,2609155000.0,24397686000.0,,119.319,-910050000.0,1604869000.0,1604869000.0,830735000.0,50936000.0,1.289,1.54,13923339000.0,524365000.0,13398974000.0,13923339000.0,0.0,378219000.0,0.0,0.015,2.66,183210000.0,561429000.0,0.359,561429000.0,183210000.0,92298000.0,0.57,0.55,0.57,10633988000.0,,10633988000.0,74731641104.0,81.0,31.858,-223902000.0,-2.512,1.0,733380000.0,0.469,7643498000.0,90912000.0,29657063000.0,,0.0,4532000.0,4532000.0,0.0,16372723000.0,2024750000.0,14347973000.0,63634667104.0,-1040393000.0,-367627000.0,0.0,-184074000.0,-237756000.0,-421830000.0,-1339776000.0,-62099000.0,686148000.0,35065000.0,50994000.0,50994000.0,50994000.0,0.0,-58000.0,0.033,504774000.0,228606000.0,844862000.0,4.667,5.984,172.089,169.237,15978141000.0,0.0,714.18,10.608,10.441,676738000.0,-3358972000.0,1564115000.0,1564115000.0,0.0,,,,,79361000.0,480199000.0,1.0,89101721.0,89122000,89865000.0,17.55,19363343000.0,0.0,41304000.0,0.0,217.268,584405000.0
3,EQIX,MRQ,2020-09-30,2020-09-30,2020-09-30,2021-08-02,-1101801000.0,26436714000.0,,4044028000.0,22392686000.0,,118.864,-607180000.0,2645045000.0,2645045000.0,767979000.0,66831000.0,1.065,1.504,13742019000.0,2379067000.0,11362952000.0,13742019000.0,0.0,360688000.0,0.0,0.014,2.66,196326000.0,557014000.0,0.367,557014000.0,196326000.0,96590000.0,0.75,0.74,0.75,10555814000.0,,10555814000.0,77999954105.0,77.0,32.566,-75018000.0,-0.845,1.0,751788000.0,0.495,7172352000.0,99736000.0,26565153000.0,,0.0,14186000.0,14186000.0,0.0,15880748000.0,3796183000.0,12084565000.0,67314922105.0,-2141053000.0,0.0,228204000.0,-2076031000.0,-240690000.0,-2088517000.0,-603211000.0,3969000.0,532162000.0,18513000.0,66687000.0,66687000.0,66687000.0,0.0,144000.0,0.044,463438000.0,288350000.0,822062000.0,3.547,6.377,151.686,148.173,14546891000.0,0.0,760.13,11.504,11.536,705509000.0,-3170310000.0,1519767000.0,1519767000.0,0.0,,,,,75248000.0,452077000.0,1.0,88557118.0,88806000,89519000.0,17.113,19264362000.0,0.0,29903000.0,0.0,216.926,247845000.0
4,EQIX,MRQ,2020-06-30,2020-06-30,2020-06-30,2021-08-02,-1140291000.0,27792630000.0,,5981417000.0,21811213000.0,,118.991,-528142000.0,4785050000.0,4785050000.0,739344000.0,133350000.0,1.551,1.675,15470082000.0,2545606000.0,12924476000.0,15470082000.0,0.0,348593000.0,0.0,0.015,2.66,286537000.0,635130000.0,0.432,635130000.0,286537000.0,178057000.0,1.53,1.52,1.53,10388280000.0,,10388280000.0,72254805001.0,64.0,29.404,46544000.0,0.533,1.0,730777000.0,0.497,7091039000.0,108480000.0,27530852000.0,,0.0,22069000.0,22069000.0,0.0,17404372000.0,3855771000.0,13548601000.0,60346563001.0,3620630000.0,39000.0,1683106000.0,2115879000.0,-236008000.0,3562977000.0,-529444000.0,-1341000.0,574686000.0,12411000.0,133304000.0,133304000.0,133304000.0,0.0,46000.0,0.091,448289000.0,282488000.0,745517000.0,1.739,5.809,121.192,121.086,14059928000.0,0.0,702.3,10.534,10.703,691589000.0,-2996420000.0,1470121000.0,1470121000.0,0.0,,,,,75844000.0,435014000.0,1.0,85927044.0,87303000,87901000.0,16.839,20701591000.0,0.0,44753000.0,0.0,237.123,2125646000.0
5,EQIX,MRQ,2020-03-31,2020-03-31,2020-03-31,2021-08-02,-1206669000.0,23590698000.0,,2320109000.0,21270589000.0,,101.336,-437314000.0,1171339000.0,1171339000.0,736282000.0,118957000.0,1.262,1.721,13079581000.0,604732000.0,12474849000.0,13079581000.0,0.0,335869000.0,0.0,0.016,2.66,256321000.0,592190000.0,0.41,592190000.0,256321000.0,148983000.0,1.39,1.38,1.39,8669364000.0,,8669364000.0,64783426005.0,57.0,26.412,79516000.0,0.929,1.0,708260000.0,0.49,7035998000.0,107338000.0,26624469000.0,,0.0,25833000.0,25833000.0,0.0,14921404000.0,1838473000.0,13082931000.0,53365686005.0,-700102000.0,-478287000.0,132183000.0,-135808000.0,-233479000.0,-237104000.0,-954541000.0,-38940000.0,516830000.0,-25287000.0,118792000.0,118792000.0,118792000.0,0.0,165000.0,0.082,454776000.0,253484000.0,717574000.0,1.914,6.156,105.017,104.618,13591755000.0,0.0,624.57,9.456,9.468,687153000.0,-2890210000.0,1444542000.0,1444542000.0,0.0,,,,,64499000.0,442047000.0,1.0,85443883.0,85551000,86144000.0,16.885,16554700000.0,0.0,30191000.0,0.0,193.507,481636000.0
6,EQIX,MRQ,2019-12-31,2019-12-31,2019-12-31,2021-08-02,-934613000.0,23965615000.0,,2872616000.0,21092999000.0,,103.64,-819426000.0,1869577000.0,1869577000.0,725636000.0,124835000.0,1.331,1.711,13287317000.0,941672000.0,12345645000.0,13287317000.0,0.0,330544000.0,0.0,0.017,2.46,280244000.0,610788000.0,0.431,610788000.0,280244000.0,162627000.0,1.46,1.45,1.46,8840606000.0,,8840606000.0,60634551998.0,52.0,24.675,-289756000.0,-3.397,1.0,691499000.0,0.488,6884247000.0,117617000.0,26341245000.0,,0.0,10362000.0,10362000.0,0.0,15125233000.0,2157863000.0,12967370000.0,49777269998.0,466480000.0,358656000.0,0.0,591833000.0,-210360000.0,381473000.0,-466546000.0,-5776000.0,529670000.0,21883000.0,124995000.0,124995000.0,124995000.0,0.0,-160000.0,0.088,378525000.0,312974000.0,760718000.0,1.685,5.631,98.093,96.799,13627964000.0,0.0,583.7,8.949,8.83,689134000.0,-2777044000.0,1417135000.0,1417135000.0,0.0,,,,,62126000.0,406060000.0,1.0,85278859.0,85301000,86047000.0,16.613,17081368000.0,0.0,37632000.0,0.0,200.248,714753000.0
7,EQIX,MRQ,2019-09-30,2019-09-30,2019-09-30,2021-08-02,-1040236000.0,22842333000.0,,2853257000.0,19989076000.0,,103.057,-573674000.0,1402400000.0,1402400000.0,704339000.0,120811000.0,1.554,1.607,12259682000.0,573775000.0,11685907000.0,12259682000.0,0.0,321891000.0,0.0,0.017,2.46,297351000.0,619242000.0,0.443,619242000.0,297351000.0,178677000.0,1.42,1.41,1.42,8761111000.0,,8761111000.0,59577965058.0,51.0,24.625,-74680000.0,-0.878,1.0,692471000.0,0.496,6776756000.0,118674000.0,25086376000.0,,0.0,19567000.0,19567000.0,0.0,14081302000.0,1836483000.0,12244819000.0,48923722058.0,-217159000.0,117000.0,123846000.0,-37257000.0,-212752000.0,-126163000.0,-576462000.0,-2905000.0,498994000.0,-13528000.0,120850000.0,120850000.0,120850000.0,0.0,-39000.0,0.087,407103000.0,285368000.0,755150000.0,1.732,5.584,99.342,97.268,12712688000.0,0.0,576.8,8.968,8.989,746571000.0,-2689888000.0,1396810000.0,1396810000.0,0.0,,,,,63871000.0,403386000.0,1.0,84819213.0,85012000,85571000.0,16.431,16065577000.0,0.0,57827000.0,0.0,188.98,1016774000.0
8,EQIX,MRQ,2019-06-30,2019-06-30,2019-06-30,2021-08-02,-958443000.0,22886505000.0,,2988501000.0,19898004000.0,,103.665,-485886000.0,1613529000.0,1613529000.0,698179000.0,143852000.0,1.586,1.616,12267772000.0,575551000.0,11692221000.0,12267772000.0,0.0,319224000.0,0.0,0.019,2.46,311398000.0,630622000.0,0.455,630622000.0,311398000.0,190851000.0,1.7,1.69,1.7,8749242000.0,,8749242000.0,53160194959.0,47.0,22.338,57037000.0,0.676,1.0,686798000.0,0.496,6973285000.0,120547000.0,24683058000.0,,0.0,17219000.0,17219000.0,0.0,14137276000.0,1884405000.0,12252871000.0,42395678959.0,-18223000.0,-34143000.0,348121000.0,-179832000.0,-208449000.0,-40160000.0,-523092000.0,-3063000.0,542923000.0,2106000.0,143527000.0,143527000.0,143527000.0,0.0,325000.0,0.104,395017000.0,291781000.0,768670000.0,1.447,4.846,85.397,83.079,12461118000.0,0.0,504.29,7.936,7.967,752680000.0,-2598289000.0,1384977000.0,1384977000.0,0.0,,,,,61519000.0,391857000.0,1.0,84070037.0,84399000,84767000.0,16.41,15913220000.0,0.0,47324000.0,0.0,188.547,1104096000.0
9,EQIX,MRQ,2019-03-31,2019-03-31,2019-03-31,2021-08-02,-942365000.0,22491091000.0,,2625771000.0,19865320000.0,,102.979,-369688000.0,1633844000.0,1633844000.0,682030000.0,117747000.0,1.558,1.67,12398360000.0,561470000.0,11836890000.0,12398360000.0,0.0,313178000.0,0.0,0.021,2.46,283493000.0,596671000.0,0.438,596671000.0,283493000.0,160647000.0,1.44,1.44,1.44,8425112000.0,,8425112000.0,47371309712.0,46.0,20.913,51453000.0,0.629,1.0,681188000.0,0.5,7051191000.0,122846000.0,24519065000.0,,0.0,13833000.0,13833000.0,0.0,14066303000.0,1685351000.0,12380952000.0,36644978712.0,1027911000.0,0.0,1241027000.0,-49492000.0,-204603000.0,986932000.0,-378467000.0,-8779000.0,421141000.0,-1695000.0,118078000.0,118078000.0,118078000.0,0.0,-331000.0,0.087,401680000.0,279508000.0,746771000.0,1.708,4.349,87.137,86.812,12356032000.0,0.0,453.16,7.021,7.104,703835000.0,-2530862000.0,1363218000.0,1363218000.0,0.0,,,,,49023000.0,384761000.0,1.0,80865431.0,81814000,82090000.0,16.662,15439900000.0,0.0,42569000.0,0.0,188.72,940420000.0
10,EQIX,MRQ,2018-12-31,2018-12-31,2018-12-31,2021-08-02,-945702000.0,20244638000.0,,1515682000.0,18728956000.0,,89.662,-726471000.0,606166000.0,606166000.0,670935000.0,110022000.0,1.0,1.804,11332497000.0,451972000.0,10880525000.0,11332497000.0,0.0,306864000.0,0.0,0.026,2.28,266054000.0,572918000.0,0.437,572918000.0,266054000.0,136076000.0,1.37,1.37,1.37,7219279000.0,,7219279000.0,38826571327.0,41.0,17.794,-167842000.0,-2.085,1.0,639148000.0,0.488,7169684000.0,129978000.0,22286214000.0,,0.0,4540000.0,4540000.0,0.0,13025359000.0,1515071000.0,11510288000.0,28342474327.0,-270800000.0,-502000.0,114332000.0,-32094000.0,-183858000.0,-100895000.0,-725571000.0,1402000.0,558629000.0,-2963000.0,110022000.0,110022000.0,110022000.0,0.0,0.0,0.084,368431000.0,270717000.0,756692000.0,1.664,3.926,77.574,76.978,11026020000.0,0.0,352.56,5.588,5.546,630119000.0,-2441252000.0,1310083000.0,1310083000.0,0.0,,,,,40867000.0,367950000.0,1.0,80390499.0,80517000,80920000.0,16.271,13074954000.0,0.0,26054000.0,0.0,162.387,611000.0
11,EQIX,MRQ,2018-09-30,2018-09-30,2018-09-30,2021-08-02,-922148000.0,20288071000.0,,1806987000.0,18481084000.0,,89.646,-640371000.0,870486000.0,870486000.0,660309000.0,124825000.0,1.237,1.833,11354583000.0,322064000.0,11032519000.0,11354583000.0,0.0,305726000.0,0.0,0.02,2.28,273901000.0,579627000.0,0.452,579627000.0,273901000.0,143335000.0,1.56,1.55,1.56,7160173000.0,,7160173000.0,44841932570.0,49.0,21.135,-223209000.0,-2.795,1.0,623442000.0,0.486,7235926000.0,130566000.0,22074923000.0,,0.0,15415000.0,15415000.0,0.0,13127898000.0,1461319000.0,11666579000.0,34418234570.0,-103835000.0,13962000.0,290494000.0,133000.0,-185983000.0,104064000.0,-619957000.0,6452000.0,417162000.0,-5104000.0,124825000.0,124825000.0,124825000.0,0.0,0.0,0.097,357689000.0,265753000.0,739117000.0,1.462,4.807,107.372,107.417,10682826000.0,0.0,432.89,6.937,6.968,662401000.0,-2365504000.0,1283751000.0,1283751000.0,0.0,,,,,47588000.0,364822000.0,1.0,79508038.0,79872000,80283000.0,16.073,13052145000.0,0.0,18510000.0,0.0,163.413,345668000.0
12,EQIX,MRQ,2018-06-30,2018-06-30,2018-06-30,2021-08-02,-877994000.0,20070288000.0,,1850825000.0,18219463000.0,,87.124,-547321000.0,966308000.0,966308000.0,651801000.0,67618000.0,1.291,1.898,11390006000.0,311315000.0,11078691000.0,11390006000.0,0.0,307331000.0,0.0,0.02,2.28,208647000.0,515978000.0,0.409,515978000.0,208647000.0,73974000.0,0.85,0.85,0.85,6924527000.0,,6924527000.0,43238124605.0,52.0,21.359,-8593000.0,-0.108,1.0,610142000.0,0.483,7310387000.0,134673000.0,21749979000.0,,0.0,22399000.0,18199000.0,4200000.0,13145761000.0,1433620000.0,11712141000.0,34158101605.0,-1066371000.0,-830993000.0,7635000.0,-32737000.0,-181760000.0,-206282000.0,-1365074000.0,13240000.0,538728000.0,-33743000.0,67618000.0,67618000.0,67618000.0,0.0,0.0,0.054,395104000.0,215038000.0,710584000.0,2.682,4.933,123.929,123.178,10378915000.0,0.0,429.89,7.072,7.074,616472000.0,-2305082000.0,1261943000.0,1261943000.0,0.0,,,,,49725000.0,364691000.0,1.0,79457772.0,79479000,79752000.0,15.878,12759901000.0,0.0,6356000.0,0.0,160.544,417205000.0
13,EQIX,MRQ,2018-03-31,2018-03-31,2018-03-31,2021-08-02,-718169000.0,19941928000.0,,2943484000.0,16998444000.0,,90.112,-364429000.0,2023808000.0,2023808000.0,622430000.0,62894000.0,2.361,1.793,11103831000.0,157085000.0,10946746000.0,11103831000.0,0.0,307568000.0,0.0,0.02,2.28,205930000.0,513498000.0,0.422,513498000.0,205930000.0,79653000.0,0.79,0.79,0.79,7140551000.0,,7140551000.0,41796328026.0,52.0,21.574,-63522000.0,-0.802,1.0,593447000.0,0.488,6841763000.0,126277000.0,20933713000.0,,0.0,39206000.0,27033000.0,12173000.0,12801377000.0,1246475000.0,11554902000.0,33128426026.0,617909000.0,0.0,25847000.0,835177000.0,-186999000.0,674025000.0,-364926000.0,-497000.0,300907000.0,7903000.0,62894000.0,62894000.0,62894000.0,0.0,0.0,0.052,370636000.0,222811000.0,686612000.0,2.886,4.639,130.522,129.455,9696692000.0,0.0,418.14,7.148,7.149,645468000.0,-2188695000.0,1215877000.0,1215877000.0,0.0,,,,,42536000.0,362933000.0,1.0,79228072.0,79241000,79649000.0,15.344,13100165000.0,0.0,16759000.0,0.0,165.321,1697009000.0
14,EQIX,MRQ,2017-12-31,2017-12-31,2017-12-31,2021-08-02,-785189000.0,18691457000.0,,2249128000.0,16442329000.0,,87.184,-462796000.0,1412517000.0,1412517000.0,619625000.0,65215000.0,1.81,1.729,10080419000.0,143196000.0,9937223000.0,10080419000.0,0.0,292277000.0,0.0,0.018,2.0,220297000.0,512574000.0,0.427,512574000.0,220297000.0,94153000.0,0.83,0.82,0.83,6849790000.0,,6849790000.0,43882718154.0,57.0,24.271,32083000.0,0.408,1.0,580596000.0,0.484,6796734000.0,126144000.0,19319891000.0,,0.0,37514000.0,28271000.0,9243000.0,11841667000.0,1242734000.0,10598933000.0,35457076154.0,-185494000.0,-334754000.0,355151000.0,-98682000.0,-157583000.0,98886000.0,-783996000.0,13554000.0,494879000.0,4737000.0,65215000.0,65215000.0,65215000.0,0.0,0.0,0.054,348553000.0,232043000.0,719257000.0,2.41,5.176,152.188,149.578,9394602000.0,0.0,453.22,8.117,7.974,576313000.0,-2340103000.0,1200221000.0,1200221000.0,0.0,,,,,45898000.0,341428000.0,1.0,78233697.0,78567000,79296000.0,15.276,11894723000.0,0.0,28938000.0,0.0,151.396,1006394000.0
15,EQIX,MRQ,2017-09-30,2017-09-30,2017-09-30,2021-08-02,-783947000.0,18308496000.0,,2443808000.0,15864688000.0,,83.815,-336618000.0,1599988000.0,1599988000.0,582360000.0,79900000.0,2.113,1.799,10025630000.0,144656000.0,9880974000.0,10025630000.0,0.0,278411000.0,0.0,0.017,2.0,203922000.0,482333000.0,0.419,482333000.0,203922000.0,82094000.0,1.02,1.02,1.02,6542217000.0,,6542217000.0,43012249056.0,59.0,25.523,53892000.0,0.69,1.0,569901000.0,0.495,6561665000.0,121828000.0,19015849000.0,,0.0,40457000.0,29572000.0,10885000.0,11766279000.0,1156624000.0,10609655000.0,34786907056.0,532969000.0,1128000.0,21506000.0,634660000.0,-159541000.0,496625000.0,-363748000.0,-28258000.0,390510000.0,9582000.0,79900000.0,79900000.0,79900000.0,0.0,0.0,0.069,345038000.0,224863000.0,657229000.0,1.961,5.317,151.566,145.85,9006171000.0,0.0,446.3,8.462,8.474,597242000.0,-2246126000.0,1152261000.0,1152261000.0,0.0,,,,,45654000.0,342955000.0,1.0,77945120.0,78055000,78719000.0,14.762,11746831000.0,0.0,2194000.0,0.0,150.494,1287184000.0
16,EQIX,MRQ,2017-06-30,2017-06-30,2017-06-30,2021-08-02,-811321000.0,17473937000.0,,1849624000.0,15624313000.0,,83.719,-355413000.0,1063777000.0,1063777000.0,522203000.0,45805000.0,1.695,1.679,9289119000.0,145959000.0,9143160000.0,9289119000.0,0.0,254786000.0,0.0,0.017,2.0,174172000.0,428958000.0,0.402,428958000.0,174172000.0,55130000.0,0.59,0.58,0.59,6523663000.0,,6523663000.0,37694774567.0,55.0,23.795,-48940000.0,-0.628,1.0,544218000.0,0.51,6607783000.0,119042000.0,18000061000.0,,0.0,10631000.0,4242000.0,6389000.0,10950274000.0,1091435000.0,9858839000.0,33436664567.0,-3839820000.0,-3593613000.0,128000.0,-56735000.0,-156290000.0,-212897000.0,-3938723000.0,10303000.0,306473000.0,5327000.0,45805000.0,45805000.0,45805000.0,0.0,0.0,0.043,359323000.0,184895000.0,612593000.0,3.39,5.125,166.296,154.931,8746595000.0,0.0,429.16,8.61,8.612,545734000.0,-2166929000.0,1066421000.0,1066421000.0,0.0,,,,,45625000.0,332921000.0,1.0,77911885.0,77923000,78508000.0,13.686,10866154000.0,0.0,9325000.0,0.0,139.447,758189000.0
17,EQIX,MRQ,2017-03-31,2017-03-31,2017-03-31,2021-08-02,-882736000.0,17184684000.0,,5574017000.0,11610667000.0,,89.564,-318981000.0,4923259000.0,4923259000.0,468961000.0,42062000.0,5.464,1.637,9181369000.0,180001000.0,9001368000.0,9181369000.0,0.0,217006000.0,0.0,0.018,2.0,167139000.0,384145000.0,0.405,384145000.0,167139000.0,55455000.0,0.58,0.57,0.58,6517839000.0,,6517839000.0,34692531609.0,52.0,22.733,-71610000.0,-0.984,1.0,480564000.0,0.506,3763732000.0,111684000.0,16658994000.0,,0.0,21203000.0,14742000.0,6461000.0,10666845000.0,1020068000.0,9646777000.0,28681434609.0,4169799000.0,11726000.0,2146332000.0,2227897000.0,-148083000.0,4225246000.0,-314359000.0,-7104000.0,247371000.0,11541000.0,42062000.0,42062000.0,42062000.0,0.0,0.0,0.044,313351000.0,167213000.0,515959000.0,3.448,4.4,143.427,141.975,7605829000.0,0.0,400.37,7.716,7.838,429990000.0,-2054194000.0,949525000.0,949525000.0,0.0,,,,,38323000.0,310326000.0,1.0,71637322.0,72773000,73367000.0,13.048,13420952000.0,0.0,13393000.0,0.0,184.422,4553949000.0
18,EQIX,MRQ,2016-12-31,2016-12-31,2016-12-31,2021-08-02,-949142000.0,12608371000.0,,1467526000.0,11140845000.0,,61.145,-386321000.0,748476000.0,748476000.0,465921000.0,61750000.0,1.427,1.888,6759573000.0,168974000.0,6590599000.0,6759573000.0,0.0,209797000.0,0.0,0.02,1.75,180005000.0,389802000.0,0.414,389802000.0,180005000.0,81244000.0,0.87,0.87,0.87,4365829000.0,,4365829000.0,31449069541.0,56.0,22.438,-85703000.0,-1.2,1.0,476726000.0,0.506,3705295000.0,98761000.0,13885478000.0,,0.0,13451000.0,3409000.0,10042000.0,8242542000.0,1028695000.0,7213847000.0,25511674541.0,-250294000.0,852203000.0,36000.0,-32874000.0,-125312000.0,-158201000.0,-361536000.0,779000.0,300618000.0,-34930000.0,61750000.0,61750000.0,61750000.0,1914000.0,0.0,0.066,292271000.0,184455000.0,581739000.0,2.011,5.843,201.196,197.464,7199210000.0,0.0,357.41,7.063,6.938,396245000.0,-1951061000.0,942647000.0,942647000.0,0.0,,,,,39837000.0,292340000.0,1.0,71379297.0,71401000,72097000.0,13.202,8903076000.0,0.0,19494000.0,0.0,124.691,438831000.0
19,EQIX,MRQ,2016-09-30,2016-09-30,2016-09-30,2021-08-02,-713769000.0,13097557000.0,,1660484000.0,11437073000.0,,64.949,-279477000.0,987915000.0,987915000.0,470302000.0,51450000.0,1.11,1.833,6925310000.0,611105000.0,6314205000.0,6925310000.0,0.0,214825000.0,0.0,0.05,1.75,166428000.0,381253000.0,0.412,381253000.0,166428000.0,74228000.0,0.73,0.72,0.73,4623710000.0,,4623710000.0,32122677762.0,68.0,25.819,56160000.0,0.789,1.0,454374000.0,0.491,3921946000.0,92200000.0,13617440000.0,,0.0,40784000.0,25748000.0,15036000.0,8473847000.0,1495566000.0,6978281000.0,25604612762.0,526784000.0,-165901000.0,16504000.0,-81618000.0,-127457000.0,-192571000.0,357871000.0,-2123000.0,335637000.0,4491000.0,51450000.0,51450000.0,51450000.0,-2681000.0,0.0,0.056,284433000.0,169941000.0,534602000.0,2.397,5.538,337.876,343.095,7251399000.0,0.0,360.25,7.531,7.543,377528000.0,-1886000000.0,924676000.0,924676000.0,0.0,,,,,42346000.0,292175000.0,1.0,71074567.0,71190000,71908000.0,12.989,9175611000.0,0.0,22778000.0,0.0,128.889,164918000.0
20,EQIX,MRQ,2016-06-30,2016-06-30,2016-06-30,2021-08-02,-643786000.0,13269045000.0,,2095429000.0,11173616000.0,,67.482,-261577000.0,483160000.0,483160000.0,456967000.0,44711000.0,1.343,1.82,7001225000.0,603942000.0,6397283000.0,7001225000.0,0.0,212051000.0,0.0,0.046,1.75,158855000.0,370906000.0,0.412,370906000.0,158855000.0,58523000.0,0.64,0.64,0.64,4705465000.0,,4705465000.0,33467326625.0,77.0,29.768,16687000.0,0.239,1.0,443543000.0,0.493,3979152000.0,100332000.0,14248179000.0,,0.0,14433000.0,6739000.0,7694000.0,8563580000.0,1559779000.0,7003801000.0,26919293625.0,-150881000.0,0.0,1335000.0,-48838000.0,-121858000.0,-169361000.0,-252813000.0,8764000.0,278264000.0,18140000.0,44711000.0,44711000.0,44711000.0,-5409000.0,0.0,0.05,291888000.0,151655000.0,498212000.0,2.734,5.721,411.214,372.817,6958794000.0,0.0,387.73,8.514,8.551,346994000.0,-1810149000.0,900510000.0,900510000.0,0.0,,,,,39323000.0,276294000.0,1.0,69427936.0,69729000,70364000.0,12.914,9289893000.0,0.0,13812000.0,0.0,133.229,535650000.0
21,EQIX,MRQ,2016-03-31,2016-03-31,2016-03-31,2021-08-02,-416554000.0,13495835000.0,,2168341000.0,11327494000.0,,70.732,-214108000.0,633758000.0,633758000.0,427680000.0,-31111000.0,1.372,1.8,7181791000.0,683672000.0,6498119000.0,7181791000.0,0.0,200534000.0,0.0,0.054,1.75,59119000.0,259653000.0,0.308,259653000.0,59119000.0,-41744000.0,-0.46,-0.46,-0.46,4819105000.0,,4819105000.0,27119576003.0,65.0,26.531,-109274000.0,-1.604,1.0,416476000.0,0.493,4204504000.0,100863000.0,14259169000.0,,0.0,19742000.0,15773000.0,3969000.0,8676730000.0,1580195000.0,7096535000.0,22827394003.0,-2070789000.0,-1601326000.0,16304000.0,-268400000.0,-124836000.0,-376932000.0,-1789190000.0,3419000.0,104834000.0,-9501000.0,-31111000.0,-31111000.0,-31111000.0,-6216000.0,0.0,-0.037,303788000.0,112688000.0,475343000.0,-3.804,4.737,284.592,229.66,6888232000.0,0.0,330.71,7.799,7.698,326440000.0,-1731235000.0,844156000.0,844156000.0,0.0,,,,,34061000.0,272494000.0,1.0,69025412.0,68132000,68132000.0,12.39,9291331000.0,0.0,-10633000.0,0.0,136.372,588146000.0
22,EQIX,MRQ,2015-12-31,2015-12-31,2015-12-31,2021-08-02,-509059000.0,10356695000.0,,3259280000.0,7097415000.0,,45.395,-280612000.0,2228838000.0,2228838000.0,351968000.0,10731000.0,1.968,2.772,6521020000.0,956478000.0,5564542000.0,6521020000.0,0.0,144165000.0,0.0,0.059,12.64,88177000.0,232342000.0,0.318,232342000.0,88177000.0,8678000.0,0.14,0.13,0.14,2745386000.0,,2745386000.0,21624128398.0,42.0,20.88,-45464000.0,-0.752,1.0,378494000.0,0.518,1287765000.0,79499000.0,11704758000.0,,0.0,496876000.0,492292000.0,4584000.0,7611309000.0,1656354000.0,5954955000.0,17323185398.0,2365842000.0,-235256000.0,829681000.0,1595354000.0,-230452000.0,2192920000.0,-31866000.0,-9369000.0,235148000.0,-30360000.0,10731000.0,10731000.0,10731000.0,0.0,0.0,0.015,242617000.0,135877000.0,400948000.0,90.286,6.31,92.256,93.046,5606436000.0,0.0,302.4,6.355,6.411,291964000.0,-1576688000.0,730462000.0,730462000.0,0.0,,,,,33868000.0,225268000.0,1.0,57285666.0,60478000,61369000.0,12.078,9068930000.0,0.0,-2053000.0,0.0,149.954,1602926000.0
23,EQIX,MRQ,2015-09-30,2015-09-30,2015-09-30,2021-08-02,-488012000.0,7705666000.0,,1242023000.0,6463643000.0,,26.079,-216046000.0,335469000.0,335469000.0,325468000.0,41132000.0,0.848,4.176,4636412000.0,233334000.0,4403078000.0,4636412000.0,0.0,132403000.0,0.0,0.046,1.69,128981000.0,261384000.0,0.381,261384000.0,128981000.0,52712000.0,0.72,0.71,0.72,1488653000.0,,1488653000.0,19946336136.0,45.0,20.895,-1645000.0,-0.029,1.0,361181000.0,0.526,1106984000.0,76269000.0,9435511000.0,,0.0,507966000.0,493425000.0,14541000.0,6217013000.0,1464114000.0,4752899000.0,15572439136.0,-664000.0,0.0,13290000.0,-18010000.0,-98041000.0,-101412000.0,-107555000.0,94217000.0,214401000.0,-6098000.0,41132000.0,41132000.0,41132000.0,0.0,0.0,0.06,220298000.0,140883000.0,340366000.0,2.347,10.461,-87.456,-73.693,5218595000.0,0.0,273.4,5.913,5.926,293125000.0,-1480622000.0,686649000.0,686649000.0,0.0,,,,,33969000.0,206946000.0,1.0,56958446.0,57082000,57708000.0,12.029,6598682000.0,0.0,11580000.0,0.0,115.6,-222091000.0
24,EQIX,MRQ,2015-06-30,2015-06-30,2015-06-30,2021-08-02,-423173000.0,7826018000.0,,1330118000.0,6495900000.0,,38.686,-221342000.0,336133000.0,336133000.0,315757000.0,59459000.0,1.627,2.553,4710030000.0,235653000.0,4474377000.0,4710030000.0,0.0,127376000.0,0.0,0.043,1.69,141440000.0,268816000.0,0.404,268816000.0,141440000.0,66944000.0,1.04,1.03,1.04,2202590000.0,,2202590000.0,18588159988.0,41.0,19.556,-8879000.0,-0.156,1.0,349825000.0,0.526,1139122000.0,74496000.0,10243061000.0,,0.0,632963000.0,618400000.0,14563000.0,5623428000.0,817732000.0,4805696000.0,14458218988.0,-200576000.0,0.0,181000.0,-23610000.0,-96349000.0,-119562000.0,-298542000.0,433966000.0,212463000.0,5065000.0,59459000.0,59459000.0,59459000.0,0.0,0.0,0.089,210692000.0,139133000.0,315554000.0,1.625,6.564,-81.985,-70.166,5184800000.0,0.0,254.0,5.632,5.633,293855000.0,-781871000.0,665582000.0,665582000.0,0.0,,,,,33993000.0,200826000.0,1.0,56922122.0,56935000,57499000.0,11.69,6686896000.0,0.0,7485000.0,0.0,117.448,512386000.0
25,EQIX,MRQ,2015-03-31,2015-03-31,2015-03-31,2021-08-02,-468036000.0,7727694000.0,,1439544000.0,6288150000.0,,38.152,-188402000.0,536709000.0,536709000.0,298313000.0,76452000.0,2.16,2.575,4666650000.0,78758000.0,4587892000.0,4666650000.0,0.0,121636000.0,0.0,0.04,1.69,151455000.0,273091000.0,0.425,273091000.0,151455000.0,82664000.0,1.35,1.34,1.35,2161729000.0,,2161729000.0,17218398401.0,45.0,19.711,44409000.0,0.784,1.0,344861000.0,0.536,1120446000.0,68791000.0,10070834000.0,,0.0,533034000.0,522343000.0,10691000.0,5565965000.0,666355000.0,4899610000.0,13149906401.0,-74208000.0,-10247000.0,16384000.0,-18657000.0,-96619000.0,-98794000.0,-199834000.0,-4706000.0,232811000.0,-8391000.0,76452000.0,76452000.0,76452000.0,0.0,0.0,0.119,193926000.0,150935000.0,321942000.0,1.252,6.083,-58.579,-52.444,4990883000.0,0.0,232.85,5.245,5.263,277900000.0,-742684000.0,643174000.0,643174000.0,0.0,,,,,30613000.0,192256000.0,1.0,56473723.0,56661000,57227000.0,11.351,6607248000.0,0.0,6212000.0,0.0,116.61,773189000.0
26,EQIX,MRQ,2014-12-31,2014-12-31,2014-12-31,2021-08-02,-332443000.0,7781978000.0,,1490943000.0,6291035000.0,,41.03,-238477000.0,610917000.0,610917000.0,313449000.0,-355103000.0,2.316,2.428,4643954000.0,80828000.0,4563126000.0,4643954000.0,0.0,131964000.0,0.0,0.033,7.57,19325000.0,151289000.0,0.237,151289000.0,19325000.0,-51778000.0,-6.82,-6.8,-6.82,2270131000.0,,2270131000.0,15719239079.0,44.0,18.755,-36180000.0,-0.654,1.0,324672000.0,0.509,1149656000.0,71103000.0,10021602000.0,,0.0,546951000.0,532452000.0,14499000.0,5511847000.0,643757000.0,4868090000.0,12089765079.0,256736000.0,0.0,1137000.0,759854000.0,-83266000.0,679850000.0,-619911000.0,-381629000.0,202297000.0,-5500000.0,-355103000.0,-355103000.0,-355103000.0,0.0,0.0,-0.556,196846000.0,127826000.0,285796000.0,-1.11,5.326,-46.58,-45.712,4998270000.0,0.0,226.73,4.947,4.858,262570000.0,-720377000.0,638121000.0,638121000.0,0.0,,,,,29392000.0,194920000.0,1.0,53322300.0,55329000,45930000.0,11.533,6632322000.0,0.0,303325000.0,0.0,119.871,847186000.0
27,EQIX,MRQ,2014-09-30,2014-09-30,2014-09-30,2021-08-02,-237480000.0,7462000000.0,,857711000.0,6604289000.0,,48.886,-156003000.0,354181000.0,354181000.0,304052000.0,42961000.0,1.284,1.873,3983655000.0,77899000.0,3905756000.0,3983655000.0,0.0,120152000.0,0.0,0.0,0.0,137178000.0,257330000.0,0.415,257330000.0,137178000.0,73422000.0,0.81,0.79,0.81,2597680000.0,,2597680000.0,14830524005.0,33.0,16.371,60438000.0,1.137,1.0,316389000.0,0.51,1182030000.0,63756000.0,9241244000.0,,0.0,146934000.0,130859000.0,16075000.0,4864320000.0,668200000.0,4196120000.0,11302683005.0,-54153000.0,0.0,-30213000.0,-5575000.0,0.0,-256239000.0,-6316000.0,148789000.0,216441000.0,-8039000.0,42841000.0,42841000.0,42841000.0,0.0,120000.0,0.069,181258000.0,135131000.0,303669000.0,0.0,4.351,80.307,76.432,4983376000.0,0.0,212.48,4.768,4.763,275264000.0,59113000.0,620441000.0,620441000.0,0.0,,,,,21837000.0,181539000.0,1.0,53194103.0,53137000,55238000.0,11.676,6279970000.0,0.0,30581000.0,0.0,118.185,189511000.0
28,EQIX,MRQ,2014-06-30,2014-06-30,2014-06-30,2021-08-02,-77514000.0,7639611000.0,,954534000.0,6685077000.0,,52.269,-159816000.0,408334000.0,408334000.0,292859000.0,10079000.0,1.694,1.763,3936175000.0,72847000.0,3863328000.0,3936175000.0,0.0,115647000.0,0.0,0.0,0.0,76188000.0,191835000.0,0.317,191835000.0,76188000.0,9314000.0,0.22,0.22,0.22,2683059000.0,,2683059000.0,14251487750.0,33.0,16.283,-60852000.0,-1.185,1.0,312302000.0,0.516,1228493000.0,66874000.0,9375644000.0,,0.0,296015000.0,207325000.0,88690000.0,4729396000.0,563315000.0,4166081000.0,10467290750.0,-86840000.0,0.0,-206829000.0,-73713000.0,0.0,-278928000.0,91503000.0,250737000.0,98964000.0,1621000.0,11328000.0,11328000.0,11328000.0,0.0,-1249000.0,0.019,187605000.0,124697000.0,260121000.0,0.0,3.901,74.568,74.237,4924162000.0,0.0,210.09,4.565,4.703,237831000.0,16272000.0,605161000.0,605161000.0,0.0,,,,,32216000.0,186929000.0,1.0,49822889.0,51332000,51652000.0,11.789,6411118000.0,0.0,-2014000.0,0.0,124.895,391219000.0
29,EQIX,MRQ,2014-03-31,2014-03-31,2014-03-31,2021-08-02,-99825000.0,7730598000.0,,1086018000.0,6644580000.0,,50.748,-122698000.0,495174000.0,495174000.0,287525000.0,41337000.0,1.825,2.021,4279371000.0,72002000.0,4207369000.0,4279371000.0,0.0,113928000.0,0.0,0.0,0.0,123774000.0,237702000.0,0.41,237702000.0,123774000.0,54954000.0,0.83,0.81,0.83,2517006000.0,,2517006000.0,13028560022.0,34.0,15.927,49020000.0,0.988,1.0,292528000.0,0.504,1224492000.0,68820000.0,9695147000.0,,0.0,546550000.0,322374000.0,224176000.0,5086633000.0,595156000.0,4491477000.0,9131798022.0,233280000.0,0.0,-32733000.0,-14567000.0,0.0,-37282000.0,98885000.0,221654000.0,171718000.0,-41000.0,41387000.0,41387000.0,41387000.0,0.0,-50000.0,0.071,170916000.0,121612000.0,293295000.0,0.0,3.628,88.462,88.44,4766297000.0,0.0,184.84,4.12,4.136,213560000.0,4944000.0,580053000.0,580053000.0,0.0,,,,,14963000.0,170731000.0,1.0,49403798.0,49598000,53386000.0,11.695,6506106000.0,0.0,13567000.0,0.0,131.177,490862000.0
30,EQIX,MRQ,2013-12-31,2013-12-31,2013-12-31,2021-08-02,-113767000.0,7492359000.0,,888660000.0,6603699000.0,,49.402,-202841000.0,261894000.0,261894000.0,269743000.0,45373000.0,1.626,1.996,4158656000.0,70722000.0,4087934000.0,4158656000.0,0.0,106375000.0,0.0,0.0,0.0,112657000.0,219032000.0,0.388,219032000.0,112657000.0,47154000.0,0.92,0.9,0.92,2459064000.0,,2459064000.0,12479716336.0,35.0,15.755,-36135000.0,-0.726,1.0,294934000.0,0.522,1226335000.0,65503000.0,9616282000.0,,0.0,768198000.0,369808000.0,398390000.0,4909393000.0,546504000.0,4362889000.0,8832882336.0,-137848000.0,-48739000.0,-44989000.0,-25610000.0,0.0,-70641000.0,-233362000.0,18641000.0,166706000.0,-551000.0,45187000.0,45187000.0,45187000.0,0.0,186000.0,0.08,169945000.0,124989000.0,263223000.0,0.0,3.592,93.287,92.422,4591650000.0,0.0,177.45,4.103,4.075,184840000.0,-36443000.0,564677000.0,564677000.0,0.0,,,,,27672000.0,165716000.0,1.0,49776739.0,49777000,50314000.0,11.344,6266024000.0,0.0,1967000.0,0.0,125.882,342156000.0
31,EQIX,MRQ,2013-09-30,2013-09-30,2013-09-30,2021-08-02,-121731000.0,7389044000.0,,1004774000.0,6384270000.0,,49.5,-242407000.0,399742000.0,399742000.0,268960000.0,42753000.0,1.726,1.971,4046576000.0,57164000.0,3989412000.0,4046576000.0,0.0,109836000.0,0.0,0.0,0.0,116825000.0,226661000.0,0.417,226661000.0,116825000.0,54868000.0,0.86,0.83,0.86,2452996000.0,,2452996000.0,12499824962.0,35.0,15.825,-35845000.0,-0.723,1.0,274124000.0,0.505,1218524000.0,61957000.0,9235129000.0,,0.0,788233000.0,346038000.0,442195000.0,4834989000.0,582225000.0,4252764000.0,9075641962.0,-117754000.0,-598000.0,12202000.0,-18331000.0,0.0,-1178000.0,-330958000.0,-89219000.0,206562000.0,7820000.0,42471000.0,42471000.0,42471000.0,0.0,282000.0,0.078,158931000.0,115193000.0,299135000.0,0.0,3.7,95.698,94.179,4381020000.0,0.0,183.65,4.334,4.346,199644000.0,-81630000.0,543084000.0,543084000.0,0.0,,,,,22329000.0,158493000.0,1.0,49418143.0,49555000,53581000.0,10.959,6170520000.0,0.0,12397000.0,0.0,124.519,422549000.0
32,EQIX,MRQ,2013-06-30,2013-06-30,2013-06-30,2021-08-02,-200082000.0,7077849000.0,,1097609000.0,5980240000.0,,46.819,-125823000.0,517496000.0,517496000.0,267109000.0,-25287000.0,1.807,2.02,3941679000.0,125622000.0,3816057000.0,3941679000.0,0.0,109120000.0,0.0,0.0,0.0,25517000.0,134637000.0,0.255,134637000.0,25517000.0,-35484000.0,-0.52,-0.52,-0.52,2311875000.0,,2311875000.0,12109328697.0,36.0,15.944,21336000.0,0.432,1.0,261762000.0,0.495,1196842000.0,61001000.0,8697655000.0,,0.0,699431000.0,323460000.0,375971000.0,4669360000.0,607535000.0,4061825000.0,9114066697.0,-167523000.0,0.0,1512000.0,-854977000.0,0.0,-850034000.0,537547000.0,-175593000.0,147159000.0,-2195000.0,-25816000.0,-25816000.0,-25816000.0,0.0,529000.0,-0.049,145799000.0,115963000.0,258027000.0,0.0,3.942,114.888,111.952,4103344000.0,0.0,184.72,4.477,4.48,201336000.0,-103205000.0,528871000.0,528871000.0,0.0,,,,,20763000.0,148110000.0,1.0,49339902.0,49379000,49379000.0,10.71,5881007000.0,0.0,-9668000.0,0.0,119.099,490074000.0
33,EQIX,MRQ,2013-03-31,2013-03-31,2013-03-31,2021-08-02,-174267000.0,7612933000.0,,2005857000.0,5607076000.0,,47.773,-75667000.0,1528497000.0,1528497000.0,258591000.0,33284000.0,1.585,2.209,4523759000.0,813654000.0,3710105000.0,4523759000.0,0.0,107140000.0,0.0,0.0,0.0,104634000.0,211774000.0,0.41,211774000.0,104634000.0,44303000.0,0.67,0.65,0.67,2342261000.0,,2342261000.0,13315252829.0,33.0,16.223,8514000.0,0.174,1.0,257543000.0,0.499,1210712000.0,60331000.0,8131773000.0,,0.0,527040000.0,233289000.0,293751000.0,5173781000.0,1265710000.0,3908071000.0,10556718829.0,432806000.0,0.0,14368000.0,1463402000.0,0.0,1496760000.0,-1142540000.0,-232965000.0,84181000.0,-5595000.0,32843000.0,32843000.0,32843000.0,0.0,441000.0,0.064,152756000.0,104787000.0,248395000.0,0.0,4.507,74.557,73.826,3890190000.0,0.0,216.31,5.374,5.399,185163000.0,-74547000.0,516134000.0,516134000.0,0.0,,,,,4846000.0,149094000.0,1.0,48803656.0,49029000,53480000.0,10.527,6402221000.0,0.0,11460000.0,0.0,130.58,740147000.0
34,EQIX,MRQ,2012-12-31,2012-12-31,2012-12-31,2021-08-02,-101042000.0,6135797000.0,,640092000.0,5495705000.0,,47.524,-235064000.0,252213000.0,252213000.0,249329000.0,46611000.0,1.166,1.616,3010747000.0,67366000.0,2943381000.0,3010747000.0,0.0,103481000.0,0.0,0.0,0.0,113330000.0,216811000.0,0.428,216811000.0,113330000.0,62814000.0,0.94,0.9,0.94,2313441000.0,,2313441000.0,12743367931.0,32.0,15.979,-31372000.0,-0.644,1.0,256730000.0,0.507,1244126000.0,50516000.0,7101133000.0,,0.0,294311000.0,166492000.0,127819000.0,3738178000.0,549072000.0,3189106000.0,10026525931.0,12526000.0,45407000.0,5998000.0,-13207000.0,0.0,12248000.0,-203920000.0,-15162000.0,203692000.0,506000.0,45338000.0,45338000.0,45338000.0,-11858000.0,1273000.0,0.09,154026000.0,102704000.0,268853000.0,0.0,4.334,71.604,70.616,3915738000.0,0.0,206.2,5.312,5.245,163840000.0,-131128000.0,506059000.0,506059000.0,0.0,,,,,2136000.0,142226000.0,1.0,48625247.0,48679000,52092000.0,10.396,4891671000.0,0.0,17476000.0,0.0,100.488,91020000.0
35,EQIX,MRQ,2012-09-30,2012-09-30,2012-09-30,2021-08-02,-113642000.0,5990970000.0,,725186000.0,5265784000.0,,46.187,-212118000.0,239687000.0,239687000.0,250946000.0,27327000.0,1.184,1.647,2956529000.0,64185000.0,2892344000.0,2956529000.0,0.0,106732000.0,0.0,0.0,0.0,89520000.0,196252000.0,0.405,196252000.0,89520000.0,39313000.0,0.56,0.54,0.56,2233649000.0,,2233649000.0,12167862046.0,32.0,15.874,-104559000.0,-2.162,1.0,233889000.0,0.482,1243932000.0,50207000.0,6851421000.0,,0.0,280149000.0,164787000.0,115362000.0,3679130000.0,612459000.0,3066671000.0,9928485046.0,-414409000.0,-278441000.0,13666000.0,6857000.0,0.0,73697000.0,-602266000.0,-111574000.0,107559000.0,6601000.0,26965000.0,26965000.0,26965000.0,-679000.0,362000.0,0.056,141043000.0,92846000.0,244712000.0,0.0,4.445,85.211,84.794,3791063000.0,0.0,206.05,5.506,5.526,181973000.0,-155287000.0,484835000.0,484835000.0,0.0,,,,,-31394000.0,136501000.0,1.0,48184834.0,48361000,52655000.0,10.025,4747038000.0,0.0,12348000.0,70304000.0,98.158,112727000.0
36,EQIX,MRQ,2012-06-30,2012-06-30,2012-06-30,2021-08-02,-155777000.0,5724688000.0,,1009592000.0,4715096000.0,,43.061,-196484000.0,654096000.0,654096000.0,225289000.0,37640000.0,2.056,1.732,2893473000.0,85769000.0,2807704000.0,2893473000.0,0.0,95562000.0,0.0,0.0,0.0,100372000.0,195934000.0,0.429,195934000.0,100372000.0,53585000.0,0.76,0.73,0.76,2067621000.0,,2067621000.0,10777639606.0,30.0,14.612,-1702000.0,-0.035,1.0,231960000.0,0.507,1001386000.0,46787000.0,6471520000.0,,0.0,168925000.0,115465000.0,53460000.0,3581213000.0,491159000.0,3090054000.0,8328135606.0,21152000.0,0.0,6013000.0,-270729000.0,0.0,-264716000.0,93880000.0,279621000.0,194782000.0,-2794000.0,36447000.0,36447000.0,36447000.0,-350000.0,1193000.0,0.08,129864000.0,102096000.0,224989000.0,0.0,4.028,75.799,84.447,3525839000.0,0.0,175.65,4.823,4.885,169812000.0,-184125000.0,457249000.0,457249000.0,0.0,,,,,20549000.0,128198000.0,1.0,47413240.0,48016000,52351000.0,9.523,4723302000.0,0.0,17138000.0,0.0,98.369,518433000.0
37,EQIX,MRQ,2012-03-31,2012-03-31,2012-03-31,2021-08-02,-110367000.0,5884345000.0,,1174023000.0,4710322000.0,,43.882,-145490000.0,632944000.0,632944000.0,217098000.0,34811000.0,1.635,1.822,3082448000.0,336796000.0,2745652000.0,3082448000.0,0.0,92804000.0,0.0,0.0,0.0,101194000.0,193998000.0,0.438,193998000.0,101194000.0,48376000.0,0.74,0.71,0.74,2060479000.0,,2060479000.0,10166387568.0,30.0,14.453,-19497000.0,-0.415,1.0,226147000.0,0.51,1025264000.0,52818000.0,6590502000.0,,0.0,450347000.0,283910000.0,166437000.0,3754795000.0,718083000.0,3036712000.0,7346080568.0,354121000.0,0.0,17096000.0,-61046000.0,0.0,-43950000.0,269433000.0,346366000.0,125993000.0,2645000.0,34523000.0,34523000.0,34523000.0,-199000.0,288000.0,0.078,125555000.0,100592000.0,194516000.0,0.0,3.565,70.531,79.924,3387369000.0,0.0,157.45,4.414,4.442,158561000.0,-220572000.0,443245000.0,443245000.0,0.0,,,,,19103000.0,124726000.0,1.0,46656593.0,46955000,51061000.0,9.44,4859081000.0,0.0,13853000.0,0.0,103.484,455940000.0
38,EQIX,MRQ,2011-12-31,2011-12-31,2011-12-31,2021-08-02,-143698000.0,5785324000.0,,1235757000.0,4549567000.0,,41.325,-193944000.0,278823000.0,278823000.0,216444000.0,16865000.0,1.704,1.929,3099130000.0,345297000.0,2753833000.0,3099130000.0,0.0,93371000.0,0.0,0.0,0.0,86990000.0,180361000.0,0.432,180361000.0,86990000.0,31839000.0,0.37,0.37,0.37,1952212000.0,,1952212000.0,7496371230.0,24.0,11.339,-6612000.0,-0.14,1.0,201513000.0,0.482,1015130000.0,55151000.0,6865247000.0,,0.0,797522000.0,635721000.0,161801000.0,3765511000.0,725254000.0,3040257000.0,4807347230.0,-91700000.0,0.0,-83477000.0,13000.0,0.0,-83383000.0,-194336000.0,1400000.0,187332000.0,-1313000.0,18582000.0,18582000.0,18582000.0,-190000.0,-1717000.0,0.044,118567000.0,82946000.0,229043000.0,0.0,2.463,50.723,57.288,3225912000.0,0.0,101.4,3.071,3.041,139057000.0,-255095000.0,417957000.0,417957000.0,0.0,,,,,18391000.0,116704000.0,1.0,47409736.0,47241000,48510000.0,8.847,4770194000.0,0.0,13257000.0,0.0,100.976,510503000.0
39,EQIX,MRQ,2011-09-30,2011-09-30,2011-09-30,2021-08-02,-120416000.0,5730687000.0,,1330298000.0,4400389000.0,,42.89,-131525000.0,370523000.0,370523000.0,219724000.0,20639000.0,2.027,1.798,3059547000.0,329195000.0,2730352000.0,3059547000.0,0.0,90746000.0,0.0,0.0,0.0,76570000.0,167316000.0,0.41,167316000.0,76570000.0,25456000.0,0.21,0.2,0.21,2024507000.0,,2024507000.0,6138110360.0,22.0,10.131,10345000.0,0.219,1.0,188484000.0,0.462,1020785000.0,51114000.0,6742770000.0,,0.0,799665000.0,700246000.0,99419000.0,3639808000.0,656156000.0,2983652000.0,4178121360.0,72651000.0,0.0,11107000.0,733040000.0,0.0,744147000.0,-878693000.0,-677229000.0,141870000.0,-4673000.0,20319000.0,20319000.0,20319000.0,-464000.0,320000.0,0.05,111043000.0,77441000.0,181093000.0,0.0,2.064,46.447,52.253,3122094000.0,0.0,88.83,2.809,2.819,144185000.0,-272905000.0,408208000.0,408208000.0,0.0,,,,,19207000.0,108757000.0,1.0,47035026.0,47202000,47943000.0,8.648,4709902000.0,0.0,5137000.0,0.0,99.782,674142000.0
40,EQIX,MRQ,2011-06-30,2011-06-30,2011-06-30,2021-08-02,-41679000.0,4969191000.0,,649088000.0,4320103000.0,,43.99,-197917000.0,297872000.0,297872000.0,215572000.0,30733000.0,1.046,1.374,2257861000.0,281054000.0,1976807000.0,2257861000.0,0.0,85222000.0,0.0,0.0,0.0,76516000.0,161738000.0,0.41,161738000.0,76516000.0,38839000.0,0.65,0.64,0.65,2064199000.0,,2064199000.0,6548503209.0,26.0,11.569,-57569000.0,-1.227,1.0,179328000.0,0.454,1061232000.0,37677000.0,5247497000.0,,0.0,125206000.0,94246000.0,30960000.0,2835942000.0,620451000.0,2215491000.0,4728529209.0,-6594000.0,-41954000.0,8929000.0,52909000.0,0.0,61838000.0,-139737000.0,30979000.0,140348000.0,957000.0,30730000.0,30730000.0,30730000.0,0.0,3000.0,0.078,104462000.0,74866000.0,189739000.0,0.0,2.291,58.499,58.393,3085202000.0,0.0,101.02,3.355,3.363,140316000.0,-293224000.0,394900000.0,394900000.0,0.0,,,,,18318000.0,102744000.0,1.0,46807852.0,46924000,50664000.0,8.416,3907959000.0,0.0,8109000.0,0.0,83.283,28637000.0
41,EQIX,MRQ,2011-03-31,2011-03-31,2011-03-31,2021-08-02,-61356000.0,4652513000.0,,694990000.0,3957523000.0,,42.785,-190066000.0,304466000.0,304466000.0,194576000.0,25145000.0,2.025,1.341,2124440000.0,28585000.0,2095855000.0,2124440000.0,0.0,78335000.0,0.0,0.0,0.0,73631000.0,151966000.0,0.419,151966000.0,73631000.0,36270000.0,0.54,0.53,0.54,1987397000.0,,1987397000.0,5814471989.0,27.0,11.518,-72296000.0,-1.556,1.0,168453000.0,0.464,938750000.0,37361000.0,5190463000.0,,0.0,152185000.0,150040000.0,2145000.0,2665116000.0,343274000.0,2321842000.0,4208727989.0,-138375000.0,0.0,15668000.0,10458000.0,0.0,26126000.0,-286389000.0,-2185000.0,117770000.0,4118000.0,25145000.0,25145000.0,25145000.0,0.0,0.0,0.069,97148000.0,71305000.0,133536000.0,0.0,2.118,87.999,88.447,2881126000.0,0.0,91.1,3.211,3.229,114207000.0,-323954000.0,363029000.0,363029000.0,0.0,,,,,15535000.0,96237000.0,1.0,46198990.0,46451000,47219000.0,7.815,3713763000.0,0.0,11125000.0,0.0,79.95,351716000.0
42,EQIX,MRQ,2010-12-31,2010-12-31,2010-12-31,2021-08-02,-112018000.0,4448009000.0,,778048000.0,3669961000.0,,40.805,-158212000.0,442841000.0,442841000.0,171048000.0,13760000.0,2.446,1.365,2048585000.0,27966000.0,2020619000.0,2048585000.0,0.0,75439000.0,0.0,0.0,0.0,49388000.0,124827000.0,0.389,124827000.0,49388000.0,10566000.0,0.3,0.29,0.3,1880515000.0,,1880515000.0,5479907937.0,29.0,12.175,-35321000.0,-0.766,1.0,150076000.0,0.467,925310000.0,38822000.0,4810328000.0,,0.0,149998000.0,147192000.0,2806000.0,2567494000.0,318115000.0,2249379000.0,3737501937.0,53692000.0,0.0,3638000.0,-89627000.0,0.0,-85989000.0,17538000.0,176172000.0,122891000.0,-748000.0,13760000.0,13760000.0,13760000.0,-668000.0,0.0,0.043,96707000.0,53369000.0,145854000.0,0.0,1.987,101.339,96.738,2650953000.0,0.0,81.26,3.124,2.971,116358000.0,-349099000.0,321124000.0,321124000.0,0.0,,,,,17469000.0,95836000.0,1.0,45994363.0,46085000,47120000.0,6.968,3522699000.0,0.0,-3194000.0,0.0,76.439,459933000.0
43,EQIX,MRQ,2010-09-30,2010-09-30,2010-09-30,2021-08-02,-103321000.0,4480891000.0,,891811000.0,3589080000.0,,40.528,-143941000.0,389149000.0,389149000.0,185476000.0,11196000.0,2.867,1.417,2131555000.0,30104000.0,2101451000.0,2131555000.0,0.0,73298000.0,0.0,0.0,0.0,54196000.0,127494000.0,0.386,127494000.0,54196000.0,15833000.0,0.24,0.24,0.24,1853973000.0,,1853973000.0,6214166022.0,33.0,14.875,-30678000.0,-0.671,1.0,144871000.0,0.439,933859000.0,38363000.0,4978413000.0,,0.0,326202000.0,322979000.0,3223000.0,2626918000.0,311025000.0,2315893000.0,4666120022.0,-122193000.0,0.0,14026000.0,4086000.0,0.0,18112000.0,-259495000.0,-115554000.0,113263000.0,5927000.0,11196000.0,11196000.0,11196000.0,0.0,0.0,0.034,92845000.0,52026000.0,134091000.0,0.0,2.517,114.245,102.35,2582890000.0,0.0,102.35,4.175,4.189,115616000.0,-362859000.0,330347000.0,330347000.0,0.0,,,,,16950000.0,89845000.0,1.0,45589839.0,45745000,46676000.0,7.221,3547032000.0,0.0,4637000.0,0.0,77.539,580786000.0
44,EQIX,MRQ,2010-06-30,2010-06-30,2010-06-30,2021-08-02,-164610000.0,4282208000.0,,888235000.0,3393973000.0,,40.228,-148705000.0,511342000.0,511342000.0,162582000.0,-2274000.0,2.965,1.447,2059388000.0,29963000.0,2029425000.0,2059388000.0,0.0,62750000.0,0.0,0.0,0.0,37783000.0,100533000.0,0.34,100533000.0,37783000.0,168000.0,-0.05,-0.05,-0.05,1750197000.0,,1750197000.0,4304409296.0,23.0,11.234,-91799000.0,-2.11,1.0,133512000.0,0.451,917427000.0,37615000.0,4613258000.0,,0.0,210608000.0,206111000.0,4497000.0,2532011000.0,299569000.0,2232442000.0,3231923296.0,-527960000.0,-113289000.0,11270000.0,-263503000.0,0.0,-252233000.0,-327455000.0,-64987000.0,56906000.0,-5178000.0,-2274000.0,-2274000.0,-2274000.0,0.0,0.0,-0.008,93285000.0,40227000.0,138725000.0,0.0,1.847,66.694,64.976,2400809000.0,0.0,81.22,3.185,3.482,106255000.0,-374055000.0,296094000.0,296094000.0,0.0,,,,,18096000.0,83079000.0,1.0,39792210.0,43507000,43507000.0,6.806,3364781000.0,0.0,2442000.0,0.0,77.339,588666000.0
45,EQIX,MRQ,2010-03-31,2010-03-31,2010-03-31,2021-08-02,-132498000.0,3667768000.0,,1313649000.0,2354119000.0,,30.016,-143400000.0,1039302000.0,1039302000.0,133050000.0,14199000.0,4.156,2.089,2111788000.0,62715000.0,2049073000.0,2111788000.0,0.0,48689000.0,0.0,0.0,0.0,48551000.0,97240000.0,0.391,97240000.0,48551000.0,22876000.0,0.36,0.35,0.36,1187487000.0,,1187487000.0,4971654864.0,26.0,13.37,-43588000.0,-1.102,1.0,115599000.0,0.465,405980000.0,25675000.0,4018167000.0,,0.0,145836000.0,140611000.0,5225000.0,2480281000.0,316107000.0,2164174000.0,3832741864.0,693246000.0,0.0,10883000.0,618913000.0,0.0,629796000.0,-31557000.0,112285000.0,99812000.0,-4805000.0,14199000.0,14199000.0,14199000.0,0.0,0.0,0.057,67617000.0,47982000.0,113018000.0,0.0,3.228,56.221,55.307,1874325000.0,0.0,97.34,4.113,4.132,69722000.0,-371781000.0,248649000.0,248649000.0,0.0,,,,,14974000.0,62623000.0,1.0,39374788.0,39562000,40791000.0,6.285,3261788000.0,0.0,8677000.0,0.0,82.448,997542000.0
46,EQIX,MRQ,2009-12-31,2009-12-31,2009-12-31,2021-08-02,-97238000.0,3038150000.0,,727887000.0,2310263000.0,,30.21,-101740000.0,346056000.0,346056000.0,127074000.0,17722000.0,2.307,1.569,1484969000.0,65364000.0,1419605000.0,1484969000.0,0.0,42472000.0,0.0,0.0,0.0,50030000.0,92502000.0,0.381,92502000.0,50030000.0,27417000.0,0.45,0.43,0.45,1182483000.0,,1182483000.0,5351188966.0,29.0,14.998,-19230000.0,-0.491,1.0,115478000.0,0.476,432065000.0,22613000.0,3429539000.0,,0.0,258311000.0,248508000.0,9803000.0,1855667000.0,315459000.0,1540208000.0,4138081966.0,62909000.0,0.0,13956000.0,-17322000.0,0.0,-2922000.0,-15684000.0,85924000.0,82510000.0,-995000.0,17722000.0,17722000.0,17722000.0,0.0,0.0,0.073,64692000.0,50786000.0,99053000.0,0.0,3.499,59.6,58.972,1808115000.0,0.0,106.15,4.689,4.629,64767000.0,-385980000.0,242552000.0,242552000.0,0.0,,,,,14026000.0,60916000.0,1.0,38983344.0,39142000,40789000.0,6.197,2606085000.0,51993000.0,9695000.0,25937000.0,66.58,412428000.0
47,EQIX,MRQ,2009-09-30,2009-09-30,2009-09-30,2021-08-02,-98887000.0,2962578000.0,,714094000.0,2248484000.0,,29.248,-88195000.0,283147000.0,283147000.0,126007000.0,18812000.0,2.549,1.612,1496254000.0,59448000.0,1436806000.0,1496254000.0,0.0,44491000.0,0.0,0.0,0.0,48395000.0,92886000.0,0.408,92886000.0,48395000.0,26139000.0,0.49,0.47,0.49,1134434000.0,,1134434000.0,4599264880.0,29.0,13.761,19344000.0,0.499,1.0,101551000.0,0.446,429618000.0,22256000.0,3465906000.0,,0.0,344295000.0,326234000.0,18061000.0,1828144000.0,280161000.0,1547983000.0,3552178880.0,-122070000.0,-28176000.0,14096000.0,17251000.0,0.0,28804000.0,-260549000.0,-146045000.0,107539000.0,2136000.0,18812000.0,18812000.0,18812000.0,0.0,0.0,0.083,55993000.0,45558000.0,104288000.0,0.0,3.131,23.749,23.0,1703009000.0,0.0,92.0,4.276,4.296,67589000.0,-403702000.0,227558000.0,227558000.0,0.0,,,,,14033000.0,54614000.0,1.0,38610640.0,38787000,39887000.0,5.867,2532960000.0,59101000.0,7327000.0,0.0,65.304,433933000.0
48,EQIX,MRQ,2009-06-30,2009-06-30,2009-06-30,2021-08-02,-93521000.0,2843365000.0,,689460000.0,2153905000.0,,28.639,-70766000.0,405217000.0,405217000.0,118534000.0,17440000.0,2.729,1.602,1452303000.0,58149000.0,1394154000.0,1452303000.0,0.0,44891000.0,0.0,0.0,0.0,44319000.0,89210000.0,0.418,89210000.0,44319000.0,28407000.0,0.46,0.44,0.46,1092622000.0,,1092622000.0,3729334974.0,28.0,12.252,7973000.0,0.209,1.0,94634000.0,0.444,436731000.0,15912000.0,3201085000.0,,0.0,198153000.0,175854000.0,22299000.0,1750743000.0,252635000.0,1498108000.0,2760334974.0,183168000.0,0.0,4892000.0,346365000.0,0.0,301341000.0,-204060000.0,-136157000.0,78739000.0,7148000.0,17440000.0,17440000.0,17440000.0,0.0,0.0,0.082,53605000.0,41029000.0,88454000.0,0.0,2.526,20.25,19.874,1590756000.0,0.0,72.74,3.508,3.527,67312000.0,-422514000.0,213168000.0,213168000.0,0.0,,,,,13459000.0,53825000.0,1.0,37947965.0,38152000,39318000.0,5.587,2406634000.0,62328000.0,10967000.0,0.0,63.08,436825000.0
49,EQIX,MRQ,2009-03-31,2009-03-31,2009-03-31,2021-08-02,-167471000.0,2416989000.0,,357085000.0,2059904000.0,,24.648,-108841000.0,222049000.0,222049000.0,111805000.0,15457000.0,1.393,1.59,1191049000.0,76754000.0,1114295000.0,1191049000.0,0.0,41676000.0,0.0,0.0,0.0,40516000.0,82192000.0,0.413,82192000.0,40516000.0,27065000.0,0.41,0.4,0.41,933196000.0,,933196000.0,3141740345.0,30.0,11.711,-22137000.0,-0.585,1.0,87426000.0,0.439,384637000.0,13451000.0,2745028000.0,,0.0,61926000.0,29720000.0,32206000.0,1483793000.0,256324000.0,1227469000.0,2120781345.0,1842000.0,0.0,4062000.0,-7687000.0,0.0,-3625000.0,-77885000.0,23620000.0,86704000.0,-3352000.0,15457000.0,15457000.0,15457000.0,0.0,0.0,0.078,43720000.0,43706000.0,78987000.0,0.0,2.273,17.735,17.438,1512908000.0,0.0,56.15,2.844,2.851,60022000.0,-439954000.0,199231000.0,199231000.0,0.0,,,,,11538000.0,49553000.0,1.0,37769926.0,37861000,38739000.0,5.262,2032352000.0,108584000.0,11608000.0,0.0,53.679,100761000.0
50,EQIX,MRQ,2008-12-31,2008-12-31,2008-12-31,2021-08-02,-152800000.0,2434736000.0,,379511000.0,2055225000.0,,24.41,-141486000.0,220207000.0,220207000.0,108346000.0,97863000.0,1.309,1.656,1203690000.0,75703000.0,1127987000.0,1203690000.0,0.0,43605000.0,0.0,0.0,0.0,26342000.0,69947000.0,0.367,69947000.0,26342000.0,9844000.0,2.64,2.52,2.64,916661000.0,,916661000.0,3019623309.0,37.0,12.528,-65191000.0,-1.736,1.0,82337000.0,0.432,393747000.0,16498000.0,2734479000.0,,0.0,87738000.0,42112000.0,45626000.0,1518075000.0,289993000.0,1228082000.0,1986633309.0,59522000.0,0.0,143000.0,30526000.0,0.0,32156000.0,-43190000.0,81583000.0,76295000.0,-5739000.0,97863000.0,97863000.0,97863000.0,0.0,0.0,0.513,57820000.0,24517000.0,74317000.0,0.0,2.167,18.408,18.278,1492830000.0,0.0,53.19,2.819,2.802,66029000.0,-455411000.0,190683000.0,190683000.0,0.0,,,,,13134000.0,55477000.0,1.0,37349752.0,37552000,41582000.0,5.078,2040989000.0,101164000.0,-88019000.0,0.0,54.351,89518000.0
51,EQIX,MRQ,2008-09-30,2008-09-30,2008-09-30,2021-08-02,-64557000.0,2291935000.0,,342654000.0,1949281000.0,,22.466,-95445000.0,160685000.0,160685000.0,109905000.0,5556000.0,1.433,1.737,1193675000.0,77722000.0,1115953000.0,1193675000.0,0.0,41635000.0,0.0,0.0,0.0,21414000.0,63049000.0,0.343,63049000.0,21414000.0,5743000.0,0.15,0.15,0.15,837250000.0,,837250000.0,3623443081.0,59.0,17.115,-32124000.0,-0.862,1.0,73830000.0,0.402,473459000.0,15671000.0,2612390000.0,,0.0,169514000.0,101892000.0,67622000.0,1454685000.0,239076000.0,1215609000.0,2582538081.0,9558000.0,0.0,6849000.0,19586000.0,0.0,26428000.0,-82435000.0,2784000.0,63321000.0,2244000.0,5556000.0,5556000.0,5556000.0,0.0,0.0,0.03,52337000.0,21493000.0,71234000.0,0.0,3.085,-3611.941,-1157.667,1346982000.0,0.0,69.46,3.957,3.966,62376000.0,-543593000.0,183735000.0,183735000.0,0.0,,,,,12562000.0,51538000.0,1.0,37180220.0,37268000,38023000.0,4.93,1818476000.0,0.0,187000.0,21785000.0,48.795,103578000.0
52,EQIX,MRQ,2008-06-30,2008-06-30,2008-06-30,2021-08-02,3840000.0,2330982000.0,,293726000.0,2037256000.0,,23.771,-84458000.0,151127000.0,151127000.0,102039000.0,708000.0,1.247,1.653,1192032000.0,73377000.0,1118655000.0,1192032000.0,0.0,38325000.0,0.0,0.0,0.0,14763000.0,53088000.0,0.309,53088000.0,14763000.0,450000.0,0.02,0.02,0.02,878673000.0,,878673000.0,4181673896.0,84.0,22.979,-19500000.0,-0.528,1.0,70005000.0,0.407,530381000.0,14313000.0,2605933000.0,,0.0,173622000.0,64980000.0,108642000.0,1452309000.0,235573000.0,1216736000.0,3280333896.0,-109707000.0,0.0,12000000.0,30825000.0,0.0,41924000.0,-216215000.0,-107849000.0,64958000.0,-374000.0,708000.0,708000.0,708000.0,0.0,0.0,0.004,56735000.0,13270000.0,74722000.0,0.0,3.733,-1527.869,-1115.25,1331017000.0,0.0,89.22,5.727,5.758,63105000.0,-550982000.0,172044000.0,172044000.0,0.0,,,,,17048000.0,56735000.0,1.0,36766800.0,36964000,37968000.0,4.654,1800601000.0,0.0,-258000.0,24115000.0,48.712,58153000.0
53,EQIX,MRQ,2008-03-31,2008-03-31,2008-03-31,2021-08-02,-221000.0,2286787000.0,,374207000.0,1912580000.0,,23.241,-125643000.0,260834000.0,260834000.0,94509000.0,3797000.0,1.528,1.712,1162174000.0,64198000.0,1097976000.0,1162174000.0,0.0,35482000.0,0.0,0.0,0.0,19463000.0,54945000.0,0.347,54945000.0,19463000.0,4268000.0,0.1,0.1,0.1,843130000.0,,843130000.0,3252120495.0,76.0,20.586,-62659000.0,-1.727,1.0,63709000.0,0.403,534399000.0,15195000.0,2408829000.0,,0.0,64692000.0,37694000.0,26998000.0,1443657000.0,244899000.0,1198758000.0,2436609495.0,-29799000.0,-23241000.0,7238000.0,37360000.0,0.0,44598000.0,-136200000.0,28918000.0,62984000.0,-1181000.0,3797000.0,3797000.0,3797000.0,0.0,0.0,0.024,49727000.0,13982000.0,70230000.0,0.0,2.89,-1487.552,-1108.167,1284395000.0,0.0,66.49,4.947,4.897,59156000.0,-553211000.0,158218000.0,158218000.0,0.0,,,,,12341000.0,49727000.0,1.0,36646255.0,36277000,37259000.0,4.361,1752388000.0,0.0,471000.0,29442000.0,48.306,129308000.0
54,EQIX,MRQ,2007-12-31,2007-12-31,2007-12-31,2021-08-02,-3888000.0,2181868000.0,,426761000.0,1755107000.0,,21.52,-104967000.0,290633000.0,290633000.0,92503000.0,-10776000.0,2.229,1.679,1106144000.0,20389000.0,1085755000.0,1106144000.0,0.0,34919000.0,0.0,0.0,0.0,5705000.0,40624000.0,0.293,40624000.0,5705000.0,-11069000.0,-0.33,-0.33,-0.33,814432000.0,,814432000.0,4383317990.0,194.0,35.724,-91086000.0,-2.407,1.0,46211000.0,0.333,510133000.0,16774000.0,2295784000.0,,0.0,93267000.0,63301000.0,29966000.0,1367436000.0,191462000.0,1175974000.0,3668159990.0,-52819000.0,-63000.0,8750000.0,29251000.0,0.0,38001000.0,-103519000.0,-146000.0,13881000.0,-1182000.0,-10776000.0,-10776000.0,-10776000.0,0.0,0.0,-0.078,45451000.0,760000.0,65096000.0,0.0,4.504,-370.858,-336.9,1162720000.0,0.0,101.07,8.745,7.854,60089000.0,-558632000.0,138714000.0,138714000.0,0.0,,,,,11699000.0,46789000.0,1.0,36293262.0,37845000,33363000.0,3.665,1671735000.0,6404000.0,-293000.0,0.0,44.173,235299000.0
55,EQIX,MRQ,2007-09-30,2007-09-30,2007-09-30,2021-08-02,10773000.0,2130566000.0,,483122000.0,1647444000.0,,25.713,-112860000.0,343452000.0,343452000.0,62891000.0,4124000.0,2.44,1.615,1058610000.0,6927000.0,1051683000.0,1058610000.0,0.0,23321000.0,0.0,0.0,0.0,10001000.0,33322000.0,0.321,33322000.0,10001000.0,4339000.0,0.13,0.12,0.13,814677000.0,,814677000.0,3124553185.0,106.0,27.198,-64433000.0,-2.034,1.0,40891000.0,0.394,500468000.0,5662000.0,2147237000.0,,0.0,92910000.0,64005000.0,28905000.0,1315889000.0,198019000.0,1117870000.0,2816018185.0,108854000.0,-606719000.0,350352000.0,432888000.0,0.0,783240000.0,-721257000.0,-3025000.0,48427000.0,-1556000.0,4124000.0,4124000.0,4124000.0,0.0,0.0,0.04,34812000.0,6079000.0,94339000.0,0.0,3.457,281.715,253.4,1069080000.0,0.0,88.69,7.811,7.795,49176000.0,-552559000.0,103782000.0,103782000.0,0.0,,,,,10489000.0,34812000.0,1.0,31751248.0,31683000,33112000.0,3.276,1630098000.0,0.0,215000.0,0.0,51.45,285103000.0
56,EQIX,MRQ,2007-06-30,2007-06-30,2007-06-30,2021-08-02,3770000.0,1175451000.0,,340065000.0,835386000.0,,14.222,-108407000.0,234598000.0,234598000.0,55609000.0,1217000.0,2.487,1.655,543133000.0,4485000.0,538648000.0,543133000.0,0.0,21686000.0,0.0,0.0,0.0,7400000.0,29086000.0,0.317,29086000.0,7400000.0,1414000.0,0.04,0.04,0.04,442674000.0,,442674000.0,3047520114.0,169.0,30.866,-70545000.0,-2.266,1.0,36228000.0,0.394,16914000.0,5986000.0,1330356000.0,,0.0,89368000.0,67728000.0,21640000.0,732777000.0,136716000.0,596061000.0,2875690114.0,-93062000.0,-49040000.0,6876000.0,43643000.0,0.0,50519000.0,-181892000.0,-24445000.0,37862000.0,449000.0,1217000.0,1217000.0,1217000.0,0.0,0.0,0.013,33781000.0,2447000.0,35425000.0,0.0,6.496,4084.787,2286.75,760175000.0,0.0,91.47,8.703,8.616,28140000.0,-556683000.0,91837000.0,91837000.0,0.0,,,,,10045000.0,33374000.0,1.0,31438615.0,31126000,32641000.0,2.95,1158537000.0,0.0,197000.0,0.0,37.221,203349000.0
57,EQIX,MRQ,2007-03-31,2007-03-31,2007-03-31,2021-08-02,4385000.0,1073682000.0,,418758000.0,654924000.0,,14.313,-50602000.0,327660000.0,327660000.0,52765000.0,-4456000.0,4.489,1.526,499490000.0,4328000.0,495162000.0,499490000.0,0.0,20177000.0,0.0,0.0,0.0,-510000.0,19667000.0,0.231,19667000.0,-510000.0,-4102000.0,-0.15,-0.15,-0.15,425123000.0,,425123000.0,2749934050.0,299.0,32.28,-30752000.0,-1.035,1.0,32344000.0,0.38,17109000.0,3592000.0,1135128000.0,,0.0,64739000.0,53758000.0,10981000.0,648559000.0,93275000.0,555284000.0,2552652050.0,245097000.0,-6500000.0,10286000.0,262967000.0,0.0,273253000.0,-48057000.0,9515000.0,19850000.0,51000.0,-4456000.0,-4456000.0,-4456000.0,0.0,0.0,-0.052,31538000.0,806000.0,24612000.0,0.0,6.005,-441.406,-450.684,593555000.0,0.0,85.63,8.311,8.28,27773000.0,-557900000.0,85109000.0,85109000.0,0.0,,,,,10498000.0,31538000.0,1.0,29810254.0,29702000,29702000.0,2.865,1056573000.0,0.0,354000.0,0.0,35.572,325483000.0
58,EQIX,MRQ,2006-12-31,2006-12-31,2006-12-31,2021-08-02,3870000.0,771832000.0,,166261000.0,605571000.0,,12.185,-62201000.0,82563000.0,82563000.0,50334000.0,9111000.0,2.122,1.174,279845000.0,4127000.0,275718000.0,279845000.0,0.0,20318000.0,0.0,0.0,0.0,12490000.0,32808000.0,0.411,32808000.0,12490000.0,8680000.0,0.33,0.33,0.33,355028000.0,,355028000.0,2402158344.0,277.0,29.587,-36342000.0,-1.247,1.0,29438000.0,0.369,17441000.0,3810000.0,873320000.0,,0.0,73918000.0,48831000.0,25087000.0,416804000.0,78353000.0,338451000.0,2206307344.0,-2076000.0,0.0,10080000.0,-1203000.0,0.0,8755000.0,-36792000.0,8325000.0,25859000.0,102000.0,9111000.0,9111000.0,9111000.0,0.0,0.0,0.114,18429000.0,11009000.0,27269000.0,0.0,6.214,-344.897,-343.727,546395000.0,0.0,75.62,7.69,7.525,26864000.0,-553444000.0,79772000.0,79772000.0,0.0,,,,,7227000.0,28076000.0,1.0,29176241.0,29136000,29136000.0,2.738,754391000.0,0.0,-431000.0,0.0,25.892,87908000.0
59,EQIX,MRQ,2006-09-30,2006-09-30,2006-09-30,2021-08-02,2791000.0,730620000.0,,176080000.0,554540000.0,,11.397,-49961000.0,84639000.0,84639000.0,49137000.0,-5168000.0,1.643,1.23,280490000.0,43192000.0,237298000.0,280490000.0,0.0,18466000.0,0.0,0.0,0.0,-1294000.0,17172000.0,0.233,17172000.0,-1294000.0,-4898000.0,-0.18,-0.18,-0.18,327584000.0,,327584000.0,1896890291.0,-56.0,54.612,-29306000.0,-1.02,1.0,24589000.0,0.334,22710000.0,3604000.0,796600000.0,,0.0,81707000.0,61322000.0,20385000.0,403036000.0,107161000.0,295875000.0,1732990291.0,7339000.0,0.0,8180000.0,39037000.0,0.0,47461000.0,-60757000.0,-10798000.0,20655000.0,-20000.0,-5168000.0,-5168000.0,-5168000.0,0.0,0.0,-0.07,27660000.0,-3071000.0,23007000.0,0.0,5.29,-36.02,-31.632,499917000.0,0.0,60.1,6.444,6.423,24129000.0,-562555000.0,73726000.0,73726000.0,0.0,,,,,6885000.0,26133000.0,1.0,28835113.0,28743000,28743000.0,2.565,707910000.0,0.0,270000.0,0.0,24.629,68919000.0
60,EQIX,MRQ,2006-06-30,2006-06-30,2006-06-30,2021-08-02,2486000.0,683173000.0,,159737000.0,523436000.0,,11.14,-26028000.0,77300000.0,77300000.0,45563000.0,-5270000.0,2.302,1.154,241200000.0,3062000.0,238138000.0,241200000.0,0.0,17033000.0,0.0,0.0,0.0,-1490000.0,15543000.0,0.227,15543000.0,-1490000.0,-5055000.0,-0.19,-0.19,-0.19,317127000.0,,317127000.0,1727562710.0,-56.0,49.69,-9921000.0,-0.348,1.0,22985000.0,0.335,22660000.0,3565000.0,755033000.0,,0.0,70639000.0,53524000.0,17115000.0,366046000.0,69380000.0,296666000.0,1566801710.0,-3825000.0,-9766000.0,5862000.0,-686000.0,0.0,5376000.0,-25348000.0,10446000.0,16107000.0,40000.0,-5270000.0,-5270000.0,-5270000.0,0.0,0.0,-0.077,26205000.0,-3220000.0,23582000.0,0.0,4.941,-35.831,-31.349,471765000.0,0.0,54.86,6.185,6.165,23347000.0,-557387000.0,68548000.0,68548000.0,0.0,,,,,8897000.0,26205000.0,1.0,28560002.0,28468000,28468000.0,2.408,660513000.0,0.0,215000.0,0.0,23.202,90357000.0
61,EQIX,MRQ,2006-03-31,2006-03-31,2006-03-31,2021-08-02,1948000.0,669416000.0,,166921000.0,502495000.0,,11.021,-24101000.0,81125000.0,81125000.0,43345000.0,-5070000.0,2.667,1.181,241886000.0,2935000.0,238951000.0,241886000.0,0.0,16701000.0,0.0,0.0,0.0,-817000.0,15884000.0,0.245,15884000.0,-817000.0,-4685000.0,-0.18,-0.18,-0.18,306900000.0,,306900000.0,1968969069.0,-63.0,59.194,-11310000.0,-0.406,1.0,21524000.0,0.332,22277000.0,3868000.0,745311000.0,,0.0,81098000.0,62651000.0,18447000.0,362516000.0,62589000.0,299927000.0,1815781069.0,-38142000.0,0.0,14714000.0,-30569000.0,0.0,-15485000.0,-35573000.0,-11478000.0,12791000.0,125000.0,-5070000.0,-5070000.0,-5070000.0,0.0,0.0,-0.078,24328000.0,-2804000.0,21185000.0,0.0,5.917,-43.348,-37.776,449236000.0,0.0,64.22,7.654,7.538,18470000.0,-552117000.0,64869000.0,64869000.0,0.0,,,,,7758000.0,24328000.0,1.0,28274386.0,27848000,27848000.0,2.329,647139000.0,0.0,385000.0,0.0,23.238,104332000.0
62,EQIX,MRQ,2005-12-31,2005-12-31,2005-12-31,2021-08-02,1126000.0,680997000.0,,191712000.0,489285000.0,,11.181,-66074000.0,119267000.0,119267000.0,41715000.0,-32604000.0,2.097,1.359,272455000.0,32711000.0,239744000.0,272455000.0,0.0,16176000.0,0.0,0.0,0.0,-30041000.0,-13865000.0,-0.224,-13865000.0,-30041000.0,-32614000.0,-1.35,-1.35,-1.35,288673000.0,,288673000.0,1081275002.0,-33.0,36.634,-47515000.0,-1.84,1.0,20083000.0,0.325,21654000.0,2573000.0,721108000.0,,0.0,69588000.0,52105000.0,17483000.0,392324000.0,91423000.0,300901000.0,985933002.0,76694000.0,0.0,1772000.0,88035000.0,0.0,127949000.0,-69759000.0,-3810000.0,18559000.0,-55000.0,-32604000.0,-32604000.0,-32604000.0,0.0,0.0,-0.528,51089000.0,-31006000.0,22557000.0,0.0,3.415,-23.137,-22.899,438790000.0,0.0,40.76,4.46,4.417,17237000.0,-547047000.0,61798000.0,61798000.0,0.0,,,,,1986000.0,17275000.0,1.0,24188739.0,25819000,25819000.0,2.394,659343000.0,0.0,-10000.0,0.0,25.537,100289000.0
63,EQIX,MRQ,2005-09-30,2005-09-30,2005-09-30,2021-08-02,843000.0,533380000.0,,103309000.0,430071000.0,,13.087,-42073000.0,42573000.0,42573000.0,40955000.0,-783000.0,2.634,0.693,137915000.0,955000.0,136960000.0,137915000.0,0.0,15896000.0,0.0,0.0,0.0,1309000.0,17205000.0,0.296,17205000.0,1309000.0,-619000.0,-0.03,-0.03,-0.03,315076000.0,,315076000.0,1064904679.0,-46.0,28.465,-26579000.0,-1.104,1.0,17141000.0,0.295,21344000.0,1928000.0,568156000.0,,0.0,65717000.0,41248000.0,24469000.0,218304000.0,39222000.0,179082000.0,993946679.0,-24573000.0,0.0,3585000.0,-543000.0,0.0,3042000.0,-43075000.0,-1002000.0,15494000.0,-34000.0,-783000.0,-783000.0,-783000.0,0.0,0.0,-0.013,16907000.0,234000.0,22567000.0,0.0,3.155,-30.417,-25.242,371005000.0,0.0,41.65,4.866,4.91,16199000.0,-514443000.0,58096000.0,58096000.0,0.0,,,,,1358000.0,16907000.0,1.0,23864266.0,24076000,24076000.0,2.413,512036000.0,0.0,164000.0,0.0,21.267,64087000.0
64,EQIX,MRQ,2005-06-30,2005-06-30,2005-06-30,2021-08-02,1107000.0,526985000.0,,126298000.0,400687000.0,,13.112,-6735000.0,67146000.0,67146000.0,38811000.0,-3431000.0,3.416,0.694,138104000.0,898000.0,137206000.0,138104000.0,0.0,15641000.0,0.0,0.0,0.0,-1602000.0,14039000.0,0.268,14039000.0,-1602000.0,-3547000.0,-0.14,-0.14,-0.14,311100000.0,,311100000.0,1115705372.0,-39.0,37.461,11414000.0,0.481,1.0,13668000.0,0.26,21384000.0,1945000.0,539590000.0,,0.0,64883000.0,40974000.0,23909000.0,215885000.0,36969000.0,178916000.0,1021167372.0,22936000.0,0.0,3285000.0,-790000.0,0.0,2495000.0,2289000.0,9024000.0,18149000.0,3000.0,-3431000.0,-3431000.0,-3431000.0,0.0,0.0,-0.065,16172000.0,-2504000.0,26492000.0,0.0,3.282,-26.518,-21.889,345117000.0,0.0,43.34,5.415,5.453,15720000.0,-513660000.0,52479000.0,52479000.0,0.0,,,,,2489000.0,16172000.0,1.0,23561776.0,23727000,23727000.0,2.212,505601000.0,0.0,-116000.0,0.0,21.309,89329000.0
65,EQIX,MRQ,2005-03-31,2005-03-31,2005-03-31,2021-08-02,1700000.0,518046000.0,,107246000.0,410800000.0,,14.127,-6166000.0,44210000.0,44210000.0,36873000.0,-5794000.0,3.558,0.675,138748000.0,1446000.0,137302000.0,138748000.0,0.0,14967000.0,0.0,0.0,0.0,-2830000.0,12137000.0,0.249,12137000.0,-2830000.0,-5289000.0,-0.26,-0.26,-0.26,309350000.0,,309350000.0,1124016627.0,-33.0,49.593,9227000.0,0.421,1.0,11811000.0,0.243,21842000.0,2459000.0,560604000.0,,0.0,73926000.0,46367000.0,27559000.0,208696000.0,30138000.0,178558000.0,992676627.0,18272000.0,0.0,4347000.0,-3222000.0,0.0,1125000.0,1823000.0,7989000.0,15393000.0,-69000.0,-5794000.0,-5794000.0,-5794000.0,0.0,0.0,-0.119,15308000.0,-3497000.0,20474000.0,0.0,3.209,-22.417,-18.017,350986000.0,0.0,42.34,5.655,5.282,14241000.0,-510229000.0,48684000.0,48684000.0,0.0,,,,,2444000.0,15308000.0,1.0,23445362.0,21898000,21898000.0,2.223,496204000.0,0.0,505000.0,0.0,22.66,77108000.0
66,EQIX,MRQ,2004-12-31,2004-12-31,2004-12-31,2021-08-02,2257000.0,501798000.0,,107082000.0,394716000.0,,14.585,-6244000.0,25938000.0,25938000.0,34705000.0,-22669000.0,3.322,0.833,157278000.0,675000.0,156603000.0,157278000.0,0.0,14015000.0,0.0,0.0,0.0,-19985000.0,-5970000.0,-0.133,-5970000.0,-19985000.0,-22716000.0,-1.22,-1.22,-1.22,273706000.0,,273706000.0,865682063.0,-15.0,-819.775,4382000.0,0.234,1.0,10284000.0,0.229,22018000.0,2731000.0,578882000.0,,0.0,82154000.0,64499000.0,17655000.0,228092000.0,32238000.0,195854000.0,788952063.0,-9142000.0,0.0,3658000.0,-270000.0,0.0,3388000.0,-23002000.0,-18509000.0,10626000.0,-154000.0,-22669000.0,-22669000.0,-22669000.0,0.0,0.0,-0.504,30741000.0,-20457000.0,19822000.0,0.0,2.882,-11.496,-11.044,343361000.0,0.0,42.74,4.82,4.627,11919000.0,-504435000.0,44989000.0,44989000.0,0.0,,,,,1467000.0,13056000.0,1.0,18459337.0,18766000,18766000.0,2.397,479780000.0,0.0,-47000.0,0.0,25.566,74844000.0
67,EQIX,MRQ,2004-09-30,2004-09-30,2004-09-30,2021-08-02,1183000.0,467542000.0,,113667000.0,353875000.0,,15.838,-5538000.0,42584000.0,42584000.0,34310000.0,-6615000.0,3.674,0.606,119314000.0,0.0,119314000.0,119314000.0,0.0,13840000.0,0.0,0.0,0.0,-4263000.0,9577000.0,0.226,9577000.0,-4263000.0,-6615000.0,-0.36,-0.36,-0.36,291197000.0,,291197000.0,628742015.0,-13.0,91.894,5375000.0,0.292,1.0,8129000.0,0.192,21311000.0,2352000.0,492025000.0,,0.0,56229000.0,54988000.0,1241000.0,176345000.0,30936000.0,145409000.0,561237015.0,-8981000.0,0.0,1041000.0,-20000.0,0.0,1021000.0,-20821000.0,-15283000.0,10913000.0,-94000.0,-6615000.0,-6615000.0,-6615000.0,0.0,0.0,-0.156,12727000.0,-4598000.0,21573000.0,0.0,1.927,-8.816,-7.487,318234000.0,0.0,30.77,3.696,3.726,12875000.0,-481766000.0,42439000.0,42439000.0,0.0,,,,,0.0,12727000.0,1.0,18239747.0,18386000,18386000.0,2.308,446231000.0,0.0,0.0,0.0,24.27,82731000.0
68,EQIX,MRQ,2004-06-30,2004-06-30,2004-06-30,2021-08-02,845000.0,464684000.0,,106612000.0,358072000.0,,16.287,-5590000.0,51563000.0,51563000.0,34150000.0,-9205000.0,4.376,0.568,119068000.0,0.0,119068000.0,119068000.0,0.0,13837000.0,0.0,0.0,0.0,-6916000.0,6921000.0,0.176,6921000.0,-6916000.0,-9199000.0,-0.51,-0.51,-0.51,296283000.0,,296283000.0,662211606.0,-11.0,-285.559,3302000.0,0.182,1.0,5273000.0,0.134,21059000.0,2283000.0,486766000.0,,0.0,40836000.0,40836000.0,0.0,168401000.0,24364000.0,144037000.0,614586606.0,-17229000.0,0.0,530000.0,0.0,0.0,530000.0,-26611000.0,-21111000.0,8892000.0,50000.0,-9205000.0,-9205000.0,-9205000.0,0.0,0.0,-0.233,12431000.0,-7158000.0,17895000.0,0.0,2.074,-8.006,-5.782,324548000.0,0.0,33.94,4.38,4.4,12595000.0,-475151000.0,39423000.0,39423000.0,0.0,,,,,0.0,12431000.0,1.0,18108032.0,18191000,18191000.0,2.167,443625000.0,0.0,6000.0,0.0,24.387,82248000.0
69,EQIX,MRQ,2004-03-31,2004-03-31,2004-03-31,2021-08-02,1452000.0,467173000.0,,100885000.0,366288000.0,,20.056,-5104000.0,68843000.0,68843000.0,33785000.0,-30142000.0,4.14,0.542,116468000.0,0.0,116468000.0,116468000.0,0.0,14234000.0,0.0,0.0,0.0,-25818000.0,-11584000.0,-0.315,-11584000.0,-25818000.0,-29948000.0,-2.0,-2.0,-2.0,302923000.0,,302923000.0,599989074.0,-9.0,-56.395,1377000.0,0.091,1.0,3035000.0,0.082,21412000.0,4130000.0,469015000.0,,0.0,19795000.0,19795000.0,0.0,164250000.0,24371000.0,139879000.0,561821074.0,34421000.0,0.0,2060000.0,12240000.0,0.0,14300000.0,13569000.0,18763000.0,6481000.0,-19000.0,-30142000.0,-30142000.0,-30142000.0,0.0,0.0,-0.819,12884000.0,-9849000.0,18416000.0,0.0,1.855,-6.33,-4.645,334295000.0,0.0,36.23,4.344,4.231,10079000.0,-465946000.0,36820000.0,36820000.0,0.0,,,,,0.0,12884000.0,1.0,15507068.0,15104000,15104000.0,2.438,445761000.0,0.0,194000.0,0.0,29.513,76514000.0
70,EQIX,MRQ,2003-12-31,2003-12-31,2003-12-31,2021-08-02,1198000.0,464532000.0,,86288000.0,378244000.0,,33.327,-2407000.0,26869000.0,26869000.0,32554000.0,-17697000.0,2.24,0.451,98596000.0,14689000.0,83907000.0,98596000.0,0.0,14430000.0,0.0,0.0,0.0,-12502000.0,1928000.0,0.058,1928000.0,-12502000.0,-17697000.0,-1.24,-1.24,-1.24,320077000.0,,320077000.0,396510119.0,-6.0,-131.425,671000.0,0.07,1.0,600000.0,0.018,21228000.0,5195000.0,476505000.0,,0.0,46102000.0,46102000.0,0.0,144455000.0,38526000.0,105929000.0,265760119.0,5146000.0,0.0,105043000.0,-57726000.0,0.0,47317000.0,-44996000.0,-40383000.0,3078000.0,-253000.0,-17697000.0,-17697000.0,-17697000.0,0.0,0.0,-0.534,13216000.0,-12616000.0,18052000.0,0.0,0.83,-3.157,-3.22,343554000.0,0.0,28.21,2.253,2.297,10178000.0,-435804000.0,33154000.0,33154000.0,0.0,,,,,2905000.0,13216000.0,1.0,9420777.0,9604000,9604000.0,3.452,443304000.0,0.0,0.0,0.0,46.158,47762000.0
71,EQIX,MRQ,2003-09-30,2003-09-30,2003-09-30,2021-08-02,683000.0,424386000.0,,41168000.0,383218000.0,,24.918,-1429000.0,21723000.0,21723000.0,33314000.0,-19718000.0,1.18,0.833,152473000.0,12414000.0,140059000.0,152473000.0,0.0,14656000.0,0.0,0.0,0.0,-14240000.0,416000.0,0.013,416000.0,-14240000.0,-19718000.0,-2.12,-2.12,-2.12,231559000.0,,231559000.0,297151303.0,16.0,3.759,473000.0,0.051,1.0,-2395000.0,-0.077,23846000.0,5478000.0,496395000.0,,0.0,5693000.0,3500000.0,2193000.0,192827000.0,34895000.0,157932000.0,169369303.0,-2534000.0,0.0,1139000.0,-707000.0,0.0,432000.0,-4943000.0,-3500000.0,1902000.0,75000.0,-19718000.0,-19718000.0,-19718000.0,0.0,0.0,-0.638,11891000.0,-14286000.0,4371000.0,0.0,0.731,-29.44,1.398,347846000.0,0.0,18.64,1.635,1.672,9393000.0,-418107000.0,30919000.0,30919000.0,0.0,,,,,0.0,11891000.0,1.0,9086336.0,9293000,9293000.0,3.327,400540000.0,0.0,0.0,0.0,43.101,6273000.0
72,EQIX,MRQ,2003-06-30,2003-06-30,2003-06-30,2021-08-02,189000.0,437398000.0,,40454000.0,396944000.0,,28.606,-1114000.0,24257000.0,24257000.0,31634000.0,-21203000.0,1.383,0.756,152039000.0,9964000.0,142075000.0,152039000.0,0.0,14777000.0,0.0,0.0,0.0,-16176000.0,-1399000.0,-0.049,-1399000.0,-16176000.0,-21203000.0,-2.44,-2.44,-2.44,249043000.0,,249043000.0,198797502.0,-58.0,3.5,-3802000.0,-0.437,1.0,-3200000.0,-0.113,24013000.0,5027000.0,511922000.0,,0.0,2187000.0,0.0,2187000.0,188355000.0,29245000.0,159110000.0,66872502.0,3279000.0,0.0,223000.0,6675000.0,0.0,6898000.0,-883000.0,-1989000.0,-2688000.0,-48000.0,-21203000.0,-21203000.0,-21203000.0,0.0,0.0,-0.746,13042000.0,-16242000.0,12901000.0,0.0,0.269,-2.22,5.567,360922000.0,0.0,7.85,0.72,0.736,9965000.0,-398389000.0,28434000.0,28434000.0,0.0,,,,,0.0,13042000.0,1.0,8518790.0,8706000,8706000.0,3.266,413385000.0,0.0,0.0,0.0,47.483,11209000.0
73,EQIX,MRQ,2003-03-31,2003-03-31,2003-03-31,2021-08-02,-30000.0,451486000.0,,40261000.0,411225000.0,,30.438,-346000.0,20978000.0,20978000.0,30619000.0,-25553000.0,1.31,0.743,152903000.0,6114000.0,146789000.0,152903000.0,0.0,16779000.0,0.0,0.0,0.0,-20741000.0,-3962000.0,-0.156,-3962000.0,-20741000.0,-25553000.0,-3.0,-3.0,-3.0,259085000.0,,259085000.0,138855118.0,-43.0,2.499,-19904000.0,-2.338,1.0,-5184000.0,-0.204,24627000.0,4812000.0,528056000.0,,0.0,2418000.0,0.0,2418000.0,192401000.0,30728000.0,161673000.0,25075118.0,-20238000.0,0.0,159000.0,-2518000.0,0.0,-2359000.0,1643000.0,1989000.0,-19558000.0,36000.0,-25553000.0,-25553000.0,-25553000.0,0.0,0.0,-1.005,15627000.0,-20811000.0,13937000.0,0.0,0.097,-0.749,-0.721,373936000.0,0.0,2.95,0.304,0.304,10675000.0,-377186000.0,25435000.0,25435000.0,0.0,,,,,0.0,15627000.0,1.0,8500040.0,8512000,8512000.0,2.988,426859000.0,0.0,0.0,0.0,50.148,9533000.0
74,EQIX,MRQ,2002-12-31,2002-12-31,2002-12-31,2021-08-02,617000.0,492003000.0,,63495000.0,428508000.0,,89.482,-30125000.0,41216000.0,41216000.0,25474000.0,60721000.0,1.375,0.731,154996000.0,7572000.0,147424000.0,154996000.0,0.0,14583000.0,0.0,0.0,0.0,69408000.0,83991000.0,4.467,83991000.0,69408000.0,60721000.0,20.89,20.89,20.89,284194000.0,,284194000.0,256362264.0,19.0,3.794,-27893000.0,-8.782,1.0,-6671000.0,-0.355,21081000.0,8687000.0,538531000.0,,0.0,4407000.0,1981000.0,2426000.0,207809000.0,46171000.0,161638000.0,17615264.0,31906000.0,0.0,0.0,1444000.0,0.0,30624000.0,-1021000.0,396000.0,2232000.0,71000.0,60721000.0,60721000.0,60721000.0,0.0,0.0,3.229,10928000.0,-17599000.0,20347000.0,0.0,0.062,-0.815,-0.788,390048000.0,0.0,5.7,0.228,0.221,9152000.0,-351633000.0,18803000.0,18803000.0,0.0,,,,,6878000.0,11003000.0,1.0,3090397.0,3176000,3176000.0,5.92,470922000.0,0.0,0.0,0.0,148.275,17324000.0
75,EQIX,MRQ,2002-09-30,2002-09-30,2002-09-30,2021-08-02,546000.0,428318000.0,,29271000.0,399047000.0,,47.076,-1067000.0,9310000.0,9310000.0,26217000.0,-44088000.0,0.234,1.897,248057000.0,105562000.0,142495000.0,248057000.0,0.0,14080000.0,0.0,0.0,0.0,-35908000.0,-21828000.0,-1.081,-21828000.0,-35908000.0,-44088000.0,-14.04,-14.04,-14.04,147866000.0,,147866000.0,270952002.0,-4.0,-13.675,-4959000.0,-1.579,1.0,-6030000.0,-0.299,0.0,8180000.0,541863000.0,,0.0,3876000.0,2359000.0,1517000.0,280452000.0,125202000.0,155250000.0,33476002.0,-7465000.0,0.0,172000.0,-6865000.0,0.0,-6693000.0,3114000.0,4181000.0,-3892000.0,6000.0,-44088000.0,-44088000.0,-44088000.0,0.0,0.0,-2.184,30057000.0,-36087000.0,9862000.0,0.0,0.226,-0.305,-0.29,386699000.0,0.0,10.88,0.441,0.451,6721000.0,-412354000.0,20187000.0,20187000.0,0.0,,,,,0.0,11047000.0,1.0,3076838.0,3141000,3141000.0,6.427,428318000.0,0.0,0.0,0.0,136.364,-95931000.0
76,EQIX,MRQ,2002-06-30,2002-06-30,2002-06-30,2021-08-02,536000.0,470356000.0,,33141000.0,437215000.0,,61.539,-1188000.0,16775000.0,16775000.0,26956000.0,-24557000.0,0.261,1.472,254251000.0,112756000.0,141495000.0,254251000.0,0.0,13360000.0,0.0,0.0,0.0,-15996000.0,-2636000.0,-0.146,-2636000.0,-15996000.0,-24557000.0,-7.94,-7.94,-7.94,190279000.0,,190279000.0,279469394.0,-3.0,-5.007,-24992000.0,-8.083,1.0,-8916000.0,-0.494,0.0,8561000.0,580836000.0,,0.0,33053000.0,6536000.0,26517000.0,280077000.0,126996000.0,153081000.0,31586394.0,-16978000.0,0.0,24000.0,-5650000.0,0.0,-5626000.0,11957000.0,17853000.0,-23804000.0,495000.0,-24557000.0,-24557000.0,-24557000.0,0.0,0.0,-1.361,22895000.0,-31811000.0,11247000.0,0.0,0.166,-0.214,-0.198,399712000.0,0.0,11.2,0.434,0.475,6409000.0,-368266000.0,18040000.0,18040000.0,0.0,,,,,0.0,12945000.0,1.0,2820214.0,3092000,3092000.0,5.834,470356000.0,0.0,0.0,0.0,152.12,-93855000.0
77,EQIX,MRQ,2002-03-31,2002-03-31,2002-03-31,2021-08-02,32000.0,531687000.0,,74359000.0,457328000.0,,77.398,-2836000.0,33753000.0,33753000.0,25426000.0,-13694000.0,1.735,1.586,281636000.0,8640000.0,272996000.0,281636000.0,0.0,12059000.0,0.0,0.0,0.0,-4024000.0,8035000.0,0.399,8035000.0,-4024000.0,-13694000.0,-5.16,-5.16,-5.16,205568000.0,,205568000.0,350106059.0,-3.0,-5.27,-4881000.0,-1.838,1.0,-5268000.0,-0.261,0.0,9670000.0,736720000.0,,0.0,51647000.0,23654000.0,27993000.0,326119000.0,42850000.0,283269000.0,102505059.0,-25078000.0,0.0,341000.0,-1722000.0,0.0,-1381000.0,-21578000.0,5258000.0,-2045000.0,-74000.0,-13694000.0,-13694000.0,-13694000.0,0.0,0.0,-0.679,10911000.0,-16179000.0,18869000.0,0.0,0.499,-0.638,-0.606,417608000.0,0.0,38.72,1.445,1.449,8067000.0,-343709000.0,20158000.0,20158000.0,0.0,,,,,0.0,10911000.0,1.0,2647341.0,2656000,2656000.0,7.59,531687000.0,0.0,0.0,0.0,200.183,31509000.0
78,EQIX,MRQ,2001-12-31,2001-12-31,2001-12-31,2021-08-02,135000.0,575054000.0,,103218000.0,471836000.0,,80.183,-79667000.0,58831000.0,58831000.0,20296000.0,-27447000.0,1.63,1.826,306432000.0,7206000.0,299226000.0,306432000.0,0.0,13201000.0,0.0,0.0,0.0,-16585000.0,-3384000.0,-0.194,-3384000.0,-16585000.0,-27447000.0,-10.38,-10.38,-10.38,203521000.0,,203521000.0,499943537.0,-3.0,-5.265,-96464000.0,-38.005,1.0,-2830000.0,-0.162,0.0,10862000.0,759326000.0,,0.0,56934000.0,28937000.0,27997000.0,371533000.0,63329000.0,308204000.0,232100537.0,-25820000.0,0.0,41000.0,-47376000.0,0.0,-47335000.0,38798000.0,56622000.0,-16797000.0,-486000.0,-27447000.0,-27447000.0,-27447000.0,0.0,0.0,-1.571,14934000.0,-17764000.0,11109000.0,0.0,1.14,-1.232,-1.211,428917000.0,0.0,92.8,3.66,3.598,6909000.0,-330015000.0,17466000.0,17466000.0,0.0,,,,,19044000.0,14934000.0,1.0,2501083.0,2538218,2538218.0,6.881,575054000.0,0.0,0.0,0.0,226.558,39889000.0
79,EQIX,MRQ,2001-09-30,2001-09-30,2001-09-30,2021-08-02,830000.0,648739000.0,,187003000.0,461736000.0,,92.175,-35060000.0,84651000.0,84651000.0,24597000.0,-81574000.0,1.656,1.849,352494000.0,52025000.0,300469000.0,352494000.0,0.0,12435000.0,0.0,0.0,0.0,-70269000.0,-57834000.0,-3.367,-57834000.0,-70269000.0,-81574000.0,-32.96,-32.96,-32.96,227725000.0,,227725000.0,265527135.0,-2.0,-2.255,-49284000.0,-19.948,1.0,-7419000.0,-0.432,0.0,11305000.0,803654000.0,,0.0,113765000.0,85890000.0,27875000.0,421014000.0,112928000.0,308086000.0,35862135.0,-39352000.0,0.0,367000.0,-2174000.0,0.0,-1807000.0,-24875000.0,5938000.0,-14224000.0,1554000.0,-81574000.0,-81574000.0,-81574000.0,0.0,0.0,-4.749,65168000.0,-72587000.0,20814000.0,0.0,0.157,-0.176,-0.217,418344000.0,0.0,14.4,0.664,0.659,8250000.0,-302568000.0,17178000.0,17178000.0,0.0,,,,,0.0,16603000.0,1.0,2490426.0,2470562,2470562.0,6.953,648739000.0,0.0,0.0,0.0,262.588,74075000.0
80,EQIX,MRQ,2001-06-30,2001-06-30,2001-06-30,2021-08-02,-933000.0,708788000.0,,246428000.0,462360000.0,,124.763,-7408000.0,124003000.0,124003000.0,26318000.0,-37857000.0,4.835,1.329,353668000.0,7000000.0,346668000.0,353668000.0,0.0,13484000.0,0.0,0.0,0.0,-26732000.0,-13248000.0,-0.82,-13248000.0,-26732000.0,-37857000.0,-15.36,-15.36,-15.36,304382000.0,,304382000.0,243761183.0,-2.0,-2.963,-25842000.0,-10.592,1.0,-10161000.0,-0.629,0.0,11125000.0,887488000.0,,0.0,128128000.0,107207000.0,20921000.0,404406000.0,50965000.0,353441000.0,85235183.0,-41866000.0,0.0,2000.0,28385000.0,0.0,28387000.0,-51757000.0,-12034000.0,-18434000.0,-62000.0,-37857000.0,-37857000.0,-37857000.0,0.0,0.0,-2.343,19783000.0,-29944000.0,16236000.0,0.0,0.28,-0.552,-0.613,425243000.0,0.0,34.24,2.091,2.05,6305000.0,-220994000.0,16157000.0,16157000.0,0.0,,,,,0.0,19783000.0,1.0,2489345.0,2439688,2439688.0,6.623,708788000.0,0.0,0.0,0.0,290.524,195463000.0
81,EQIX,MRQ,2001-03-31,2001-03-31,2001-03-31,2021-08-02,-896000.0,747834000.0,,281349000.0,466485000.0,,141.281,-34692000.0,165869000.0,165869000.0,23678000.0,-41537000.0,3.333,1.218,324395000.0,5415000.0,318980000.0,324395000.0,0.0,10525000.0,0.0,0.0,0.0,-31019000.0,-20494000.0,-1.625,-20494000.0,-31019000.0,-41537000.0,-17.28,-17.28,-17.28,337220000.0,,337220000.0,118440998.0,-1.0,-1.351,-54091000.0,-22.662,1.0,-11065000.0,-0.877,0.0,10518000.0,821955000.0,,0.0,116069000.0,95670000.0,20399000.0,410614000.0,84405000.0,326209000.0,96373998.0,-8904000.0,0.0,1490000.0,127064000.0,0.0,128554000.0,-115180000.0,-46713000.0,-19399000.0,-2879000.0,-41537000.0,-41537000.0,-41537000.0,0.0,0.0,-3.293,23901000.0,-34966000.0,12451000.0,0.0,0.286,-0.672,-0.322,431258000.0,0.0,40.0,3.78,3.745,6378000.0,-183137000.0,12613000.0,12613000.0,0.0,,,,,0.0,23901000.0,1.0,2409350.0,2386875,2386875.0,5.284,747834000.0,0.0,0.0,0.0,313.311,196944000.0
82,EQIX,MRQ,2000-12-31,2000-12-31,2000-12-31,2021-08-02,1919000.0,683485000.0,,237976000.0,445509000.0,,348.297,-98368000.0,174773000.0,174773000.0,22139000.0,-42885000.0,2.138,0.822,196840000.0,4426000.0,192414000.0,196840000.0,0.0,7986000.0,0.0,0.0,0.0,-34136000.0,-26150000.0,-3.246,-26150000.0,-34136000.0,-42885000.0,-0.83,-0.83,-0.83,375116000.0,,375116000.0,262945442.0,-3.0,-3.466,-129094000.0,-119.864,1.0,-14084000.0,-1.748,0.0,8749000.0,594253000.0,,0.0,69292000.0,47905000.0,21387000.0,308369000.0,111299000.0,197070000.0,335463442.0,-99096000.0,0.0,-473000.0,-11235000.0,0.0,-11773000.0,-58589000.0,11572000.0,-30726000.0,1992000.0,-42885000.0,-42885000.0,-42885000.0,0.0,0.0,-5.324,24603000.0,-38687000.0,13717000.0,0.0,0.894,-2.8,-1.26,410274000.0,0.0,140.16,25.773,11.597,4925000.0,-141600000.0,8055000.0,8055000.0,0.0,,,,,29893000.0,24603000.0,1.0,2393432.0,1077000,1077000.0,7.479,683485000.0,0.0,0.0,0.0,634.619,126677000.0
83,EQIX,MRQ,2000-09-30,2000-09-30,2000-09-30,2021-08-02,-79000.0,700708000.0,,346256000.0,354452000.0,,290.036,-98485000.0,273869000.0,273869000.0,12639000.0,-32085000.0,3.836,0.698,201351000.0,6535000.0,194816000.0,201351000.0,0.0,3220000.0,0.0,0.0,0.0,-25603000.0,-22383000.0,-5.691,-22383000.0,-25603000.0,-32085000.0,-22.4,-22.4,-22.4,412703000.0,,412703000.0,164808136.0,-3.0,-2.911,-110935000.0,-77.962,1.0,-8706000.0,-2.214,0.0,6482000.0,537917000.0,,0.0,80858000.0,63021000.0,17837000.0,288005000.0,90273000.0,197732000.0,116050136.0,124929000.0,0.0,252541000.0,3253000.0,0.0,255859000.0,-118480000.0,-32026000.0,-12450000.0,0.0,-32085000.0,-32085000.0,-32085000.0,0.0,0.0,-8.158,21244000.0,-29950000.0,10287000.0,0.0,0.281,-1.335,-1.688,326607000.0,0.0,284.16,23.219,80.901,5420000.0,-98715000.0,3933000.0,3933000.0,0.0,,,,,0.0,21244000.0,1.0,408397.0,1422938,1422938.0,2.764,700708000.0,0.0,0.0,0.0,492.437,255983000.0
84,EQIX,MRQ,2000-06-30,2000-06-30,2000-06-30,2021-08-02,-38000.0,450472000.0,,190097000.0,260375000.0,,-9.287,-137418000.0,148940000.0,148940000.0,5302000.0,-26811000.0,2.866,-88.11,197698000.0,4687000.0,193011000.0,197698000.0,0.0,1974000.0,0.0,,0.0,-20647000.0,-18673000.0,-20.934,-18673000.0,-20647000.0,-26811000.0,-83.84,-83.84,-83.84,-2972000.0,,-2972000.0,,,,-158139000.0,-494.137,1.0,-4410000.0,-4.944,0.0,6164000.0,432909000.0,,0.0,48873000.0,37190000.0,11683000.0,261864000.0,66321000.0,195543000.0,,-38736000.0,0.0,1411000.0,368000.0,0.0,96132000.0,-114147000.0,-1887000.0,-20721000.0,0.0,-26811000.0,-26811000.0,-26811000.0,0.0,0.0,-30.057,20107000.0,-24517000.0,8838000.0,0.0,,,,237741000.0,0.0,,,,2327000.0,-66630000.0,892000.0,892000.0,0.0,,,,,0.0,20107000.0,1.0,408397.0,320031,320031.0,2.787,450472000.0,0.0,0.0,0.0,1407.589,123776000.0
85,EQIX,MRQ,2000-03-31,2000-03-31,2000-03-31,2021-08-02,,,,,,,,-36497000.0,,,3321000.0,-18009000.0,,,,,,,,1636000.0,,,0.0,-10293000.0,-8657000.0,-63.654,-8657000.0,-10293000.0,-18009000.0,-76.8,-76.8,-76.8,,,,,,,-40673000.0,-173.169,1.0,-3185000.0,-23.419,,7716000.0,,,,,,,,,,,-15489000.0,0.0,1053000.0,-1424000.0,0.0,-371000.0,-10942000.0,11380000.0,-4176000.0,0.0,-18009000.0,-18009000.0,-18009000.0,0.0,0.0,-132.419,10770000.0,-13955000.0,,0.0,,,,,0.0,,,,,,136000.0,136000.0,0.0,,,,,0.0,10770000.0,1.0,,234875,234875.0,0.579,,,0.0,,,
86,EQIX,MRQ,1999-12-31,1999-12-31,1999-12-31,2021-08-02,14000.0,319946000.0,,249860000.0,70086000.0,,64.966,-17182000.0,203165000.0,203165000.0,2333000.0,-10038000.0,12.081,25.289,197158000.0,4395000.0,192763000.0,197158000.0,0.0,361000.0,0.0,,0.0,-7272000.0,-6911000.0,-186.784,-6911000.0,-7272000.0,-10038000.0,14.72,14.72,14.72,8472000.0,,8472000.0,,,,-18983000.0,-145.568,1.0,-2296000.0,-62.054,0.0,2766000.0,293257000.0,,0.0,58418000.0,44920000.0,13498000.0,214247000.0,20682000.0,193565000.0,,169770000.0,0.0,1010000.0,203173000.0,0.0,233229000.0,-61658000.0,-45309000.0,-1801000.0,0.0,-10038000.0,-10038000.0,-10038000.0,0.0,0.0,-271.297,6704000.0,-9000000.0,4143000.0,0.0,,,,46756000.0,0.0,,,,178000.0,-21810000.0,37000.0,37000.0,0.0,,,,,0.0,10726000.0,1.0,,130406,130406.0,0.284,319946000.0,0.0,0.0,0.0,2453.461,229178000.0
87,EQIX,MRQ,1999-09-30,1999-09-30,1999-09-30,2021-08-02,,,,,,,,-16212000.0,,,595000.0,-6288000.0,,,,,,,,112000.0,,,0.0,-6046000.0,-5934000.0,,-5934000.0,-6046000.0,-6288000.0,-78.4,-78.4,-78.4,,,,,,,-21876000.0,-273.238,1.0,-595000.0,,,242000.0,,,,,,,,,,,29539000.0,0.0,94000.0,3843000.0,0.0,59777000.0,-24574000.0,-10984000.0,-5664000.0,0.0,-6288000.0,-6288000.0,-6288000.0,0.0,0.0,,5689000.0,-6284000.0,,0.0,,,,,0.0,,,,,,0.0,0.0,0.0,,,,,0.0,2791000.0,1.0,,80062,80062.0,0.0,,,0.0,,,
88,EQIX,MRQ,1999-06-30,1999-06-30,1999-06-30,2021-08-02,,,,,,,,,,,297000.0,-3120000.0,,,,,,,,,,,0.0,-3014000.0,,,,-3014000.0,-3120000.0,-60.8,-60.8,-60.8,,,,,,,,,1.0,-297000.0,,,106000.0,,,,,,,,,,,,,,,,,,,,,-3120000.0,-3120000.0,-3120000.0,0.0,0.0,,2783000.0,-3080000.0,,0.0,,,,,0.0,,,,,,0.0,0.0,0.0,,,,,,2034000.0,1.0,,635656,51375.0,0.0,,,0.0,,,
0,EQIX,MRT,2021-06-30,2021-06-30,2021-06-30,2021-08-02,-941114000.0,27930362000.0,27172726750.0,3148062000.0,24782300000.0,0.233,118.759,-2860697000.0,1799727000.0,1799727000.0,3275051000.0,342328000.0,1.87,1.623,15170369000.0,340003000.0,14830366000.0,15170369000.0,0.0,1550165000.0,0.0,0.014,11.06,795250000.0,2345415000.0,0.37,2345415000.0,795250000.0,427690000.0,3.83,3.79,3.83,10646472000.0,10603277000.0,10646472000.0,84749806556.0,107.0,36.134,-652032000.0,-7.273,1.0,3062814000.0,0.483,7458638000.0,367560000.0,32158995000.0,29809435250.0,0.0,0.0,0.0,0.0,17283890000.0,1683371000.0,15600519000.0,71896832556.0,-2985226000.0,-367627000.0,367837000.0,-1291316000.0,-999538000.0,-1923017000.0,-3307398000.0,-79074000.0,2208665000.0,36524000.0,342382000.0,342382000.0,342382000.0,0.0,-54000.0,0.054,1969542000.0,1093272000.0,767963000.0,2.888,6.753,209.99,209.556,16515692000.0,0.0,802.6,11.344,11.353,726382000.0,-3655960000.0,6337865000.0,6337865000.0,0.0,0.013,0.032,0.027,0.125,327294000.0,1924174000.0,1.0,89579906.0,89648000,90104000.0,70.697,20471724000.0,0.0,85308000.0,0.0,228.357,1464691000.0
1,EQIX,MRT,2021-03-31,2021-03-31,2021-03-31,2021-08-02,-1008848000.0,27316990000.0,27138293750.0,2849717000.0,24467273000.0,0.227,118.402,-2662707000.0,1752990000.0,1752990000.0,3149275000.0,407191000.0,1.554,1.583,14605964000.0,526457000.0,14079507000.0,14605964000.0,0.0,1482517000.0,0.0,0.016,10.85,944744000.0,2427261000.0,0.395,2427261000.0,944744000.0,555935000.0,4.6,4.55,4.6,10576834000.0,10538729000.0,10576834000.0,72997608816.0,77.0,30.074,-478553000.0,-5.357,1.0,3000792000.0,0.488,7479854000.0,388809000.0,30856530000.0,28652399500.0,0.0,4229000.0,4229000.0,0.0,16740315000.0,1833580000.0,14906735000.0,60679138816.0,585293000.0,-367588000.0,1951344000.0,491433000.0,-977493000.0,1465284000.0,-3108115000.0,-77820000.0,2184154000.0,43970000.0,407347000.0,407347000.0,407347000.0,0.0,-156000.0,0.066,1903686000.0,1097106000.0,742300000.0,2.359,5.737,148.962,147.737,16174496000.0,0.0,679.59,9.866,9.871,684642000.0,-3463029000.0,6150067000.0,6150067000.0,0.0,0.015,0.039,0.033,0.154,308803000.0,1851573000.0,1.0,89287863.0,89330000,89842000.0,68.847,19837136000.0,0.0,148588000.0,0.0,222.066,1016137000.0
2,EQIX,MRT,2020-12-31,2020-12-31,2020-12-31,2021-08-02,-913368000.0,27006841000.0,26206720750.0,2609155000.0,24397686000.0,0.229,121.254,-2482686000.0,1604869000.0,1604869000.0,3074340000.0,370074000.0,1.289,1.54,13923339000.0,524365000.0,13398974000.0,13923339000.0,0.0,1423369000.0,0.0,0.015,10.64,922394000.0,2345763000.0,0.391,2345763000.0,922394000.0,515928000.0,4.22,4.18,4.22,10633988000.0,10061861500.0,10633988000.0,74731641104.0,81.0,31.858,-172860000.0,-1.971,1.0,2924205000.0,0.487,7643498000.0,406466000.0,29657063000.0,27594384250.0,0.0,4532000.0,4532000.0,0.0,16372723000.0,2024750000.0,14347973000.0,63634667104.0,-260918000.0,-845875000.0,2043493000.0,-280034000.0,-947933000.0,815526000.0,-3426972000.0,-98411000.0,2309826000.0,40702000.0,369777000.0,369777000.0,369777000.0,0.0,297000.0,0.062,1871277000.0,1052928000.0,844862000.0,2.521,5.984,172.089,169.237,15978141000.0,0.0,714.18,10.608,10.441,676738000.0,-3358972000.0,5998545000.0,5998545000.0,0.0,0.014,0.037,0.033,0.154,294952000.0,1809337000.0,1.0,89101721.0,87700000,88410000.0,68.398,19363343000.0,0.0,146151000.0,0.0,220.791,584405000.0
3,EQIX,MRT,2020-09-30,2020-09-30,2020-09-30,2021-08-02,-1101801000.0,26436714000.0,25446414250.0,4044028000.0,22392686000.0,0.23,118.864,-2392062000.0,2645045000.0,2645045000.0,2969241000.0,443973000.0,1.065,1.504,13742019000.0,2379067000.0,11362952000.0,13742019000.0,0.0,1375694000.0,0.0,0.014,10.44,1019428000.0,2395122000.0,0.409,2395122000.0,1019428000.0,586257000.0,5.13,5.09,5.13,10555814000.0,9613516000.0,10555814000.0,77999954105.0,77.0,32.566,-238714000.0,-2.688,1.0,2882324000.0,0.493,7172352000.0,433171000.0,26565153000.0,26765429750.0,0.0,14186000.0,14186000.0,0.0,15880748000.0,3796183000.0,12084565000.0,67314922105.0,1245955000.0,-119592000.0,2043493000.0,495873000.0,-920537000.0,1618829000.0,-2553742000.0,-42088000.0,2153348000.0,27520000.0,443778000.0,443778000.0,443778000.0,0.0,195000.0,0.076,1745028000.0,1137296000.0,822062000.0,2.035,6.377,151.686,148.173,14546891000.0,0.0,760.13,11.504,11.536,705509000.0,-3170310000.0,5851565000.0,5851565000.0,0.0,0.017,0.046,0.038,0.174,277717000.0,1735198000.0,1.0,88557118.0,88806000,89519000.0,65.892,19264362000.0,0.0,142479000.0,0.0,216.926,247845000.0
4,EQIX,MRT,2020-06-30,2020-06-30,2020-06-30,2021-08-02,-1140291000.0,27792630000.0,24547819000.0,5981417000.0,21811213000.0,0.233,118.991,-2358556000.0,4785050000.0,4785050000.0,2905601000.0,497953000.0,1.551,1.675,15470082000.0,2545606000.0,12924476000.0,15470082000.0,0.0,1336897000.0,0.0,0.015,10.24,1120453000.0,2457350000.0,0.429,2457350000.0,1120453000.0,668344000.0,5.8,5.76,5.8,10388280000.0,9164840250.0,10388280000.0,72254805001.0,64.0,29.404,-238376000.0,-2.73,1.0,2823007000.0,0.493,7091039000.0,452109000.0,27530852000.0,26395735500.0,0.0,22069000.0,22069000.0,0.0,17404372000.0,3855771000.0,13548601000.0,60346563001.0,3169849000.0,-119475000.0,1939135000.0,2534647000.0,-892599000.0,3581183000.0,-2526993000.0,-48962000.0,2120180000.0,-4521000.0,497941000.0,497941000.0,497941000.0,0.0,12000.0,0.087,1688693000.0,1134314000.0,745517000.0,1.766,5.809,121.192,121.086,14059928000.0,0.0,702.3,10.534,10.703,691589000.0,-2996420000.0,5728608000.0,5728608000.0,0.0,0.02,0.054,0.042,0.196,266340000.0,1686507000.0,1.0,85927044.0,87303000,87901000.0,65.618,20701591000.0,0.0,170403000.0,0.0,237.123,2125646000.0
5,EQIX,MRT,2020-03-31,2020-03-31,2020-03-31,2021-08-02,-1206669000.0,23590698000.0,23321287750.0,2320109000.0,21270589000.0,0.242,101.336,-2316300000.0,1171339000.0,1171339000.0,2864436000.0,508455000.0,1.262,1.721,13079581000.0,604732000.0,12474849000.0,13079581000.0,0.0,1307528000.0,0.0,0.016,10.04,1145314000.0,2452842000.0,0.435,2452842000.0,1145314000.0,681138000.0,5.97,5.93,5.97,8669364000.0,8755080750.0,8669364000.0,64783426005.0,57.0,26.412,-227883000.0,-2.664,1.0,2779028000.0,0.492,7035998000.0,464176000.0,26624469000.0,25683787000.0,0.0,25833000.0,25833000.0,0.0,14921404000.0,1838473000.0,13082931000.0,53365686005.0,-469004000.0,-153657000.0,604150000.0,238936000.0,-865040000.0,-21954000.0,-2520641000.0,-50684000.0,2088417000.0,-14826000.0,508164000.0,508164000.0,508164000.0,0.0,291000.0,0.09,1635421000.0,1143607000.0,717574000.0,1.682,6.156,105.017,104.618,13591755000.0,0.0,624.57,9.456,9.468,687153000.0,-2890210000.0,5643464000.0,5643464000.0,0.0,0.022,0.058,0.045,0.203,252015000.0,1643350000.0,1.0,85443883.0,85551000,86144000.0,65.966,16554700000.0,0.0,172974000.0,0.0,193.507,481636000.0
6,EQIX,MRT,2019-12-31,2019-12-31,2019-12-31,2021-08-02,-934613000.0,23965615000.0,23046386000.0,2872616000.0,21092999000.0,0.241,105.07,-2248674000.0,1869577000.0,1869577000.0,2810184000.0,507245000.0,1.331,1.711,13287317000.0,941672000.0,12345645000.0,13287317000.0,0.0,1284837000.0,0.0,0.017,9.84,1172486000.0,2457323000.0,0.442,2457323000.0,1172486000.0,692802000.0,6.03,5.99,6.03,8840606000.0,8694017750.0,8840606000.0,60634551998.0,52.0,24.675,-255946000.0,-3.042,1.0,2751956000.0,0.495,6884247000.0,479684000.0,26341245000.0,25157436000.0,0.0,10362000.0,10362000.0,0.0,15125233000.0,2157863000.0,12967370000.0,49777269998.0,1259009000.0,324630000.0,1712994000.0,325252000.0,-836164000.0,1202082000.0,-1944567000.0,-20523000.0,1992728000.0,8766000.0,507450000.0,507450000.0,507450000.0,0.0,-205000.0,0.091,1582325000.0,1169631000.0,760718000.0,1.632,5.631,98.093,96.799,13627964000.0,0.0,583.7,8.949,8.83,689134000.0,-2777044000.0,5562140000.0,5562140000.0,0.0,0.022,0.058,0.047,0.211,236539000.0,1586064000.0,1.0,85278859.0,84140000,84679000.0,66.106,17081368000.0,0.0,185352000.0,0.0,203.011,714753000.0
7,EQIX,MRT,2019-09-30,2019-09-30,2019-09-30,2021-08-02,-1040236000.0,22842333000.0,22116141750.0,2853257000.0,19989076000.0,0.247,103.057,-2155719000.0,1402400000.0,1402400000.0,2755483000.0,492432000.0,1.554,1.607,12259682000.0,573775000.0,11685907000.0,12259682000.0,0.0,1261157000.0,0.0,0.017,9.66,1158296000.0,2419453000.0,0.444,2419453000.0,1158296000.0,666251000.0,5.93,5.91,5.93,8761111000.0,8288686000.0,8761111000.0,59577965058.0,51.0,24.625,-134032000.0,-1.577,1.0,2699605000.0,0.495,6776756000.0,492045000.0,25086376000.0,24143678250.0,0.0,19567000.0,19567000.0,0.0,14081302000.0,1836483000.0,12244819000.0,48923722058.0,521729000.0,-34528000.0,1827326000.0,-298675000.0,-809662000.0,719714000.0,-2203592000.0,-13345000.0,2021687000.0,-16080000.0,492477000.0,492477000.0,492477000.0,0.0,-45000.0,0.09,1572231000.0,1127374000.0,755150000.0,1.629,5.584,99.342,97.268,12712688000.0,0.0,576.8,8.968,8.989,746571000.0,-2689888000.0,5455088000.0,5455088000.0,0.0,0.022,0.059,0.048,0.212,215280000.0,1547954000.0,1.0,84819213.0,85012000,85571000.0,64.168,16065577000.0,0.0,173774000.0,0.0,188.98,1016774000.0
8,EQIX,MRT,2019-06-30,2019-06-30,2019-06-30,2021-08-02,-958443000.0,22886505000.0,21477576250.0,2988501000.0,19898004000.0,0.249,103.665,-2222416000.0,1613529000.0,1613529000.0,2711453000.0,496446000.0,1.586,1.616,12267772000.0,575551000.0,11692221000.0,12267772000.0,0.0,1244992000.0,0.0,0.019,9.48,1134846000.0,2379838000.0,0.445,2379838000.0,1134846000.0,630909000.0,6.07,6.05,6.07,8749242000.0,7888451500.0,8749242000.0,53160194959.0,47.0,22.338,-282561000.0,-3.348,1.0,2630576000.0,0.492,6973285000.0,503937000.0,24683058000.0,23390815000.0,0.0,17219000.0,17219000.0,0.0,14137276000.0,1884405000.0,12252871000.0,42395678959.0,635053000.0,-20683000.0,1993974000.0,-261285000.0,-782893000.0,949941000.0,-2247087000.0,-3988000.0,1939855000.0,-7656000.0,496452000.0,496452000.0,496452000.0,0.0,-6000.0,0.093,1522817000.0,1107759000.0,768670000.0,1.562,4.846,85.397,83.079,12461118000.0,0.0,504.29,7.936,7.967,752680000.0,-2598289000.0,5342029000.0,5342029000.0,0.0,0.023,0.063,0.049,0.212,198997000.0,1509390000.0,1.0,84070037.0,84399000,84767000.0,63.295,15913220000.0,0.0,134457000.0,0.0,188.547,1104096000.0
9,EQIX,MRT,2019-03-31,2019-03-31,2019-03-31,2021-08-02,-942365000.0,22491091000.0,20773522000.0,2625771000.0,19865320000.0,0.251,102.979,-2283851000.0,1633844000.0,1633844000.0,2665075000.0,420212000.0,1.558,1.67,12398360000.0,561470000.0,11836890000.0,12398360000.0,0.0,1233099000.0,0.0,0.021,9.3,1032095000.0,2265194000.0,0.434,2265194000.0,1032095000.0,514032000.0,5.22,5.21,5.22,8425112000.0,7432272750.0,8425112000.0,47371309712.0,46.0,20.913,-348191000.0,-4.256,1.0,2553920000.0,0.489,7051191000.0,518063000.0,24519065000.0,22657545250.0,0.0,13833000.0,13833000.0,0.0,14066303000.0,1685351000.0,12380952000.0,36644978712.0,-413095000.0,-817533000.0,1653488000.0,-114190000.0,-756204000.0,783819000.0,-3089069000.0,12315000.0,1935660000.0,-43505000.0,420543000.0,420543000.0,420543000.0,0.0,-331000.0,0.081,1522904000.0,1031016000.0,746771000.0,1.782,4.349,87.137,86.812,12356032000.0,0.0,453.16,7.021,7.104,703835000.0,-2530862000.0,5218995000.0,5218995000.0,0.0,0.02,0.057,0.046,0.198,187203000.0,1482224000.0,1.0,80865431.0,81814000,82090000.0,63.791,15439900000.0,0.0,93489000.0,0.0,188.72,940420000.0
10,EQIX,MRT,2018-12-31,2018-12-31,2018-12-31,2021-08-02,-945702000.0,20244638000.0,20136231250.0,1515682000.0,18728956000.0,0.252,90.491,-2278592000.0,606166000.0,606166000.0,2605475000.0,365359000.0,1.0,1.804,11332497000.0,451972000.0,10880525000.0,11332497000.0,0.0,1227489000.0,0.0,0.026,9.12,954532000.0,2182021000.0,0.43,2182021000.0,954532000.0,433038000.0,4.58,4.56,4.58,7219279000.0,7111132500.0,7219279000.0,38826571327.0,41.0,17.794,-463166000.0,-5.806,1.0,2466179000.0,0.486,7169684000.0,521494000.0,22286214000.0,21761207250.0,0.0,4540000.0,4540000.0,0.0,13025359000.0,1515071000.0,11510288000.0,28342474327.0,-823097000.0,-817533000.0,438308000.0,770479000.0,-738600000.0,470912000.0,-3075528000.0,20597000.0,1815426000.0,-33907000.0,365359000.0,365359000.0,365359000.0,0.0,0.0,0.072,1488796000.0,977383000.0,756692000.0,1.991,3.926,77.574,76.978,11026020000.0,0.0,352.56,5.588,5.546,630119000.0,-2441252000.0,5071654000.0,5071654000.0,0.0,0.018,0.051,0.044,0.188,180716000.0,1460396000.0,1.0,80390499.0,79779000,80197000.0,63.571,13074954000.0,0.0,67679000.0,0.0,163.89,611000.0
11,EQIX,MRT,2018-09-30,2018-09-30,2018-09-30,2021-08-02,-922148000.0,20288071000.0,19747936000.0,1806987000.0,18481084000.0,0.251,89.646,-2014917000.0,870486000.0,870486000.0,2554165000.0,320552000.0,1.237,1.833,11354583000.0,322064000.0,11032519000.0,11354583000.0,0.0,1212902000.0,0.0,0.02,8.84,908775000.0,2121677000.0,0.428,2121677000.0,908775000.0,391115000.0,4.03,4.01,4.03,7160173000.0,7018760250.0,7160173000.0,44841932570.0,49.0,21.135,-263241000.0,-3.296,1.0,2407627000.0,0.485,7235926000.0,517660000.0,22074923000.0,21019626500.0,0.0,15415000.0,15415000.0,0.0,13127898000.0,1461319000.0,11666579000.0,34418234570.0,-737791000.0,-1151785000.0,679127000.0,703891000.0,-712325000.0,670693000.0,-3133953000.0,32749000.0,1751676000.0,-26207000.0,320552000.0,320552000.0,320552000.0,0.0,0.0,0.065,1471982000.0,935645000.0,739117000.0,2.194,4.807,107.372,107.417,10682826000.0,0.0,432.89,6.937,6.968,662401000.0,-2365504000.0,4961792000.0,4961792000.0,0.0,0.016,0.046,0.043,0.183,185747000.0,1433874000.0,1.0,79508038.0,79872000,80283000.0,62.122,13052145000.0,0.0,70563000.0,0.0,163.413,345668000.0
12,EQIX,MRT,2018-06-30,2018-06-30,2018-06-30,2021-08-02,-877994000.0,20070288000.0,19253042250.0,1850825000.0,18219463000.0,0.251,87.124,-1711164000.0,966308000.0,966308000.0,2476216000.0,275627000.0,1.291,1.898,11390006000.0,311315000.0,11078691000.0,11390006000.0,0.0,1185587000.0,0.0,0.02,8.56,838796000.0,2024383000.0,0.419,2024383000.0,838796000.0,329874000.0,3.49,3.48,3.49,6924527000.0,6864271250.0,6924527000.0,43238124605.0,52.0,21.359,13860000.0,0.174,1.0,2354086000.0,0.487,7310387000.0,508922000.0,21749979000.0,20254858000.0,0.0,22399000.0,18199000.0,4200000.0,13145761000.0,1433620000.0,11712141000.0,34158101605.0,-100987000.0,-1164619000.0,410139000.0,1338418000.0,-685883000.0,1063254000.0,-2877744000.0,-1961000.0,1725024000.0,-11521000.0,275627000.0,275627000.0,275627000.0,0.0,0.0,0.057,1459331000.0,894755000.0,710584000.0,2.453,4.933,123.929,123.178,10378915000.0,0.0,429.89,7.072,7.074,616472000.0,-2305082000.0,4830302000.0,4830302000.0,0.0,0.014,0.04,0.041,0.174,183813000.0,1412007000.0,1.0,79457772.0,79479000,79752000.0,60.775,12759901000.0,0.0,54247000.0,0.0,160.544,417205000.0
13,EQIX,MRT,2018-03-31,2018-03-31,2018-03-31,2021-08-02,-718169000.0,19941928000.0,18603954500.0,2943484000.0,16998444000.0,0.249,90.112,-1519256000.0,2023808000.0,2023808000.0,2346618000.0,253814000.0,2.361,1.793,11103831000.0,157085000.0,10946746000.0,11103831000.0,0.0,1133042000.0,0.0,0.02,8.28,804321000.0,1937363000.0,0.418,1937363000.0,804321000.0,311030000.0,3.23,3.21,3.23,7140551000.0,6764055250.0,7140551000.0,41796328026.0,52.0,21.574,-26487000.0,-0.334,1.0,2288162000.0,0.494,6841763000.0,493291000.0,20933713000.0,19317378500.0,0.0,39206000.0,27033000.0,12173000.0,12801377000.0,1246475000.0,11554902000.0,33128426026.0,-2874436000.0,-3927239000.0,402632000.0,1314420000.0,-660413000.0,1056639000.0,-5451393000.0,-4898000.0,1492769000.0,27549000.0,253814000.0,253814000.0,253814000.0,0.0,0.0,0.055,1423550000.0,864612000.0,686612000.0,2.563,4.639,130.522,129.455,9696692000.0,0.0,418.14,7.148,7.149,645468000.0,-2188695000.0,4634780000.0,4634780000.0,0.0,0.014,0.038,0.042,0.174,179713000.0,1380237000.0,1.0,79228072.0,79241000,79649000.0,58.49,13100165000.0,0.0,57216000.0,0.0,165.321,1697009000.0
14,EQIX,MRT,2017-12-31,2017-12-31,2017-12-31,2021-08-02,-785189000.0,18691457000.0,17914643500.0,2249128000.0,16442329000.0,0.244,89.127,-1473808000.0,1412517000.0,1412517000.0,2193149000.0,232982000.0,1.81,1.729,10080419000.0,143196000.0,9937223000.0,10080419000.0,0.0,1042480000.0,0.0,0.018,8.0,765530000.0,1808010000.0,0.414,1808010000.0,765530000.0,286832000.0,3.03,3.0,3.03,6849790000.0,6608377250.0,6849790000.0,43882718154.0,57.0,24.271,-34575000.0,-0.45,1.0,2175279000.0,0.498,6796734000.0,478698000.0,19319891000.0,18248698750.0,0.0,37514000.0,28271000.0,9243000.0,11841667000.0,1242734000.0,10598933000.0,35457076154.0,677454000.0,-3915513000.0,2523117000.0,2707140000.0,-621497000.0,4607860000.0,-5400826000.0,-11505000.0,1439233000.0,31187000.0,232982000.0,232982000.0,232982000.0,0.0,0.0,0.053,1366265000.0,809014000.0,719257000.0,2.64,5.176,152.188,149.578,9394602000.0,0.0,453.22,8.117,7.974,576313000.0,-2340103000.0,4368428000.0,4368428000.0,0.0,0.013,0.035,0.042,0.175,175500000.0,1327630000.0,1.0,78233697.0,76854000,77535000.0,56.841,11894723000.0,0.0,53850000.0,0.0,154.77,1006394000.0
15,EQIX,MRT,2017-09-30,2017-09-30,2017-09-30,2021-08-02,-783947000.0,18308496000.0,16393872000.0,2443808000.0,15864688000.0,0.251,83.815,-1397333000.0,1599988000.0,1599988000.0,2039445000.0,229517000.0,2.113,1.799,10025630000.0,144656000.0,9880974000.0,10025630000.0,0.0,960000000.0,0.0,0.017,7.75,725238000.0,1685238000.0,0.41,1685238000.0,725238000.0,273923000.0,3.06,3.04,3.06,6542217000.0,5987387000.0,6542217000.0,43012249056.0,59.0,25.523,-152361000.0,-1.952,1.0,2071409000.0,0.504,6561665000.0,451315000.0,19015849000.0,16890095500.0,0.0,40457000.0,29572000.0,10885000.0,11766279000.0,1156624000.0,10609655000.0,34786907056.0,612654000.0,-2728556000.0,2168002000.0,2772948000.0,-589226000.0,4350773000.0,-4978366000.0,-24280000.0,1244972000.0,-8480000.0,229517000.0,229517000.0,229517000.0,1914000.0,0.0,0.056,1309983000.0,761426000.0,657229000.0,2.533,5.317,151.566,145.85,9006171000.0,0.0,446.3,8.462,8.474,597242000.0,-2246126000.0,4110854000.0,4110854000.0,0.0,0.014,0.038,0.043,0.176,169439000.0,1278542000.0,1.0,77945120.0,78055000,78719000.0,52.666,11746831000.0,0.0,44406000.0,0.0,150.494,1287184000.0
16,EQIX,MRT,2017-06-30,2017-06-30,2017-06-30,2021-08-02,-811321000.0,17473937000.0,15091137250.0,1849624000.0,15624313000.0,0.257,83.719,-1340192000.0,1063777000.0,1063777000.0,1927387000.0,201067000.0,1.695,1.679,9289119000.0,145959000.0,9143160000.0,9289119000.0,0.0,896414000.0,0.0,0.017,7.5,687744000.0,1584158000.0,0.408,1584158000.0,687744000.0,266057000.0,2.77,2.74,2.77,6523663000.0,5507760250.0,6523663000.0,37694774567.0,55.0,23.795,-150093000.0,-1.926,1.0,1955882000.0,0.504,6607783000.0,421687000.0,18000061000.0,15540493250.0,0.0,10631000.0,4242000.0,6389000.0,10950274000.0,1091435000.0,9858839000.0,33436664567.0,606469000.0,-2895585000.0,2163000000.0,2056670000.0,-557142000.0,3661577000.0,-4256747000.0,1855000.0,1190099000.0,-13571000.0,201067000.0,201067000.0,201067000.0,-767000.0,0.0,0.052,1249378000.0,706504000.0,612593000.0,2.708,5.125,166.296,154.931,8746595000.0,0.0,429.16,8.61,8.612,545734000.0,-2166929000.0,3883269000.0,3883269000.0,0.0,0.013,0.037,0.044,0.177,166131000.0,1227762000.0,1.0,77911885.0,77923000,78508000.0,49.835,10866154000.0,0.0,64990000.0,0.0,139.447,758189000.0
17,EQIX,MRT,2017-03-31,2017-03-31,2017-03-31,2021-08-02,-882736000.0,17184684000.0,14039914250.0,5574017000.0,11610667000.0,0.265,89.564,-1246356000.0,4923259000.0,4923259000.0,1862151000.0,199973000.0,5.464,1.637,9181369000.0,180001000.0,9001368000.0,9181369000.0,0.0,853679000.0,0.0,0.018,7.25,672427000.0,1526106000.0,0.411,1526106000.0,672427000.0,269450000.0,2.82,2.8,2.82,6517839000.0,5053210750.0,6517839000.0,34692531609.0,52.0,22.733,-84466000.0,-1.161,1.0,1855207000.0,0.499,3763732000.0,402977000.0,16658994000.0,14602522750.0,0.0,21203000.0,14742000.0,6461000.0,10666845000.0,1020068000.0,9646777000.0,28681434609.0,4295408000.0,698028000.0,2164207000.0,2064567000.0,-522710000.0,3705113000.0,-570837000.0,316000.0,1161890000.0,-758000.0,199973000.0,199973000.0,199973000.0,-6176000.0,0.0,0.054,1181943000.0,673264000.0,515959000.0,2.571,4.4,143.427,141.975,7605829000.0,0.0,400.37,7.716,7.838,429990000.0,-2054194000.0,3717358000.0,3717358000.0,0.0,0.014,0.04,0.046,0.181,159829000.0,1171135000.0,1.0,71637322.0,72773000,73367000.0,51.082,13420952000.0,0.0,69477000.0,0.0,184.422,4553949000.0
18,EQIX,MRT,2016-12-31,2016-12-31,2016-12-31,2021-08-02,-949142000.0,12608371000.0,13117702000.0,1467526000.0,11140845000.0,0.275,62.265,-1141483000.0,748476000.0,748476000.0,1820870000.0,126800000.0,1.427,1.888,6759573000.0,168974000.0,6590599000.0,6759573000.0,0.0,837207000.0,0.0,0.02,7.0,564407000.0,1401614000.0,0.388,1401614000.0,564407000.0,172251000.0,1.81,1.79,1.81,4365829000.0,4628527250.0,4365829000.0,31449069541.0,56.0,22.438,-122130000.0,-1.742,1.0,1791119000.0,0.496,3705295000.0,392156000.0,13885478000.0,14002566500.0,0.0,13451000.0,3409000.0,10042000.0,8242542000.0,1028695000.0,7213847000.0,25511674541.0,-1945180000.0,-915024000.0,34179000.0,-431730000.0,-499463000.0,-897065000.0,-2045668000.0,10839000.0,1019353000.0,-21800000.0,126800000.0,126800000.0,126800000.0,-12392000.0,0.0,0.035,1172380000.0,618739000.0,581739000.0,3.867,5.843,201.196,197.464,7199210000.0,0.0,357.41,7.063,6.938,396245000.0,-1951061000.0,3611989000.0,3611989000.0,0.0,0.01,0.027,0.04,0.156,155567000.0,1133303000.0,1.0,71379297.0,70117000,70816000.0,51.514,8903076000.0,0.0,45451000.0,0.0,126.975,438831000.0
19,EQIX,MRT,2016-09-30,2016-09-30,2016-09-30,2021-08-02,-713769000.0,13097557000.0,12554783000.0,1660484000.0,11437073000.0,0.271,64.949,-1035774000.0,987915000.0,987915000.0,1706917000.0,75781000.0,1.11,1.833,6925310000.0,611105000.0,6314205000.0,6925310000.0,0.0,771575000.0,0.0,0.05,17.89,472579000.0,1244154000.0,0.366,1244154000.0,472579000.0,99685000.0,1.05,1.03,1.05,4623710000.0,4223416500.0,4623710000.0,32122677762.0,68.0,25.819,-81891000.0,-1.15,1.0,1692887000.0,0.498,3921946000.0,372894000.0,13617440000.0,13457386500.0,0.0,40784000.0,25748000.0,15036000.0,8473847000.0,1495566000.0,6978281000.0,25604612762.0,670956000.0,-2002483000.0,863824000.0,1196498000.0,-604603000.0,1454056000.0,-1715998000.0,691000.0,953883000.0,-17230000.0,75781000.0,75781000.0,75781000.0,-14306000.0,0.0,0.022,1122726000.0,570161000.0,534602000.0,17.038,5.538,337.876,343.095,7251399000.0,0.0,360.25,7.531,7.543,377528000.0,-1886000000.0,3399804000.0,3399804000.0,0.0,0.006,0.018,0.035,0.139,149598000.0,1066231000.0,1.0,71074567.0,71190000,71908000.0,47.757,9175611000.0,0.0,23904000.0,0.0,128.889,164918000.0
20,EQIX,MRT,2016-06-30,2016-06-30,2016-06-30,2021-08-02,-643786000.0,13269045000.0,11206810250.0,2095429000.0,11173616000.0,0.282,67.482,-972343000.0,483160000.0,483160000.0,1562083000.0,65463000.0,1.343,1.82,7001225000.0,603942000.0,6397283000.0,7001225000.0,0.0,689153000.0,0.0,0.046,17.83,435132000.0,1124285000.0,0.356,1124285000.0,435132000.0,78169000.0,1.04,1.02,1.04,4705465000.0,3439652250.0,4705465000.0,33467326625.0,77.0,29.768,-139696000.0,-2.003,1.0,1599694000.0,0.506,3979152000.0,356963000.0,14248179000.0,12411904250.0,0.0,14433000.0,6739000.0,7694000.0,8563580000.0,1559779000.0,7003801000.0,26919293625.0,143508000.0,-1836582000.0,860610000.0,1260106000.0,-575187000.0,1545215000.0,-2181424000.0,97031000.0,832647000.0,-27819000.0,65463000.0,65463000.0,65463000.0,-11625000.0,0.0,0.021,1058591000.0,541103000.0,498212000.0,17.144,5.721,411.214,372.817,6958794000.0,0.0,387.73,8.514,8.551,346994000.0,-1810149000.0,3161777000.0,3161777000.0,0.0,0.006,0.019,0.035,0.138,141221000.0,981002000.0,1.0,69427936.0,69729000,70364000.0,45.344,9289893000.0,0.0,12706000.0,0.0,133.229,535650000.0
21,EQIX,MRT,2016-03-31,2016-03-31,2016-03-31,2021-08-02,-416554000.0,13495835000.0,9846053500.0,2168341000.0,11327494000.0,0.297,70.732,-932108000.0,633758000.0,633758000.0,1420873000.0,80211000.0,1.372,1.8,7181791000.0,683672000.0,6498119000.0,7181791000.0,0.0,604478000.0,0.0,0.054,17.77,417717000.0,1022195000.0,0.349,1022195000.0,417717000.0,86590000.0,1.44,1.41,1.44,4819105000.0,2813933500.0,4819105000.0,27119576003.0,65.0,26.531,-165262000.0,-2.426,1.0,1505976000.0,0.515,4204504000.0,331127000.0,14259169000.0,11410624750.0,0.0,19742000.0,15773000.0,3969000.0,8676730000.0,1580195000.0,7096535000.0,22827394003.0,93813000.0,-1836582000.0,859456000.0,1285334000.0,-549678000.0,1595014000.0,-2227153000.0,522233000.0,766846000.0,-40894000.0,80211000.0,80211000.0,80211000.0,-6216000.0,0.0,0.027,977395000.0,528581000.0,475343000.0,12.34,4.737,284.592,229.66,6888232000.0,0.0,330.71,7.799,7.698,326440000.0,-1731235000.0,2926849000.0,2926849000.0,0.0,0.008,0.029,0.037,0.143,135891000.0,905534000.0,1.0,69025412.0,68132000,68132000.0,42.959,9291331000.0,0.0,6379000.0,0.0,136.372,588146000.0
22,EQIX,MRT,2015-12-31,2015-12-31,2015-12-31,2021-08-02,-509059000.0,10356695000.0,8404018250.0,3259280000.0,7097415000.0,0.324,47.506,-906402000.0,2228838000.0,2228838000.0,1291506000.0,187774000.0,1.968,2.772,6521020000.0,956478000.0,5564542000.0,6521020000.0,0.0,525580000.0,0.0,0.059,17.71,510053000.0,1035633000.0,0.38,1035633000.0,510053000.0,210998000.0,3.25,3.21,3.25,2745386000.0,2149589500.0,2745386000.0,21624128398.0,42.0,20.88,-11579000.0,-0.2,1.0,1434361000.0,0.526,1287765000.0,299055000.0,11704758000.0,10363541000.0,0.0,496876000.0,492292000.0,4584000.0,7611309000.0,1656354000.0,5954955000.0,17323185398.0,2090394000.0,-245503000.0,859536000.0,1535077000.0,-521461000.0,1873152000.0,-637797000.0,514108000.0,894823000.0,-39784000.0,187774000.0,187774000.0,187774000.0,0.0,0.0,0.069,867019000.0,567342000.0,400948000.0,5.449,6.31,92.256,93.046,5606436000.0,0.0,302.4,6.355,6.411,291964000.0,-1576688000.0,2725867000.0,2725867000.0,0.0,0.022,0.087,0.049,0.187,132443000.0,825296000.0,1.0,57285666.0,57790000,58483000.0,47.168,9068930000.0,0.0,23224000.0,0.0,156.929,1602926000.0
23,EQIX,MRT,2015-09-30,2015-09-30,2015-09-30,2021-08-02,-488012000.0,7705666000.0,7760339000.0,1242023000.0,6463643000.0,0.339,26.079,-864267000.0,335469000.0,335469000.0,1252987000.0,-178060000.0,0.848,4.176,4636412000.0,233334000.0,4403078000.0,4636412000.0,0.0,513379000.0,0.0,0.046,12.64,441201000.0,954580000.0,0.362,954580000.0,441201000.0,150542000.0,-3.71,-3.72,-3.71,1488653000.0,2030775750.0,1488653000.0,19946336136.0,45.0,20.895,-2295000.0,-0.04,1.0,1380539000.0,0.524,1106984000.0,290659000.0,9435511000.0,9942752000.0,0.0,507966000.0,493425000.0,14541000.0,6217013000.0,1464114000.0,4752899000.0,15572439136.0,-18712000.0,-10247000.0,30992000.0,699577000.0,-374275000.0,360082000.0,-1225842000.0,141848000.0,861972000.0,-14924000.0,-178060000.0,-178060000.0,-178060000.0,0.0,0.0,-0.068,821762000.0,558777000.0,340366000.0,-3.407,10.461,-87.456,-73.693,5218595000.0,0.0,273.4,5.913,5.926,293125000.0,-1480622000.0,2633526000.0,2633526000.0,0.0,-0.023,-0.088,0.044,0.168,127967000.0,794948000.0,1.0,56958446.0,57082000,57708000.0,46.136,6598682000.0,0.0,328602000.0,0.0,115.6,-222091000.0
24,EQIX,MRT,2015-06-30,2015-06-30,2015-06-30,2021-08-02,-423173000.0,7826018000.0,7699422500.0,1330118000.0,6495900000.0,0.333,38.686,-804224000.0,336133000.0,336133000.0,1231571000.0,-176231000.0,1.627,2.553,4710030000.0,235653000.0,4474377000.0,4710030000.0,0.0,501128000.0,0.0,0.043,10.95,449398000.0,950526000.0,0.37,950526000.0,449398000.0,171252000.0,-3.62,-3.64,-3.62,2202590000.0,2308032500.0,2202590000.0,18588159988.0,41.0,19.556,59788000.0,1.05,1.0,1335747000.0,0.52,1139122000.0,278146000.0,10243061000.0,9894185250.0,0.0,632963000.0,618400000.0,14563000.0,5623428000.0,817732000.0,4805696000.0,14458218988.0,-72201000.0,-10247000.0,-12511000.0,712012000.0,-276234000.0,205255000.0,-1124603000.0,196420000.0,864012000.0,-16865000.0,-176351000.0,-176351000.0,-176351000.0,0.0,120000.0,-0.069,782722000.0,553025000.0,315554000.0,-3.025,6.564,-81.985,-70.166,5184800000.0,0.0,254.0,5.632,5.633,293855000.0,-781871000.0,2567318000.0,2567318000.0,0.0,-0.023,-0.076,0.045,0.175,115835000.0,769541000.0,1.0,56922122.0,56935000,57499000.0,45.092,6686896000.0,0.0,347603000.0,0.0,117.448,512386000.0
25,EQIX,MRT,2015-03-31,2015-03-31,2015-03-31,2021-08-02,-468036000.0,7727694000.0,7652820750.0,1439544000.0,6288150000.0,0.328,38.152,-742698000.0,536709000.0,536709000.0,1208673000.0,-225611000.0,2.16,2.575,4666650000.0,78758000.0,4587892000.0,4666650000.0,0.0,489399000.0,0.0,0.04,9.26,384146000.0,873545000.0,0.348,873545000.0,384146000.0,113622000.0,-4.44,-4.45,-4.44,2161729000.0,2428149750.0,2161729000.0,17218398401.0,45.0,19.711,7815000.0,0.138,1.0,1298224000.0,0.518,1120446000.0,270524000.0,10070834000.0,9677331000.0,0.0,533034000.0,522343000.0,10691000.0,5565965000.0,666355000.0,4899610000.0,13149906401.0,41535000.0,-10247000.0,-219521000.0,661909000.0,-179885000.0,45889000.0,-734558000.0,13191000.0,750513000.0,-20309000.0,-224482000.0,-224482000.0,-224482000.0,0.0,-1129000.0,-0.09,759635000.0,538589000.0,321942000.0,-2.086,6.083,-58.579,-52.444,4990883000.0,0.0,232.85,5.245,5.263,277900000.0,-742684000.0,2506897000.0,2506897000.0,0.0,-0.029,-0.092,0.04,0.153,114058000.0,755644000.0,1.0,56473723.0,56661000,57227000.0,44.244,6607248000.0,0.0,338104000.0,0.0,116.61,773189000.0
26,EQIX,MRT,2014-12-31,2014-12-31,2014-12-31,2021-08-02,-332443000.0,7781978000.0,7653546750.0,1490943000.0,6291035000.0,0.319,43.357,-676994000.0,610917000.0,610917000.0,1197885000.0,-260726000.0,2.316,2.428,4643954000.0,80828000.0,4563126000.0,4643954000.0,0.0,481691000.0,0.0,0.033,7.57,356465000.0,838156000.0,0.343,838156000.0,356465000.0,85912000.0,-4.96,-4.96,-4.96,2270131000.0,2516969000.0,2270131000.0,15719239079.0,44.0,18.755,12426000.0,0.237,1.0,1245891000.0,0.51,1149656000.0,270553000.0,10021602000.0,9583409250.0,0.0,546951000.0,532452000.0,14499000.0,5511847000.0,643757000.0,4868090000.0,12089765079.0,349023000.0,0.0,-268638000.0,665999000.0,-83266000.0,107401000.0,-435839000.0,239551000.0,689420000.0,-11959000.0,-259547000.0,-259547000.0,-259547000.0,0.0,-1179000.0,-0.106,736625000.0,509266000.0,285796000.0,-1.526,5.326,-46.58,-45.712,4998270000.0,0.0,226.73,4.947,4.858,262570000.0,-720377000.0,2443776000.0,2443776000.0,0.0,-0.034,-0.103,0.037,0.146,98408000.0,734119000.0,1.0,53322300.0,52359000,52359000.0,46.673,6632322000.0,0.0,345459000.0,0.0,126.67,847186000.0
27,EQIX,MRT,2014-09-30,2014-09-30,2014-09-30,2021-08-02,-237480000.0,7462000000.0,7581142000.0,857711000.0,6604289000.0,0.313,48.886,-641358000.0,354181000.0,354181000.0,1154179000.0,139750000.0,1.284,1.873,3983655000.0,77899000.0,3905756000.0,3983655000.0,0.0,456102000.0,0.0,0.0,0.0,449797000.0,905899000.0,0.382,905899000.0,449797000.0,184844000.0,2.78,2.72,2.78,2597680000.0,2564202250.0,2597680000.0,14830524005.0,33.0,16.371,12471000.0,0.235,1.0,1216153000.0,0.513,1182030000.0,264953000.0,9241244000.0,9482079250.0,0.0,146934000.0,130859000.0,16075000.0,4864320000.0,668200000.0,4196120000.0,11302683005.0,-45561000.0,-48739000.0,-314764000.0,-119465000.0,0.0,-643090000.0,-49290000.0,639821000.0,653829000.0,-7010000.0,140743000.0,140743000.0,140743000.0,0.0,-993000.0,0.059,709724000.0,506429000.0,303669000.0,0.0,4.351,80.307,76.432,4983376000.0,0.0,212.48,4.768,4.763,275264000.0,59113000.0,2370332000.0,2370332000.0,0.0,0.019,0.055,0.047,0.19,96688000.0,704915000.0,1.0,53194103.0,53137000,55238000.0,44.608,6279970000.0,0.0,44101000.0,0.0,118.185,189511000.0
28,EQIX,MRT,2014-06-30,2014-06-30,2014-06-30,2021-08-02,-77514000.0,7639611000.0,7562903000.0,954534000.0,6685077000.0,0.303,52.269,-727762000.0,408334000.0,408334000.0,1119087000.0,139542000.0,1.694,1.763,3936175000.0,72847000.0,3863328000.0,3936175000.0,0.0,445786000.0,0.0,0.0,0.0,429444000.0,875230000.0,0.382,875230000.0,429444000.0,166290000.0,2.83,2.76,2.83,2683059000.0,2528031250.0,2683059000.0,14251487750.0,33.0,16.283,-83812000.0,-1.633,1.0,1173888000.0,0.512,1228493000.0,263154000.0,9375644000.0,9480550500.0,0.0,296015000.0,207325000.0,88690000.0,4729396000.0,563315000.0,4166081000.0,10467290750.0,-109162000.0,-49337000.0,-272349000.0,-132221000.0,0.0,-388029000.0,-373932000.0,401813000.0,643950000.0,8849000.0,140373000.0,140373000.0,140373000.0,0.0,-831000.0,0.061,687397000.0,486491000.0,260121000.0,0.0,3.901,74.568,74.237,4924162000.0,0.0,210.09,4.565,4.703,237831000.0,16272000.0,2292975000.0,2292975000.0,0.0,0.019,0.056,0.045,0.187,97180000.0,681869000.0,1.0,49822889.0,51332000,51652000.0,44.67,6411118000.0,0.0,25917000.0,0.0,124.895,391219000.0
29,EQIX,MRT,2014-03-31,2014-03-31,2014-03-31,2021-08-02,-99825000.0,7730598000.0,7422462500.0,1086018000.0,6644580000.0,0.299,50.748,-693769000.0,495174000.0,495174000.0,1093337000.0,104176000.0,1.825,2.021,4279371000.0,72002000.0,4207369000.0,4279371000.0,0.0,439259000.0,0.0,0.0,0.0,378773000.0,818032000.0,0.369,818032000.0,378773000.0,121492000.0,2.09,2.02,2.09,2517006000.0,2435235250.0,2517006000.0,13028560022.0,34.0,15.927,-1624000.0,-0.033,1.0,1123348000.0,0.507,1224492000.0,257281000.0,9695147000.0,9311053250.0,0.0,546550000.0,322374000.0,224176000.0,5086633000.0,595156000.0,4491477000.0,9131798022.0,-189845000.0,-49337000.0,-64008000.0,-913485000.0,0.0,-959135000.0,72112000.0,-24517000.0,692145000.0,5033000.0,103229000.0,103229000.0,103229000.0,0.0,947000.0,0.047,645591000.0,477757000.0,293295000.0,0.0,3.628,88.462,88.44,4766297000.0,0.0,184.84,4.12,4.136,213560000.0,4944000.0,2216685000.0,2216685000.0,0.0,0.014,0.042,0.041,0.171,85727000.0,643050000.0,1.0,49403798.0,49598000,53386000.0,44.693,6506106000.0,0.0,18263000.0,0.0,131.177,490862000.0
30,EQIX,MRT,2013-12-31,2013-12-31,2013-12-31,2021-08-02,-113767000.0,7492359000.0,7393046250.0,888660000.0,6603699000.0,0.291,49.74,-646738000.0,261894000.0,261894000.0,1064403000.0,96123000.0,1.626,1.996,4158656000.0,70722000.0,4087934000.0,4158656000.0,0.0,432471000.0,0.0,0.0,0.0,359633000.0,792104000.0,0.368,792104000.0,359633000.0,110841000.0,1.92,1.89,1.92,2459064000.0,2391549000.0,2459064000.0,12479716336.0,35.0,15.755,-42130000.0,-0.852,1.0,1088363000.0,0.506,1226335000.0,248792000.0,9616282000.0,8920209750.0,0.0,768198000.0,369808000.0,398390000.0,4909393000.0,546504000.0,4362889000.0,8832882336.0,9681000.0,-49337000.0,-16907000.0,564484000.0,0.0,574907000.0,-1169313000.0,-479136000.0,604608000.0,-521000.0,94685000.0,94685000.0,94685000.0,0.0,1438000.0,0.044,627431000.0,460932000.0,263223000.0,0.0,3.592,93.287,92.422,4591650000.0,0.0,177.45,4.103,4.075,184840000.0,-36443000.0,2152766000.0,2152766000.0,0.0,0.013,0.04,0.04,0.167,75610000.0,621413000.0,1.0,49776739.0,49438000,50116000.0,43.545,6266024000.0,0.0,16156000.0,0.0,126.745,342156000.0
31,EQIX,MRT,2013-09-30,2013-09-30,2013-09-30,2021-08-02,-121731000.0,7389044000.0,7053905750.0,1004774000.0,6384270000.0,0.297,49.5,-678961000.0,399742000.0,399742000.0,1043989000.0,97361000.0,1.726,1.971,4046576000.0,57164000.0,3989412000.0,4046576000.0,0.0,429577000.0,0.0,0.0,0.0,360306000.0,789883000.0,0.377,789883000.0,360306000.0,126501000.0,1.95,1.86,1.95,2452996000.0,2355143250.0,2452996000.0,12499824962.0,35.0,15.825,-37367000.0,-0.754,1.0,1050159000.0,0.501,1218524000.0,233805000.0,9235129000.0,8291422500.0,0.0,788233000.0,346038000.0,442195000.0,4834989000.0,582225000.0,4252764000.0,9075641962.0,160055000.0,44809000.0,34080000.0,576887000.0,0.0,657796000.0,-1139871000.0,-512939000.0,641594000.0,536000.0,94836000.0,94836000.0,94836000.0,-11858000.0,2525000.0,0.045,611512000.0,438647000.0,299135000.0,0.0,3.7,95.698,94.179,4381020000.0,0.0,183.65,4.334,4.346,199644000.0,-81630000.0,2094148000.0,2094148000.0,0.0,0.013,0.04,0.043,0.172,50074000.0,597923000.0,1.0,49418143.0,49555000,53581000.0,42.259,6170520000.0,0.0,31665000.0,0.0,124.519,422549000.0
32,EQIX,MRT,2013-06-30,2013-06-30,2013-06-30,2021-08-02,-200082000.0,7077849000.0,6704387250.0,1097609000.0,5980240000.0,0.304,46.819,-648672000.0,517496000.0,517496000.0,1025975000.0,81935000.0,1.807,2.02,3941679000.0,125622000.0,3816057000.0,3941679000.0,0.0,426473000.0,0.0,0.0,0.0,333001000.0,759474000.0,0.373,759474000.0,333001000.0,110946000.0,1.65,1.57,1.65,2311875000.0,2300306500.0,2311875000.0,12109328697.0,36.0,15.944,-106081000.0,-2.148,1.0,1009924000.0,0.496,1196842000.0,222055000.0,8697655000.0,7695495500.0,0.0,699431000.0,323460000.0,375971000.0,4669360000.0,607535000.0,4061825000.0,9114066697.0,-136600000.0,-233034000.0,35544000.0,602075000.0,0.0,732671000.0,-1411179000.0,-535294000.0,542591000.0,-683000.0,79330000.0,79330000.0,79330000.0,-12537000.0,2605000.0,0.039,593624000.0,416300000.0,258027000.0,0.0,3.942,114.888,111.952,4103344000.0,0.0,184.72,4.477,4.48,201336000.0,-103205000.0,2035899000.0,2035899000.0,0.0,0.012,0.034,0.043,0.164,-3649000.0,575931000.0,1.0,49339902.0,49379000,49379000.0,41.23,5881007000.0,0.0,31616000.0,0.0,119.099,490074000.0
33,EQIX,MRT,2013-03-31,2013-03-31,2013-03-31,2021-08-02,-174267000.0,7612933000.0,6366097000.0,2005857000.0,5607076000.0,0.309,47.773,-719333000.0,1528497000.0,1528497000.0,984155000.0,144862000.0,1.585,2.209,4523759000.0,813654000.0,3710105000.0,4523759000.0,0.0,412915000.0,0.0,0.0,0.0,407856000.0,820771000.0,0.418,820771000.0,407856000.0,200015000.0,2.93,2.82,2.93,2342261000.0,2239243000.0,2342261000.0,13315252829.0,33.0,16.223,-129119000.0,-2.634,1.0,980122000.0,0.499,1210712000.0,207841000.0,8131773000.0,7138961750.0,0.0,527040000.0,233289000.0,293751000.0,5173781000.0,1265710000.0,3908071000.0,10556718829.0,52075000.0,-233034000.0,40045000.0,1186323000.0,0.0,1317989000.0,-1854846000.0,-80080000.0,590214000.0,-1282000.0,141593000.0,141593000.0,141593000.0,-12887000.0,3269000.0,0.072,577689000.0,402433000.0,248395000.0,0.0,4.507,74.557,73.826,3890190000.0,0.0,216.31,5.374,5.399,185163000.0,-74547000.0,1964277000.0,1964277000.0,0.0,0.022,0.063,0.057,0.208,-3863000.0,556019000.0,1.0,48803656.0,49029000,53480000.0,40.064,6402221000.0,0.0,58422000.0,0.0,130.58,740147000.0
34,EQIX,MRT,2012-12-31,2012-12-31,2012-12-31,2021-08-02,-101042000.0,6135797000.0,5933950000.0,640092000.0,5495705000.0,0.318,48.193,-789156000.0,252213000.0,252213000.0,944617000.0,143144000.0,1.166,1.616,3010747000.0,67366000.0,2943381000.0,3010747000.0,0.0,398579000.0,0.0,0.0,0.0,398920000.0,797499000.0,0.423,797499000.0,398920000.0,198592000.0,2.92,2.83,2.92,2313441000.0,2168797500.0,2313441000.0,12743367931.0,32.0,15.979,-157130000.0,-3.273,1.0,942759000.0,0.5,1244126000.0,200328000.0,7101133000.0,6753644000.0,0.0,294311000.0,166492000.0,127819000.0,3738178000.0,549072000.0,3189106000.0,10026525931.0,-26610000.0,-233034000.0,42773000.0,-338125000.0,0.0,-222721000.0,-442873000.0,499251000.0,632026000.0,6958000.0,140028000.0,140028000.0,140028000.0,-13086000.0,3116000.0,0.074,549863000.0,392896000.0,268853000.0,0.0,4.334,71.604,70.616,3915738000.0,0.0,206.2,5.312,5.245,163840000.0,-131128000.0,1887376000.0,1887376000.0,0.0,0.024,0.065,0.059,0.211,10394000.0,531180000.0,1.0,48625247.0,48004000,51816000.0,39.317,4891671000.0,0.0,58564000.0,0.0,101.901,91020000.0
35,EQIX,MRT,2012-09-30,2012-09-30,2012-09-30,2021-08-02,-113642000.0,5990970000.0,5846331750.0,725186000.0,5265784000.0,0.308,46.187,-748036000.0,239687000.0,239687000.0,909777000.0,116643000.0,1.184,1.647,2956529000.0,64185000.0,2892344000.0,2956529000.0,0.0,388469000.0,0.0,0.0,0.0,378076000.0,766545000.0,0.425,766545000.0,378076000.0,173113000.0,2.43,2.35,2.43,2233649000.0,2078490250.0,2233649000.0,12167862046.0,32.0,15.874,-132370000.0,-2.737,1.0,893509000.0,0.495,1243932000.0,204963000.0,6851421000.0,6694672500.0,0.0,280149000.0,164787000.0,115362000.0,3679130000.0,612459000.0,3066671000.0,9928485046.0,-130836000.0,-278441000.0,-46702000.0,-324905000.0,0.0,-318352000.0,-433289000.0,515813000.0,615666000.0,5139000.0,116517000.0,116517000.0,116517000.0,-1418000.0,126000.0,0.065,515029000.0,378480000.0,244712000.0,0.0,4.445,85.211,84.794,3791063000.0,0.0,206.05,5.506,5.526,181973000.0,-155287000.0,1803286000.0,1803286000.0,0.0,0.02,0.056,0.056,0.21,26649000.0,506129000.0,1.0,48184834.0,48361000,52655000.0,37.288,4747038000.0,0.0,56596000.0,70304000.0,98.158,112727000.0
36,EQIX,MRT,2012-06-30,2012-06-30,2012-06-30,2021-08-02,-155777000.0,5724688000.0,5781261000.0,1009592000.0,4715096000.0,0.299,43.061,-667443000.0,654096000.0,654096000.0,878555000.0,109955000.0,2.056,1.732,2893473000.0,85769000.0,2807704000.0,2893473000.0,0.0,372483000.0,0.0,0.0,0.0,365126000.0,737609000.0,0.427,737609000.0,365126000.0,159256000.0,2.08,2.01,2.08,2067621000.0,2026204750.0,2067621000.0,10777639606.0,30.0,14.612,-17466000.0,-0.364,1.0,848104000.0,0.491,1001386000.0,205870000.0,6471520000.0,6667509750.0,0.0,168925000.0,115465000.0,53460000.0,3581213000.0,491159000.0,3090054000.0,8328135606.0,356224000.0,0.0,-49261000.0,401278000.0,0.0,352098000.0,-709716000.0,-49842000.0,649977000.0,-6135000.0,109871000.0,109871000.0,109871000.0,-1203000.0,84000.0,0.064,485029000.0,363075000.0,224989000.0,0.0,4.028,75.799,84.447,3525839000.0,0.0,175.65,4.823,4.885,169812000.0,-184125000.0,1726659000.0,1726659000.0,0.0,0.019,0.054,0.055,0.211,77250000.0,478385000.0,1.0,47413240.0,48016000,52351000.0,35.96,4723302000.0,0.0,49385000.0,0.0,98.369,518433000.0
37,EQIX,MRT,2012-03-31,2012-03-31,2012-03-31,2021-08-02,-110367000.0,5884345000.0,5592386750.0,1174023000.0,4710322000.0,0.298,43.882,-668876000.0,632944000.0,632944000.0,868838000.0,103048000.0,1.635,1.822,3082448000.0,336796000.0,2745652000.0,3082448000.0,0.0,362143000.0,0.0,0.0,0.0,341270000.0,703413000.0,0.423,703413000.0,341270000.0,144510000.0,1.97,1.92,1.97,2060479000.0,2025349250.0,2060479000.0,10166387568.0,30.0,14.453,-73333000.0,-1.562,1.0,795472000.0,0.478,1025264000.0,196760000.0,6590502000.0,6361504000.0,0.0,450347000.0,283910000.0,166437000.0,3754795000.0,718083000.0,3036712000.0,7346080568.0,328478000.0,-41954000.0,-46345000.0,724916000.0,0.0,678652000.0,-943333000.0,-298484000.0,595543000.0,-2384000.0,104154000.0,104154000.0,104154000.0,-853000.0,-1106000.0,0.063,459627000.0,335845000.0,194516000.0,0.0,3.565,70.531,79.924,3387369000.0,0.0,157.45,4.414,4.442,158561000.0,-220572000.0,1664310000.0,1664310000.0,0.0,0.019,0.051,0.054,0.205,75019000.0,452931000.0,1.0,46656593.0,46955000,51061000.0,35.445,4859081000.0,0.0,40356000.0,0.0,103.484,455940000.0
38,EQIX,MRT,2011-12-31,2011-12-31,2011-12-31,2021-08-02,-143698000.0,5785324000.0,5284428750.0,1235757000.0,4549567000.0,0.296,41.575,-713452000.0,278823000.0,278823000.0,829024000.0,93382000.0,1.704,1.929,3099130000.0,345297000.0,2753833000.0,3099130000.0,0.0,347674000.0,0.0,0.0,0.0,313426000.0,661100000.0,0.422,661100000.0,313426000.0,132123000.0,1.77,1.74,1.77,1952212000.0,2007078750.0,1952212000.0,7496371230.0,24.0,11.339,-126132000.0,-2.686,1.0,736601000.0,0.47,1015130000.0,181303000.0,6865247000.0,6011494250.0,0.0,797522000.0,635721000.0,161801000.0,3765511000.0,725254000.0,3040257000.0,4807347230.0,-164018000.0,-41954000.0,-47773000.0,796420000.0,0.0,748728000.0,-1499155000.0,-647035000.0,587320000.0,-911000.0,94776000.0,94776000.0,94776000.0,-1009000.0,-1394000.0,0.061,430679000.0,305922000.0,229043000.0,0.0,2.463,50.723,57.288,3225912000.0,0.0,101.4,3.071,3.041,139057000.0,-255095000.0,1565625000.0,1565625000.0,0.0,0.018,0.047,0.052,0.2,71451000.0,423901000.0,1.0,47409736.0,46956000,47898000.0,33.342,4770194000.0,0.0,37347000.0,0.0,101.589,510503000.0
39,EQIX,MRT,2011-09-30,2011-09-30,2011-09-30,2021-08-02,-120416000.0,5730687000.0,4950100000.0,1330298000.0,4400389000.0,0.3,42.89,-677720000.0,370523000.0,370523000.0,800920000.0,90277000.0,2.027,1.798,3059547000.0,329195000.0,2730352000.0,3059547000.0,0.0,329742000.0,0.0,0.0,0.0,276105000.0,605847000.0,0.407,605847000.0,276105000.0,111131000.0,1.7,1.66,1.7,2024507000.0,1989154500.0,2024507000.0,6138110360.0,22.0,10.131,-154841000.0,-3.28,1.0,686341000.0,0.461,1020785000.0,164974000.0,6742770000.0,5497764500.0,0.0,799665000.0,700246000.0,99419000.0,3639808000.0,656156000.0,2983652000.0,4178121360.0,-18626000.0,-41954000.0,39342000.0,706780000.0,0.0,746122000.0,-1287281000.0,-472263000.0,522879000.0,-346000.0,89954000.0,89954000.0,89954000.0,-1132000.0,323000.0,0.06,409360000.0,276981000.0,181093000.0,0.0,2.064,46.447,52.253,3122094000.0,0.0,88.83,2.809,2.819,144185000.0,-272905000.0,1487261000.0,1487261000.0,0.0,0.018,0.045,0.05,0.186,70529000.0,403574000.0,1.0,47035026.0,47202000,47943000.0,31.508,4709902000.0,0.0,21177000.0,0.0,99.782,674142000.0
40,EQIX,MRT,2011-06-30,2011-06-30,2011-06-30,2021-08-02,-41679000.0,4969191000.0,4637651000.0,649088000.0,4320103000.0,0.304,43.99,-690136000.0,297872000.0,297872000.0,766672000.0,80834000.0,1.046,1.374,2257861000.0,281054000.0,1976807000.0,2257861000.0,0.0,312294000.0,0.0,0.0,0.0,253731000.0,566025000.0,0.402,566025000.0,253731000.0,101508000.0,1.73,1.7,1.73,2064199000.0,1946521000.0,2064199000.0,6548503209.0,26.0,11.569,-195864000.0,-4.174,1.0,642728000.0,0.456,1061232000.0,152223000.0,5247497000.0,5056675250.0,0.0,125206000.0,94246000.0,30960000.0,2835942000.0,620451000.0,2215491000.0,4728529209.0,-213470000.0,-41954000.0,42261000.0,-22174000.0,0.0,20087000.0,-668083000.0,89412000.0,494272000.0,10254000.0,80831000.0,80831000.0,80831000.0,-668000.0,3000.0,0.057,391162000.0,251566000.0,189739000.0,0.0,2.291,58.499,58.393,3085202000.0,0.0,101.02,3.355,3.363,140316000.0,-293224000.0,1409400000.0,1409400000.0,0.0,0.017,0.042,0.05,0.18,68272000.0,384662000.0,1.0,46807852.0,46924000,50664000.0,30.036,3907959000.0,0.0,20677000.0,0.0,83.283,28637000.0
41,EQIX,MRT,2011-03-31,2011-03-31,2011-03-31,2021-08-02,-61356000.0,4652513000.0,4465905250.0,694990000.0,3957523000.0,0.293,42.785,-640924000.0,304466000.0,304466000.0,713682000.0,47827000.0,2.025,1.341,2124440000.0,28585000.0,2095855000.0,2124440000.0,0.0,289822000.0,0.0,0.0,0.0,214998000.0,504820000.0,0.385,504820000.0,214998000.0,62837000.0,1.03,1.01,1.03,1987397000.0,1868020500.0,1987397000.0,5814471989.0,27.0,11.518,-230094000.0,-4.953,1.0,596912000.0,0.455,938750000.0,152161000.0,5190463000.0,4898115500.0,0.0,152185000.0,150040000.0,2145000.0,2665116000.0,343274000.0,2321842000.0,4208727989.0,-734836000.0,-113289000.0,44602000.0,-338586000.0,0.0,-293984000.0,-855801000.0,-6554000.0,410830000.0,4119000.0,47827000.0,47827000.0,47827000.0,-668000.0,0.0,0.036,379985000.0,216927000.0,133536000.0,0.0,2.118,87.999,88.447,2881126000.0,0.0,91.1,3.211,3.229,114207000.0,-323954000.0,1310594000.0,1310594000.0,0.0,0.011,0.026,0.044,0.164,68050000.0,364997000.0,1.0,46198990.0,46451000,47219000.0,28.215,3713763000.0,0.0,15010000.0,0.0,79.95,351716000.0
42,EQIX,MRT,2010-12-31,2010-12-31,2010-12-31,2021-08-02,-112018000.0,4448009000.0,4219719000.0,778048000.0,3669961000.0,0.283,42.991,-594258000.0,442841000.0,442841000.0,652156000.0,36881000.0,2.446,1.365,2048585000.0,27966000.0,2020619000.0,2048585000.0,0.0,260176000.0,0.0,0.0,0.0,189918000.0,450094000.0,0.376,450094000.0,189918000.0,49443000.0,0.84,0.82,0.84,1880515000.0,1668043000.0,1880515000.0,5479907937.0,29.0,12.175,-201386000.0,-4.604,1.0,544058000.0,0.455,925310000.0,140475000.0,4810328000.0,4605041500.0,0.0,149998000.0,147192000.0,2806000.0,2567494000.0,318115000.0,2249379000.0,3737501937.0,96785000.0,-113289000.0,39817000.0,269869000.0,0.0,309686000.0,-600969000.0,107916000.0,392872000.0,-4804000.0,36881000.0,36881000.0,36881000.0,-668000.0,0.0,0.031,350454000.0,193604000.0,145854000.0,0.0,1.987,101.339,96.738,2650953000.0,0.0,81.26,3.124,2.971,116358000.0,-349099000.0,1196214000.0,1196214000.0,0.0,0.009,0.022,0.041,0.159,67489000.0,331383000.0,1.0,45994363.0,43742000,44810000.0,27.347,3522699000.0,0.0,12562000.0,0.0,80.534,459933000.0
43,EQIX,MRT,2010-09-30,2010-09-30,2010-09-30,2021-08-02,-103321000.0,4480891000.0,3867254250.0,891811000.0,3589080000.0,0.289,40.528,-537786000.0,389149000.0,389149000.0,608182000.0,40843000.0,2.867,1.417,2131555000.0,30104000.0,2101451000.0,2131555000.0,0.0,227209000.0,0.0,0.0,0.0,190560000.0,417769000.0,0.374,417769000.0,190560000.0,66294000.0,1.0,0.97,1.0,1853973000.0,1493535000.0,1853973000.0,6214166022.0,33.0,14.875,-185295000.0,-4.051,1.0,509460000.0,0.456,933859000.0,124266000.0,4978413000.0,4259844250.0,0.0,326202000.0,322979000.0,3223000.0,2626918000.0,311025000.0,2315893000.0,4666120022.0,106002000.0,-113289000.0,50135000.0,342174000.0,0.0,392753000.0,-634191000.0,17668000.0,352491000.0,-5051000.0,40843000.0,40843000.0,40843000.0,0.0,0.0,0.037,318439000.0,191021000.0,134091000.0,0.0,2.517,114.245,102.35,2582890000.0,0.0,102.35,4.175,4.189,115616000.0,-362859000.0,1117642000.0,1117642000.0,0.0,0.011,0.027,0.045,0.171,64046000.0,296463000.0,1.0,45589839.0,45745000,46676000.0,24.432,3547032000.0,0.0,25451000.0,0.0,77.539,580786000.0
44,EQIX,MRT,2010-06-30,2010-06-30,2010-06-30,2021-08-02,-164610000.0,4282208000.0,3487676000.0,888235000.0,3393973000.0,0.291,40.228,-482040000.0,511342000.0,511342000.0,548713000.0,48459000.0,2.965,1.447,2059388000.0,29963000.0,2029425000.0,2059388000.0,0.0,198402000.0,0.0,0.0,0.0,184759000.0,383161000.0,0.378,383161000.0,184759000.0,76600000.0,1.25,1.2,1.25,1750197000.0,1313650250.0,1750197000.0,4304409296.0,23.0,11.234,-135273000.0,-3.109,1.0,466140000.0,0.459,917427000.0,108159000.0,4613258000.0,3881717500.0,0.0,210608000.0,206111000.0,4497000.0,2532011000.0,299569000.0,2232442000.0,3231923296.0,106125000.0,-141465000.0,50205000.0,355339000.0,0.0,403445000.0,-635245000.0,-12823000.0,346767000.0,-8842000.0,48459000.0,48459000.0,48459000.0,0.0,0.0,0.048,281587000.0,184553000.0,138725000.0,0.0,1.847,66.694,64.976,2400809000.0,0.0,81.22,3.185,3.482,106255000.0,-374055000.0,1014853000.0,1014853000.0,0.0,0.014,0.037,0.048,0.182,61129000.0,261232000.0,1.0,39792210.0,43507000,43507000.0,23.326,3364781000.0,0.0,28141000.0,0.0,77.339,588666000.0
45,EQIX,MRT,2010-03-31,2010-03-31,2010-03-31,2021-08-02,-132498000.0,3667768000.0,3127965250.0,1313649000.0,2354119000.0,0.298,30.016,-404101000.0,1039302000.0,1039302000.0,504665000.0,68173000.0,4.156,2.089,2111788000.0,62715000.0,2049073000.0,2111788000.0,0.0,180543000.0,0.0,0.0,0.0,191295000.0,371838000.0,0.399,371838000.0,191295000.0,104839000.0,1.76,1.69,1.76,1187487000.0,1149256500.0,1187487000.0,4971654864.0,26.0,13.37,-35501000.0,-0.897,1.0,427262000.0,0.458,405980000.0,86456000.0,4018167000.0,3528674250.0,0.0,145836000.0,140611000.0,5225000.0,2480281000.0,316107000.0,2164174000.0,3832741864.0,817253000.0,-28176000.0,43827000.0,965207000.0,0.0,957019000.0,-511850000.0,-83993000.0,368600000.0,3484000.0,68173000.0,68173000.0,68173000.0,0.0,0.0,0.073,241907000.0,185355000.0,113018000.0,0.0,3.228,56.221,55.307,1874325000.0,0.0,97.34,4.113,4.132,69722000.0,-371781000.0,931927000.0,931927000.0,0.0,0.022,0.059,0.054,0.205,56492000.0,231978000.0,1.0,39374788.0,39562000,40791000.0,23.556,3261788000.0,0.0,36666000.0,0.0,82.448,997542000.0
46,EQIX,MRT,2009-12-31,2009-12-31,2009-12-31,2021-08-02,-97238000.0,3038150000.0,2815270500.0,727887000.0,2310263000.0,0.313,30.723,-369542000.0,346056000.0,346056000.0,483420000.0,69431000.0,2.307,1.569,1484969000.0,65364000.0,1419605000.0,1484969000.0,0.0,173530000.0,0.0,0.0,0.0,183260000.0,356790000.0,0.404,356790000.0,183260000.0,109028000.0,1.8,1.75,1.8,1182483000.0,1085683750.0,1182483000.0,5351188966.0,29.0,14.998,-14050000.0,-0.365,1.0,399089000.0,0.452,432065000.0,74232000.0,3429539000.0,3210389500.0,0.0,258311000.0,248508000.0,9803000.0,1855667000.0,315459000.0,1540208000.0,4138081966.0,125849000.0,-28176000.0,37006000.0,338607000.0,0.0,323598000.0,-558178000.0,-172658000.0,355492000.0,4937000.0,69431000.0,69431000.0,69431000.0,0.0,0.0,0.079,218010000.0,181079000.0,99053000.0,0.0,3.499,59.6,58.972,1808115000.0,0.0,106.15,4.689,4.629,64767000.0,-385980000.0,882509000.0,882509000.0,0.0,0.025,0.064,0.057,0.208,53056000.0,218908000.0,1.0,38983344.0,38488000,39676000.0,22.929,2606085000.0,51993000.0,39597000.0,25937000.0,67.712,412428000.0
47,EQIX,MRT,2009-09-30,2009-09-30,2009-09-30,2021-08-02,-98887000.0,2962578000.0,2664417000.0,714094000.0,2248484000.0,0.312,29.248,-409288000.0,283147000.0,283147000.0,464692000.0,149572000.0,2.549,1.612,1496254000.0,59448000.0,1436806000.0,1496254000.0,0.0,174663000.0,0.0,0.0,0.0,159572000.0,334235000.0,0.402,334235000.0,159572000.0,91455000.0,4.0,3.83,4.0,1134434000.0,1019228250.0,1134434000.0,4599264880.0,29.0,13.761,-60011000.0,-1.547,1.0,365948000.0,0.441,429618000.0,68117000.0,3465906000.0,3036624500.0,0.0,344295000.0,326234000.0,18061000.0,1828144000.0,280161000.0,1547983000.0,3552178880.0,122462000.0,-28176000.0,23193000.0,386455000.0,0.0,358676000.0,-585684000.0,-176999000.0,349277000.0,193000.0,149572000.0,149572000.0,149572000.0,0.0,0.0,0.18,211138000.0,154810000.0,104288000.0,0.0,3.131,23.749,23.0,1703009000.0,0.0,92.0,4.276,4.296,67589000.0,-403702000.0,830640000.0,830640000.0,0.0,0.056,0.147,0.053,0.192,52164000.0,213469000.0,1.0,38610640.0,38787000,39887000.0,21.415,2532960000.0,59101000.0,-58117000.0,0.0,65.304,433933000.0
48,EQIX,MRT,2009-06-30,2009-06-30,2009-06-30,2021-08-02,-93521000.0,2843365000.0,2496756250.0,689460000.0,2153905000.0,0.315,28.639,-416538000.0,405217000.0,405217000.0,448590000.0,136316000.0,2.729,1.602,1452303000.0,58149000.0,1394154000.0,1452303000.0,0.0,171807000.0,0.0,0.0,0.0,132591000.0,304398000.0,0.387,304398000.0,132591000.0,71059000.0,3.66,3.51,3.66,1092622000.0,944932250.0,1092622000.0,3729334974.0,28.0,12.252,-111479000.0,-2.922,1.0,338227000.0,0.43,436731000.0,61532000.0,3201085000.0,2823245500.0,0.0,198153000.0,175854000.0,22299000.0,1750743000.0,252635000.0,1498108000.0,2760334974.0,254090000.0,0.0,15946000.0,388790000.0,0.0,356300000.0,-407570000.0,-28170000.0,305059000.0,301000.0,136316000.0,136316000.0,136316000.0,0.0,0.0,0.173,207482000.0,130745000.0,88454000.0,0.0,2.526,20.25,19.874,1590756000.0,0.0,72.74,3.508,3.527,67312000.0,-422514000.0,786817000.0,786817000.0,0.0,0.055,0.144,0.047,0.169,50693000.0,210393000.0,1.0,37947965.0,38152000,39318000.0,20.623,2406634000.0,62328000.0,-65257000.0,0.0,63.08,436825000.0
49,EQIX,MRT,2009-03-31,2009-03-31,2009-03-31,2021-08-02,-167471000.0,2416989000.0,2368660500.0,357085000.0,2059904000.0,0.315,24.648,-430230000.0,222049000.0,222049000.0,432095000.0,119584000.0,1.393,1.59,1191049000.0,76754000.0,1114295000.0,1191049000.0,0.0,165241000.0,0.0,0.0,0.0,103035000.0,268276000.0,0.36,268276000.0,103035000.0,43102000.0,3.22,3.09,3.22,933196000.0,891445000.0,933196000.0,3141740345.0,30.0,11.711,-138952000.0,-3.67,1.0,313598000.0,0.421,384637000.0,59933000.0,2745028000.0,2674457500.0,0.0,61926000.0,29720000.0,32206000.0,1483793000.0,256324000.0,1227469000.0,2120781345.0,-38785000.0,0.0,23054000.0,73250000.0,0.0,96883000.0,-419725000.0,138000.0,291278000.0,-7221000.0,119584000.0,119584000.0,119584000.0,0.0,0.0,0.16,210612000.0,102986000.0,78987000.0,0.0,2.273,17.735,17.438,1512908000.0,0.0,56.15,2.844,2.851,60022000.0,-439954000.0,745693000.0,745693000.0,0.0,0.05,0.134,0.039,0.138,54282000.0,213303000.0,1.0,37769926.0,37861000,38739000.0,19.696,2032352000.0,108584000.0,-76482000.0,0.0,53.679,100761000.0
50,EQIX,MRT,2008-12-31,2008-12-31,2008-12-31,2021-08-02,-152800000.0,2434736000.0,2336110000.0,379511000.0,2055225000.0,0.302,24.695,-447032000.0,220207000.0,220207000.0,414799000.0,107924000.0,1.309,1.656,1203690000.0,75703000.0,1127987000.0,1203690000.0,0.0,159047000.0,0.0,0.0,0.0,81982000.0,241029000.0,0.342,241029000.0,81982000.0,20305000.0,2.91,2.79,2.91,916661000.0,868928500.0,916661000.0,3019623309.0,37.0,12.528,-179474000.0,-4.835,1.0,289881000.0,0.411,393747000.0,61677000.0,2734479000.0,2590407750.0,0.0,87738000.0,42112000.0,45626000.0,1518075000.0,289993000.0,1228082000.0,1986633309.0,-70426000.0,-23241000.0,26230000.0,118297000.0,0.0,145106000.0,-478040000.0,5436000.0,267558000.0,-5050000.0,107924000.0,107924000.0,107924000.0,0.0,0.0,0.153,216619000.0,73262000.0,74317000.0,0.0,2.167,18.408,18.278,1492830000.0,0.0,53.19,2.819,2.802,66029000.0,-455411000.0,704680000.0,704680000.0,0.0,0.046,0.124,0.032,0.116,55085000.0,213477000.0,1.0,37349752.0,37120000,41582000.0,18.984,2040989000.0,101164000.0,-87619000.0,0.0,54.984,89518000.0
51,EQIX,MRT,2008-09-30,2008-09-30,2008-09-30,2021-08-02,-64557000.0,2291935000.0,2272893000.0,342654000.0,1949281000.0,0.287,22.466,-410513000.0,160685000.0,160685000.0,398956000.0,-715000.0,1.433,1.737,1193675000.0,77722000.0,1115953000.0,1193675000.0,0.0,150361000.0,0.0,0.0,0.0,61345000.0,211706000.0,0.324,211706000.0,61345000.0,-608000.0,-0.06,-0.06,-0.06,837250000.0,843371250.0,837250000.0,3623443081.0,59.0,17.115,-205369000.0,-5.511,1.0,253755000.0,0.389,473459000.0,61953000.0,2612390000.0,2480734000.0,0.0,169514000.0,101892000.0,67622000.0,1454685000.0,239076000.0,1215609000.0,2582538081.0,-182767000.0,-23304000.0,34837000.0,117022000.0,0.0,150951000.0,-538369000.0,-76293000.0,205144000.0,-493000.0,-715000.0,-715000.0,-715000.0,0.0,0.0,-0.001,204250000.0,49505000.0,71234000.0,0.0,3.085,-3611.941,-1157.667,1346982000.0,0.0,69.46,3.957,3.966,62376000.0,-543593000.0,652711000.0,652711000.0,0.0,0.0,-0.001,0.025,0.094,53650000.0,204789000.0,1.0,37180220.0,37268000,38023000.0,17.514,1818476000.0,0.0,107000.0,21785000.0,48.795,103578000.0
52,EQIX,MRT,2008-06-30,2008-06-30,2008-06-30,2021-08-02,3840000.0,2330982000.0,2232550750.0,293726000.0,2037256000.0,0.257,23.771,-427928000.0,151127000.0,151127000.0,351942000.0,-2147000.0,1.247,1.653,1192032000.0,73377000.0,1118655000.0,1192032000.0,0.0,132047000.0,0.0,0.0,0.0,49932000.0,181979000.0,0.318,181979000.0,49932000.0,-2012000.0,-0.08,-0.09,-0.08,878673000.0,837728000.0,878673000.0,4181673896.0,84.0,22.979,-237678000.0,-6.43,1.0,220816000.0,0.386,530381000.0,51944000.0,2605933000.0,2364445750.0,0.0,173622000.0,64980000.0,108642000.0,1452309000.0,235573000.0,1216736000.0,3280333896.0,-83471000.0,-630023000.0,378340000.0,530324000.0,0.0,907763000.0,-1177191000.0,-82102000.0,190250000.0,-4293000.0,-2147000.0,-2147000.0,-2147000.0,0.0,0.0,-0.004,186725000.0,34091000.0,74722000.0,0.0,3.733,-1527.869,-1115.25,1331017000.0,0.0,89.22,5.727,5.758,63105000.0,-550982000.0,572758000.0,572758000.0,0.0,-0.001,-0.003,0.021,0.087,51577000.0,188063000.0,1.0,36766800.0,36964000,37968000.0,15.495,1800601000.0,0.0,135000.0,24115000.0,48.712,58153000.0
53,EQIX,MRT,2008-03-31,2008-03-31,2008-03-31,2021-08-02,-221000.0,2286787000.0,1943668000.0,374207000.0,1912580000.0,0.253,23.241,-451877000.0,260834000.0,260834000.0,305512000.0,-1638000.0,1.528,1.712,1162174000.0,64198000.0,1097976000.0,1162174000.0,0.0,115408000.0,0.0,0.0,0.0,42569000.0,157977000.0,0.321,157977000.0,42569000.0,-1048000.0,-0.06,-0.07,-0.06,843130000.0,728728250.0,843130000.0,3252120495.0,76.0,20.586,-288723000.0,-7.959,1.0,187039000.0,0.38,534399000.0,43617000.0,2408829000.0,2045551500.0,0.0,64692000.0,37694000.0,26998000.0,1443657000.0,244899000.0,1198758000.0,2436609495.0,-66826000.0,-679063000.0,373216000.0,543142000.0,0.0,916358000.0,-1142868000.0,1302000.0,163154000.0,-3470000.0,-1638000.0,-1638000.0,-1638000.0,0.0,0.0,-0.003,163771000.0,23268000.0,70230000.0,0.0,2.89,-1487.552,-1108.167,1284395000.0,0.0,66.49,4.947,4.897,59156000.0,-553211000.0,492551000.0,492551000.0,0.0,-0.001,-0.002,0.021,0.086,44574000.0,164702000.0,1.0,36646255.0,36277000,37259000.0,13.578,1752388000.0,0.0,590000.0,29442000.0,48.306,129308000.0
54,EQIX,MRT,2007-12-31,2007-12-31,2007-12-31,2021-08-02,-3888000.0,2181868000.0,1640391750.0,426761000.0,1755107000.0,0.256,24.986,-376836000.0,290633000.0,290633000.0,263768000.0,-9891000.0,2.229,1.679,1106144000.0,20389000.0,1085755000.0,1106144000.0,0.0,100103000.0,0.0,0.0,0.0,22596000.0,122699000.0,0.293,122699000.0,22596000.0,-9418000.0,-0.3,-0.3,-0.3,814432000.0,624226500.0,814432000.0,4383317990.0,194.0,35.724,-256816000.0,-7.879,1.0,155674000.0,0.371,510133000.0,32014000.0,2295784000.0,1727126250.0,0.0,93267000.0,63301000.0,29966000.0,1367436000.0,191462000.0,1175974000.0,3668159990.0,208070000.0,-662322000.0,376264000.0,768749000.0,0.0,1145013000.0,-1054725000.0,-18101000.0,120020000.0,-2238000.0,-9891000.0,-9891000.0,-9891000.0,0.0,0.0,-0.024,145582000.0,10092000.0,65096000.0,0.0,4.504,-370.858,-336.9,1162720000.0,0.0,101.07,8.745,7.854,60089000.0,-558632000.0,419442000.0,419442000.0,0.0,-0.006,-0.016,0.013,0.054,42731000.0,146513000.0,1.0,36293262.0,32595000,32595000.0,12.868,1671735000.0,6404000.0,473000.0,0.0,51.288,235299000.0
55,EQIX,MRT,2007-09-30,2007-09-30,2007-09-30,2021-08-02,10773000.0,2130566000.0,1287882750.0,483122000.0,1647444000.0,0.28,25.713,-334070000.0,343452000.0,343452000.0,221599000.0,9996000.0,2.44,1.615,1058610000.0,6927000.0,1051683000.0,1058610000.0,0.0,85502000.0,0.0,0.0,0.0,29381000.0,114883000.0,0.319,114883000.0,29381000.0,10331000.0,0.35,0.34,0.35,814677000.0,509375500.0,814677000.0,3124553185.0,106.0,27.198,-202072000.0,-6.378,1.0,138901000.0,0.385,500468000.0,19050000.0,2147237000.0,1371510250.0,0.0,92910000.0,64005000.0,28905000.0,1315889000.0,198019000.0,1117870000.0,2816018185.0,258813000.0,-662259000.0,377594000.0,738295000.0,0.0,1115767000.0,-987998000.0,-9630000.0,131998000.0,-954000.0,9996000.0,9996000.0,9996000.0,0.0,0.0,0.028,118560000.0,20341000.0,94339000.0,0.0,3.457,281.715,253.4,1069080000.0,0.0,88.69,7.811,7.795,49176000.0,-552559000.0,360500000.0,360500000.0,0.0,0.008,0.02,0.021,0.082,38259000.0,127800000.0,1.0,31751248.0,31683000,33112000.0,11.378,1630098000.0,0.0,335000.0,0.0,51.45,285103000.0
56,EQIX,MRT,2007-06-30,2007-06-30,2007-06-30,2021-08-02,3770000.0,1175451000.0,937896250.0,340065000.0,835386000.0,0.352,14.222,-271171000.0,234598000.0,234598000.0,207845000.0,704000.0,2.487,1.655,543133000.0,4485000.0,538648000.0,543133000.0,0.0,80647000.0,0.0,0.0,0.0,18086000.0,98733000.0,0.299,98733000.0,18086000.0,1094000.0,0.04,0.04,0.04,442674000.0,387602250.0,442674000.0,3047520114.0,169.0,30.866,-166945000.0,-5.364,1.0,122599000.0,0.371,16914000.0,16992000.0,1330356000.0,1033851000.0,0.0,89368000.0,67728000.0,21640000.0,732777000.0,136716000.0,596061000.0,2875690114.0,157298000.0,-55540000.0,35422000.0,344444000.0,0.0,379988000.0,-327498000.0,-17403000.0,104226000.0,582000.0,704000.0,704000.0,704000.0,0.0,0.0,0.002,111408000.0,11191000.0,35425000.0,0.0,6.496,4084.787,2286.75,760175000.0,0.0,91.47,8.703,8.616,28140000.0,-556683000.0,330444000.0,330444000.0,0.0,0.001,0.002,0.017,0.055,34655000.0,119121000.0,1.0,31438615.0,31126000,32641000.0,10.616,1158537000.0,0.0,390000.0,0.0,37.221,203349000.0
57,EQIX,MRT,2007-03-31,2007-03-31,2007-03-31,2021-08-02,4385000.0,1073682000.0,814826750.0,418758000.0,654924000.0,0.377,14.313,-188792000.0,327660000.0,327660000.0,197799000.0,-5783000.0,4.489,1.526,499490000.0,4328000.0,495162000.0,499490000.0,0.0,75994000.0,0.0,0.0,0.0,9196000.0,85190000.0,0.277,85190000.0,9196000.0,-5375000.0,-0.19,-0.19,-0.19,425123000.0,356215500.0,425123000.0,2749934050.0,299.0,32.28,-106321000.0,-3.58,1.0,109356000.0,0.356,17109000.0,14571000.0,1135128000.0,890020250.0,0.0,64739000.0,53758000.0,10981000.0,648559000.0,93275000.0,555284000.0,2552652050.0,246535000.0,-16266000.0,34408000.0,300115000.0,0.0,334845000.0,-170954000.0,17488000.0,82471000.0,173000.0,-5783000.0,-5783000.0,-5783000.0,0.0,0.0,-0.019,103832000.0,5524000.0,24612000.0,0.0,6.005,-441.406,-450.684,593555000.0,0.0,85.63,8.311,8.28,27773000.0,-557900000.0,307155000.0,307155000.0,0.0,-0.007,-0.016,0.01,0.03,33507000.0,111952000.0,1.0,29810254.0,29702000,29702000.0,10.341,1056573000.0,0.0,408000.0,0.0,35.572,325483000.0
58,EQIX,MRT,2006-12-31,2006-12-31,2006-12-31,2021-08-02,3870000.0,771832000.0,713760250.0,166261000.0,605571000.0,0.402,12.435,-162291000.0,82563000.0,82563000.0,188379000.0,-6397000.0,2.122,1.174,279845000.0,4127000.0,275718000.0,279845000.0,0.0,72518000.0,0.0,0.0,0.0,8672000.0,81190000.0,0.283,81190000.0,8672000.0,-5958000.0,-0.22,-0.22,-0.22,355028000.0,326659750.0,355028000.0,2402158344.0,277.0,29.587,-86879000.0,-3.043,1.0,98536000.0,0.343,17441000.0,14630000.0,873320000.0,792566000.0,0.0,73918000.0,48831000.0,25087000.0,416804000.0,78353000.0,338451000.0,2206307344.0,-36704000.0,-9766000.0,38836000.0,6579000.0,0.0,46107000.0,-158470000.0,-3505000.0,75412000.0,247000.0,-6397000.0,-6397000.0,-6397000.0,0.0,0.0,-0.022,96622000.0,1914000.0,27269000.0,0.0,6.214,-344.897,-343.727,546395000.0,0.0,75.62,7.69,7.525,26864000.0,-553444000.0,286915000.0,286915000.0,0.0,-0.009,-0.02,0.011,0.03,30767000.0,104742000.0,1.0,29176241.0,28551000,28551000.0,10.049,754391000.0,0.0,439000.0,0.0,26.423,87908000.0
59,EQIX,MRT,2006-09-30,2006-09-30,2006-09-30,2021-08-02,2791000.0,730620000.0,691051500.0,176080000.0,554540000.0,0.389,11.397,-166164000.0,84639000.0,84639000.0,179760000.0,-48112000.0,1.643,1.23,280490000.0,43192000.0,237298000.0,280490000.0,0.0,68376000.0,0.0,0.0,0.0,-33642000.0,34734000.0,0.129,34734000.0,-33642000.0,-47252000.0,-1.9,-1.9,-1.9,327584000.0,310071000.0,327584000.0,1896890291.0,-56.0,54.612,-98052000.0,-3.411,1.0,89181000.0,0.332,22710000.0,13610000.0,796600000.0,754513000.0,0.0,81707000.0,61322000.0,20385000.0,403036000.0,107161000.0,295875000.0,1732990291.0,42066000.0,-9766000.0,30528000.0,95817000.0,0.0,165301000.0,-191437000.0,-15640000.0,68112000.0,90000.0,-48112000.0,-48112000.0,-48112000.0,0.0,0.0,-0.179,129282000.0,-40101000.0,23007000.0,0.0,5.29,-36.02,-31.632,499917000.0,0.0,60.1,6.444,6.423,24129000.0,-562555000.0,268941000.0,268941000.0,0.0,-0.07,-0.155,-0.045,-0.125,25526000.0,93941000.0,1.0,28835113.0,28743000,28743000.0,9.357,707910000.0,0.0,860000.0,0.0,24.629,68919000.0
60,EQIX,MRT,2006-06-30,2006-06-30,2006-06-30,2021-08-02,2486000.0,683173000.0,641741500.0,159737000.0,523436000.0,0.395,11.14,-158276000.0,77300000.0,77300000.0,171578000.0,-43727000.0,2.302,1.154,241200000.0,3062000.0,238138000.0,241200000.0,0.0,65806000.0,0.0,0.0,0.0,-31039000.0,34767000.0,0.137,34767000.0,-31039000.0,-42973000.0,-1.75,-1.75,-1.75,317127000.0,306944000.0,317127000.0,1727562710.0,-56.0,49.69,-95325000.0,-3.348,1.0,81733000.0,0.323,22660000.0,11934000.0,755033000.0,697402000.0,0.0,70639000.0,53524000.0,17115000.0,366046000.0,69380000.0,296666000.0,1566801710.0,10154000.0,-9766000.0,25933000.0,56237000.0,0.0,120882000.0,-173755000.0,-5844000.0,62951000.0,76000.0,-43727000.0,-43727000.0,-43727000.0,0.0,0.0,-0.173,118529000.0,-36796000.0,23582000.0,0.0,4.941,-35.831,-31.349,471765000.0,0.0,54.86,6.185,6.165,23347000.0,-557387000.0,253311000.0,253311000.0,0.0,-0.068,-0.142,-0.045,-0.123,19999000.0,84715000.0,1.0,28560002.0,28468000,28468000.0,8.898,660513000.0,0.0,754000.0,0.0,23.202,90357000.0
61,EQIX,MRT,2006-03-31,2006-03-31,2006-03-31,2021-08-02,1948000.0,669416000.0,602694500.0,166921000.0,502495000.0,0.394,11.021,-138983000.0,81125000.0,81125000.0,164826000.0,-41888000.0,2.667,1.181,241886000.0,2935000.0,238951000.0,241886000.0,0.0,64414000.0,0.0,0.0,0.0,-31151000.0,33263000.0,0.14,33263000.0,-31151000.0,-41465000.0,-1.7,-1.7,-1.7,306900000.0,305437250.0,306900000.0,1968969069.0,-63.0,59.194,-73990000.0,-2.657,1.0,72416000.0,0.305,22277000.0,10314000.0,745311000.0,643541250.0,0.0,81098000.0,62651000.0,18447000.0,362516000.0,62589000.0,299927000.0,1815781069.0,36915000.0,0.0,23356000.0,56133000.0,0.0,118001000.0,-146118000.0,-7266000.0,64993000.0,39000.0,-41888000.0,-41888000.0,-41888000.0,0.0,0.0,-0.177,108496000.0,-36080000.0,21185000.0,0.0,5.917,-43.348,-37.776,449236000.0,0.0,64.22,7.654,7.538,18470000.0,-552117000.0,237242000.0,237242000.0,0.0,-0.07,-0.137,-0.048,-0.131,13591000.0,74682000.0,1.0,28274386.0,27848000,27848000.0,8.519,647139000.0,0.0,423000.0,0.0,23.238,104332000.0
62,EQIX,MRT,2005-12-31,2005-12-31,2005-12-31,2021-08-02,1126000.0,680997000.0,564852000.0,191712000.0,489285000.0,0.391,12.05,-121048000.0,119267000.0,119267000.0,158354000.0,-42612000.0,2.097,1.359,272455000.0,32711000.0,239744000.0,272455000.0,0.0,62680000.0,0.0,0.0,0.0,-33164000.0,29516000.0,0.134,29516000.0,-33164000.0,-42069000.0,-1.78,-1.78,-1.78,288673000.0,306049750.0,288673000.0,1081275002.0,-33.0,36.634,-53453000.0,-2.231,1.0,62703000.0,0.284,21654000.0,8905000.0,721108000.0,597364500.0,0.0,69588000.0,52105000.0,17483000.0,392324000.0,91423000.0,300901000.0,985933002.0,93329000.0,0.0,12989000.0,83480000.0,0.0,134611000.0,-108722000.0,12201000.0,67595000.0,-155000.0,-42612000.0,-42612000.0,-42612000.0,0.0,0.0,-0.193,99476000.0,-36773000.0,22557000.0,0.0,3.415,-23.137,-22.899,438790000.0,0.0,40.76,4.46,4.417,17237000.0,-547047000.0,221057000.0,221057000.0,0.0,-0.075,-0.139,-0.056,-0.15,8277000.0,65662000.0,1.0,24188739.0,23956000,23956000.0,9.228,659343000.0,0.0,543000.0,0.0,27.523,100289000.0
63,EQIX,MRT,2005-09-30,2005-09-30,2005-09-30,2021-08-02,843000.0,533380000.0,520052250.0,103309000.0,430071000.0,0.393,13.087,-61218000.0,42573000.0,42573000.0,151344000.0,-32677000.0,2.634,0.693,137915000.0,955000.0,136960000.0,137915000.0,0.0,60519000.0,0.0,0.0,0.0,-23108000.0,37411000.0,0.183,37411000.0,-23108000.0,-32171000.0,-1.65,-1.65,-1.65,315076000.0,302308000.0,315076000.0,1064904679.0,-46.0,28.465,-1556000.0,-0.065,1.0,52904000.0,0.259,21344000.0,9063000.0,568156000.0,561808000.0,0.0,65717000.0,41248000.0,24469000.0,218304000.0,39222000.0,179082000.0,993946679.0,7493000.0,0.0,14875000.0,-4825000.0,0.0,10050000.0,-61965000.0,-2498000.0,59662000.0,-254000.0,-32677000.0,-32677000.0,-32677000.0,0.0,0.0,-0.16,79128000.0,-26224000.0,22567000.0,0.0,3.155,-30.417,-25.242,371005000.0,0.0,41.65,4.866,4.91,16199000.0,-514443000.0,204248000.0,204248000.0,0.0,-0.063,-0.108,-0.041,-0.113,7758000.0,61443000.0,1.0,23864266.0,24076000,24076000.0,8.483,512036000.0,0.0,506000.0,0.0,21.267,64087000.0
64,EQIX,MRT,2005-06-30,2005-06-30,2005-06-30,2021-08-02,1107000.0,526985000.0,503592750.0,126298000.0,400687000.0,0.374,13.112,-24683000.0,67146000.0,67146000.0,144699000.0,-38509000.0,3.416,0.694,138104000.0,898000.0,137206000.0,138104000.0,0.0,58463000.0,0.0,0.0,0.0,-28680000.0,29783000.0,0.158,29783000.0,-28680000.0,-38167000.0,-1.98,-1.98,-1.98,311100000.0,296338250.0,311100000.0,1115705372.0,-39.0,37.461,30398000.0,1.281,1.0,43892000.0,0.233,21384000.0,9487000.0,539590000.0,542775250.0,0.0,64883000.0,40974000.0,23909000.0,215885000.0,36969000.0,178916000.0,1021167372.0,23085000.0,0.0,12331000.0,-4302000.0,0.0,8029000.0,-39711000.0,-16779000.0,55081000.0,-314000.0,-38509000.0,-38509000.0,-38509000.0,0.0,0.0,-0.204,74948000.0,-31056000.0,26492000.0,0.0,3.282,-26.518,-21.889,345117000.0,0.0,43.34,5.415,5.453,15720000.0,-513660000.0,188591000.0,188591000.0,0.0,-0.076,-0.13,-0.053,-0.152,6400000.0,57263000.0,1.0,23561776.0,23727000,23727000.0,7.948,505601000.0,0.0,342000.0,0.0,21.309,89329000.0
65,EQIX,MRT,2005-03-31,2005-03-31,2005-03-31,2021-08-02,1700000.0,518046000.0,488017500.0,107246000.0,410800000.0,0.36,14.127,-23538000.0,44210000.0,44210000.0,140038000.0,-44283000.0,3.558,0.675,138748000.0,1446000.0,137302000.0,138748000.0,0.0,56659000.0,0.0,0.0,0.0,-33994000.0,22665000.0,0.129,22665000.0,-33994000.0,-43819000.0,-2.35,-2.35,-2.35,309350000.0,292634000.0,309350000.0,1124016627.0,-33.0,49.593,22286000.0,1.018,1.0,35497000.0,0.202,21842000.0,9825000.0,560604000.0,529569250.0,0.0,73926000.0,46367000.0,27559000.0,208696000.0,30138000.0,178558000.0,992676627.0,-17080000.0,0.0,9576000.0,-3512000.0,0.0,6064000.0,-68611000.0,-46914000.0,45824000.0,-267000.0,-44283000.0,-44283000.0,-44283000.0,0.0,0.0,-0.252,71207000.0,-35710000.0,20474000.0,0.0,3.209,-22.417,-18.017,350986000.0,0.0,42.34,5.655,5.282,14241000.0,-510229000.0,175535000.0,175535000.0,0.0,-0.091,-0.151,-0.064,-0.194,3911000.0,53522000.0,1.0,23445362.0,21898000,21898000.0,8.016,496204000.0,0.0,464000.0,0.0,22.66,77108000.0
66,EQIX,MRT,2004-12-31,2004-12-31,2004-12-31,2021-08-02,2257000.0,501798000.0,475299250.0,107082000.0,394716000.0,0.344,15.447,-22476000.0,25938000.0,25938000.0,136950000.0,-68631000.0,3.322,0.833,157278000.0,675000.0,156603000.0,157278000.0,0.0,55926000.0,0.0,0.0,0.0,-56982000.0,-1056000.0,-0.006,-1056000.0,-56982000.0,-68478000.0,-3.87,-3.87,-3.87,273706000.0,291027250.0,273706000.0,865682063.0,-15.0,-819.775,14436000.0,0.815,1.0,26721000.0,0.163,22018000.0,11496000.0,578882000.0,506672000.0,0.0,82154000.0,64499000.0,17655000.0,228092000.0,32238000.0,195854000.0,788952063.0,-931000.0,0.0,7289000.0,11950000.0,0.0,19239000.0,-56865000.0,-36140000.0,36912000.0,-217000.0,-68631000.0,-68631000.0,-68631000.0,0.0,0.0,-0.419,68783000.0,-42062000.0,19822000.0,0.0,2.882,-11.496,-11.044,343361000.0,0.0,42.74,4.82,4.627,11919000.0,-504435000.0,163671000.0,163671000.0,0.0,-0.144,-0.236,-0.112,-0.348,1467000.0,51098000.0,1.0,18459337.0,17719000,17719000.0,9.237,479780000.0,0.0,153000.0,0.0,27.077,74844000.0
67,EQIX,MRT,2004-09-30,2004-09-30,2004-09-30,2021-08-02,1183000.0,467542000.0,465982750.0,113667000.0,353875000.0,0.326,15.838,-18639000.0,42584000.0,42584000.0,134799000.0,-63659000.0,3.674,0.606,119314000.0,0.0,119314000.0,119314000.0,0.0,56341000.0,0.0,0.0,0.0,-49499000.0,6842000.0,0.045,6842000.0,-49499000.0,-63459000.0,-4.11,-4.11,-4.11,291197000.0,302620000.0,291197000.0,628742015.0,-13.0,91.894,10725000.0,0.583,1.0,17037000.0,0.112,21311000.0,13960000.0,492025000.0,481077750.0,0.0,56229000.0,54988000.0,1241000.0,176345000.0,30936000.0,145409000.0,561237015.0,13357000.0,0.0,108674000.0,-45506000.0,0.0,63168000.0,-78859000.0,-58014000.0,29364000.0,-316000.0,-63659000.0,-63659000.0,-63659000.0,0.0,0.0,-0.419,51258000.0,-34221000.0,21573000.0,0.0,1.927,-8.816,-7.487,318234000.0,0.0,30.77,3.696,3.726,12875000.0,-481766000.0,151836000.0,151836000.0,0.0,-0.137,-0.21,-0.103,-0.326,2905000.0,51258000.0,1.0,18239747.0,18386000,18386000.0,8.258,446231000.0,0.0,200000.0,0.0,24.27,82731000.0
68,EQIX,MRT,2004-06-30,2004-06-30,2004-06-30,2021-08-02,845000.0,464684000.0,455193750.0,106612000.0,358072000.0,0.308,16.287,-14530000.0,51563000.0,51563000.0,133803000.0,-76762000.0,4.376,0.568,119068000.0,0.0,119068000.0,119068000.0,0.0,57157000.0,0.0,0.0,0.0,-59476000.0,-2319000.0,-0.017,-2319000.0,-59476000.0,-76562000.0,-5.87,-5.87,-5.87,296283000.0,287710500.0,296283000.0,662211606.0,-11.0,-285.559,5823000.0,0.32,1.0,6513000.0,0.046,21059000.0,17086000.0,486766000.0,482170250.0,0.0,40836000.0,40836000.0,0.0,168401000.0,24364000.0,144037000.0,614586606.0,19804000.0,0.0,108772000.0,-46193000.0,0.0,62579000.0,-62981000.0,-46231000.0,20353000.0,-147000.0,-76762000.0,-76762000.0,-76762000.0,0.0,0.0,-0.547,50422000.0,-43909000.0,17895000.0,0.0,2.074,-8.006,-5.782,324548000.0,0.0,33.94,4.38,4.4,12595000.0,-475151000.0,140316000.0,140316000.0,0.0,-0.169,-0.267,-0.123,-0.424,2905000.0,50422000.0,1.0,18108032.0,18191000,18191000.0,7.713,443625000.0,0.0,200000.0,0.0,24.387,82248000.0
69,EQIX,MRT,2004-03-31,2004-03-31,2004-03-31,2021-08-02,1452000.0,467173000.0,448372250.0,100885000.0,366288000.0,0.288,20.056,-10054000.0,68843000.0,68843000.0,131287000.0,-88760000.0,4.14,0.542,116468000.0,0.0,116468000.0,116468000.0,0.0,58097000.0,0.0,0.0,0.0,-68736000.0,-10639000.0,-0.082,-10639000.0,-68736000.0,-88566000.0,-7.8,-7.8,-7.8,302923000.0,275900500.0,302923000.0,599989074.0,-9.0,-56.395,-1281000.0,-0.085,1.0,-1960000.0,-0.015,21412000.0,19830000.0,469015000.0,488459250.0,0.0,19795000.0,19795000.0,0.0,164250000.0,24371000.0,139879000.0,561821074.0,40312000.0,0.0,108465000.0,-39518000.0,0.0,68947000.0,-37253000.0,-27109000.0,8773000.0,-245000.0,-88760000.0,-88760000.0,-88760000.0,0.0,0.0,-0.686,51033000.0,-52993000.0,18416000.0,0.0,1.855,-6.33,-4.645,334295000.0,0.0,36.23,4.344,4.231,10079000.0,-465946000.0,129327000.0,129327000.0,0.0,-0.198,-0.322,-0.141,-0.531,2905000.0,51033000.0,1.0,15507068.0,15104000,15104000.0,8.562,445761000.0,0.0,194000.0,0.0,29.513,76514000.0
70,EQIX,MRT,2003-12-31,2003-12-31,2003-12-31,2021-08-02,1198000.0,464532000.0,444450500.0,86288000.0,378244000.0,0.265,33.327,-5296000.0,26869000.0,26869000.0,128121000.0,-84171000.0,2.24,0.451,98596000.0,14689000.0,83907000.0,98596000.0,0.0,60642000.0,0.0,0.0,0.0,-63659000.0,-3017000.0,-0.026,-3017000.0,-63659000.0,-84171000.0,-8.76,-8.76,-8.76,320077000.0,264941000.0,320077000.0,396510119.0,-6.0,-131.425,-22562000.0,-2.349,1.0,-10179000.0,-0.086,21228000.0,20512000.0,476505000.0,503219500.0,0.0,46102000.0,46102000.0,0.0,144455000.0,38526000.0,105929000.0,265760119.0,-14347000.0,0.0,106564000.0,-54276000.0,0.0,52288000.0,-49179000.0,-43883000.0,-17266000.0,-190000.0,-84171000.0,-84171000.0,-84171000.0,0.0,0.0,-0.714,53776000.0,-63955000.0,18052000.0,0.0,0.83,-3.157,-3.22,343554000.0,0.0,28.21,2.253,2.297,10178000.0,-435804000.0,117942000.0,117942000.0,0.0,-0.189,-0.318,-0.127,-0.54,2905000.0,53776000.0,1.0,9420777.0,9604000,9604000.0,12.281,443304000.0,0.0,0.0,0.0,46.158,47762000.0
71,EQIX,MRT,2003-09-30,2003-09-30,2003-09-30,2021-08-02,683000.0,424386000.0,451318250.0,41168000.0,383218000.0,0.23,24.918,-33014000.0,21723000.0,21723000.0,121041000.0,-5753000.0,1.18,0.833,152473000.0,12414000.0,140059000.0,152473000.0,0.0,60795000.0,0.0,0.0,0.0,18251000.0,79046000.0,0.763,79046000.0,18251000.0,-5753000.0,13.33,13.33,13.33,231559000.0,255970250.0,231559000.0,297151303.0,16.0,3.759,-51126000.0,-5.502,1.0,-17450000.0,-0.168,23846000.0,24004000.0,496395000.0,518726000.0,0.0,5693000.0,3500000.0,2193000.0,192827000.0,34895000.0,157932000.0,169369303.0,12413000.0,0.0,1521000.0,4894000.0,0.0,35595000.0,-5204000.0,-3104000.0,-18112000.0,134000.0,-5753000.0,-5753000.0,-5753000.0,0.0,0.0,-0.056,51488000.0,-68938000.0,4371000.0,0.0,0.731,-29.44,1.398,347846000.0,0.0,18.64,1.635,1.672,9393000.0,-418107000.0,103591000.0,103591000.0,0.0,-0.013,-0.022,0.035,0.176,6878000.0,51563000.0,1.0,9086336.0,9293000,9293000.0,11.147,400540000.0,0.0,0.0,0.0,43.101,6273000.0
72,EQIX,MRT,2003-06-30,2003-06-30,2003-06-30,2021-08-02,189000.0,437398000.0,452301250.0,40454000.0,396944000.0,0.205,28.606,-32652000.0,24257000.0,24257000.0,113944000.0,-30123000.0,1.383,0.756,152039000.0,9964000.0,142075000.0,152039000.0,0.0,60219000.0,0.0,0.0,0.0,-3417000.0,56802000.0,0.612,56802000.0,-3417000.0,-30123000.0,1.41,1.41,1.41,249043000.0,235047000.0,249043000.0,198797502.0,-58.0,3.5,-56558000.0,-6.496,1.0,-21085000.0,-0.227,24013000.0,26706000.0,511922000.0,530093000.0,0.0,2187000.0,0.0,2187000.0,188355000.0,29245000.0,159110000.0,66872502.0,7482000.0,0.0,554000.0,-1264000.0,0.0,28470000.0,2853000.0,4577000.0,-23906000.0,65000.0,-30123000.0,-30123000.0,-30123000.0,0.0,0.0,-0.324,69654000.0,-90739000.0,12901000.0,0.0,0.269,-2.22,5.567,360922000.0,0.0,7.85,0.72,0.736,9965000.0,-398389000.0,92859000.0,92859000.0,0.0,-0.067,-0.128,-0.006,-0.037,6878000.0,50719000.0,1.0,8518790.0,8706000,8706000.0,10.666,413385000.0,0.0,0.0,0.0,47.483,11209000.0
73,EQIX,MRT,2003-03-31,2003-03-31,2003-03-31,2021-08-02,-30000.0,451486000.0,460540750.0,40261000.0,411225000.0,0.179,30.438,-32726000.0,20978000.0,20978000.0,109266000.0,-33477000.0,1.31,0.743,152903000.0,6114000.0,146789000.0,152903000.0,0.0,58802000.0,0.0,0.0,0.0,-3237000.0,55565000.0,0.674,55565000.0,-3237000.0,-33477000.0,-4.09,-4.09,-4.09,259085000.0,220356000.0,259085000.0,138855118.0,-43.0,2.499,-77748000.0,-9.134,1.0,-26801000.0,-0.325,24627000.0,30240000.0,528056000.0,547321500.0,0.0,2418000.0,0.0,2418000.0,192401000.0,30728000.0,161673000.0,25075118.0,-12775000.0,0.0,355000.0,-13589000.0,0.0,15946000.0,15693000.0,24419000.0,-45022000.0,608000.0,-33477000.0,-33477000.0,-33477000.0,0.0,0.0,-0.406,79507000.0,-106308000.0,13937000.0,0.0,0.097,-0.749,-0.721,373936000.0,0.0,2.95,0.304,0.304,10675000.0,-377186000.0,82465000.0,82465000.0,0.0,-0.073,-0.152,-0.006,-0.039,6878000.0,50622000.0,1.0,8500040.0,8512000,8512000.0,9.688,426859000.0,0.0,0.0,0.0,50.148,9533000.0
74,EQIX,MRT,2002-12-31,2002-12-31,2002-12-31,2021-08-02,617000.0,492003000.0,480591000.0,63495000.0,428508000.0,0.161,95.048,-35216000.0,41216000.0,41216000.0,104073000.0,-21618000.0,1.375,0.731,154996000.0,7572000.0,147424000.0,154996000.0,0.0,54082000.0,0.0,0.0,0.0,13480000.0,67562000.0,0.875,67562000.0,13480000.0,-21618000.0,-7.23,-7.23,-7.23,284194000.0,206976750.0,284194000.0,256362264.0,19.0,3.794,-62725000.0,-20.978,1.0,-26885000.0,-0.348,21081000.0,35098000.0,538531000.0,599487500.0,0.0,4407000.0,1981000.0,2426000.0,207809000.0,46171000.0,161638000.0,17615264.0,-17615000.0,0.0,537000.0,-12793000.0,0.0,16924000.0,-7528000.0,27688000.0,-27509000.0,498000.0,-21618000.0,-21618000.0,-21618000.0,0.0,0.0,-0.28,74791000.0,-101676000.0,20347000.0,0.0,0.062,-0.815,-0.788,390048000.0,0.0,5.7,0.228,0.221,9152000.0,-351633000.0,77188000.0,77188000.0,0.0,-0.045,-0.104,0.022,0.175,6878000.0,45906000.0,1.0,3090397.0,2990000,2990000.0,25.815,470922000.0,0.0,0.0,0.0,157.499,17324000.0
75,EQIX,MRT,2002-09-30,2002-09-30,2002-09-30,2021-08-02,546000.0,428318000.0,501353750.0,29271000.0,399047000.0,0.151,47.076,-84758000.0,9310000.0,9310000.0,98895000.0,-109786000.0,0.234,1.897,248057000.0,105562000.0,142495000.0,248057000.0,0.0,52700000.0,0.0,0.0,0.0,-72513000.0,-19813000.0,-0.261,-19813000.0,-72513000.0,-109786000.0,-37.52,-37.52,-37.52,147866000.0,186808500.0,147866000.0,270952002.0,-4.0,-13.675,-131296000.0,-41.801,1.0,-23044000.0,-0.304,0.0,37273000.0,541863000.0,654686250.0,0.0,3876000.0,2359000.0,1517000.0,280452000.0,125202000.0,155250000.0,33476002.0,-75341000.0,0.0,578000.0,-61613000.0,0.0,-61035000.0,32291000.0,83914000.0,-46538000.0,-59000.0,-109786000.0,-109786000.0,-109786000.0,0.0,0.0,-1.447,78797000.0,-101841000.0,9862000.0,0.0,0.226,-0.305,-0.29,386699000.0,0.0,10.88,0.441,0.451,6721000.0,-412354000.0,75851000.0,75851000.0,0.0,-0.219,-0.588,-0.111,-0.956,19044000.0,49837000.0,1.0,3076838.0,3141000,3141000.0,24.149,428318000.0,0.0,0.0,0.0,136.364,-95931000.0
76,EQIX,MRT,2002-06-30,2002-06-30,2002-06-30,2021-08-02,536000.0,470356000.0,556459000.0,33141000.0,437215000.0,0.131,61.539,-118751000.0,16775000.0,16775000.0,97275000.0,-147272000.0,0.261,1.472,254251000.0,112756000.0,141495000.0,254251000.0,0.0,51055000.0,0.0,0.0,0.0,-106874000.0,-55819000.0,-0.766,-55819000.0,-106874000.0,-147272000.0,-56.44,-56.44,-56.44,190279000.0,206773250.0,190279000.0,279469394.0,-3.0,-5.007,-175621000.0,-56.799,1.0,-24433000.0,-0.335,0.0,40398000.0,580836000.0,720134000.0,0.0,33053000.0,6536000.0,26517000.0,280077000.0,126996000.0,153081000.0,31586394.0,-107228000.0,0.0,773000.0,-56922000.0,0.0,-56149000.0,4302000.0,85671000.0,-56870000.0,1489000.0,-147272000.0,-147272000.0,-147272000.0,0.0,0.0,-2.022,113908000.0,-138341000.0,11247000.0,0.0,0.166,-0.214,-0.198,399712000.0,0.0,11.2,0.434,0.475,6409000.0,-368266000.0,72842000.0,72842000.0,0.0,-0.265,-0.712,-0.148,-1.467,19044000.0,55393000.0,1.0,2820214.0,3092000,3092000.0,23.558,470356000.0,0.0,0.0,0.0,152.12,-93855000.0
77,EQIX,MRT,2002-03-31,2002-03-31,2002-03-31,2021-08-02,32000.0,531687000.0,616067000.0,74359000.0,457328000.0,0.115,77.398,-124971000.0,33753000.0,33753000.0,96637000.0,-160572000.0,1.735,1.586,281636000.0,8640000.0,272996000.0,281636000.0,0.0,51179000.0,0.0,0.0,0.0,-117610000.0,-66431000.0,-0.936,-66431000.0,-117610000.0,-160572000.0,-63.86,-63.86,-63.86,205568000.0,235299000.0,205568000.0,350106059.0,-3.0,-5.27,-176471000.0,-66.442,1.0,-25678000.0,-0.362,0.0,42962000.0,736720000.0,796797000.0,0.0,51647000.0,23654000.0,27993000.0,326119000.0,42850000.0,283269000.0,102505059.0,-132116000.0,0.0,751000.0,-22887000.0,0.0,-22136000.0,-59412000.0,55784000.0,-51500000.0,932000.0,-160572000.0,-160572000.0,-160572000.0,0.0,0.0,-2.263,110796000.0,-136474000.0,18869000.0,0.0,0.499,-0.638,-0.606,417608000.0,0.0,38.72,1.445,1.449,8067000.0,-343709000.0,70959000.0,70959000.0,0.0,-0.261,-0.682,-0.148,-1.657,19044000.0,62231000.0,1.0,2647341.0,2656000,2656000.0,26.716,531687000.0,0.0,0.0,0.0,200.183,31509000.0
78,EQIX,MRT,2001-12-31,2001-12-31,2001-12-31,2021-08-02,135000.0,575054000.0,670103750.0,103218000.0,471836000.0,0.095,82.766,-156827000.0,58831000.0,58831000.0,94889000.0,-188415000.0,1.63,1.826,306432000.0,7206000.0,299226000.0,306432000.0,0.0,49645000.0,0.0,0.0,0.0,-144605000.0,-94960000.0,-1.497,-94960000.0,-144605000.0,-188415000.0,-76.62,-76.62,-76.62,203521000.0,268212000.0,203521000.0,499943537.0,-3.0,-5.265,-225681000.0,-91.778,1.0,-31475000.0,-0.496,0.0,43810000.0,759326000.0,818105750.0,0.0,56934000.0,28937000.0,27997000.0,371533000.0,63329000.0,308204000.0,232100537.0,-115942000.0,0.0,1900000.0,105899000.0,0.0,107799000.0,-153014000.0,3813000.0,-68854000.0,-1873000.0,-188415000.0,-188415000.0,-188415000.0,0.0,0.0,-2.971,123786000.0,-155261000.0,11109000.0,0.0,1.14,-1.232,-1.211,428917000.0,0.0,92.8,3.66,3.598,6909000.0,-330015000.0,63414000.0,63414000.0,0.0,-0.281,-0.702,-0.177,-2.28,19044000.0,75221000.0,1.0,2501083.0,2459000,2459000.0,25.789,575054000.0,0.0,0.0,0.0,233.857,39889000.0
79,EQIX,MRT,2001-09-30,2001-09-30,2001-09-30,2021-08-02,830000.0,648739000.0,697211500.0,187003000.0,461736000.0,0.077,92.175,-175528000.0,84651000.0,84651000.0,96732000.0,-203853000.0,1.656,1.849,352494000.0,52025000.0,300469000.0,352494000.0,0.0,44430000.0,0.0,0.0,0.0,-162156000.0,-117726000.0,-2.18,-117726000.0,-162156000.0,-203853000.0,-66.43,-66.43,-66.43,227725000.0,311110750.0,227725000.0,265527135.0,-2.0,-2.255,-258311000.0,-104.556,1.0,-42729000.0,-0.791,0.0,41697000.0,803654000.0,776837500.0,0.0,113765000.0,85890000.0,27875000.0,421014000.0,112928000.0,308086000.0,35862135.0,-189218000.0,0.0,1386000.0,142040000.0,0.0,143361000.0,-250401000.0,-41237000.0,-82783000.0,605000.0,-203853000.0,-203853000.0,-203853000.0,0.0,0.0,-3.775,133455000.0,-176184000.0,20814000.0,0.0,0.157,-0.176,-0.217,418344000.0,0.0,14.4,0.664,0.659,8250000.0,-302568000.0,54003000.0,54003000.0,0.0,-0.292,-0.655,-0.209,-3.003,29893000.0,84890000.0,1.0,2490426.0,2470562,2470562.0,21.859,648739000.0,0.0,0.0,0.0,262.588,74075000.0
80,EQIX,MRT,2001-06-30,2001-06-30,2001-06-30,2021-08-02,-933000.0,708788000.0,710203750.0,246428000.0,462360000.0,0.057,124.763,-238953000.0,124003000.0,124003000.0,84774000.0,-154364000.0,4.835,1.329,353668000.0,7000000.0,346668000.0,353668000.0,0.0,35215000.0,0.0,0.0,0.0,-117490000.0,-82275000.0,-2.019,-82275000.0,-117490000.0,-154364000.0,-55.87,-55.87,-55.87,304382000.0,357355250.0,304382000.0,243761183.0,-2.0,-2.963,-319962000.0,-131.149,1.0,-44016000.0,-1.08,0.0,36874000.0,887488000.0,710403250.0,0.0,128128000.0,107207000.0,20921000.0,404406000.0,50965000.0,353441000.0,85235183.0,-24937000.0,0.0,253560000.0,147467000.0,0.0,401027000.0,-344006000.0,-79201000.0,-81009000.0,-949000.0,-154364000.0,-154364000.0,-154364000.0,0.0,0.0,-3.787,89531000.0,-133547000.0,16236000.0,0.0,0.28,-0.552,-0.613,425243000.0,0.0,34.24,2.091,2.05,6305000.0,-220994000.0,40758000.0,40758000.0,0.0,-0.217,-0.432,-0.165,-2.883,29893000.0,89531000.0,1.0,2489345.0,2439688,2439688.0,16.706,708788000.0,0.0,0.0,0.0,290.524,195463000.0
81,EQIX,MRT,2001-03-31,2001-03-31,2001-03-31,2021-08-02,-896000.0,747834000.0,645624750.0,281349000.0,466485000.0,0.039,141.281,-368963000.0,165869000.0,165869000.0,63758000.0,-143318000.0,3.333,1.218,324395000.0,5415000.0,318980000.0,324395000.0,0.0,23705000.0,0.0,0.0,0.0,-111405000.0,-87700000.0,-3.44,-87700000.0,-111405000.0,-143318000.0,-124.35,-124.35,-124.35,337220000.0,280516750.0,337220000.0,118440998.0,-1.0,-1.351,-452259000.0,-189.477,1.0,-38265000.0,-1.501,0.0,31913000.0,821955000.0,596758500.0,0.0,116069000.0,95670000.0,20399000.0,410614000.0,84405000.0,326209000.0,96373998.0,-21807000.0,0.0,254969000.0,119450000.0,0.0,468772000.0,-406396000.0,-69054000.0,-83296000.0,-887000.0,-143318000.0,-143318000.0,-143318000.0,0.0,0.0,-5.622,89855000.0,-128120000.0,12451000.0,0.0,0.286,-0.672,-0.322,431258000.0,0.0,40.0,3.78,3.745,6378000.0,-183137000.0,25493000.0,25493000.0,0.0,-0.222,-0.511,-0.187,-4.37,29893000.0,89855000.0,1.0,2409350.0,2386875,2386875.0,10.68,747834000.0,0.0,0.0,0.0,313.311,196944000.0
82,EQIX,MRT,2000-12-31,2000-12-31,2000-12-31,2021-08-02,1919000.0,683485000.0,501715500.0,237976000.0,445509000.0,0.026,348.297,-370768000.0,174773000.0,174773000.0,43401000.0,-119790000.0,2.138,0.822,196840000.0,4426000.0,192414000.0,196840000.0,0.0,14816000.0,0.0,0.0,0.0,-90679000.0,-75863000.0,-5.828,-75863000.0,-90679000.0,-119790000.0,-111.23,-111.23,-111.23,375116000.0,191794000.0,375116000.0,262945442.0,-3.0,-3.466,-438841000.0,-407.466,1.0,-30385000.0,-2.334,0.0,29111000.0,594253000.0,443755000.0,0.0,69292000.0,47905000.0,21387000.0,308369000.0,111299000.0,197070000.0,335463442.0,-28392000.0,0.0,254532000.0,-9038000.0,0.0,339847000.0,-302158000.0,-10961000.0,-68073000.0,1992000.0,-119790000.0,-119790000.0,-119790000.0,0.0,0.0,-9.203,76724000.0,-107109000.0,13717000.0,0.0,0.894,-2.8,-1.26,410274000.0,0.0,140.16,25.773,11.597,4925000.0,-141600000.0,13016000.0,13016000.0,0.0,-0.239,-0.625,-0.204,-6.967,29893000.0,76724000.0,1.0,2393432.0,1077000,1077000.0,12.085,683485000.0,0.0,0.0,0.0,634.619,126677000.0
83,EQIX,MRT,2000-09-30,2000-09-30,2000-09-30,2021-08-02,-79000.0,700708000.0,,346256000.0,354452000.0,,290.036,-289582000.0,273869000.0,273869000.0,23595000.0,-86943000.0,3.836,0.698,201351000.0,6535000.0,194816000.0,201351000.0,0.0,7191000.0,0.0,0.0,0.0,-63815000.0,-56624000.0,-11.329,-56624000.0,-63815000.0,-86943000.0,-168.32,-168.32,-168.32,412703000.0,,412703000.0,164808136.0,-3.0,-2.911,-328730000.0,-231.022,1.0,-18597000.0,-3.721,0.0,23128000.0,537917000.0,,0.0,80858000.0,63021000.0,17837000.0,288005000.0,90273000.0,197732000.0,116050136.0,240474000.0,0.0,256015000.0,205370000.0,0.0,584849000.0,-305227000.0,-67842000.0,-39148000.0,0.0,-86943000.0,-86943000.0,-86943000.0,0.0,0.0,-17.396,58825000.0,-77422000.0,10287000.0,0.0,0.281,-1.335,-1.688,326607000.0,0.0,284.16,23.219,80.901,5420000.0,-98715000.0,4998000.0,4998000.0,0.0,,,,-12.768,0.0,62847000.0,1.0,408397.0,1422938,1422938.0,3.512,700708000.0,0.0,0.0,0.0,492.437,255983000.0
84,EQIX,MRT,2000-06-30,2000-06-30,2000-06-30,2021-08-02,-38000.0,450472000.0,,190097000.0,260375000.0,,-9.287,-207309000.0,148940000.0,148940000.0,11551000.0,-61146000.0,2.866,-88.11,197698000.0,4687000.0,193011000.0,197698000.0,0.0,4083000.0,0.0,,0.0,-44258000.0,-40175000.0,-37.723,-40175000.0,-44258000.0,-61146000.0,-224.32,-224.32,-224.32,-2972000.0,,-2972000.0,,,,-239671000.0,-748.899,1.0,-10486000.0,-9.846,0.0,16888000.0,432909000.0,,0.0,48873000.0,37190000.0,11683000.0,261864000.0,66321000.0,195543000.0,,145084000.0,0.0,3568000.0,205960000.0,0.0,388767000.0,-211321000.0,-46800000.0,-32362000.0,0.0,-61146000.0,-61146000.0,-61146000.0,0.0,0.0,-57.414,43270000.0,-53756000.0,8838000.0,0.0,,,,237741000.0,0.0,,,,2327000.0,-66630000.0,1065000.0,1065000.0,0.0,,,,-41.557,0.0,44394000.0,1.0,408397.0,320031,320031.0,3.328,450472000.0,0.0,0.0,0.0,1407.589,123776000.0
85,EQIX,MRT,2000-03-31,2000-03-31,2000-03-31,2021-08-02,,,,,,,,,,,6546000.0,-37455000.0,,,,,,,,,,,0.0,-26625000.0,,,,-26625000.0,-37455000.0,-201.28,-201.28,-201.28,,,,,,,,,1.0,-6373000.0,-36.838,,10830000.0,,,,,,,,,,,,,,,,,,,,,-37455000.0,-37455000.0,-37455000.0,0.0,0.0,-216.503,25946000.0,-32319000.0,,0.0,,,,,0.0,,,,,,173000.0,173000.0,0.0,,,,-153.902,,26321000.0,1.0,,234875,234875.0,0.737,,,0.0,,,
86,EQIX,MRT,1999-12-31,1999-12-31,1999-12-31,2021-08-02,14000.0,319946000.0,,249860000.0,70086000.0,,64.966,-42386000.0,203165000.0,203165000.0,3268000.0,-20791000.0,12.081,25.289,197158000.0,4395000.0,192763000.0,197158000.0,0.0,609000.0,0.0,,0.0,-17645000.0,-17036000.0,-460.432,-17036000.0,-17645000.0,-20791000.0,-159.36,-159.36,-159.36,8472000.0,,8472000.0,,,,-52294000.0,-401.009,1.0,-3231000.0,-87.324,0.0,3146000.0,293257000.0,,0.0,58418000.0,44920000.0,13498000.0,214247000.0,20682000.0,193565000.0,,199000000.0,0.0,1276000.0,209016000.0,0.0,295178000.0,-86270000.0,-53404000.0,-9908000.0,0.0,-20791000.0,-20791000.0,-20791000.0,0.0,0.0,-561.919,16552000.0,-19783000.0,4143000.0,0.0,,,,46756000.0,0.0,,,,178000.0,-21810000.0,37000.0,37000.0,0.0,,,,-476.892,0.0,16552000.0,1.0,,130406,130406.0,0.284,319946000.0,0.0,0.0,0.0,2453.461,229178000.0
87,EQIX,MRT,1999-09-30,1999-09-30,1999-09-30,2021-08-02,,,,,,,,,,,,,,,,,,,,,,,0.0,,,,,,,,,,,,,,,,,,1.0,,,,,,,,,,,,,,,,,,,,,,,,,,,,,,,,,,,,,,,,,,,,,,,,,,,,,,1.0,,80062,,,,,,,,
88,EQIX,MRT,1999-06-30,1999-06-30,1999-06-30,2021-08-02,,,,,,,,,,,,,,,,,,,,,,,0.0,,,,,,,,,,,,,,,,,,1.0,,,,,,,,,,,,,,,,,,,,,,,,,,,,,,,,,,,,,,,,,,,,,,,,,,,,,,1.0,,635656,,,,,,,,
