None,ticker,dimension,calendardate,datekey,reportperiod,lastupdated,accoci,assets,assetsavg,assetsc,assetsnc,assetturnover,bvps,capex,cashneq,cashnequsd,cor,consolinc,currentratio,de,debt,debtc,debtnc,debtusd,deferredrev,depamor,deposits,divyield,dps,ebit,ebitda,ebitdamargin,ebitdausd,ebitusd,ebt,eps,epsdil,epsusd,equity,equityavg,equityusd,ev,evebit,evebitda,fcf,fcfps,fxusd,gp,grossmargin,intangibles,intexp,invcap,invcapavg,inventory,investments,investmentsc,investmentsnc,liabilities,liabilitiesc,liabilitiesnc,marketcap,ncf,ncfbus,ncfcommon,ncfdebt,ncfdiv,ncff,ncfi,ncfinv,ncfo,ncfx,netinc,netinccmn,netinccmnusd,netincdis,netincnci,netmargin,opex,opinc,payables,payoutratio,pb,pe,pe1,ppnenet,prefdivis,price,ps,ps1,receivables,retearn,revenue,revenueusd,rnd,roa,roe,roic,ros,sbcomp,sgna,sharefactor,sharesbas,shareswa,shareswadil,sps,tangibles,taxassets,taxexp,taxliabilities,tbvps,workingcapital
0,SIAL,MRY,2014-12-31,2014-12-31,2014-12-31,2019-02-05,-18000000.0,4195000000.0,4007250000.0,2247000000.0,1948000000.0,0.695,26.303,-118000000.0,958000000.0,958000000.0,1366000000.0,500000000.0,4.586,0.34,445000000.0,145000000.0,300000000.0,445000000.0,0.0,132000000.0,0.0,0.007,0.92,681000000.0,813000000.0,0.292,813000000.0,681000000.0,677000000.0,4.2,4.17,4.2,3130000000.0,3065750000.0,3130000000.0,15760846955.0,23.0,19.386,522000000.0,4.387,1.0,1419000000.0,0.51,1048000000.0,4000000.0,2144000000.0,2141750000.0,699000000.0,0.0,0.0,0.0,1065000000.0,490000000.0,575000000.0,16346846955.0,236000000.0,-170000000.0,-52000000.0,81000000.0,-109000000.0,-71000000.0,-296000000.0,-3000000.0,640000000.0,-37000000.0,500000000.0,500000000.0,500000000.0,0.0,0.0,0.18,738000000.0,681000000.0,183000000.0,0.219,5.223,32.694,32.683,786000000.0,0.0,137.27,5.87,5.865,397000000.0,5049000000.0,2785000000.0,2785000000.0,65000000.0,0.125,0.163,0.318,0.245,23000000.0,639000000.0,1.0,119085357.0,119000000,120000000.0,23.403,3147000000.0,46000000.0,177000000.0,69000000.0,26.445,1757000000.0
1,SIAL,MRY,2013-12-31,2013-12-31,2013-12-31,2019-02-05,120000000.0,3805000000.0,3707750000.0,1921000000.0,1884000000.0,0.729,24.125,-100000000.0,722000000.0,722000000.0,1343000000.0,491000000.0,5.016,0.314,365000000.0,65000000.0,300000000.0,365000000.0,0.0,138000000.0,0.0,0.009,0.86,661000000.0,799000000.0,0.295,799000000.0,661000000.0,657000000.0,4.09,4.06,4.09,2895000000.0,2723250000.0,2895000000.0,10975773961.0,17.0,13.737,541000000.0,4.508,1.0,1361000000.0,0.503,946000000.0,4000000.0,2119000000.0,2126750000.0,699000000.0,0.0,0.0,0.0,910000000.0,383000000.0,527000000.0,11249773961.0,-2000000.0,13000000.0,-119000000.0,-318000000.0,-103000000.0,-533000000.0,-108000000.0,-17000000.0,641000000.0,-2000000.0,491000000.0,491000000.0,491000000.0,0.0,0.0,0.182,700000000.0,661000000.0,152000000.0,0.21,3.886,22.912,22.985,806000000.0,0.0,94.01,4.16,4.172,382000000.0,4658000000.0,2704000000.0,2704000000.0,66000000.0,0.132,0.18,0.311,0.244,22000000.0,612000000.0,1.0,119665716.0,120000000,121000000.0,22.533,2859000000.0,31000000.0,166000000.0,99000000.0,23.825,1538000000.0
2,SIAL,MRY,2012-12-31,2012-12-31,2012-12-31,2019-02-05,69000000.0,3820000000.0,3715000000.0,1929000000.0,1891000000.0,0.706,21.041,-114000000.0,724000000.0,724000000.0,1276000000.0,460000000.0,2.752,0.5,683000000.0,383000000.0,300000000.0,683000000.0,0.0,136000000.0,0.0,0.011,0.8,659000000.0,795000000.0,0.303,795000000.0,659000000.0,655000000.0,3.8,3.77,3.8,2546000000.0,2414250000.0,2546000000.0,8937569347.0,14.0,11.242,453000000.0,3.744,1.0,1347000000.0,0.514,973000000.0,4000000.0,2105000000.0,2107000000.0,722000000.0,0.0,0.0,0.0,1274000000.0,701000000.0,573000000.0,8853569347.0,59000000.0,-391000000.0,-83000000.0,161000000.0,-97000000.0,-6000000.0,-511000000.0,0.0,567000000.0,9000000.0,460000000.0,460000000.0,460000000.0,0.0,0.0,0.175,688000000.0,659000000.0,160000000.0,0.211,3.477,19.247,19.363,829000000.0,0.0,73.58,3.375,3.394,356000000.0,4270000000.0,2623000000.0,2623000000.0,69000000.0,0.124,0.191,0.313,0.251,17000000.0,605000000.0,1.0,120325759.0,121000000,122000000.0,21.678,2847000000.0,32000000.0,195000000.0,90000000.0,23.529,1228000000.0
3,SIAL,MRY,2011-12-31,2011-12-31,2011-12-31,2019-02-05,30000000.0,3281000000.0,3261000000.0,1793000000.0,1488000000.0,0.768,18.174,-104000000.0,665000000.0,665000000.0,1181000000.0,457000000.0,3.333,0.492,521000000.0,221000000.0,300000000.0,521000000.0,0.0,106000000.0,0.0,0.012,0.72,647000000.0,753000000.0,0.301,753000000.0,647000000.0,640000000.0,3.78,3.72,3.78,2199000000.0,2186250000.0,2199000000.0,7448584338.0,12.0,9.892,391000000.0,3.231,1.0,1324000000.0,0.529,625000000.0,7000000.0,1974000000.0,1955750000.0,668000000.0,0.0,0.0,0.0,1082000000.0,538000000.0,544000000.0,7522584338.0,96000000.0,-75000000.0,-100000000.0,-19000000.0,-86000000.0,-200000000.0,-191000000.0,-10000000.0,495000000.0,-8000000.0,457000000.0,457000000.0,457000000.0,0.0,0.0,0.182,677000000.0,647000000.0,143000000.0,0.19,3.421,16.461,16.524,763000000.0,0.0,62.46,3.003,3.017,319000000.0,3907000000.0,2505000000.0,2505000000.0,72000000.0,0.14,0.209,0.331,0.258,18000000.0,597000000.0,1.0,120438430.0,121000000,123000000.0,20.702,2656000000.0,55000000.0,183000000.0,56000000.0,21.95,1255000000.0
4,SIAL,MRY,2010-12-31,2010-12-31,2010-12-31,2019-02-05,95000000.0,3027000000.0,2846750000.0,1601000000.0,1426000000.0,0.798,16.331,-99000000.0,569000000.0,569000000.0,1075000000.0,384000000.0,3.015,0.532,539000000.0,239000000.0,300000000.0,539000000.0,0.0,93000000.0,0.0,0.01,0.64,551000000.0,644000000.0,0.284,644000000.0,551000000.0,544000000.0,3.17,3.12,3.17,1976000000.0,1816500000.0,1976000000.0,8051654318.0,15.0,12.503,424000000.0,3.504,1.0,1196000000.0,0.527,595000000.0,7000000.0,1871000000.0,1671500000.0,606000000.0,0.0,0.0,0.0,1051000000.0,531000000.0,520000000.0,8073654318.0,196000000.0,-80000000.0,-54000000.0,-40000000.0,-78000000.0,-161000000.0,-182000000.0,-2000000.0,523000000.0,16000000.0,384000000.0,384000000.0,384000000.0,0.0,0.0,0.169,645000000.0,551000000.0,121000000.0,0.202,4.086,21.025,20.997,733000000.0,0.0,66.56,3.555,3.546,287000000.0,3536000000.0,2271000000.0,2271000000.0,66000000.0,0.135,0.211,0.33,0.243,22000000.0,548000000.0,1.0,121298893.0,121000000,123000000.0,18.769,2432000000.0,62000000.0,160000000.0,72000000.0,20.099,1070000000.0
5,SIAL,MRY,2009-12-31,2009-12-31,2009-12-31,2019-02-05,84000000.0,2714000000.0,2629500000.0,1384000000.0,1330000000.0,0.817,13.82,-139000000.0,373000000.0,373000000.0,1058000000.0,347000000.0,1.865,0.61,577000000.0,477000000.0,100000000.0,577000000.0,0.0,92000000.0,0.0,0.011,0.58,500000000.0,592000000.0,0.276,592000000.0,500000000.0,490000000.0,2.84,2.8,2.84,1686000000.0,1559150000.0,1686000000.0,6428471230.0,13.0,10.859,377000000.0,3.09,1.0,1090000000.0,0.507,530000000.0,10000000.0,1646000000.0,1694425000.0,609000000.0,0.0,0.0,0.0,1028000000.0,742000000.0,286000000.0,6151671230.0,121000000.0,-6000000.0,-43000000.0,-142000000.0,-71000000.0,-250000000.0,-160000000.0,-17000000.0,516000000.0,15000000.0,347000000.0,347000000.0,347000000.0,0.0,0.0,0.162,590000000.0,500000000.0,112000000.0,0.204,3.649,17.728,17.799,709000000.0,0.0,50.55,2.864,2.871,285000000.0,3230000000.0,2148000000.0,2148000000.0,63000000.0,0.132,0.223,0.295,0.233,17000000.0,518000000.0,1.0,121694782.0,122000000,124000000.0,17.607,2184000000.0,54000000.0,143000000.0,65000000.0,17.902,642000000.0
6,SIAL,MRY,2008-12-31,2008-12-31,2008-12-31,2019-02-05,25300000.0,2556500000.0,2660550000.0,1309200000.0,1247300000.0,0.827,10.946,-91000000.0,251800000.0,251800000.0,1071000000.0,342000000.0,1.649,0.854,728900000.0,528800000.0,200100000.0,728900000.0,0.0,99000000.0,0.0,0.012,0.52,504000000.0,603000000.0,0.274,603000000.0,504000000.0,490000000.0,2.7,2.65,2.7,1379200000.0,1557100000.0,1379200000.0,5687880525.0,11.0,9.433,313000000.0,2.484,1.0,1130000000.0,0.513,508900000.0,14000000.0,1730800000.0,1776200000.0,661800000.0,0.0,0.0,0.0,1177300000.0,793900000.0,383400000.0,5295080525.0,14000000.0,-6000000.0,-397000000.0,181000000.0,-66000000.0,-274000000.0,-87000000.0,10000000.0,404000000.0,-29000000.0,342000000.0,342000000.0,342000000.0,0.0,0.0,0.155,626000000.0,504000000.0,114600000.0,0.193,3.839,15.483,15.644,660400000.0,0.0,42.24,2.406,2.418,269800000.0,2954400000.0,2201000000.0,2201000000.0,64000000.0,0.129,0.22,0.284,0.229,12000000.0,562000000.0,1.0,125357020.0,126000000,129000000.0,17.468,2047600000.0,45900000.0,148000000.0,59700000.0,16.251,515300000.0
7,SIAL,MRY,2007-12-31,2007-12-31,2007-12-31,2019-02-05,159900000.0,2629100000.0,2574175000.0,1282500000.0,1346600000.0,0.792,12.378,-83000000.0,237600000.0,237600000.0,1002700000.0,311100000.0,2.02,0.626,538300000.0,331300000.0,207000000.0,538300000.0,0.0,97800000.0,0.0,0.008,0.46,459600000.0,557400000.0,0.273,557400000.0,459600000.0,437600000.0,2.38,2.34,2.38,1616600000.0,1533075000.0,1616600000.0,7463521402.0,16.0,13.39,334000000.0,2.557,1.0,1036000000.0,0.508,557200000.0,22000000.0,1737600000.0,1749725000.0,653600000.0,0.0,0.0,0.0,1012500000.0,635000000.0,377500000.0,7099221402.0,63800000.0,-67600000.0,-151900000.0,-7900000.0,-60000000.0,-212000000.0,-149000000.0,200000.0,417000000.0,7800000.0,311100000.0,311100000.0,311100000.0,0.0,0.0,0.153,576400000.0,459600000.0,131000000.0,0.193,4.391,22.82,22.941,681500000.0,0.0,54.6,3.482,3.498,276300000.0,2679300000.0,2038700000.0,2038700000.0,59300000.0,0.121,0.203,0.263,0.225,19000000.0,517100000.0,1.0,130022370.0,130600000,133100000.0,15.61,2071900000.0,57700000.0,126500000.0,89400000.0,15.864,647500000.0
8,SIAL,MRY,2006-12-31,2006-12-31,2006-12-31,2019-02-05,80700000.0,2334300000.0,2302275000.0,1112900000.0,1221400000.0,0.781,10.616,-70100000.0,173800000.0,173800000.0,877300000.0,276800000.0,2.514,0.654,526900000.0,189000000.0,337900000.0,526900000.0,0.0,90900000.0,0.0,0.011,0.42,402700000.0,493600000.0,0.275,493600000.0,402700000.0,378700000.0,2.08,2.05,2.08,1410900000.0,1340100000.0,1410900000.0,5534286722.0,14.0,11.212,258700000.0,1.947,1.0,920200000.0,0.512,487300000.0,24000000.0,1757500000.0,1686350000.0,596000000.0,0.0,0.0,0.0,923400000.0,442600000.0,480800000.0,5124886722.0,75200000.0,-20000000.0,-107300000.0,2500000.0,-55700000.0,-156200000.0,-102800000.0,0.0,328800000.0,5400000.0,276800000.0,276800000.0,276800000.0,0.0,0.0,0.154,517500000.0,402700000.0,97200000.0,0.202,3.632,18.515,18.683,645100000.0,0.0,38.86,2.851,2.873,248000000.0,2424700000.0,1797500000.0,1797500000.0,52900000.0,0.12,0.207,0.239,0.224,13300000.0,464600000.0,1.0,131880770.0,132900000,134900000.0,13.525,1847000000.0,49600000.0,101900000.0,96700000.0,13.898,670300000.0
9,SIAL,MRY,2005-12-31,2005-12-31,2005-12-31,2019-02-05,33400000.0,2131300000.0,2199300000.0,950200000.0,1181100000.0,0.758,9.082,-88200000.0,98600000.0,98600000.0,818000000.0,258300000.0,2.063,0.728,501200000.0,218000000.0,283200000.0,501200000.0,0.0,90100000.0,0.0,0.012,0.38,361400000.0,451500000.0,0.271,451500000.0,361400000.0,343300000.0,1.9,1.88,1.9,1233400000.0,1217100000.0,1233400000.0,4703461880.0,13.0,10.417,192300000.0,1.416,1.0,848500000.0,0.509,462700000.0,18100000.0,1610500000.0,1735675000.0,550400000.0,0.0,0.0,0.0,897900000.0,460700000.0,437200000.0,4255561880.0,-70600000.0,-416600000.0,-98500000.0,320900000.0,-51300000.0,171100000.0,-513200000.0,0.0,280500000.0,-9000000.0,258300000.0,258300000.0,258300000.0,0.0,0.0,0.155,487100000.0,361400000.0,90000000.0,0.2,3.45,16.475,16.655,613400000.0,0.0,31.645,2.554,2.579,207200000.0,2304500000.0,1666500000.0,1666500000.0,49800000.0,0.117,0.212,0.208,0.217,0.0,437300000.0,1.0,134478176.0,135800000,137500000.0,12.272,1668600000.0,48400000.0,85000000.0,132700000.0,12.287,489500000.0
10,SIAL,MRY,2004-12-31,2004-12-31,2004-12-31,2019-02-05,123800000.0,1745000000.0,1644900000.0,893400000.0,851600000.0,0.857,8.78,-68400000.0,169200000.0,169200000.0,657600000.0,232900000.0,3.869,0.44,186100000.0,9000000.0,177100000.0,186100000.0,0.0,73400000.0,0.0,0.011,0.34,319000000.0,392400000.0,0.278,392400000.0,319000000.0,311800000.0,1.69,1.67,1.69,1211700000.0,1117400000.0,1211700000.0,4225652838.0,13.0,10.769,255400000.0,1.851,1.0,751600000.0,0.533,186300000.0,7200000.0,1344700000.0,1313500000.0,446800000.0,0.0,0.0,0.0,533300000.0,230900000.0,302400000.0,4174152838.0,41600000.0,-75400000.0,-34900000.0,-60100000.0,-47000000.0,-142000000.0,-147600000.0,0.0,323800000.0,7400000.0,232900000.0,232900000.0,232900000.0,0.0,0.0,0.165,432600000.0,319000000.0,86700000.0,0.201,3.445,17.923,17.888,584400000.0,0.0,30.23,2.962,2.96,190000000.0,2097500000.0,1409200000.0,1409200000.0,42600000.0,0.142,0.208,0.243,0.226,0.0,390000000.0,1.0,138079816.0,138000000,139500000.0,10.212,1558700000.0,44900000.0,78900000.0,93600000.0,11.295,662500000.0
11,SIAL,MRY,2003-12-31,2003-12-31,2003-12-31,2019-02-05,66100000.0,1548200000.0,1458877500.0,815000000.0,733200000.0,0.89,7.087,-53800000.0,127600000.0,127600000.0,627400000.0,193100000.0,3.166,0.549,242900000.0,66600000.0,176300000.0,242900000.0,0.0,69300000.0,0.0,0.009,0.25,285600000.0,354900000.0,0.273,354900000.0,285600000.0,275500000.0,1.37,1.355,1.37,999300000.0,971574500.0,999300000.0,4064456174.0,14.0,11.452,255200000.0,1.81,1.0,670700000.0,0.517,113000000.0,10100000.0,1293100000.0,1253444750.0,426600000.0,0.0,0.0,0.0,548900000.0,257400000.0,291500000.0,3964733174.0,75200000.0,1800000.0,-124800000.0,-23800000.0,-35200000.0,-183800000.0,-53500000.0,0.0,309000000.0,3500000.0,193100000.0,193100000.0,193100000.0,-2700000.0,0.0,0.149,387800000.0,282900000.0,73400000.0,0.182,3.968,20.532,20.869,547400000.0,0.0,28.59,3.054,3.105,178200000.0,1911600000.0,1298100000.0,1298100000.0,42600000.0,0.132,0.199,0.228,0.22,0.0,345200000.0,1.0,138675522.0,141000000,142200000.0,9.206,1435200000.0,0.0,82400000.0,32000000.0,10.179,557600000.0
12,SIAL,MRY,2002-12-31,2002-12-31,2002-12-31,2019-02-05,-15365000.0,1444643000.0,1442222500.0,733020000.0,711623000.0,0.837,6.067,-56500000.0,52382000.0,52382000.0,592500000.0,130700000.0,2.631,0.638,266735000.0,89930000.0,176805000.0,266735000.0,0.0,66300000.0,0.0,0.007,0.173,229900000.0,296200000.0,0.245,296200000.0,229900000.0,216100000.0,0.9,0.89,0.9,882174000.0,845944500.0,882174000.0,3769578869.0,16.0,12.726,294700000.0,2.027,1.0,614500000.0,0.509,105548000.0,13800000.0,1274853000.0,1314431000.0,421368000.0,0.0,0.0,0.0,562469000.0,278595000.0,283874000.0,3491470869.0,14800000.0,6100000.0,-100800000.0,-181700000.0,-25200000.0,-307700000.0,-21500000.0,0.0,351200000.0,-7200000.0,130700000.0,130700000.0,130700000.0,56000000.0,0.0,0.108,328600000.0,285900000.0,69184000.0,0.192,3.958,26.714,27.056,535797000.0,0.0,24.35,2.893,2.933,175356000.0,1753737000.0,1207000000.0,1207000000.0,40500000.0,0.091,0.155,0.175,0.19,0.0,317400000.0,1.0,143386894.0,145400000,146800000.0,8.301,1339095000.0,0.0,85400000.0,25949000.0,9.21,454425000.0
13,SIAL,MRY,2001-12-31,2001-12-31,2001-12-31,2019-02-05,-79433000.0,1439802000.0,1393754500.0,727311000.0,712491000.0,0.8,5.43,-106694000.0,37637000.0,37637000.0,532266000.0,140705000.0,1.829,0.778,448082000.0,270382000.0,177700000.0,448082000.0,0.0,66452000.0,0.0,0.008,0.166,223595000.0,290047000.0,0.26,290047000.0,223595000.0,207053000.0,0.945,0.935,0.945,809715000.0,834495000.0,809715000.0,3221408911.0,14.0,11.107,52395000.0,0.351,1.0,582222000.0,0.522,98675000.0,16542000.0,1354009000.0,1249087500.0,427094000.0,0.0,0.0,0.0,630087000.0,397563000.0,232524000.0,2971511911.0,6579000.0,-37223000.0,-149703000.0,168402000.0,-24535000.0,-5836000.0,-148363000.0,0.0,159089000.0,1689000.0,140705000.0,140705000.0,140705000.0,12064000.0,0.0,0.126,346563000.0,235659000.0,59509000.0,0.176,3.67,21.119,20.852,531391000.0,0.0,19.705,2.666,2.637,181450000.0,1648214000.0,1114488000.0,1114488000.0,37922000.0,0.101,0.169,0.179,0.201,0.0,307441000.0,1.0,150799894.0,149118000,150350000.0,7.474,1341127000.0,0.0,66348000.0,13391000.0,8.994,329748000.0
14,SIAL,MRY,2000-12-31,2000-12-31,2000-12-31,2019-02-05,-57986000.0,1347707000.0,1389854000.0,713625000.0,634082000.0,0.744,5.155,-64055000.0,31058000.0,31058000.0,493687000.0,320198000.0,2.128,0.568,280955000.0,180109000.0,100846000.0,280955000.0,0.0,61113000.0,0.0,0.008,0.158,394215000.0,455328000.0,0.44,455328000.0,394215000.0,387644000.0,1.92,1.915,1.92,859275000.0,1059313000.0,859275000.0,3584909086.0,9.0,7.873,50921000.0,0.305,1.0,540753000.0,0.523,118158000.0,6571000.0,1144166000.0,1178391500.0,444277000.0,0.0,0.0,0.0,488432000.0,335280000.0,153152000.0,3350768086.0,-12789000.0,389183000.0,-676328000.0,260016000.0,-26077000.0,-442389000.0,319562000.0,0.0,114976000.0,-4938000.0,320198000.0,320198000.0,320198000.0,-181148000.0,0.0,0.31,316615000.0,224138000.0,58050000.0,0.082,3.9,10.465,10.237,493005000.0,0.0,19.655,3.239,3.167,185938000.0,1532044000.0,1034440000.0,1034440000.0,32196000.0,0.23,0.302,0.335,0.381,0.0,284419000.0,1.0,170479170.0,166690000,167170000.0,6.206,1229549000.0,0.0,67446000.0,47819000.0,7.376,378345000.0
15,SIAL,MRY,1999-12-31,1999-12-31,1999-12-31,2019-02-05,-39736000.0,1432001000.0,1466639250.0,774571000.0,657430000.0,0.724,6.255,-90820000.0,43847000.0,43847000.0,558829000.0,172270000.0,7.334,0.137,21013000.0,20808000.0,205000.0,21013000.0,0.0,66919000.0,0.0,0.01,0.147,223658000.0,290577000.0,0.274,290577000.0,223658000.0,227382000.0,0.855,0.855,0.855,1259351000.0,1270453750.0,1259351000.0,2951135169.0,13.0,10.156,140109000.0,0.696,1.0,502350000.0,0.473,90938000.0,-3724000.0,1212617000.0,1192835500.0,408518000.0,0.0,0.0,0.0,172650000.0,105612000.0,67038000.0,3032868169.0,19502000.0,0.0,-71835000.0,-10253000.0,-29739000.0,-111827000.0,-98733000.0,0.0,230929000.0,-867000.0,172270000.0,172270000.0,172270000.0,-23665000.0,0.0,0.162,302357000.0,199993000.0,41995000.0,0.172,2.408,17.605,17.579,481736000.0,0.0,15.03,2.858,2.852,193471000.0,1240184000.0,1061179000.0,1061179000.0,0.0,0.117,0.136,0.188,0.211,0.0,298457000.0,1.0,201787636.0,201344000,201968000.0,5.27,1341063000.0,0.0,55112000.0,0.0,6.661,668959000.0
16,SIAL,MRY,1998-12-31,1998-12-31,1998-12-31,2019-02-05,-11134000.0,1416672000.0,1348110000.0,756894000.0,659778000.0,0.732,6.049,-127995000.0,24345000.0,24345000.0,500728000.0,166347000.0,5.997,0.165,30637000.0,30222000.0,415000.0,30637000.0,0.0,61827000.0,0.0,0.01,0.141,227003000.0,288830000.0,0.293,288830000.0,227003000.0,229993000.0,0.825,0.82,0.825,1216380000.0,1156841500.0,1216380000.0,2923721867.0,13.0,10.123,34075000.0,0.169,1.0,485455000.0,0.492,101484000.0,-2990000.0,1195271000.0,1183205500.0,414559000.0,0.0,0.0,0.0,200292000.0,126209000.0,74083000.0,2943105867.0,-21883000.0,-39500000.0,3798000.0,23268000.0,-28411000.0,-1345000.0,-175195000.0,0.0,162070000.0,-7413000.0,166347000.0,166347000.0,166347000.0,-21451000.0,0.0,0.169,279903000.0,205552000.0,54001000.0,0.171,2.42,17.693,17.727,461326000.0,0.0,14.625,2.984,2.982,194063000.0,1097653000.0,986183000.0,986183000.0,0.0,0.123,0.144,0.192,0.23,0.0,277033000.0,1.0,201238008.0,201080000,202376000.0,4.904,1315188000.0,0.0,63646000.0,0.0,6.541,630685000.0
17,SIAL,MRY,1997-12-31,1997-12-31,1997-12-31,2019-02-05,-23928000.0,1243822000.0,1171890000.0,706674000.0,537148000.0,0.769,5.291,-106777000.0,46228000.0,46228000.0,391644000.0,166059000.0,5.915,0.173,7952000.0,7400000.0,552000.0,7952000.0,0.0,48053000.0,0.0,0.006,0.129,239019000.0,287072000.0,0.318,287072000.0,239019000.0,239019000.0,0.83,0.81,0.83,1060334000.0,1001304000.0,1060334000.0,,,,25300000.0,0.126,1.0,510057000.0,0.566,83261000.0,0.0,1002806000.0,952309000.0,420809000.0,0.0,0.0,0.0,183488000.0,119479000.0,64009000.0,3994352963.0,-57457000.0,-51083000.0,0.0,-7740000.0,-25809000.0,-26755000.0,-157860000.0,0.0,132077000.0,-4919000.0,166059000.0,166059000.0,166059000.0,-23388000.0,0.0,0.184,294426000.0,215631000.0,53257000.0,0.155,3.767,24.054,23.946,438878000.0,0.0,19.875,4.43,4.418,186847000.0,959717000.0,901701000.0,901701000.0,0.0,0.142,0.166,0.251,0.265,0.0,294426000.0,1.0,200973734.0,200420000,205608000.0,4.499,1160561000.0,0.0,72960000.0,16553000.0,5.791,587195000.0
18,SIAL,MRY,1996-12-31,1996-12-31,1996-12-31,2019-02-05,5761000.0,1099958000.0,,666637000.0,433321000.0,,4.715,-92660000.0,103685000.0,103685000.0,476120000.0,147856000.0,6.043,0.167,15856000.0,12069000.0,3787000.0,15856000.0,0.0,45213000.0,0.0,0.007,0.114,229684000.0,274897000.0,0.266,274897000.0,229684000.0,229684000.0,0.74,0.725,0.74,942274000.0,,942274000.0,,,,60760000.0,0.304,1.0,558445000.0,0.54,0.0,0.0,901812000.0,,362784000.0,0.0,0.0,0.0,157684000.0,110317000.0,47367000.0,,19716000.0,-13629000.0,0.0,-5455000.0,-22738000.0,-22892000.0,-107789000.0,0.0,153420000.0,-3023000.0,147856000.0,147856000.0,147856000.0,0.0,0.0,0.143,328761000.0,229684000.0,60881000.0,0.154,,,21.095,379095000.0,0.0,15.61,,3.016,165511000.0,819467000.0,1034565000.0,1034565000.0,0.0,,,,0.222,2762000.0,328761000.0,1.0,,199860000,203430000.0,5.176,1099958000.0,0.0,81828000.0,9107000.0,5.504,556320000.0
19,SIAL,MRY,1995-12-31,1995-12-31,1995-12-31,2019-02-05,,,,,,,,-58128000.0,,,447898000.0,131683000.0,,,,,,,,40872000.0,,0.008,0.095,204160000.0,245032000.0,0.255,245032000.0,204160000.0,204160000.0,0.66,0.65,0.66,,,,,,,103127000.0,0.517,1.0,511924000.0,0.533,,0.0,,,,,,,,,,,74224000.0,0.0,0.0,-12086000.0,-18947000.0,-30119000.0,-58128000.0,0.0,161255000.0,1216000.0,131683000.0,131683000.0,131683000.0,0.0,0.0,0.137,307764000.0,204160000.0,,0.144,,,18.75,,0.0,12.375,,2.571,,,959822000.0,959822000.0,0.0,,,,0.213,4111000.0,307764000.0,,,199428000,199428000.0,4.813,,,72477000.0,,,
0,SIAL,MRQ,2015-09-30,2015-09-30,2015-09-30,2019-02-05,-108000000.0,4426000000.0,,2502000000.0,1924000000.0,,27.983,-43000000.0,1175000000.0,1175000000.0,344000000.0,114000000.0,4.954,0.318,300000000.0,0.0,300000000.0,300000000.0,0.0,33000000.0,0.0,0.007,0.23,162000000.0,195000000.0,0.277,195000000.0,162000000.0,160000000.0,0.95,0.94,0.95,3358000000.0,,3358000000.0,15893128893.0,24.0,19.719,153000000.0,1.275,1.0,359000000.0,0.511,1026000000.0,2000000.0,2020000000.0,,771000000.0,0.0,0.0,0.0,1068000000.0,505000000.0,563000000.0,16643128893.0,125000000.0,0.0,11000000.0,0.0,-28000000.0,-13000000.0,-42000000.0,3000000.0,196000000.0,-16000000.0,114000000.0,114000000.0,114000000.0,0.0,0.0,0.162,197000000.0,162000000.0,209000000.0,0.242,4.956,33.759,33.718,787000000.0,0.0,138.92,5.985,5.994,407000000.0,5326000000.0,703000000.0,703000000.0,18000000.0,,,,,3000000.0,170000000.0,1.0,119803692.0,120000000,121000000.0,5.858,3400000000.0,57000000.0,46000000.0,144000000.0,28.333,1997000000.0
1,SIAL,MRQ,2015-06-30,2015-06-30,2015-06-30,2019-02-05,-55000000.0,4306000000.0,,2369000000.0,1937000000.0,,27.567,-27000000.0,1050000000.0,1050000000.0,341000000.0,120000000.0,5.587,0.302,300000000.0,0.0,300000000.0,300000000.0,0.0,33000000.0,0.0,0.007,0.23,169000000.0,202000000.0,0.29,202000000.0,169000000.0,168000000.0,1.0,0.98,1.0,3308000000.0,,3308000000.0,16087403893.0,24.0,20.16,127000000.0,1.058,1.0,356000000.0,0.511,1035000000.0,1000000.0,2097000000.0,,742000000.0,0.0,0.0,0.0,998000000.0,424000000.0,574000000.0,16674403893.0,163000000.0,0.0,7000000.0,0.0,-28000000.0,-18000000.0,14000000.0,42000000.0,154000000.0,13000000.0,120000000.0,120000000.0,120000000.0,0.0,0.0,0.172,187000000.0,169000000.0,201000000.0,0.23,5.041,34.239,34.154,789000000.0,0.0,139.35,6.024,6.041,418000000.0,5240000000.0,697000000.0,697000000.0,19000000.0,,,,,3000000.0,164000000.0,1.0,119658442.0,120000000,122000000.0,5.808,3271000000.0,54000000.0,48000000.0,123000000.0,27.258,1945000000.0
2,SIAL,MRQ,2015-03-31,2015-03-31,2015-03-31,2019-02-05,-91000000.0,4110000000.0,,2197000000.0,1913000000.0,,26.392,-28000000.0,887000000.0,887000000.0,318000000.0,126000000.0,5.938,0.298,300000000.0,0.0,300000000.0,300000000.0,0.0,32000000.0,0.0,0.007,0.23,175000000.0,207000000.0,0.306,207000000.0,175000000.0,175000000.0,1.05,1.04,1.05,3167000000.0,,3167000000.0,15997984872.0,23.0,19.678,125000000.0,1.042,1.0,358000000.0,0.53,1024000000.0,0.0,2129000000.0,,717000000.0,0.0,0.0,0.0,943000000.0,370000000.0,573000000.0,16510984872.0,-71000000.0,0.0,10000000.0,-145000000.0,-27000000.0,-164000000.0,-37000000.0,-5000000.0,153000000.0,-23000000.0,126000000.0,126000000.0,126000000.0,0.0,0.0,0.186,183000000.0,175000000.0,180000000.0,0.219,5.213,33.022,32.917,778000000.0,0.0,138.25,5.956,5.985,401000000.0,5148000000.0,676000000.0,676000000.0,17000000.0,,,,,3000000.0,163000000.0,1.0,119428462.0,120000000,121000000.0,5.633,3086000000.0,47000000.0,49000000.0,99000000.0,25.717,1827000000.0
3,SIAL,MRQ,2014-12-31,2014-12-31,2014-12-31,2019-02-05,-18000000.0,4195000000.0,,2247000000.0,1948000000.0,,26.303,-29000000.0,958000000.0,958000000.0,343000000.0,133000000.0,4.586,0.34,445000000.0,145000000.0,300000000.0,445000000.0,0.0,33000000.0,0.0,0.007,0.23,169000000.0,202000000.0,0.287,202000000.0,169000000.0,168000000.0,1.12,1.11,1.12,3130000000.0,,3130000000.0,15760846955.0,23.0,19.386,127000000.0,1.067,1.0,362000000.0,0.513,1048000000.0,1000000.0,2144000000.0,,699000000.0,0.0,0.0,0.0,1065000000.0,490000000.0,575000000.0,16346846955.0,72000000.0,-170000000.0,14000000.0,146000000.0,-27000000.0,140000000.0,-205000000.0,-4000000.0,156000000.0,-19000000.0,133000000.0,133000000.0,133000000.0,0.0,0.0,0.189,193000000.0,169000000.0,183000000.0,0.205,5.223,32.694,32.683,786000000.0,0.0,137.27,5.87,5.865,397000000.0,5049000000.0,705000000.0,705000000.0,16000000.0,,,,,5000000.0,170000000.0,1.0,119085357.0,119000000,120000000.0,5.924,3147000000.0,46000000.0,35000000.0,69000000.0,26.445,1757000000.0
4,SIAL,MRQ,2014-09-30,2014-09-30,2014-09-30,2019-02-05,89000000.0,3996000000.0,,2182000000.0,1814000000.0,,26.067,-34000000.0,886000000.0,886000000.0,342000000.0,108000000.0,5.819,0.288,300000000.0,0.0,300000000.0,300000000.0,0.0,33000000.0,0.0,0.007,0.23,154000000.0,187000000.0,0.271,187000000.0,154000000.0,152000000.0,0.91,0.9,0.91,3102000000.0,,3102000000.0,15715766220.0,23.0,19.236,163000000.0,1.37,1.0,348000000.0,0.504,916000000.0,2000000.0,2119000000.0,,719000000.0,0.0,0.0,0.0,894000000.0,375000000.0,519000000.0,16181766220.0,76000000.0,0.0,5000000.0,-44000000.0,-27000000.0,-65000000.0,-33000000.0,2000000.0,197000000.0,-23000000.0,108000000.0,108000000.0,108000000.0,0.0,0.0,0.157,194000000.0,154000000.0,181000000.0,0.253,5.217,32.494,32.538,789000000.0,0.0,136.01,5.854,5.856,401000000.0,4943000000.0,690000000.0,690000000.0,17000000.0,,,,,6000000.0,152000000.0,1.0,118974827.0,119000000,120000000.0,5.798,3080000000.0,42000000.0,44000000.0,104000000.0,25.882,1807000000.0
5,SIAL,MRQ,2014-06-30,2014-06-30,2014-06-30,2019-02-05,163000000.0,3985000000.0,,2084000000.0,1901000000.0,,25.916,-26000000.0,810000000.0,810000000.0,343000000.0,133000000.0,5.316,0.292,344000000.0,44000000.0,300000000.0,344000000.0,0.0,33000000.0,0.0,0.009,0.23,184000000.0,217000000.0,0.31,217000000.0,184000000.0,184000000.0,1.12,1.11,1.12,3084000000.0,,3084000000.0,11665042219.0,17.0,14.191,89000000.0,0.748,1.0,358000000.0,0.511,945000000.0,0.0,2182000000.0,,722000000.0,0.0,0.0,0.0,901000000.0,392000000.0,509000000.0,12060042219.0,83000000.0,0.0,6000000.0,12000000.0,-28000000.0,-8000000.0,-28000000.0,-2000000.0,115000000.0,4000000.0,133000000.0,133000000.0,133000000.0,0.0,0.0,0.19,174000000.0,184000000.0,176000000.0,0.205,3.911,23.694,23.822,815000000.0,0.0,101.48,4.405,4.411,421000000.0,4862000000.0,701000000.0,701000000.0,16000000.0,,,,,4000000.0,157000000.0,1.0,118841567.0,119000000,120000000.0,5.891,3040000000.0,36000000.0,51000000.0,100000000.0,25.546,1692000000.0
6,SIAL,MRQ,2014-03-31,2014-03-31,2014-03-31,2019-02-05,142000000.0,3853000000.0,,1966000000.0,1887000000.0,,24.765,-29000000.0,727000000.0,727000000.0,338000000.0,126000000.0,4.99,0.307,332000000.0,32000000.0,300000000.0,332000000.0,0.0,33000000.0,0.0,0.009,0.23,174000000.0,207000000.0,0.3,207000000.0,174000000.0,173000000.0,1.06,1.05,1.06,2947000000.0,,2947000000.0,10797635064.0,16.0,13.413,143000000.0,1.202,1.0,351000000.0,0.509,942000000.0,1000000.0,2122000000.0,,705000000.0,0.0,0.0,0.0,906000000.0,394000000.0,512000000.0,11154635064.0,5000000.0,0.0,-77000000.0,-33000000.0,-27000000.0,-138000000.0,-30000000.0,1000000.0,172000000.0,1000000.0,126000000.0,126000000.0,126000000.0,0.0,0.0,0.183,177000000.0,174000000.0,167000000.0,0.217,3.785,22.535,22.61,808000000.0,0.0,93.38,4.104,4.088,415000000.0,4757000000.0,689000000.0,689000000.0,16000000.0,,,,,8000000.0,160000000.0,1.0,119454220.0,119000000,120000000.0,5.79,2911000000.0,33000000.0,47000000.0,128000000.0,24.462,1572000000.0
7,SIAL,MRQ,2013-12-31,2013-12-31,2013-12-31,2019-02-05,120000000.0,3805000000.0,,1921000000.0,1884000000.0,,24.125,-25000000.0,722000000.0,722000000.0,342000000.0,131000000.0,5.016,0.314,365000000.0,65000000.0,300000000.0,365000000.0,0.0,35000000.0,0.0,0.009,0.215,171000000.0,206000000.0,0.301,206000000.0,171000000.0,170000000.0,1.09,1.08,1.09,2895000000.0,,2895000000.0,10975773961.0,17.0,13.737,130000000.0,1.083,1.0,342000000.0,0.5,946000000.0,1000000.0,2119000000.0,,699000000.0,0.0,0.0,0.0,910000000.0,383000000.0,527000000.0,11249773961.0,34000000.0,4000000.0,-29000000.0,-49000000.0,-25000000.0,-102000000.0,-20000000.0,5000000.0,155000000.0,1000000.0,131000000.0,131000000.0,131000000.0,0.0,0.0,0.192,171000000.0,171000000.0,152000000.0,0.197,3.886,22.912,22.985,806000000.0,0.0,94.01,4.16,4.172,382000000.0,4658000000.0,684000000.0,684000000.0,17000000.0,,,,,4000000.0,154000000.0,1.0,119665716.0,120000000,121000000.0,5.7,2859000000.0,31000000.0,39000000.0,99000000.0,23.825,1538000000.0
8,SIAL,MRQ,2013-09-30,2013-09-30,2013-09-30,2019-02-05,56000000.0,3779000000.0,,1905000000.0,1874000000.0,,22.9,-26000000.0,688000000.0,688000000.0,330000000.0,119000000.0,4.123,0.375,414000000.0,114000000.0,300000000.0,414000000.0,0.0,34000000.0,0.0,0.01,0.215,158000000.0,192000000.0,0.289,192000000.0,158000000.0,157000000.0,0.99,0.98,0.99,2748000000.0,,2748000000.0,10123413484.0,15.0,12.782,191000000.0,1.592,1.0,334000000.0,0.503,948000000.0,1000000.0,2095000000.0,,715000000.0,0.0,0.0,0.0,1031000000.0,462000000.0,569000000.0,10256413484.0,126000000.0,0.0,-53000000.0,-15000000.0,-26000000.0,-93000000.0,-16000000.0,9000000.0,217000000.0,18000000.0,119000000.0,119000000.0,119000000.0,0.0,0.0,0.179,176000000.0,158000000.0,165000000.0,0.217,3.732,21.547,21.54,806000000.0,0.0,85.3,3.834,3.827,390000000.0,4552000000.0,664000000.0,664000000.0,16000000.0,,,,,5000000.0,150000000.0,1.0,120239314.0,120000000,121000000.0,5.533,2831000000.0,30000000.0,38000000.0,89000000.0,23.592,1443000000.0
9,SIAL,MRQ,2013-06-30,2013-06-30,2013-06-30,2019-02-05,7000000.0,3666000000.0,,1804000000.0,1862000000.0,,22.108,-24000000.0,562000000.0,562000000.0,340000000.0,119000000.0,4.045,0.382,429000000.0,129000000.0,300000000.0,429000000.0,0.0,34000000.0,0.0,0.01,0.215,166000000.0,200000000.0,0.294,200000000.0,166000000.0,165000000.0,0.99,0.98,0.99,2653000000.0,,2653000000.0,9595305798.0,15.0,12.146,91000000.0,0.758,1.0,341000000.0,0.501,934000000.0,1000000.0,2153000000.0,,709000000.0,0.0,0.0,0.0,1013000000.0,446000000.0,567000000.0,9677305798.0,91000000.0,9000000.0,-20000000.0,40000000.0,-26000000.0,-4000000.0,-13000000.0,0.0,115000000.0,-7000000.0,119000000.0,119000000.0,119000000.0,0.0,0.0,0.175,175000000.0,166000000.0,152000000.0,0.217,3.648,20.634,20.621,804000000.0,0.0,80.42,3.652,3.642,405000000.0,4459000000.0,681000000.0,681000000.0,16000000.0,,,,,5000000.0,147000000.0,1.0,120334566.0,120000000,121000000.0,5.675,2732000000.0,33000000.0,46000000.0,87000000.0,22.767,1358000000.0
10,SIAL,MRQ,2013-03-31,2013-03-31,2013-03-31,2019-02-05,29000000.0,3581000000.0,,1700000000.0,1881000000.0,,21.642,-25000000.0,471000000.0,471000000.0,331000000.0,122000000.0,4.106,0.379,389000000.0,89000000.0,300000000.0,389000000.0,0.0,35000000.0,0.0,0.01,0.215,166000000.0,201000000.0,0.298,201000000.0,166000000.0,165000000.0,1.02,1.01,1.02,2597000000.0,,2597000000.0,9311549591.0,14.0,11.757,129000000.0,1.075,1.0,344000000.0,0.51,945000000.0,1000000.0,2140000000.0,,711000000.0,0.0,0.0,0.0,984000000.0,414000000.0,570000000.0,9352549591.0,-253000000.0,0.0,-17000000.0,-294000000.0,-26000000.0,-334000000.0,-59000000.0,-31000000.0,154000000.0,-14000000.0,122000000.0,122000000.0,122000000.0,0.0,0.0,0.181,178000000.0,166000000.0,154000000.0,0.211,3.601,20.113,20.117,811000000.0,0.0,77.65,3.552,3.539,398000000.0,4366000000.0,675000000.0,675000000.0,17000000.0,,,,,8000000.0,161000000.0,1.0,120444940.0,120000000,121000000.0,5.625,2636000000.0,30000000.0,43000000.0,111000000.0,21.967,1286000000.0
11,SIAL,MRQ,2012-12-31,2012-12-31,2012-12-31,2019-02-05,69000000.0,3820000000.0,,1929000000.0,1891000000.0,,21.041,-25000000.0,724000000.0,724000000.0,327000000.0,116000000.0,2.752,0.5,683000000.0,383000000.0,300000000.0,683000000.0,0.0,35000000.0,0.0,0.011,0.2,164000000.0,199000000.0,0.304,199000000.0,164000000.0,163000000.0,0.96,0.95,0.96,2546000000.0,,2546000000.0,8937569347.0,14.0,11.242,163000000.0,1.347,1.0,328000000.0,0.501,973000000.0,1000000.0,2105000000.0,,722000000.0,0.0,0.0,0.0,1274000000.0,701000000.0,573000000.0,8853569347.0,135000000.0,-2000000.0,-15000000.0,9000000.0,-24000000.0,-27000000.0,-31000000.0,-4000000.0,188000000.0,5000000.0,116000000.0,116000000.0,116000000.0,0.0,0.0,0.177,164000000.0,164000000.0,160000000.0,0.208,3.477,19.247,19.363,829000000.0,0.0,73.58,3.375,3.394,356000000.0,4270000000.0,655000000.0,655000000.0,16000000.0,,,,,4000000.0,147000000.0,1.0,120325759.0,121000000,122000000.0,5.413,2847000000.0,32000000.0,47000000.0,90000000.0,23.529,1228000000.0
12,SIAL,MRQ,2012-09-30,2012-09-30,2012-09-30,2019-02-05,47000000.0,3694000000.0,,1805000000.0,1889000000.0,,20.174,-31000000.0,589000000.0,589000000.0,315000000.0,112000000.0,2.666,0.513,673000000.0,373000000.0,300000000.0,673000000.0,0.0,34000000.0,0.0,0.011,0.2,156000000.0,190000000.0,0.297,190000000.0,156000000.0,155000000.0,0.93,0.92,0.93,2441000000.0,,2441000000.0,8867366804.0,14.0,11.325,122000000.0,1.008,1.0,324000000.0,0.507,978000000.0,1000000.0,2123000000.0,,722000000.0,0.0,0.0,0.0,1253000000.0,677000000.0,576000000.0,8691366804.0,17000000.0,0.0,-39000000.0,-75000000.0,-24000000.0,-136000000.0,-7000000.0,25000000.0,153000000.0,7000000.0,112000000.0,112000000.0,112000000.0,0.0,0.0,0.175,168000000.0,156000000.0,144000000.0,0.215,3.561,19.229,19.091,817000000.0,0.0,71.972,3.371,3.378,381000000.0,4178000000.0,639000000.0,639000000.0,17000000.0,,,,,4000000.0,147000000.0,1.0,120760558.0,121000000,122000000.0,5.281,2716000000.0,34000000.0,43000000.0,79000000.0,22.446,1128000000.0
13,SIAL,MRQ,2012-06-30,2012-06-30,2012-06-30,2019-02-05,14000000.0,3675000000.0,,1795000000.0,1880000000.0,,19.455,-26000000.0,572000000.0,572000000.0,324000000.0,115000000.0,2.432,0.561,748000000.0,448000000.0,300000000.0,748000000.0,0.0,35000000.0,0.0,0.01,0.2,167000000.0,202000000.0,0.304,202000000.0,167000000.0,166000000.0,0.95,0.94,0.95,2354000000.0,,2354000000.0,9093295751.0,14.0,11.658,56000000.0,0.463,1.0,340000000.0,0.512,977000000.0,1000000.0,2136000000.0,,703000000.0,0.0,0.0,0.0,1321000000.0,738000000.0,583000000.0,8937295751.0,14000000.0,0.0,-18000000.0,34000000.0,-25000000.0,-8000000.0,-54000000.0,-26000000.0,82000000.0,-6000000.0,115000000.0,115000000.0,115000000.0,0.0,0.0,0.173,173000000.0,167000000.0,144000000.0,0.211,3.797,19.556,19.404,811000000.0,0.0,73.93,3.484,3.488,383000000.0,4090000000.0,664000000.0,664000000.0,18000000.0,,,,,3000000.0,151000000.0,1.0,120888621.0,121000000,122000000.0,5.488,2698000000.0,32000000.0,51000000.0,74000000.0,22.298,1057000000.0
14,SIAL,MRQ,2012-03-31,2012-03-31,2012-03-31,2019-02-05,53000000.0,3671000000.0,,1759000000.0,1912000000.0,,19.14,-32000000.0,558000000.0,558000000.0,310000000.0,117000000.0,2.29,0.585,714000000.0,414000000.0,300000000.0,714000000.0,0.0,32000000.0,0.0,0.01,0.2,172000000.0,204000000.0,0.307,204000000.0,172000000.0,171000000.0,0.97,0.96,0.97,2316000000.0,,2316000000.0,8676741948.0,13.0,11.357,112000000.0,0.926,1.0,355000000.0,0.534,995000000.0,1000000.0,2064000000.0,,697000000.0,0.0,0.0,0.0,1355000000.0,768000000.0,587000000.0,8820741948.0,-107000000.0,-389000000.0,-11000000.0,193000000.0,-24000000.0,165000000.0,-419000000.0,5000000.0,144000000.0,3000000.0,117000000.0,117000000.0,117000000.0,0.0,0.0,0.176,183000000.0,172000000.0,156000000.0,0.206,3.809,19.386,19.277,824000000.0,0.0,73.06,3.475,3.483,392000000.0,4000000000.0,665000000.0,665000000.0,18000000.0,,,,,6000000.0,160000000.0,1.0,120732849.0,121000000,122000000.0,5.496,2676000000.0,37000000.0,54000000.0,114000000.0,22.116,991000000.0
15,SIAL,MRQ,2011-12-31,2011-12-31,2011-12-31,2019-02-05,30000000.0,3281000000.0,,1793000000.0,1488000000.0,,18.636,-31000000.0,665000000.0,665000000.0,286000000.0,108000000.0,3.333,0.492,521000000.0,221000000.0,300000000.0,521000000.0,0.0,27000000.0,0.0,0.012,0.18,160000000.0,187000000.0,0.307,187000000.0,160000000.0,159000000.0,0.92,0.88,0.92,2199000000.0,,2199000000.0,7448584338.0,12.0,9.892,91000000.0,0.771,1.0,324000000.0,0.531,625000000.0,1000000.0,1974000000.0,,668000000.0,0.0,0.0,0.0,1082000000.0,538000000.0,544000000.0,7522584338.0,22000000.0,0.0,7000000.0,-48000000.0,-21000000.0,-62000000.0,-33000000.0,-1000000.0,122000000.0,-5000000.0,108000000.0,108000000.0,108000000.0,0.0,0.0,0.177,164000000.0,160000000.0,143000000.0,0.196,3.421,16.461,16.524,763000000.0,0.0,62.46,3.003,3.017,319000000.0,3907000000.0,610000000.0,610000000.0,18000000.0,,,,,5000000.0,146000000.0,1.0,120438430.0,118000000,123000000.0,5.169,2656000000.0,55000000.0,51000000.0,56000000.0,22.508,1255000000.0
16,SIAL,MRQ,2011-09-30,2011-09-30,2011-09-30,2019-02-05,84000000.0,3250000000.0,,1779000000.0,1471000000.0,,17.81,-29000000.0,643000000.0,643000000.0,293000000.0,117000000.0,3.015,0.508,569000000.0,269000000.0,300000000.0,569000000.0,0.0,27000000.0,0.0,0.011,0.18,160000000.0,187000000.0,0.299,187000000.0,160000000.0,158000000.0,0.97,0.95,0.97,2155000000.0,,2155000000.0,7396470322.0,12.0,10.273,90000000.0,0.744,1.0,333000000.0,0.532,629000000.0,2000000.0,1957000000.0,,658000000.0,0.0,0.0,0.0,1095000000.0,590000000.0,505000000.0,7543470322.0,-20000000.0,0.0,-107000000.0,52000000.0,-22000000.0,-75000000.0,-36000000.0,-9000000.0,119000000.0,-28000000.0,117000000.0,117000000.0,117000000.0,0.0,0.0,0.187,173000000.0,160000000.0,128000000.0,0.186,3.5,17.028,16.929,750000000.0,0.0,61.79,3.045,3.018,335000000.0,3820000000.0,626000000.0,626000000.0,18000000.0,,,,,3000000.0,152000000.0,1.0,122082381.0,121000000,123000000.0,5.174,2621000000.0,59000000.0,41000000.0,63000000.0,21.661,1189000000.0
17,SIAL,MRQ,2011-06-30,2011-06-30,2011-06-30,2019-02-05,193000000.0,3339000000.0,,1833000000.0,1506000000.0,,18.615,-26000000.0,663000000.0,663000000.0,306000000.0,113000000.0,3.357,0.47,516000000.0,216000000.0,300000000.0,516000000.0,0.0,26000000.0,0.0,0.009,0.18,160000000.0,186000000.0,0.292,186000000.0,160000000.0,158000000.0,0.93,0.91,0.93,2271000000.0,,2271000000.0,8805631945.0,15.0,12.818,77000000.0,0.631,1.0,331000000.0,0.52,649000000.0,2000000.0,1997000000.0,,670000000.0,0.0,0.0,0.0,1068000000.0,546000000.0,522000000.0,8939631945.0,40000000.0,-55000000.0,8000000.0,27000000.0,-22000000.0,14000000.0,-95000000.0,-12000000.0,103000000.0,18000000.0,113000000.0,113000000.0,113000000.0,0.0,0.0,0.177,171000000.0,160000000.0,148000000.0,0.194,3.936,21.336,21.27,760000000.0,0.0,73.38,3.703,3.709,356000000.0,3725000000.0,637000000.0,637000000.0,18000000.0,,,,,5000000.0,151000000.0,1.0,121826546.0,122000000,124000000.0,5.221,2690000000.0,60000000.0,45000000.0,72000000.0,22.049,1287000000.0
18,SIAL,MRQ,2011-03-31,2011-03-31,2011-03-31,2019-02-05,145000000.0,3174000000.0,,1726000000.0,1448000000.0,,17.377,-18000000.0,623000000.0,623000000.0,296000000.0,119000000.0,3.214,0.497,489000000.0,189000000.0,300000000.0,489000000.0,0.0,26000000.0,0.0,0.01,0.18,167000000.0,193000000.0,0.305,193000000.0,167000000.0,165000000.0,0.98,0.97,0.98,2120000000.0,,2120000000.0,7730000421.0,14.0,11.589,133000000.0,1.09,1.0,336000000.0,0.532,608000000.0,2000000.0,1895000000.0,,638000000.0,0.0,0.0,0.0,1054000000.0,537000000.0,517000000.0,7760000421.0,54000000.0,-20000000.0,-8000000.0,-50000000.0,-21000000.0,-77000000.0,-27000000.0,12000000.0,151000000.0,7000000.0,119000000.0,119000000.0,119000000.0,0.0,0.0,0.188,169000000.0,167000000.0,139000000.0,0.184,3.66,19.256,19.169,742000000.0,0.0,63.64,3.329,3.331,343000000.0,3634000000.0,632000000.0,632000000.0,18000000.0,,,,,5000000.0,148000000.0,1.0,121935896.0,122000000,123000000.0,5.18,2566000000.0,63000000.0,46000000.0,108000000.0,21.033,1189000000.0
19,SIAL,MRQ,2010-12-31,2010-12-31,2010-12-31,2019-02-05,95000000.0,3027000000.0,,1601000000.0,1426000000.0,,16.331,-34000000.0,569000000.0,569000000.0,281000000.0,94000000.0,3.015,0.532,539000000.0,239000000.0,300000000.0,539000000.0,0.0,24000000.0,0.0,0.01,0.16,130000000.0,154000000.0,0.265,154000000.0,130000000.0,128000000.0,0.77,0.76,0.77,1976000000.0,,1976000000.0,8051654318.0,15.0,12.503,92000000.0,0.76,1.0,301000000.0,0.517,595000000.0,2000000.0,1871000000.0,,606000000.0,0.0,0.0,0.0,1051000000.0,531000000.0,520000000.0,8073654318.0,69000000.0,-75000000.0,-2000000.0,59000000.0,-20000000.0,43000000.0,-108000000.0,0.0,126000000.0,8000000.0,94000000.0,94000000.0,94000000.0,0.0,0.0,0.162,171000000.0,130000000.0,121000000.0,0.208,4.086,21.025,20.997,733000000.0,0.0,66.56,3.555,3.546,287000000.0,3536000000.0,582000000.0,582000000.0,17000000.0,,,,,7000000.0,143000000.0,1.0,121298893.0,121000000,123000000.0,4.81,2432000000.0,62000000.0,34000000.0,72000000.0,20.099,1070000000.0
20,SIAL,MRQ,2010-09-30,2010-09-30,2010-09-30,2019-02-05,91000000.0,2869000000.0,,1545000000.0,1324000000.0,,15.603,-28000000.0,500000000.0,500000000.0,265000000.0,93000000.0,2.249,0.52,478000000.0,378000000.0,100000000.0,478000000.0,0.0,22000000.0,0.0,0.01,0.16,132000000.0,154000000.0,0.274,154000000.0,132000000.0,131000000.0,0.77,0.76,0.77,1888000000.0,,1888000000.0,7414585567.0,14.0,11.549,122000000.0,1.008,1.0,298000000.0,0.529,523000000.0,1000000.0,1637000000.0,,605000000.0,0.0,0.0,0.0,981000000.0,687000000.0,294000000.0,7325585567.0,47000000.0,0.0,-12000000.0,-65000000.0,-19000000.0,-94000000.0,-33000000.0,-4000000.0,150000000.0,24000000.0,93000000.0,93000000.0,93000000.0,0.0,0.0,0.165,166000000.0,132000000.0,117000000.0,0.208,3.88,19.127,19.168,712000000.0,0.0,60.38,3.239,3.23,315000000.0,3462000000.0,563000000.0,563000000.0,16000000.0,,,,,5000000.0,139000000.0,1.0,121324703.0,121000000,123000000.0,4.653,2346000000.0,0.0,38000000.0,27000000.0,19.388,858000000.0
21,SIAL,MRQ,2010-06-30,2010-06-30,2010-06-30,2019-02-05,-28000000.0,2722000000.0,,1437000000.0,1285000000.0,,14.066,-19000000.0,453000000.0,453000000.0,260000000.0,97000000.0,1.971,0.599,542000000.0,442000000.0,100000000.0,542000000.0,0.0,24000000.0,0.0,0.012,0.16,142000000.0,166000000.0,0.3,166000000.0,142000000.0,140000000.0,0.8,0.79,0.8,1702000000.0,,1702000000.0,6188641309.0,11.0,9.777,77000000.0,0.636,1.0,294000000.0,0.531,513000000.0,2000000.0,1569000000.0,,570000000.0,0.0,0.0,0.0,1020000000.0,729000000.0,291000000.0,6048641309.0,32000000.0,0.0,-14000000.0,-18000000.0,-19000000.0,-50000000.0,-6000000.0,13000000.0,96000000.0,-8000000.0,97000000.0,97000000.0,97000000.0,0.0,0.0,0.175,152000000.0,142000000.0,115000000.0,0.2,3.554,16.087,16.126,685000000.0,0.0,49.83,2.709,2.7,296000000.0,3388000000.0,554000000.0,554000000.0,17000000.0,,,,,6000000.0,132000000.0,1.0,121385537.0,121000000,123000000.0,4.579,2209000000.0,0.0,43000000.0,26000000.0,18.256,708000000.0
22,SIAL,MRQ,2010-03-31,2010-03-31,2010-03-31,2019-02-05,40000000.0,2769000000.0,,1454000000.0,1315000000.0,,13.934,-18000000.0,421000000.0,421000000.0,269000000.0,100000000.0,1.871,0.629,561000000.0,461000000.0,100000000.0,561000000.0,0.0,23000000.0,0.0,0.011,0.16,147000000.0,170000000.0,0.297,170000000.0,147000000.0,145000000.0,0.82,0.81,0.82,1700000000.0,,1700000000.0,6738316696.0,13.0,10.974,133000000.0,1.09,1.0,303000000.0,0.53,523000000.0,2000000.0,1609000000.0,,585000000.0,0.0,0.0,0.0,1069000000.0,777000000.0,292000000.0,6534316696.0,48000000.0,-5000000.0,-26000000.0,-16000000.0,-20000000.0,-60000000.0,-35000000.0,-11000000.0,151000000.0,-8000000.0,100000000.0,100000000.0,100000000.0,0.0,0.0,0.175,156000000.0,147000000.0,120000000.0,0.195,3.844,18.001,18.007,699000000.0,0.0,53.66,2.969,2.974,317000000.0,3310000000.0,572000000.0,572000000.0,16000000.0,,,,,4000000.0,134000000.0,1.0,121772581.0,122000000,123000000.0,4.689,2246000000.0,0.0,45000000.0,30000000.0,18.41,677000000.0
23,SIAL,MRQ,2009-12-31,2009-12-31,2009-12-31,2019-02-05,84000000.0,2714000000.0,,1384000000.0,1330000000.0,,13.82,-51000000.0,373000000.0,373000000.0,286000000.0,93000000.0,1.865,0.61,577000000.0,477000000.0,100000000.0,577000000.0,0.0,24000000.0,0.0,0.011,0.145,128000000.0,152000000.0,0.265,152000000.0,128000000.0,126000000.0,0.76,0.74,0.76,1686000000.0,,1686000000.0,6428471230.0,13.0,10.859,103000000.0,0.844,1.0,287000000.0,0.501,530000000.0,2000000.0,1646000000.0,,609000000.0,0.0,0.0,0.0,1028000000.0,742000000.0,286000000.0,6151671230.0,81000000.0,0.0,-10000000.0,7000000.0,-18000000.0,-17000000.0,-56000000.0,-6000000.0,154000000.0,0.0,93000000.0,93000000.0,93000000.0,0.0,0.0,0.162,159000000.0,128000000.0,112000000.0,0.191,3.649,17.728,17.799,709000000.0,0.0,50.55,2.864,2.871,285000000.0,3230000000.0,573000000.0,573000000.0,16000000.0,,,,,4000000.0,134000000.0,1.0,121694782.0,122000000,124000000.0,4.697,2184000000.0,54000000.0,33000000.0,65000000.0,17.902,642000000.0
24,SIAL,MRQ,2009-09-30,2009-09-30,2009-09-30,2019-02-05,99300000.0,2666400000.0,,1360700000.0,1305700000.0,,13.361,-34000000.0,292200000.0,292200000.0,269000000.0,86000000.0,1.853,0.636,569000000.0,469000000.0,100000000.0,569000000.0,0.0,23000000.0,0.0,0.01,0.145,122000000.0,145000000.0,0.272,145000000.0,122000000.0,120000000.0,0.71,0.7,0.71,1630100000.0,,1630100000.0,6928431704.0,14.0,11.972,113000000.0,0.926,1.0,265000000.0,0.496,521300000.0,2000000.0,1687400000.0,,646100000.0,0.0,0.0,0.0,1036300000.0,734500000.0,301800000.0,6575531704.0,33000000.0,-4000000.0,-13000000.0,-42000000.0,-18000000.0,-72000000.0,-47000000.0,-10000000.0,147000000.0,5000000.0,86000000.0,86000000.0,86000000.0,0.0,0.0,0.161,143000000.0,122000000.0,110200000.0,0.204,4.034,19.408,19.487,700900000.0,0.0,53.98,3.154,3.158,298600000.0,3155500000.0,534000000.0,534000000.0,16000000.0,,,,,5000000.0,127000000.0,1.0,121814222.0,122000000,124000000.0,4.377,2145100000.0,58800000.0,34000000.0,57800000.0,17.583,626200000.0
25,SIAL,MRQ,2009-06-30,2009-06-30,2009-06-30,2019-02-05,55300000.0,2612600000.0,,1332800000.0,1279800000.0,,12.528,-28000000.0,258500000.0,258500000.0,252000000.0,84000000.0,1.935,0.709,611400000.0,411400000.0,200000000.0,611400000.0,0.0,22000000.0,0.0,0.011,0.145,125000000.0,147000000.0,0.282,147000000.0,125000000.0,122000000.0,0.69,0.68,0.69,1528400000.0,,1528400000.0,6458709281.0,13.0,11.059,73000000.0,0.598,1.0,270000000.0,0.517,518500000.0,3000000.0,1758100000.0,,663000000.0,0.0,0.0,0.0,1084200000.0,688900000.0,395300000.0,6050709281.0,32000000.0,0.0,-15000000.0,-26000000.0,-17000000.0,-58000000.0,-28000000.0,0.0,101000000.0,17000000.0,84000000.0,84000000.0,84000000.0,0.0,0.0,0.161,145000000.0,125000000.0,114500000.0,0.21,3.959,18.078,18.288,680200000.0,0.0,49.56,2.893,2.891,296500000.0,3087000000.0,522000000.0,522000000.0,15000000.0,,,,,5000000.0,130000000.0,1.0,122088565.0,122000000,124000000.0,4.279,2094100000.0,56200000.0,38000000.0,65600000.0,17.165,643900000.0
26,SIAL,MRQ,2009-03-31,2009-03-31,2009-03-31,2019-02-05,-26700000.0,2525000000.0,,1289200000.0,1235800000.0,,11.411,-26000000.0,226800000.0,226800000.0,251000000.0,84000000.0,1.73,0.814,634800000.0,434800000.0,200000000.0,634800000.0,0.0,23000000.0,0.0,0.014,0.145,125000000.0,148000000.0,0.285,148000000.0,125000000.0,122000000.0,0.69,0.68,0.69,1392100000.0,,1392100000.0,5092423045.0,10.0,8.529,88000000.0,0.721,1.0,268000000.0,0.516,501500000.0,3000000.0,1686200000.0,,648500000.0,0.0,0.0,0.0,1132900000.0,745300000.0,387600000.0,4615323045.0,-25000000.0,-2000000.0,-5000000.0,-81000000.0,-18000000.0,-103000000.0,-29000000.0,-1000000.0,114000000.0,-7000000.0,84000000.0,84000000.0,84000000.0,0.0,0.0,0.162,143000000.0,125000000.0,120600000.0,0.21,3.315,13.515,13.842,655000000.0,0.0,37.79,2.146,2.144,297600000.0,3021100000.0,519000000.0,519000000.0,16000000.0,,,,,3000000.0,127000000.0,1.0,122130803.0,122000000,123000000.0,4.254,2023500000.0,51500000.0,38000000.0,92100000.0,16.586,543900000.0
27,SIAL,MRQ,2008-12-31,2008-12-31,2008-12-31,2019-02-05,25300000.0,2556500000.0,,1309200000.0,1247300000.0,,11.323,-26900000.0,251800000.0,251800000.0,245100000.0,84800000.0,1.649,0.854,728900000.0,528800000.0,200100000.0,728900000.0,0.0,23900000.0,0.0,0.012,0.13,114800000.0,138700000.0,0.272,138700000.0,114800000.0,111700000.0,0.68,0.67,0.68,1379200000.0,,1379200000.0,5687880525.0,11.0,9.433,77300000.0,0.635,1.0,265000000.0,0.52,508900000.0,3100000.0,1730800000.0,,661800000.0,0.0,0.0,0.0,1177300000.0,793900000.0,383400000.0,5295080525.0,31000000.0,-4000000.0,-128500000.0,108200000.0,-16500000.0,-37200000.0,-21900000.0,10000000.0,104200000.0,-14100000.0,84800000.0,84800000.0,84800000.0,0.0,0.0,0.166,150200000.0,114800000.0,114600000.0,0.191,3.839,15.483,15.644,660400000.0,0.0,42.24,2.406,2.418,269800000.0,2954400000.0,510100000.0,510100000.0,15600000.0,,,,,-1700000.0,134600000.0,1.0,125357020.0,121800000,125700000.0,4.188,2047600000.0,45900000.0,26900000.0,59700000.0,16.811,515300000.0
28,SIAL,MRQ,2008-09-30,2008-09-30,2008-09-30,2019-02-05,103400000.0,2606100000.0,,1302700000.0,1303400000.0,,12.088,-22900000.0,220600000.0,220600000.0,262700000.0,81900000.0,1.829,0.718,613400000.0,413300000.0,200100000.0,613400000.0,0.0,24100000.0,0.0,0.01,0.13,126200000.0,150300000.0,0.278,150300000.0,126200000.0,122700000.0,0.65,0.64,0.65,1517100000.0,,1517100000.0,6957057028.0,14.0,11.452,55700000.0,0.444,1.0,277900000.0,0.514,531200000.0,3500000.0,1755500000.0,,657000000.0,0.0,0.0,0.0,1089000000.0,712200000.0,376800000.0,6603257028.0,-19700000.0,-2000000.0,-51900000.0,21500000.0,-16300000.0,-43100000.0,-25500000.0,0.0,78600000.0,-29700000.0,81900000.0,81900000.0,81900000.0,0.0,0.0,0.151,151700000.0,126200000.0,117700000.0,0.2,4.353,19.302,19.707,668300000.0,0.0,52.42,2.97,2.959,296500000.0,2885900000.0,540600000.0,540600000.0,16500000.0,,,,,2900000.0,135200000.0,1.0,125968276.0,125500000,128100000.0,4.308,2074900000.0,69300000.0,40800000.0,103500000.0,16.533,590500000.0
29,SIAL,MRQ,2008-06-30,2008-06-30,2008-06-30,2019-02-05,218800000.0,2736700000.0,,1385100000.0,1351600000.0,,12.653,-22300000.0,240300000.0,240300000.0,285800000.0,90800000.0,1.87,0.696,594100000.0,394000000.0,200100000.0,594100000.0,0.0,25700000.0,0.0,0.009,0.13,134400000.0,160100000.0,0.276,160100000.0,134400000.0,131200000.0,0.71,0.7,0.71,1613300000.0,,1613300000.0,7221402169.0,15.0,12.159,109700000.0,0.86,1.0,294900000.0,0.508,557000000.0,3200000.0,1792900000.0,,687900000.0,0.0,0.0,0.0,1123400000.0,740600000.0,382800000.0,6943302169.0,13900000.0,0.0,-178600000.0,91300000.0,-16500000.0,-102100000.0,-21800000.0,0.0,132000000.0,5800000.0,90800000.0,90800000.0,90800000.0,0.0,0.0,0.156,160500000.0,134400000.0,128400000.0,0.183,4.304,20.926,21.039,689600000.0,0.0,53.86,3.177,3.142,328800000.0,2820600000.0,580700000.0,580700000.0,16000000.0,,,,,4800000.0,144500000.0,1.0,128913891.0,127500000,130200000.0,4.555,2179700000.0,72900000.0,40400000.0,127800000.0,17.096,644500000.0
30,SIAL,MRQ,2008-03-31,2008-03-31,2008-03-31,2019-02-05,225300000.0,2742900000.0,,1379700000.0,1363200000.0,,13.303,-18900000.0,226400000.0,226400000.0,277400000.0,84500000.0,2.169,0.596,504500000.0,304400000.0,200100000.0,504500000.0,0.0,25300000.0,0.0,0.008,0.13,128600000.0,153900000.0,0.27,153900000.0,128600000.0,124400000.0,0.65,0.64,0.65,1718800000.0,,1718800000.0,8018974137.0,17.0,13.97,70300000.0,0.544,1.0,292200000.0,0.513,559300000.0,4200000.0,1825600000.0,,689900000.0,0.0,0.0,0.0,1024100000.0,636100000.0,388000000.0,7718274137.0,-11200000.0,0.0,-38000000.0,-40000000.0,-16700000.0,-91600000.0,-17800000.0,0.0,89200000.0,9000000.0,84500000.0,84500000.0,84500000.0,0.0,0.0,0.148,163600000.0,128600000.0,120100000.0,0.2,4.491,24.067,24.248,691900000.0,0.0,59.65,3.654,3.648,333700000.0,2746700000.0,569600000.0,569600000.0,15900000.0,,,,,6000000.0,147700000.0,1.0,129392693.0,129200000,131900000.0,4.409,2183600000.0,67800000.0,39900000.0,135100000.0,16.901,743600000.0
31,SIAL,MRQ,2007-12-31,2007-12-31,2007-12-31,2019-02-05,159900000.0,2629100000.0,,1282500000.0,1346600000.0,,12.464,-32500000.0,237600000.0,237600000.0,266900000.0,84900000.0,2.02,0.626,538300000.0,331300000.0,207000000.0,538300000.0,0.0,25300000.0,0.0,0.008,0.115,117900000.0,143200000.0,0.269,143200000.0,117900000.0,113400000.0,0.65,0.64,0.65,1616600000.0,,1616600000.0,7463521402.0,16.0,13.39,116600000.0,0.899,1.0,265200000.0,0.498,557200000.0,4500000.0,1737600000.0,,653600000.0,0.0,0.0,0.0,1012500000.0,635000000.0,377500000.0,7099221402.0,34800000.0,0.0,-45400000.0,-30300000.0,-14900000.0,-88300000.0,-25700000.0,200000.0,149100000.0,-300000.0,84900000.0,84900000.0,84900000.0,0.0,0.0,0.16,147300000.0,117900000.0,131000000.0,0.177,4.391,22.82,22.941,681500000.0,0.0,54.6,3.482,3.498,276300000.0,2679300000.0,532100000.0,532100000.0,15700000.0,,,,,4100000.0,131600000.0,1.0,130022370.0,129700000,132500000.0,4.103,2071900000.0,57700000.0,28500000.0,89400000.0,15.975,647500000.0
32,SIAL,MRQ,2007-09-30,2007-09-30,2007-09-30,2019-02-05,139300000.0,2603600000.0,,1262100000.0,1341500000.0,,12.026,-15100000.0,202800000.0,202800000.0,247300000.0,71600000.0,1.963,0.663,567100000.0,359900000.0,207200000.0,567100000.0,0.0,24100000.0,0.0,0.009,0.115,112600000.0,136700000.0,0.272,136700000.0,112600000.0,106800000.0,0.55,0.54,0.55,1565800000.0,,1565800000.0,6760785066.0,15.0,12.574,90500000.0,0.695,1.0,255900000.0,0.509,556100000.0,5800000.0,1768700000.0,,658600000.0,0.0,0.0,0.0,1037800000.0,643100000.0,394700000.0,6363985066.0,12700000.0,1500000.0,-35600000.0,-24200000.0,-15000000.0,-72200000.0,-26300000.0,0.0,105600000.0,5600000.0,71600000.0,71600000.0,71600000.0,0.0,0.0,0.142,143300000.0,112600000.0,103500000.0,0.209,4.064,21.37,21.471,671600000.0,0.0,48.74,3.229,3.219,298500000.0,2609300000.0,503200000.0,503200000.0,15000000.0,,,,,4600000.0,128300000.0,1.0,130570067.0,130200000,132700000.0,3.865,2047500000.0,54400000.0,35200000.0,93700000.0,15.726,619000000.0
33,SIAL,MRQ,2007-06-30,2007-06-30,2007-06-30,2019-02-05,95700000.0,2542000000.0,,1226400000.0,1315600000.0,,11.429,-16100000.0,190100000.0,190100000.0,247000000.0,79700000.0,1.866,0.7,586900000.0,377900000.0,209000000.0,586900000.0,0.0,24500000.0,0.0,0.01,0.115,115700000.0,140200000.0,0.276,140200000.0,115700000.0,109900000.0,0.61,0.6,0.61,1494900000.0,,1494900000.0,5993972922.0,14.0,11.514,58600000.0,0.448,1.0,260500000.0,0.513,542300000.0,5800000.0,1739100000.0,,634300000.0,0.0,0.0,0.0,1047100000.0,657400000.0,389700000.0,5603272922.0,17300000.0,-24100000.0,-36800000.0,23400000.0,-15000000.0,-27100000.0,-31600000.0,0.0,74700000.0,1300000.0,79700000.0,79700000.0,79700000.0,0.0,0.0,0.157,144800000.0,115700000.0,107600000.0,0.189,3.748,19.02,19.049,667100000.0,0.0,42.67,2.935,2.923,295200000.0,2552700000.0,507500000.0,507500000.0,14500000.0,,,,,5300000.0,130300000.0,1.0,131316450.0,130800000,133200000.0,3.88,1999700000.0,57600000.0,30200000.0,83700000.0,15.288,569000000.0
34,SIAL,MRQ,2007-03-31,2007-03-31,2007-03-31,2019-02-05,89600000.0,2522000000.0,,1181900000.0,1340100000.0,,11.039,-19300000.0,172800000.0,172800000.0,241500000.0,74900000.0,1.848,0.733,563500000.0,353300000.0,210200000.0,563500000.0,0.0,23900000.0,0.0,0.01,0.115,113400000.0,137300000.0,0.277,137300000.0,113400000.0,107500000.0,0.57,0.56,0.57,1455000000.0,,1455000000.0,5836467532.0,14.0,11.537,68300000.0,0.518,1.0,254400000.0,0.513,519700000.0,5900000.0,1753500000.0,,614200000.0,0.0,0.0,0.0,1067000000.0,639500000.0,427500000.0,5483367532.0,-1000000.0,-45000000.0,-34100000.0,23200000.0,-15100000.0,-24400000.0,-65400000.0,0.0,87600000.0,1200000.0,74900000.0,74900000.0,74900000.0,0.0,0.0,0.151,141000000.0,113400000.0,112000000.0,0.202,3.769,19.226,19.222,663900000.0,0.0,41.52,2.964,2.958,289100000.0,2488000000.0,495900000.0,495900000.0,14100000.0,,,,,5000000.0,126900000.0,1.0,132065692.0,131800000,134000000.0,3.763,2002300000.0,54700000.0,32600000.0,147100000.0,15.192,542400000.0
35,SIAL,MRQ,2006-12-31,2006-12-31,2006-12-31,2019-02-05,80700000.0,2334300000.0,,1112900000.0,1221400000.0,,10.689,-25400000.0,173800000.0,173800000.0,230300000.0,71600000.0,2.514,0.654,526900000.0,189000000.0,337900000.0,526900000.0,0.0,24100000.0,0.0,0.011,0.105,99400000.0,123500000.0,0.266,123500000.0,99400000.0,93500000.0,0.54,0.53,0.54,1410900000.0,,1410900000.0,5534286722.0,14.0,11.212,77400000.0,0.586,1.0,234200000.0,0.504,487300000.0,5900000.0,1757500000.0,,596000000.0,0.0,0.0,0.0,923400000.0,442600000.0,480800000.0,5124886722.0,36800000.0,-4800000.0,-3400000.0,-20900000.0,-13800000.0,-36200000.0,-31500000.0,0.0,102800000.0,1700000.0,71600000.0,71600000.0,71600000.0,0.0,0.0,0.154,134800000.0,99400000.0,97200000.0,0.194,3.632,18.515,18.683,645100000.0,0.0,38.86,2.851,2.873,248000000.0,2424700000.0,464500000.0,464500000.0,13300000.0,,,,,3100000.0,121500000.0,1.0,131880770.0,132000000,134300000.0,3.519,1847000000.0,49600000.0,21900000.0,96700000.0,13.992,670300000.0
36,SIAL,MRQ,2006-09-30,2006-09-30,2006-09-30,2019-02-05,78200000.0,2316400000.0,,1071100000.0,1245300000.0,,10.207,-16300000.0,137000000.0,137000000.0,218700000.0,68400000.0,1.875,0.717,546400000.0,308900000.0,237500000.0,546400000.0,0.0,23000000.0,0.0,0.011,0.105,96600000.0,119600000.0,0.271,119600000.0,96600000.0,90100000.0,0.52,0.51,0.52,1349400000.0,,1349400000.0,5446940633.0,14.0,11.327,75400000.0,0.57,1.0,222700000.0,0.505,482200000.0,6500000.0,1672400000.0,,587200000.0,0.0,0.0,0.0,967000000.0,571200000.0,395800000.0,5022540633.0,-28900000.0,-14300000.0,-33600000.0,-41400000.0,-13900000.0,-88300000.0,-31200000.0,0.0,91700000.0,-1100000.0,68400000.0,68400000.0,68400000.0,0.0,0.0,0.155,126100000.0,96600000.0,93800000.0,0.202,3.722,19.133,19.157,630100000.0,0.0,37.835,2.881,2.869,253800000.0,2467800000.0,441400000.0,441400000.0,13200000.0,,,,,3400000.0,112900000.0,1.0,132748530.0,132200000,134200000.0,3.339,1834200000.0,53600000.0,21700000.0,136700000.0,13.874,499900000.0
37,SIAL,MRQ,2006-06-30,2006-06-30,2006-06-30,2019-02-05,82900000.0,2343500000.0,,1104400000.0,1239100000.0,,9.98,-15000000.0,165900000.0,165900000.0,214000000.0,70300000.0,1.844,0.763,590300000.0,334700000.0,255600000.0,590300000.0,0.0,22100000.0,0.0,0.011,0.105,103400000.0,125500000.0,0.28,125500000.0,103400000.0,97100000.0,0.53,0.52,0.53,1329400000.0,,1329400000.0,5269131533.0,14.0,11.1,62500000.0,0.469,1.0,234500000.0,0.523,475100000.0,6300000.0,1694000000.0,,585600000.0,0.0,0.0,0.0,1014100000.0,598800000.0,415300000.0,4863031533.0,47600000.0,-900000.0,-43200000.0,41900000.0,-13900000.0,-14200000.0,-19300000.0,0.0,77500000.0,3600000.0,70300000.0,70300000.0,70300000.0,0.0,0.0,0.157,131100000.0,103400000.0,91100000.0,0.198,3.658,18.849,18.819,633300000.0,0.0,36.32,2.837,2.822,256600000.0,2413300000.0,448500000.0,448500000.0,13400000.0,,,,,3900000.0,117700000.0,1.0,133894040.0,133200000,135100000.0,3.367,1868400000.0,56100000.0,26800000.0,142400000.0,14.027,505600000.0
38,SIAL,MRQ,2006-03-31,2006-03-31,2006-03-31,2019-02-05,42000000.0,2214900000.0,,1013600000.0,1201300000.0,,9.462,-13400000.0,118300000.0,118300000.0,214300000.0,66500000.0,1.898,0.743,524400000.0,271000000.0,253400000.0,524400000.0,0.0,21700000.0,0.0,0.012,0.105,103300000.0,125000000.0,0.282,125000000.0,103300000.0,98000000.0,0.5,0.49,0.5,1270700000.0,,1270700000.0,4802178749.0,13.0,10.325,43400000.0,0.323,1.0,228800000.0,0.516,465500000.0,5300000.0,1621500000.0,,551800000.0,0.0,0.0,0.0,944200000.0,534000000.0,410200000.0,4399578749.0,19700000.0,0.0,-27100000.0,22900000.0,-14100000.0,-17500000.0,-20800000.0,0.0,56800000.0,1200000.0,66500000.0,66500000.0,66500000.0,0.0,0.0,0.15,125500000.0,103300000.0,89000000.0,0.21,3.462,17.584,17.685,608900000.0,0.0,32.895,2.573,2.584,246300000.0,2356900000.0,443100000.0,443100000.0,13000000.0,,,,,2900000.0,112500000.0,1.0,133746124.0,134300000,136000000.0,3.299,1749400000.0,52500000.0,31500000.0,151600000.0,13.026,479600000.0
39,SIAL,MRQ,2005-12-31,2005-12-31,2005-12-31,2019-02-05,33400000.0,2131300000.0,,950200000.0,1181100000.0,,9.163,-18100000.0,98600000.0,98600000.0,204800000.0,57300000.0,2.063,0.728,501200000.0,218000000.0,283200000.0,501200000.0,0.0,23400000.0,0.0,0.012,0.095,87400000.0,110800000.0,0.27,110800000.0,87400000.0,81400000.0,0.425,0.42,0.425,1233400000.0,,1233400000.0,4703461880.0,13.0,10.417,47200000.0,0.351,1.0,205700000.0,0.501,462700000.0,6000000.0,1610500000.0,,550400000.0,0.0,0.0,0.0,897900000.0,460700000.0,437200000.0,4255561880.0,-56700000.0,11100000.0,-2200000.0,-96100000.0,-12700000.0,-111000000.0,-11300000.0,0.0,65300000.0,300000.0,57300000.0,57300000.0,57300000.0,0.0,0.0,0.14,118300000.0,87400000.0,90000000.0,0.224,3.45,16.475,16.655,613400000.0,0.0,31.645,2.554,2.579,207200000.0,2304500000.0,410500000.0,410500000.0,12200000.0,,,,,0.0,106100000.0,1.0,134478176.0,134600000,136600000.0,3.05,1668600000.0,48400000.0,24100000.0,132700000.0,12.397,489500000.0
40,SIAL,MRQ,2005-09-30,2005-09-30,2005-09-30,2019-02-05,48500000.0,2227900000.0,,1046200000.0,1181700000.0,,8.941,-20100000.0,155300000.0,155300000.0,200000000.0,63900000.0,1.937,0.849,603200000.0,277000000.0,326200000.0,603200000.0,0.0,23600000.0,0.0,0.012,0.095,89800000.0,113400000.0,0.275,113400000.0,89800000.0,84800000.0,0.475,0.47,0.475,1205200000.0,,1205200000.0,4803457049.0,14.0,11.101,69700000.0,0.517,1.0,212200000.0,0.515,348800000.0,5000000.0,1787000000.0,,557900000.0,0.0,0.0,0.0,1022700000.0,540000000.0,482700000.0,4323957049.0,25300000.0,0.0,-24000000.0,-6100000.0,-12800000.0,-42900000.0,-20300000.0,0.0,89800000.0,-1300000.0,63900000.0,63900000.0,63900000.0,0.0,0.0,0.155,122400000.0,89800000.0,83800000.0,0.2,3.588,16.91,17.083,618000000.0,0.0,32.03,2.689,2.685,234700000.0,2260000000.0,412200000.0,412200000.0,12800000.0,,,,,0.0,109600000.0,1.0,134997098.0,134800000,136400000.0,3.058,1879100000.0,0.0,20900000.0,129700000.0,13.94,506200000.0
41,SIAL,MRQ,2005-06-30,2005-06-30,2005-06-30,2019-02-05,51500000.0,2211800000.0,,1031600000.0,1180200000.0,,8.625,-20300000.0,130000000.0,130000000.0,221200000.0,62500000.0,1.881,0.88,609500000.0,283100000.0,326400000.0,609500000.0,0.0,23000000.0,0.0,0.013,0.095,92900000.0,115900000.0,0.261,115900000.0,92900000.0,88000000.0,0.46,0.455,0.46,1176400000.0,,1176400000.0,4217132340.0,13.0,10.145,27400000.0,0.201,1.0,222800000.0,0.502,350400000.0,4900000.0,1792400000.0,,553400000.0,0.0,0.0,0.0,1035400000.0,548500000.0,486900000.0,3859132340.0,-34100000.0,-50000000.0,-77800000.0,86700000.0,-12700000.0,-3800000.0,-73800000.0,0.0,47700000.0,-4200000.0,62500000.0,62500000.0,62500000.0,0.0,0.0,0.141,129900000.0,92900000.0,89900000.0,0.207,3.28,15.555,15.481,622600000.0,0.0,28.02,2.512,2.488,246500000.0,2208800000.0,444000000.0,444000000.0,13100000.0,,,,,0.0,116800000.0,1.0,137727778.0,136400000,138000000.0,3.255,1861400000.0,0.0,25500000.0,128800000.0,13.647,483100000.0
42,SIAL,MRQ,2005-03-31,2005-03-31,2005-03-31,2019-02-05,97500000.0,2226200000.0,,1062500000.0,1163700000.0,,9.109,-29700000.0,164100000.0,164100000.0,192000000.0,74600000.0,2.181,0.776,522100000.0,196000000.0,326100000.0,522100000.0,0.0,20100000.0,0.0,0.011,0.095,91300000.0,111400000.0,0.279,111400000.0,91300000.0,89100000.0,0.54,0.535,0.54,1253400000.0,,1253400000.0,4233628320.0,13.0,10.579,48000000.0,0.349,1.0,207800000.0,0.52,344200000.0,2200000.0,1752800000.0,,561100000.0,0.0,0.0,0.0,972800000.0,487200000.0,485600000.0,4216728320.0,-5100000.0,-377700000.0,5500000.0,336400000.0,-13100000.0,328800000.0,-407800000.0,0.0,77700000.0,-3800000.0,74600000.0,74600000.0,74600000.0,0.0,0.0,0.187,116500000.0,91300000.0,92500000.0,0.176,3.364,17.197,17.205,612300000.0,0.0,30.625,2.926,2.925,234600000.0,2159000000.0,399800000.0,399800000.0,11700000.0,,,,,0.0,104800000.0,1.0,137689088.0,137600000,139400000.0,2.906,1882000000.0,0.0,14500000.0,71600000.0,13.677,575300000.0
43,SIAL,MRQ,2004-12-31,2004-12-31,2004-12-31,2019-02-05,123800000.0,1745000000.0,,893400000.0,851600000.0,,8.819,-21000000.0,169200000.0,169200000.0,164500000.0,54700000.0,3.869,0.44,186100000.0,9000000.0,177100000.0,186100000.0,0.0,19500000.0,0.0,0.011,0.085,72500000.0,92000000.0,0.261,92000000.0,72500000.0,71000000.0,0.4,0.395,0.4,1211700000.0,,1211700000.0,4225652838.0,13.0,10.769,63400000.0,0.461,1.0,187400000.0,0.533,186300000.0,1500000.0,1344700000.0,,446800000.0,0.0,0.0,0.0,533300000.0,230900000.0,302400000.0,4174152838.0,34900000.0,-300000.0,-20900000.0,-400000.0,-11600000.0,-32900000.0,-24200000.0,0.0,84400000.0,7600000.0,54700000.0,54700000.0,54700000.0,0.0,0.0,0.155,114900000.0,72500000.0,86700000.0,0.212,3.445,17.923,17.888,584400000.0,0.0,30.23,2.962,2.96,190000000.0,2097500000.0,351900000.0,351900000.0,11100000.0,,,,,0.0,103800000.0,1.0,138079816.0,137400000,139200000.0,2.561,1558700000.0,44900000.0,16300000.0,93600000.0,11.344,662500000.0
44,SIAL,MRQ,2004-09-30,2004-09-30,2004-09-30,2019-02-05,64300000.0,1642500000.0,,836200000.0,806300000.0,,8.183,-18700000.0,134300000.0,134300000.0,158300000.0,56300000.0,3.9,0.455,185800000.0,8000000.0,177800000.0,185800000.0,0.0,19000000.0,0.0,0.012,0.085,77400000.0,96400000.0,0.283,96400000.0,77400000.0,76100000.0,0.41,0.405,0.41,1129200000.0,,1129200000.0,4098898476.0,13.0,10.572,56800000.0,0.412,1.0,182300000.0,0.535,149900000.0,1300000.0,1329700000.0,,424600000.0,0.0,0.0,0.0,513300000.0,214400000.0,298900000.0,4007998476.0,-4400000.0,-800000.0,-4200000.0,-43700000.0,-11800000.0,-59700000.0,-20700000.0,0.0,75500000.0,500000.0,56300000.0,56300000.0,56300000.0,0.0,0.0,0.165,104900000.0,77400000.0,67400000.0,0.207,3.549,17.821,17.846,555000000.0,0.0,29.0,2.905,2.901,197600000.0,2054400000.0,340600000.0,340600000.0,10600000.0,,,,,0.0,94300000.0,1.0,138206844.0,138000000,139600000.0,2.468,1492600000.0,0.0,19800000.0,45000000.0,10.816,621800000.0
45,SIAL,MRQ,2004-06-30,2004-06-30,2004-06-30,2019-02-05,57800000.0,1635600000.0,,841700000.0,793900000.0,,7.831,-17700000.0,138700000.0,138700000.0,163300000.0,59600000.0,3.335,0.511,229600000.0,50600000.0,179000000.0,229600000.0,0.0,17600000.0,0.0,0.011,0.085,82800000.0,100400000.0,0.288,100400000.0,82800000.0,80600000.0,0.43,0.425,0.43,1082200000.0,,1082200000.0,4180860683.0,14.0,11.066,65400000.0,0.473,1.0,185300000.0,0.532,178900000.0,2200000.0,1295200000.0,,409000000.0,0.0,0.0,0.0,553400000.0,252400000.0,301000000.0,4121260683.0,13300000.0,-74300000.0,-7300000.0,42100000.0,-11800000.0,23000000.0,-91500000.0,0.0,83100000.0,-1300000.0,59600000.0,59600000.0,59600000.0,0.0,0.0,0.171,102500000.0,82800000.0,77100000.0,0.198,3.808,19.133,19.291,547700000.0,0.0,29.805,3.046,3.044,206900000.0,2009900000.0,348600000.0,348600000.0,10200000.0,,,,,0.0,92300000.0,1.0,138274138.0,138200000,139600000.0,2.522,1456700000.0,0.0,21000000.0,32600000.0,10.541,589300000.0
46,SIAL,MRQ,2004-03-31,2004-03-31,2004-03-31,2019-02-05,63300000.0,1556500000.0,,836700000.0,719800000.0,,7.561,-11000000.0,125400000.0,125400000.0,171500000.0,62300000.0,3.815,0.487,185000000.0,8700000.0,176300000.0,185000000.0,0.0,17300000.0,0.0,0.01,0.085,86300000.0,103600000.0,0.281,103600000.0,86300000.0,84100000.0,0.45,0.445,0.45,1046500000.0,,1046500000.0,3947255125.0,13.0,10.788,69800000.0,0.504,1.0,196600000.0,0.534,112400000.0,2200000.0,1284400000.0,,408900000.0,0.0,0.0,0.0,510000000.0,219300000.0,290700000.0,3831976125.0,-2200000.0,0.0,-2500000.0,-58100000.0,-11800000.0,-72400000.0,-11200000.0,0.0,80800000.0,600000.0,62300000.0,62300000.0,62300000.0,0.0,0.0,0.169,110300000.0,86300000.0,71800000.0,0.189,3.662,18.793,19.031,538400000.0,0.0,27.69,2.878,2.878,214800000.0,1962100000.0,368100000.0,368100000.0,10700000.0,,,,,0.0,99600000.0,1.0,138388448.0,138400000,139800000.0,2.66,1444100000.0,0.0,21800000.0,45800000.0,10.434,617400000.0
47,SIAL,MRQ,2003-12-31,2003-12-31,2003-12-31,2019-02-05,66100000.0,1548200000.0,,815000000.0,733200000.0,,7.21,-19600000.0,127600000.0,127600000.0,153300000.0,46700000.0,3.166,0.549,242900000.0,66600000.0,176300000.0,242900000.0,0.0,18000000.0,0.0,0.009,0.08,69300000.0,87300000.0,0.271,87300000.0,69300000.0,66900000.0,0.335,0.33,0.335,999300000.0,,999300000.0,4064456174.0,14.0,11.452,63900000.0,0.461,1.0,168900000.0,0.524,113000000.0,2400000.0,1293100000.0,,426600000.0,0.0,0.0,0.0,548900000.0,257400000.0,291500000.0,3964733174.0,9000000.0,1800000.0,-72200000.0,24600000.0,-11100000.0,-58700000.0,-19100000.0,0.0,83500000.0,3300000.0,46700000.0,46700000.0,46700000.0,0.0,0.0,0.145,99600000.0,69300000.0,73400000.0,0.239,3.968,20.532,20.869,547400000.0,0.0,28.59,3.054,3.105,178200000.0,1911600000.0,322200000.0,322200000.0,11100000.0,,,,,0.0,88500000.0,1.0,138675522.0,138600000,139800000.0,2.325,1435200000.0,0.0,20200000.0,32000000.0,10.355,557600000.0
48,SIAL,MRQ,2003-09-30,2003-09-30,2003-09-30,2019-02-05,26739000.0,1462431000.0,,762215000.0,700216000.0,,6.963,-10600000.0,118590000.0,118590000.0,150000000.0,46800000.0,3.336,0.485,218313000.0,41888000.0,176425000.0,218313000.0,0.0,17100000.0,0.0,0.008,0.08,69400000.0,86500000.0,0.275,86500000.0,69400000.0,67100000.0,0.33,0.33,0.33,984608000.0,,984608000.0,3830179220.0,12.0,10.049,76800000.0,0.543,1.0,164200000.0,0.523,109393000.0,2300000.0,1224270000.0,,413843000.0,0.0,0.0,0.0,477823000.0,228491000.0,249332000.0,3691267220.0,65100000.0,0.0,-26500000.0,25900000.0,-11400000.0,-12000000.0,-11200000.0,0.0,87400000.0,900000.0,46800000.0,46800000.0,46800000.0,0.0,0.0,0.149,94800000.0,69400000.0,69242000.0,0.242,3.749,17.318,17.441,532210000.0,0.0,26.075,2.902,2.898,187815000.0,1876097000.0,314200000.0,314200000.0,10200000.0,,,,,0.0,84600000.0,1.0,141563460.0,141400000,142800000.0,2.222,1353038000.0,0.0,20300000.0,30201000.0,9.569,533724000.0
49,SIAL,MRQ,2003-06-30,2003-06-30,2003-06-30,2019-02-05,17300000.0,1408887000.0,,711485000.0,697402000.0,,6.879,-13900000.0,53482000.0,53482000.0,160400000.0,48100000.0,3.785,0.444,192394000.0,15845000.0,176549000.0,192394000.0,0.0,17100000.0,0.0,0.007,0.045,71400000.0,88500000.0,0.271,88500000.0,71400000.0,68800000.0,0.34,0.335,0.34,975375000.0,,975375000.0,4030476782.0,13.0,10.587,65100000.0,0.459,1.0,166600000.0,0.509,108768000.0,2600000.0,1251041000.0,,410792000.0,0.0,0.0,0.0,433512000.0,187990000.0,245522000.0,3849846782.0,-700000.0,0.0,-16700000.0,-42300000.0,-6400000.0,-65400000.0,-13300000.0,0.0,79000000.0,-1000000.0,48100000.0,48100000.0,48100000.0,-100000.0,0.0,0.147,95300000.0,71300000.0,67779000.0,0.132,3.947,18.087,18.29,535342000.0,0.0,27.16,3.049,3.05,195901000.0,1840594000.0,327000000.0,327000000.0,10500000.0,,,,,0.0,84800000.0,1.0,141746936.0,141800000,143000000.0,2.306,1300119000.0,0.0,20700000.0,22786000.0,9.169,523495000.0
50,SIAL,MRQ,2003-03-31,2003-03-31,2003-03-31,2019-02-05,-5784000.0,1415992000.0,,725837000.0,690155000.0,,6.519,-9700000.0,54195000.0,54195000.0,163700000.0,51500000.0,2.967,0.527,234825000.0,58138000.0,176687000.0,234825000.0,0.0,17100000.0,0.0,0.008,0.045,75500000.0,92600000.0,0.277,92600000.0,75500000.0,72700000.0,0.365,0.36,0.365,927015000.0,,927015000.0,3378598987.0,14.0,10.919,49400000.0,0.347,1.0,171000000.0,0.511,106611000.0,2800000.0,1245368000.0,,417209000.0,0.0,0.0,0.0,488977000.0,244643000.0,244334000.0,3164245987.0,1800000.0,0.0,-9400000.0,-32000000.0,-6300000.0,-47700000.0,-9900000.0,0.0,59100000.0,300000.0,51500000.0,51500000.0,51500000.0,-1100000.0,0.0,0.154,98100000.0,72900000.0,73005000.0,0.123,3.413,22.211,22.357,530313000.0,0.0,22.245,2.552,2.551,206181000.0,1798939000.0,334700000.0,334700000.0,10800000.0,,,,,0.0,87300000.0,1.0,142245268.0,142200000,143200000.0,2.354,1309381000.0,0.0,21200000.0,34336000.0,9.208,481194000.0
51,SIAL,MRQ,2002-12-31,2002-12-31,2002-12-31,2019-02-05,-15365000.0,1444643000.0,,733020000.0,711623000.0,,6.165,-15268000.0,52382000.0,52382000.0,145016000.0,66745000.0,2.631,0.638,266735000.0,89930000.0,176805000.0,266735000.0,0.0,15954000.0,0.0,0.007,0.045,97597000.0,113551000.0,0.383,113551000.0,97597000.0,94827000.0,0.46,0.455,0.46,882174000.0,,882174000.0,3769578869.0,16.0,12.726,80165000.0,0.56,1.0,151261000.0,0.511,105548000.0,2770000.0,1274853000.0,,421368000.0,0.0,0.0,0.0,562469000.0,278595000.0,283874000.0,3491470869.0,12719000.0,2541000.0,-50685000.0,-50402000.0,-6507000.0,-107594000.0,25714000.0,0.0,95433000.0,-834000.0,66745000.0,66745000.0,66745000.0,-5874000.0,0.0,0.225,59538000.0,91723000.0,69184000.0,0.098,3.958,26.714,27.056,535797000.0,0.0,24.35,2.893,2.933,175356000.0,1753737000.0,296277000.0,296277000.0,10064000.0,,,,,0.0,78774000.0,1.0,143386894.0,143102000,145138000.0,2.07,1339095000.0,0.0,28082000.0,25949000.0,9.358,454425000.0
52,SIAL,MRQ,2002-09-30,2002-09-30,2002-09-30,2019-02-05,-41000000.0,1386238000.0,,703178000.0,683060000.0,,5.803,-12289000.0,39718000.0,39718000.0,152115000.0,46504000.0,2.311,0.637,317826000.0,141118000.0,176708000.0,317826000.0,0.0,17406000.0,0.0,0.007,0.043,68661000.0,86067000.0,0.282,86067000.0,68661000.0,65392000.0,0.32,0.315,0.32,847047000.0,,847047000.0,4012092692.0,22.0,15.891,83342000.0,0.571,1.0,152715000.0,0.501,102652000.0,3269000.0,1257364000.0,,422456000.0,0.0,0.0,0.0,539191000.0,304330000.0,234861000.0,3601647692.0,-12707000.0,1300000.0,-60061000.0,-26706000.0,-6253000.0,-93020000.0,-17292000.0,0.0,95631000.0,1974000.0,46504000.0,46504000.0,46504000.0,-6217000.0,0.0,0.153,90271000.0,62444000.0,58647000.0,0.134,4.252,37.059,36.769,531634000.0,0.0,24.635,3.036,3.031,198775000.0,1693547000.0,304830000.0,304830000.0,9855000.0,,,,,0.0,80416000.0,1.0,146200434.0,145958000,147246000.0,2.088,1283586000.0,0.0,18888000.0,21541000.0,8.794,398848000.0
53,SIAL,MRQ,2002-06-30,2002-06-30,2002-06-30,2019-02-05,,,,,,,,-15412000.0,,,148516000.0,-22284000.0,,,,,,,,16534000.0,,0.007,0.043,680000.0,17214000.0,0.057,17214000.0,680000.0,-3018000.0,-0.15,-0.15,-0.15,,,,4076420883.0,24.0,,91899000.0,0.627,1.0,155772000.0,0.512,,3698000.0,,,,,,,,,,3665975883.0,17024000.0,2259000.0,8838000.0,-65530000.0,-6234000.0,-62926000.0,-16573000.0,0.0,107311000.0,-10788000.0,-22284000.0,-22284000.0,-22284000.0,65171000.0,0.0,-0.073,89921000.0,65851000.0,,-0.287,,43.401,43.233,,0.0,25.075,3.176,3.182,,,304288000.0,304288000.0,10323000.0,,,,,0.0,79598000.0,1.0,146200434.0,146506000,147882000.0,2.077,,,19266000.0,,,
54,SIAL,MRQ,2002-03-31,2002-03-31,2002-03-31,2019-02-05,,,,,,,,-13531000.0,,,146853000.0,39735000.0,,,,,,,,16406000.0,,0.007,0.043,62962000.0,79368000.0,0.263,79368000.0,62962000.0,58899000.0,0.27,0.27,0.27,,,,3843231190.0,,,39294000.0,0.269,1.0,154752000.0,0.513,,4063000.0,,,,,,,,,,3432786190.0,-2236000.0,0.0,1108000.0,-39062000.0,-6206000.0,-44160000.0,-13349000.0,0.0,52825000.0,2448000.0,39735000.0,39735000.0,39735000.0,2920000.0,0.0,0.132,88870000.0,65882000.0,,0.159,,,,,0.0,23.48,,,,,301605000.0,301605000.0,10258000.0,,,,,0.0,78612000.0,1.0,146200434.0,146034000,147208000.0,2.065,,,19164000.0,,,
55,SIAL,MRQ,2001-12-31,2001-12-31,2001-12-31,2019-02-05,-79433000.0,1439802000.0,,727311000.0,712491000.0,,5.531,-31417000.0,37637000.0,37637000.0,129720000.0,33233000.0,1.829,0.778,448082000.0,270382000.0,177700000.0,448082000.0,0.0,17026000.0,0.0,0.008,0.043,52799000.0,69825000.0,0.253,69825000.0,52799000.0,49500000.0,0.23,0.225,0.23,809715000.0,,809715000.0,3221408911.0,14.0,11.107,24808000.0,0.169,1.0,145994000.0,0.53,98675000.0,3299000.0,1354009000.0,,427094000.0,0.0,0.0,0.0,630087000.0,397563000.0,232524000.0,2971511911.0,364000.0,351000.0,-28083000.0,3083000.0,-5903000.0,-30903000.0,-26081000.0,0.0,56225000.0,1123000.0,33233000.0,33233000.0,33233000.0,2974000.0,0.0,0.121,90221000.0,55773000.0,59509000.0,0.187,3.67,21.119,20.852,531391000.0,0.0,19.705,2.666,2.637,181450000.0,1648214000.0,275714000.0,275714000.0,9650000.0,,,,,0.0,80571000.0,1.0,150799894.0,146406000,147404000.0,1.883,1341127000.0,0.0,16267000.0,13391000.0,9.16,329748000.0
56,SIAL,MRQ,2001-09-30,2001-09-30,2001-09-30,2019-02-05,,,,,,,,,,,134396000.0,33783000.0,,,,,,,,,,0.007,0.041,52835000.0,,,,52835000.0,48237000.0,0.23,0.225,0.23,,,,3657974604.0,,,,,1.0,138420000.0,0.507,,4598000.0,,,,,,,,,,3408077604.0,,,,,,,,,,,33783000.0,33783000.0,33783000.0,3228000.0,0.0,0.124,82357000.0,56063000.0,,0.178,,,,,0.0,22.6,,,,,272816000.0,272816000.0,9263000.0,,,,,,73094000.0,1.0,150799894.0,148392000,149652000.0,1.838,,,14454000.0,,,
57,SIAL,MRQ,2000-12-31,2000-12-31,2000-12-31,2019-02-05,-57986000.0,1347707000.0,,713625000.0,634082000.0,,5.155,,31058000.0,31058000.0,,,2.128,0.568,280955000.0,180109000.0,100846000.0,280955000.0,0.0,,0.0,0.008,0.041,,,,,,,,,,859275000.0,,859275000.0,3584909086.0,9.0,7.873,,,1.0,,,118158000.0,,1144166000.0,,444277000.0,0.0,0.0,0.0,488432000.0,335280000.0,153152000.0,3350768086.0,,,,,,,,,,,,,,,,,,,58050000.0,,3.9,10.465,10.237,493005000.0,,19.655,3.239,3.167,185938000.0,1532044000.0,,,,,,,,,,1.0,170479170.0,166690000,,,1229549000.0,0.0,,47819000.0,7.376,378345000.0
58,SIAL,MRQ,2000-03-31,2000-03-31,2000-03-31,2019-02-05,-49302000.0,1447240000.0,,801686000.0,645554000.0,,5.369,-12455000.0,39882000.0,39882000.0,126623000.0,49523000.0,2.076,0.454,274023000.0,273833000.0,190000.0,274023000.0,0.0,18711000.0,0.0,0.011,0.039,68265000.0,86976000.0,0.306,86976000.0,68265000.0,68265000.0,0.265,0.265,0.265,995478000.0,,995478000.0,2405879316.0,11.0,8.192,50648000.0,0.273,1.0,157327000.0,0.554,87971000.0,0.0,1207254000.0,,404747000.0,0.0,0.0,0.0,451762000.0,386156000.0,65606000.0,2428713316.0,-3965000.0,0.0,-298610000.0,252769000.0,-7051000.0,-51065000.0,-13999000.0,0.0,63103000.0,-2004000.0,49523000.0,49523000.0,49523000.0,-7809000.0,0.0,0.174,96871000.0,60456000.0,47286000.0,0.147,2.44,13.707,14.933,473417000.0,0.0,13.44,2.4,2.462,212021000.0,1282660000.0,283950000.0,283950000.0,0.0,,,,,0.0,96871000.0,1.0,180707836.0,185410000,185744000.0,1.531,1359269000.0,0.0,18742000.0,13572000.0,7.331,415530000.0
59,SIAL,MRQ,1999-12-31,1999-12-31,1999-12-31,2019-02-05,-39736000.0,1432001000.0,,774571000.0,657430000.0,,6.274,-22918000.0,43847000.0,43847000.0,92480000.0,38996000.0,7.334,0.137,21013000.0,20808000.0,205000.0,21013000.0,0.0,14342000.0,0.0,0.01,0.039,25622000.0,39964000.0,0.465,39964000.0,25622000.0,29346000.0,0.195,0.195,0.195,1259351000.0,,1259351000.0,2951135169.0,13.0,10.156,30291000.0,0.151,1.0,-6517000.0,-0.076,90938000.0,-3724000.0,1212617000.0,,408518000.0,0.0,0.0,0.0,172650000.0,105612000.0,67038000.0,3032868169.0,-46974000.0,0.0,-71835000.0,12086000.0,-7820000.0,-73234000.0,-26637000.0,0.0,53209000.0,-312000.0,38996000.0,38996000.0,38996000.0,-23665000.0,0.0,0.454,-8474000.0,1957000.0,41995000.0,0.2,2.408,17.605,17.579,481736000.0,0.0,15.03,2.858,2.852,193471000.0,1240184000.0,85963000.0,85963000.0,0.0,,,,,-1059000.0,-12374000.0,1.0,201787636.0,200738000,200120000.0,0.428,1341063000.0,0.0,-9650000.0,0.0,6.681,668959000.0
60,SIAL,MRQ,1999-09-30,1999-09-30,1999-09-30,2019-02-05,-28888000.0,1513830000.0,,857584000.0,656246000.0,,6.526,-20823000.0,90821000.0,90821000.0,156948000.0,44246000.0,6.225,0.15,9088000.0,8726000.0,362000.0,9088000.0,0.0,17907000.0,0.0,0.009,0.036,65549000.0,83456000.0,0.258,83456000.0,65549000.0,65549000.0,0.22,0.22,0.22,1316448000.0,,1316448000.0,3174957277.0,14.0,10.603,56523000.0,0.28,1.0,166915000.0,0.515,105430000.0,0.0,1188894000.0,,462613000.0,0.0,0.0,0.0,197382000.0,137773000.0,59609000.0,3202235277.0,59398000.0,0.0,0.0,4419000.0,-7314000.0,-667000.0,-16916000.0,0.0,77346000.0,-365000.0,44246000.0,44246000.0,44246000.0,0.0,0.0,0.137,101366000.0,65549000.0,50670000.0,0.164,2.432,18.515,18.567,532416000.0,0.0,15.875,3.204,3.204,252941000.0,1209012000.0,323863000.0,323863000.0,0.0,,,,,-611000.0,101366000.0,1.0,201715608.0,201722000,203044000.0,1.605,1408400000.0,0.0,21303000.0,18946000.0,6.982,719811000.0
61,SIAL,MRQ,1999-06-30,1999-06-30,1999-06-30,2019-02-05,-38386000.0,1445557000.0,,796113000.0,649444000.0,,6.289,-23313000.0,31423000.0,31423000.0,151381000.0,44427000.0,6.709,0.14,4145000.0,3787000.0,358000.0,4145000.0,0.0,17476000.0,0.0,0.008,0.036,65818000.0,83294000.0,0.262,83294000.0,65818000.0,65818000.0,0.22,0.22,0.22,1267749000.0,,1267749000.0,3459497438.0,15.0,11.717,29587000.0,0.147,1.0,167012000.0,0.525,105843000.0,0.0,1193777000.0,,455111000.0,0.0,0.0,0.0,177808000.0,118659000.0,59149000.0,3470949438.0,-19963000.0,0.0,0.0,-35785000.0,-7307000.0,-42589000.0,-22846000.0,0.0,52900000.0,-7428000.0,44427000.0,44427000.0,44427000.0,0.0,0.0,0.14,101194000.0,65818000.0,48309000.0,0.164,2.738,20.403,20.5,523033000.0,0.0,17.22,3.556,3.556,251123000.0,1172080000.0,318393000.0,318393000.0,0.0,,,,,640000.0,101194000.0,1.0,201565008.0,201572000,202748000.0,1.58,1339714000.0,0.0,21391000.0,11805000.0,6.646,677454000.0
62,SIAL,MRQ,1999-03-31,1999-03-31,1999-03-31,2019-02-05,-29374000.0,1475169000.0,,822737000.0,652432000.0,,6.15,-23766000.0,51386000.0,51386000.0,122416000.0,44602000.0,4.69,0.191,39934000.0,39149000.0,785000.0,39934000.0,0.0,17194000.0,0.0,0.01,0.036,63413000.0,80607000.0,0.296,80607000.0,63413000.0,63413000.0,0.22,0.22,0.22,1238267000.0,,1238267000.0,2951100017.0,13.0,10.236,23708000.0,0.118,1.0,149834000.0,0.55,112224000.0,0.0,1176054000.0,,459553000.0,0.0,0.0,0.0,236902000.0,175439000.0,61463000.0,2944387017.0,27041000.0,0.0,0.0,9027000.0,-7298000.0,4663000.0,-32334000.0,0.0,47474000.0,7238000.0,44602000.0,44602000.0,44602000.0,-5548000.0,0.0,0.164,91969000.0,57865000.0,56496000.0,0.164,2.378,17.653,17.727,520264000.0,0.0,14.625,3.092,3.092,255622000.0,1134090000.0,272250000.0,272250000.0,0.0,,,,,0.0,91969000.0,1.0,201325608.0,201340000,201988000.0,1.352,1362945000.0,0.0,18811000.0,23337000.0,6.769,647298000.0
63,SIAL,MRQ,1998-12-31,1998-12-31,1998-12-31,2019-02-05,-11134000.0,1416672000.0,,756894000.0,659778000.0,,6.049,-35752000.0,24345000.0,24345000.0,78469000.0,39681000.0,5.997,0.165,30637000.0,30222000.0,415000.0,30637000.0,0.0,16752000.0,0.0,0.01,0.036,35338000.0,52090000.0,0.613,52090000.0,35338000.0,38328000.0,0.195,0.195,0.195,1216380000.0,,1216380000.0,2923721867.0,13.0,10.123,26645000.0,0.133,1.0,6517000.0,0.077,101484000.0,-2990000.0,1195271000.0,,414559000.0,0.0,0.0,0.0,200292000.0,126209000.0,74083000.0,2943105867.0,-732000.0,-39500000.0,3798000.0,25507000.0,-7295000.0,18439000.0,-72936000.0,0.0,62397000.0,-8632000.0,39681000.0,39681000.0,39681000.0,-21451000.0,0.0,0.467,-7370000.0,13887000.0,54001000.0,0.185,2.42,17.693,17.727,461326000.0,0.0,14.625,2.984,2.982,194063000.0,1097653000.0,84986000.0,84986000.0,0.0,,,,,2656000.0,-10240000.0,1.0,201238008.0,201080000,201932000.0,0.423,1315188000.0,0.0,-1353000.0,0.0,6.541,630685000.0
64,SIAL,MRQ,1998-09-30,1998-09-30,1998-09-30,2019-02-05,-8458000.0,1370815000.0,,764742000.0,606073000.0,,5.897,-29288000.0,25077000.0,25077000.0,142848000.0,41406000.0,6.373,0.155,5693000.0,4673000.0,1020000.0,5693000.0,0.0,16601000.0,0.0,0.01,0.035,62654000.0,79255000.0,0.264,79255000.0,62654000.0,62654000.0,0.205,0.205,0.205,1186442000.0,,1186442000.0,2894507973.0,12.0,9.706,15014000.0,0.075,1.0,157592000.0,0.525,0.0,0.0,1231442000.0,,456604000.0,0.0,0.0,0.0,184373000.0,119989000.0,64384000.0,2905017973.0,6517000.0,0.0,0.0,-2468000.0,-7042000.0,-9376000.0,-29834000.0,0.0,44302000.0,1425000.0,41406000.0,41406000.0,41406000.0,0.0,0.0,0.138,94938000.0,62654000.0,48060000.0,0.171,2.449,17.206,17.19,496345000.0,0.0,14.44,3.029,3.029,243999000.0,1065266000.0,300440000.0,300440000.0,0.0,,,,,-1583000.0,94938000.0,1.0,201178530.0,201184000,202026000.0,1.493,1370815000.0,0.0,21248000.0,18692000.0,6.814,644753000.0
65,SIAL,MRQ,1998-06-30,1998-06-30,1998-06-30,2019-02-05,-29493000.0,1311572000.0,,733654000.0,577918000.0,,5.623,-35016000.0,18560000.0,18560000.0,136320000.0,41100000.0,6.278,0.16,8050000.0,7030000.0,1020000.0,8050000.0,0.0,14161000.0,0.0,0.008,0.035,62190000.0,76351000.0,0.259,76351000.0,62190000.0,62190000.0,0.205,0.205,0.205,1130910000.0,,1130910000.0,3496654178.0,14.0,11.875,-11019000.0,-0.055,1.0,158238000.0,0.537,0.0,0.0,1184203000.0,,439969000.0,0.0,0.0,0.0,180662000.0,116859000.0,63803000.0,3532768178.0,-25858000.0,0.0,0.0,-311000.0,-7040000.0,-5626000.0,-44486000.0,0.0,23997000.0,257000.0,41100000.0,41100000.0,41100000.0,0.0,0.0,0.14,96048000.0,62190000.0,50988000.0,0.171,3.124,20.875,20.787,473862000.0,0.0,17.565,3.739,3.739,229597000.0,1030902000.0,294558000.0,294558000.0,0.0,,,,,-1173000.0,96048000.0,1.0,201125430.0,201130000,202886000.0,1.465,1311572000.0,0.0,21090000.0,11471000.0,6.521,616795000.0
66,SIAL,MRQ,1998-03-31,1998-03-31,1998-03-31,2019-02-05,-30984000.0,1293381000.0,,744604000.0,548777000.0,,5.443,-27939000.0,44418000.0,44418000.0,143091000.0,44160000.0,5.501,0.183,8304000.0,7260000.0,1044000.0,8304000.0,0.0,14313000.0,0.0,0.007,0.035,66821000.0,81134000.0,0.265,81134000.0,66821000.0,66821000.0,0.22,0.215,0.22,1093634000.0,,1093634000.0,3704859796.0,15.0,12.655,3435000.0,0.017,1.0,163108000.0,0.533,0.0,0.0,1121906000.0,,427154000.0,0.0,0.0,0.0,199747000.0,135361000.0,64386000.0,3743135796.0,-1810000.0,0.0,0.0,540000.0,-7034000.0,-4782000.0,-27939000.0,0.0,31374000.0,-463000.0,44160000.0,44160000.0,44160000.0,0.0,0.0,0.144,96287000.0,66821000.0,55444000.0,0.159,3.423,22.167,22.041,451958000.0,0.0,18.625,4.03,4.029,225094000.0,996843000.0,306199000.0,306199000.0,0.0,,,,,100000.0,96287000.0,1.0,200973734.0,200922000,205390000.0,1.524,1293381000.0,0.0,22661000.0,27226000.0,6.437,609243000.0
67,SIAL,MRQ,1997-12-31,1997-12-31,1997-12-31,2019-02-05,-23928000.0,1243822000.0,,706674000.0,537148000.0,,5.283,-35338000.0,46228000.0,46228000.0,1520000.0,42167000.0,5.915,0.173,7952000.0,7400000.0,552000.0,7952000.0,0.0,11025000.0,0.0,0.006,0.035,50446000.0,61471000.0,1.059,61471000.0,50446000.0,50446000.0,0.21,0.205,0.21,1060334000.0,,1060334000.0,,,,7737000.0,0.039,1.0,56500000.0,0.974,83261000.0,0.0,1002806000.0,,420809000.0,0.0,0.0,0.0,183488000.0,119479000.0,64009000.0,3994352963.0,1456000.0,0.0,0.0,953000.0,-7026000.0,-4463000.0,-35338000.0,0.0,43075000.0,-1818000.0,42167000.0,42167000.0,42167000.0,-23388000.0,0.0,0.727,29442000.0,27058000.0,53257000.0,0.167,3.767,24.054,23.946,438878000.0,0.0,19.875,4.43,4.418,186847000.0,959717000.0,58020000.0,58020000.0,0.0,,,,,-2138000.0,29442000.0,1.0,200973734.0,200690000,211590000.0,0.289,1160561000.0,0.0,8279000.0,16553000.0,5.783,587195000.0
68,SIAL,MRQ,1997-09-30,1997-09-30,1997-09-30,2019-02-05,,,,,,,,-24210000.0,,,134662000.0,41811000.0,,,,,,,,11860000.0,,0.008,0.031,63639000.0,75499000.0,0.264,75499000.0,63639000.0,63639000.0,0.21,0.205,0.21,,,,,,,16773000.0,0.084,1.0,151384000.0,0.529,,0.0,,,,,,,,,,,7618000.0,-4494000.0,0.0,-101000.0,-6267000.0,-4171000.0,-28704000.0,0.0,40983000.0,-490000.0,41811000.0,41811000.0,41811000.0,0.0,0.0,0.146,87745000.0,63639000.0,,0.148,,,,,0.0,16.5,,,,,286046000.0,286046000.0,0.0,,,,,508000.0,87745000.0,1.0,,200524000,203808000.0,1.426,,,21828000.0,,,
69,SIAL,MRQ,1997-06-30,1997-06-30,1997-06-30,2019-02-05,,,,,,,,-29900000.0,,,126865000.0,40725000.0,,,,,,,,12656000.0,,0.007,0.031,61988000.0,74644000.0,0.268,74644000.0,61988000.0,61988000.0,0.205,0.2,0.205,,,,,,,-2765000.0,-0.014,1.0,151710000.0,0.545,,0.0,,,,,,,,,,,-57112000.0,0.0,0.0,-3301000.0,-6260000.0,-7398000.0,-76489000.0,0.0,27135000.0,-360000.0,40725000.0,40725000.0,40725000.0,0.0,0.0,0.146,89722000.0,61988000.0,,0.151,,,,,0.0,17.565,,,,,278575000.0,278575000.0,0.0,,,,,564000.0,89722000.0,1.0,,200284000,203892000.0,1.391,,,21263000.0,,,
70,SIAL,MRQ,1997-03-31,1997-03-31,1997-03-31,2019-02-05,,,,,,,,-17329000.0,,,128597000.0,41356000.0,,,,,,,,12512000.0,,0.008,0.031,62946000.0,75458000.0,0.27,75458000.0,62946000.0,62946000.0,0.205,0.2,0.205,,,,,,,3555000.0,0.018,1.0,150463000.0,0.539,,0.0,,,,,,,,,,,-9419000.0,0.0,0.0,-5291000.0,-6256000.0,-10723000.0,-17329000.0,0.0,20884000.0,-2251000.0,41356000.0,41356000.0,41356000.0,0.0,0.0,0.148,87517000.0,62946000.0,,0.151,,,,,0.0,15.44,,,,,279060000.0,279060000.0,0.0,,,,,1066000.0,87517000.0,1.0,,200180000,203600000.0,1.394,,,21590000.0,,,
71,SIAL,MRQ,1996-12-31,1996-12-31,1996-12-31,2019-02-05,5761000.0,1099958000.0,,666637000.0,433321000.0,,4.715,,103685000.0,103685000.0,,,6.043,0.167,15856000.0,12069000.0,3787000.0,15856000.0,0.0,,0.0,0.007,0.031,,,,,,,,,,942274000.0,,942274000.0,,,,,,1.0,,,0.0,,901812000.0,,362784000.0,0.0,0.0,0.0,157684000.0,110317000.0,47367000.0,,,,,,,,,,,,,,,,,,,,60881000.0,,,,21.095,379095000.0,,15.61,,3.016,165511000.0,819467000.0,,,,,,,,,,1.0,,199860000,,,1099958000.0,0.0,,9107000.0,5.504,556320000.0
0,SIAL,MRT,2015-09-30,2015-09-30,2015-09-30,2019-02-05,-108000000.0,4426000000.0,4259250000.0,2502000000.0,1924000000.0,0.653,27.983,-127000000.0,1175000000.0,1175000000.0,1346000000.0,493000000.0,4.954,0.318,300000000.0,0.0,300000000.0,300000000.0,0.0,131000000.0,0.0,0.007,0.92,675000000.0,806000000.0,0.29,806000000.0,675000000.0,671000000.0,4.12,4.07,4.12,3358000000.0,3240750000.0,3358000000.0,15893128893.0,24.0,19.719,532000000.0,4.433,1.0,1435000000.0,0.516,1026000000.0,4000000.0,2020000000.0,2097500000.0,771000000.0,0.0,0.0,0.0,1068000000.0,505000000.0,563000000.0,16643128893.0,289000000.0,-170000000.0,42000000.0,1000000.0,-110000000.0,-55000000.0,-270000000.0,36000000.0,659000000.0,-45000000.0,493000000.0,493000000.0,493000000.0,0.0,0.0,0.177,760000000.0,675000000.0,209000000.0,0.223,4.956,33.759,33.718,787000000.0,0.0,138.92,5.985,5.994,407000000.0,5326000000.0,2781000000.0,2781000000.0,70000000.0,0.116,0.152,0.322,0.243,14000000.0,667000000.0,1.0,119803692.0,120000000,121000000.0,23.175,3400000000.0,57000000.0,178000000.0,144000000.0,28.333,1997000000.0
1,SIAL,MRT,2015-06-30,2015-06-30,2015-06-30,2019-02-05,-55000000.0,4306000000.0,4151750000.0,2369000000.0,1937000000.0,0.667,27.567,-118000000.0,1050000000.0,1050000000.0,1344000000.0,487000000.0,5.587,0.302,300000000.0,0.0,300000000.0,300000000.0,0.0,131000000.0,0.0,0.007,0.92,667000000.0,798000000.0,0.288,798000000.0,667000000.0,663000000.0,4.08,4.03,4.08,3308000000.0,3176750000.0,3308000000.0,16087403893.0,24.0,20.16,542000000.0,4.517,1.0,1424000000.0,0.514,1035000000.0,4000000.0,2097000000.0,2122250000.0,742000000.0,0.0,0.0,0.0,998000000.0,424000000.0,574000000.0,16674403893.0,240000000.0,-170000000.0,36000000.0,-43000000.0,-109000000.0,-107000000.0,-261000000.0,35000000.0,660000000.0,-52000000.0,487000000.0,487000000.0,487000000.0,0.0,0.0,0.176,757000000.0,667000000.0,201000000.0,0.225,5.041,34.239,34.154,789000000.0,0.0,139.35,6.024,6.041,418000000.0,5240000000.0,2768000000.0,2768000000.0,69000000.0,0.117,0.153,0.314,0.241,17000000.0,649000000.0,1.0,119658442.0,120000000,122000000.0,23.067,3271000000.0,54000000.0,176000000.0,123000000.0,27.258,1945000000.0
2,SIAL,MRT,2015-03-31,2015-03-31,2015-03-31,2019-02-05,-91000000.0,4110000000.0,4071500000.0,2197000000.0,1913000000.0,0.681,26.392,-117000000.0,887000000.0,887000000.0,1346000000.0,500000000.0,5.938,0.298,300000000.0,0.0,300000000.0,300000000.0,0.0,131000000.0,0.0,0.007,0.92,682000000.0,813000000.0,0.293,813000000.0,682000000.0,679000000.0,4.2,4.16,4.2,3167000000.0,3120750000.0,3167000000.0,15997984872.0,23.0,19.678,504000000.0,4.2,1.0,1426000000.0,0.514,1024000000.0,3000000.0,2129000000.0,2143500000.0,717000000.0,0.0,0.0,0.0,943000000.0,370000000.0,573000000.0,16510984872.0,160000000.0,-170000000.0,35000000.0,-31000000.0,-109000000.0,-97000000.0,-303000000.0,-9000000.0,621000000.0,-61000000.0,500000000.0,500000000.0,500000000.0,0.0,0.0,0.18,744000000.0,682000000.0,180000000.0,0.219,5.213,33.022,32.917,778000000.0,0.0,138.25,5.956,5.985,401000000.0,5148000000.0,2772000000.0,2772000000.0,66000000.0,0.123,0.16,0.318,0.246,18000000.0,642000000.0,1.0,119428462.0,120000000,121000000.0,23.1,3086000000.0,47000000.0,179000000.0,99000000.0,25.717,1827000000.0
3,SIAL,MRT,2014-12-31,2014-12-31,2014-12-31,2019-02-05,-18000000.0,4195000000.0,4007250000.0,2247000000.0,1948000000.0,0.695,26.303,-118000000.0,958000000.0,958000000.0,1366000000.0,500000000.0,4.586,0.34,445000000.0,145000000.0,300000000.0,445000000.0,0.0,132000000.0,0.0,0.007,0.92,681000000.0,813000000.0,0.292,813000000.0,681000000.0,677000000.0,4.2,4.17,4.2,3130000000.0,3065750000.0,3130000000.0,15760846955.0,23.0,19.386,522000000.0,4.387,1.0,1419000000.0,0.51,1048000000.0,4000000.0,2144000000.0,2141750000.0,699000000.0,0.0,0.0,0.0,1065000000.0,490000000.0,575000000.0,16346846955.0,236000000.0,-170000000.0,-52000000.0,81000000.0,-109000000.0,-71000000.0,-296000000.0,-3000000.0,640000000.0,-37000000.0,500000000.0,500000000.0,500000000.0,0.0,0.0,0.18,738000000.0,681000000.0,183000000.0,0.219,5.223,32.694,32.683,786000000.0,0.0,137.27,5.87,5.865,397000000.0,5049000000.0,2785000000.0,2785000000.0,65000000.0,0.125,0.163,0.318,0.245,23000000.0,639000000.0,1.0,119085357.0,119000000,120000000.0,23.403,3147000000.0,46000000.0,177000000.0,69000000.0,26.445,1757000000.0
4,SIAL,MRT,2014-09-30,2014-09-30,2014-09-30,2019-02-05,89000000.0,3996000000.0,3909750000.0,2182000000.0,1814000000.0,0.707,26.067,-114000000.0,886000000.0,886000000.0,1365000000.0,498000000.0,5.819,0.288,300000000.0,0.0,300000000.0,300000000.0,0.0,134000000.0,0.0,0.007,0.905,683000000.0,817000000.0,0.296,817000000.0,683000000.0,679000000.0,4.18,4.14,4.18,3102000000.0,3007000000.0,3102000000.0,15715766220.0,23.0,19.236,525000000.0,4.412,1.0,1399000000.0,0.506,916000000.0,4000000.0,2119000000.0,2135500000.0,719000000.0,0.0,0.0,0.0,894000000.0,375000000.0,519000000.0,16181766220.0,198000000.0,4000000.0,-95000000.0,-114000000.0,-107000000.0,-313000000.0,-111000000.0,6000000.0,639000000.0,-17000000.0,498000000.0,498000000.0,498000000.0,0.0,0.0,0.18,716000000.0,683000000.0,181000000.0,0.217,5.217,32.494,32.538,789000000.0,0.0,136.01,5.854,5.856,401000000.0,4943000000.0,2764000000.0,2764000000.0,66000000.0,0.127,0.166,0.32,0.247,22000000.0,623000000.0,1.0,118974827.0,119000000,120000000.0,23.227,3080000000.0,42000000.0,181000000.0,104000000.0,25.882,1807000000.0
5,SIAL,MRT,2014-06-30,2014-06-30,2014-06-30,2019-02-05,163000000.0,3985000000.0,3855500000.0,2084000000.0,1901000000.0,0.71,25.916,-106000000.0,810000000.0,810000000.0,1353000000.0,509000000.0,5.316,0.292,344000000.0,44000000.0,300000000.0,344000000.0,0.0,135000000.0,0.0,0.009,0.89,687000000.0,822000000.0,0.3,822000000.0,687000000.0,684000000.0,4.26,4.22,4.26,3084000000.0,2918500000.0,3084000000.0,11665042219.0,17.0,14.191,553000000.0,4.647,1.0,1385000000.0,0.506,945000000.0,3000000.0,2182000000.0,2129500000.0,722000000.0,0.0,0.0,0.0,901000000.0,392000000.0,509000000.0,12060042219.0,248000000.0,4000000.0,-153000000.0,-85000000.0,-106000000.0,-341000000.0,-94000000.0,13000000.0,659000000.0,24000000.0,509000000.0,509000000.0,509000000.0,0.0,0.0,0.186,698000000.0,687000000.0,176000000.0,0.209,3.911,23.694,23.822,815000000.0,0.0,101.48,4.405,4.411,421000000.0,4862000000.0,2738000000.0,2738000000.0,65000000.0,0.132,0.174,0.323,0.251,21000000.0,621000000.0,1.0,118841567.0,119000000,120000000.0,23.008,3040000000.0,36000000.0,175000000.0,100000000.0,25.546,1692000000.0
6,SIAL,MRT,2014-03-31,2014-03-31,2014-03-31,2019-02-05,142000000.0,3853000000.0,3775750000.0,1966000000.0,1887000000.0,0.72,24.765,-104000000.0,727000000.0,727000000.0,1350000000.0,495000000.0,4.99,0.307,332000000.0,32000000.0,300000000.0,332000000.0,0.0,136000000.0,0.0,0.009,0.875,669000000.0,805000000.0,0.296,805000000.0,669000000.0,665000000.0,4.13,4.09,4.13,2947000000.0,2810750000.0,2947000000.0,10797635064.0,16.0,13.413,555000000.0,4.664,1.0,1368000000.0,0.503,942000000.0,4000000.0,2122000000.0,2122250000.0,705000000.0,0.0,0.0,0.0,906000000.0,394000000.0,512000000.0,11154635064.0,256000000.0,13000000.0,-179000000.0,-57000000.0,-104000000.0,-337000000.0,-79000000.0,15000000.0,659000000.0,13000000.0,495000000.0,495000000.0,495000000.0,0.0,0.0,0.182,699000000.0,669000000.0,167000000.0,0.212,3.785,22.535,22.61,808000000.0,0.0,93.38,4.104,4.088,415000000.0,4757000000.0,2718000000.0,2718000000.0,65000000.0,0.131,0.176,0.315,0.246,22000000.0,611000000.0,1.0,119454220.0,119000000,120000000.0,22.84,2911000000.0,33000000.0,170000000.0,128000000.0,24.462,1572000000.0
7,SIAL,MRT,2013-12-31,2013-12-31,2013-12-31,2019-02-05,120000000.0,3805000000.0,3707750000.0,1921000000.0,1884000000.0,0.729,24.125,-100000000.0,722000000.0,722000000.0,1343000000.0,491000000.0,5.016,0.314,365000000.0,65000000.0,300000000.0,365000000.0,0.0,138000000.0,0.0,0.009,0.86,661000000.0,799000000.0,0.295,799000000.0,661000000.0,657000000.0,4.09,4.06,4.09,2895000000.0,2723250000.0,2895000000.0,10975773961.0,17.0,13.737,541000000.0,4.508,1.0,1361000000.0,0.503,946000000.0,4000000.0,2119000000.0,2126750000.0,699000000.0,0.0,0.0,0.0,910000000.0,383000000.0,527000000.0,11249773961.0,-2000000.0,13000000.0,-119000000.0,-318000000.0,-103000000.0,-533000000.0,-108000000.0,-17000000.0,641000000.0,-2000000.0,491000000.0,491000000.0,491000000.0,0.0,0.0,0.182,700000000.0,661000000.0,152000000.0,0.21,3.886,22.912,22.985,806000000.0,0.0,94.01,4.16,4.172,382000000.0,4658000000.0,2704000000.0,2704000000.0,66000000.0,0.132,0.18,0.311,0.244,22000000.0,612000000.0,1.0,119665716.0,120000000,121000000.0,22.533,2859000000.0,31000000.0,166000000.0,99000000.0,23.825,1538000000.0
8,SIAL,MRT,2013-09-30,2013-09-30,2013-09-30,2019-02-05,56000000.0,3779000000.0,3711500000.0,1905000000.0,1874000000.0,0.721,22.9,-100000000.0,688000000.0,688000000.0,1328000000.0,476000000.0,4.123,0.375,414000000.0,114000000.0,300000000.0,414000000.0,0.0,138000000.0,0.0,0.01,0.845,654000000.0,792000000.0,0.296,792000000.0,654000000.0,650000000.0,3.96,3.92,3.96,2748000000.0,2636000000.0,2748000000.0,10123413484.0,15.0,12.782,574000000.0,4.783,1.0,1347000000.0,0.504,948000000.0,4000000.0,2095000000.0,2123250000.0,715000000.0,0.0,0.0,0.0,1031000000.0,462000000.0,569000000.0,10256413484.0,99000000.0,7000000.0,-105000000.0,-260000000.0,-102000000.0,-458000000.0,-119000000.0,-26000000.0,674000000.0,2000000.0,476000000.0,476000000.0,476000000.0,0.0,0.0,0.178,693000000.0,654000000.0,165000000.0,0.213,3.732,21.547,21.54,806000000.0,0.0,85.3,3.834,3.827,390000000.0,4552000000.0,2675000000.0,2675000000.0,65000000.0,0.128,0.181,0.308,0.244,22000000.0,605000000.0,1.0,120239314.0,120000000,121000000.0,22.292,2831000000.0,30000000.0,174000000.0,89000000.0,23.592,1443000000.0
9,SIAL,MRT,2013-06-30,2013-06-30,2013-06-30,2019-02-05,7000000.0,3666000000.0,3690250000.0,1804000000.0,1862000000.0,0.718,22.108,-105000000.0,562000000.0,562000000.0,1313000000.0,469000000.0,4.045,0.382,429000000.0,129000000.0,300000000.0,429000000.0,0.0,138000000.0,0.0,0.01,0.83,652000000.0,790000000.0,0.298,790000000.0,652000000.0,648000000.0,3.9,3.86,3.9,2653000000.0,2559250000.0,2653000000.0,9595305798.0,15.0,12.146,505000000.0,4.208,1.0,1337000000.0,0.505,934000000.0,4000000.0,2153000000.0,2130250000.0,709000000.0,0.0,0.0,0.0,1013000000.0,446000000.0,567000000.0,9677305798.0,-10000000.0,7000000.0,-91000000.0,-320000000.0,-100000000.0,-501000000.0,-110000000.0,-10000000.0,610000000.0,-9000000.0,469000000.0,469000000.0,469000000.0,0.0,0.0,0.177,685000000.0,652000000.0,152000000.0,0.213,3.648,20.634,20.621,804000000.0,0.0,80.42,3.652,3.642,405000000.0,4459000000.0,2650000000.0,2650000000.0,66000000.0,0.127,0.183,0.306,0.246,21000000.0,602000000.0,1.0,120334566.0,120000000,121000000.0,22.083,2732000000.0,33000000.0,179000000.0,87000000.0,22.767,1358000000.0
10,SIAL,MRT,2013-03-31,2013-03-31,2013-03-31,2019-02-05,29000000.0,3581000000.0,3692500000.0,1700000000.0,1881000000.0,0.713,21.642,-107000000.0,471000000.0,471000000.0,1297000000.0,465000000.0,4.106,0.379,389000000.0,89000000.0,300000000.0,389000000.0,0.0,139000000.0,0.0,0.01,0.815,653000000.0,792000000.0,0.301,792000000.0,653000000.0,649000000.0,3.86,3.82,3.86,2597000000.0,2484500000.0,2597000000.0,9311549591.0,14.0,11.757,470000000.0,3.917,1.0,1336000000.0,0.507,945000000.0,4000000.0,2140000000.0,2126000000.0,711000000.0,0.0,0.0,0.0,984000000.0,414000000.0,570000000.0,9352549591.0,-87000000.0,-2000000.0,-89000000.0,-326000000.0,-99000000.0,-505000000.0,-151000000.0,-36000000.0,577000000.0,-8000000.0,465000000.0,465000000.0,465000000.0,0.0,0.0,0.177,683000000.0,653000000.0,154000000.0,0.211,3.601,20.113,20.117,811000000.0,0.0,77.65,3.552,3.539,398000000.0,4366000000.0,2633000000.0,2633000000.0,68000000.0,0.126,0.187,0.307,0.248,19000000.0,606000000.0,1.0,120444940.0,120000000,121000000.0,21.942,2636000000.0,30000000.0,184000000.0,111000000.0,21.967,1286000000.0
11,SIAL,MRT,2012-12-31,2012-12-31,2012-12-31,2019-02-05,69000000.0,3820000000.0,3715000000.0,1929000000.0,1891000000.0,0.706,21.041,-114000000.0,724000000.0,724000000.0,1276000000.0,460000000.0,2.752,0.5,683000000.0,383000000.0,300000000.0,683000000.0,0.0,136000000.0,0.0,0.011,0.8,659000000.0,795000000.0,0.303,795000000.0,659000000.0,655000000.0,3.8,3.77,3.8,2546000000.0,2414250000.0,2546000000.0,8937569347.0,14.0,11.242,453000000.0,3.744,1.0,1347000000.0,0.514,973000000.0,4000000.0,2105000000.0,2107000000.0,722000000.0,0.0,0.0,0.0,1274000000.0,701000000.0,573000000.0,8853569347.0,59000000.0,-391000000.0,-83000000.0,161000000.0,-97000000.0,-6000000.0,-511000000.0,0.0,567000000.0,9000000.0,460000000.0,460000000.0,460000000.0,0.0,0.0,0.175,688000000.0,659000000.0,160000000.0,0.211,3.477,19.247,19.363,829000000.0,0.0,73.58,3.375,3.394,356000000.0,4270000000.0,2623000000.0,2623000000.0,69000000.0,0.124,0.191,0.313,0.251,17000000.0,605000000.0,1.0,120325759.0,121000000,122000000.0,21.678,2847000000.0,32000000.0,195000000.0,90000000.0,23.529,1228000000.0
12,SIAL,MRT,2012-09-30,2012-09-30,2012-09-30,2019-02-05,47000000.0,3694000000.0,3580250000.0,1805000000.0,1889000000.0,0.72,20.174,-120000000.0,589000000.0,589000000.0,1235000000.0,452000000.0,2.666,0.513,673000000.0,373000000.0,300000000.0,673000000.0,0.0,128000000.0,0.0,0.011,0.78,655000000.0,783000000.0,0.304,783000000.0,655000000.0,651000000.0,3.77,3.7,3.77,2441000000.0,2327500000.0,2441000000.0,8867366804.0,14.0,11.325,381000000.0,3.149,1.0,1343000000.0,0.521,978000000.0,4000000.0,2123000000.0,2074250000.0,722000000.0,0.0,0.0,0.0,1253000000.0,677000000.0,576000000.0,8691366804.0,-54000000.0,-389000000.0,-61000000.0,104000000.0,-94000000.0,-41000000.0,-513000000.0,3000000.0,501000000.0,-1000000.0,452000000.0,452000000.0,452000000.0,0.0,0.0,0.175,688000000.0,655000000.0,144000000.0,0.207,3.561,19.229,19.091,817000000.0,0.0,71.972,3.371,3.378,381000000.0,4178000000.0,2578000000.0,2578000000.0,71000000.0,0.126,0.194,0.316,0.254,18000000.0,604000000.0,1.0,120760558.0,121000000,122000000.0,21.306,2716000000.0,34000000.0,199000000.0,79000000.0,22.446,1128000000.0
13,SIAL,MRT,2012-06-30,2012-06-30,2012-06-30,2019-02-05,14000000.0,3675000000.0,3469250000.0,1795000000.0,1880000000.0,0.739,19.455,-118000000.0,572000000.0,572000000.0,1213000000.0,457000000.0,2.432,0.561,748000000.0,448000000.0,300000000.0,748000000.0,0.0,121000000.0,0.0,0.01,0.76,659000000.0,780000000.0,0.304,780000000.0,659000000.0,654000000.0,3.81,3.73,3.81,2354000000.0,2256000000.0,2354000000.0,9093295751.0,14.0,11.658,349000000.0,2.884,1.0,1352000000.0,0.527,977000000.0,5000000.0,2136000000.0,2032750000.0,703000000.0,0.0,0.0,0.0,1321000000.0,738000000.0,583000000.0,8937295751.0,-91000000.0,-389000000.0,-129000000.0,231000000.0,-92000000.0,20000000.0,-542000000.0,-31000000.0,467000000.0,-36000000.0,457000000.0,457000000.0,457000000.0,0.0,0.0,0.178,693000000.0,659000000.0,144000000.0,0.199,3.797,19.556,19.404,811000000.0,0.0,73.93,3.484,3.488,383000000.0,4090000000.0,2565000000.0,2565000000.0,72000000.0,0.132,0.203,0.324,0.257,17000000.0,609000000.0,1.0,120888621.0,121000000,122000000.0,21.198,2698000000.0,32000000.0,197000000.0,74000000.0,22.298,1057000000.0
14,SIAL,MRT,2012-03-31,2012-03-31,2012-03-31,2019-02-05,53000000.0,3671000000.0,3385250000.0,1759000000.0,1912000000.0,0.75,19.14,-118000000.0,558000000.0,558000000.0,1195000000.0,455000000.0,2.29,0.585,714000000.0,414000000.0,300000000.0,714000000.0,0.0,112000000.0,0.0,0.01,0.74,652000000.0,764000000.0,0.301,764000000.0,652000000.0,646000000.0,3.79,3.7,3.79,2316000000.0,2235250000.0,2316000000.0,8676741948.0,13.0,11.357,370000000.0,3.058,1.0,1343000000.0,0.529,995000000.0,6000000.0,2064000000.0,1998000000.0,697000000.0,0.0,0.0,0.0,1355000000.0,768000000.0,587000000.0,8820741948.0,-65000000.0,-444000000.0,-103000000.0,224000000.0,-89000000.0,42000000.0,-583000000.0,-17000000.0,488000000.0,-12000000.0,455000000.0,455000000.0,455000000.0,0.0,0.0,0.179,691000000.0,652000000.0,156000000.0,0.195,3.809,19.386,19.277,824000000.0,0.0,73.06,3.475,3.483,392000000.0,4000000000.0,2538000000.0,2538000000.0,72000000.0,0.134,0.204,0.326,0.257,19000000.0,609000000.0,1.0,120732849.0,121000000,122000000.0,20.975,2676000000.0,37000000.0,191000000.0,114000000.0,22.116,991000000.0
15,SIAL,MRT,2011-12-31,2011-12-31,2011-12-31,2019-02-05,30000000.0,3281000000.0,3261000000.0,1793000000.0,1488000000.0,0.768,18.174,-104000000.0,665000000.0,665000000.0,1181000000.0,457000000.0,3.333,0.492,521000000.0,221000000.0,300000000.0,521000000.0,0.0,106000000.0,0.0,0.012,0.72,647000000.0,753000000.0,0.301,753000000.0,647000000.0,640000000.0,3.78,3.72,3.78,2199000000.0,2186250000.0,2199000000.0,7448584338.0,12.0,9.892,391000000.0,3.231,1.0,1324000000.0,0.529,625000000.0,7000000.0,1974000000.0,1955750000.0,668000000.0,0.0,0.0,0.0,1082000000.0,538000000.0,544000000.0,7522584338.0,96000000.0,-75000000.0,-100000000.0,-19000000.0,-86000000.0,-200000000.0,-191000000.0,-10000000.0,495000000.0,-8000000.0,457000000.0,457000000.0,457000000.0,0.0,0.0,0.182,677000000.0,647000000.0,143000000.0,0.19,3.421,16.461,16.524,763000000.0,0.0,62.46,3.003,3.017,319000000.0,3907000000.0,2505000000.0,2505000000.0,72000000.0,0.14,0.209,0.331,0.258,18000000.0,597000000.0,1.0,120438430.0,121000000,123000000.0,20.702,2656000000.0,55000000.0,183000000.0,56000000.0,21.95,1255000000.0
16,SIAL,MRT,2011-09-30,2011-09-30,2011-09-30,2019-02-05,84000000.0,3250000000.0,3197500000.0,1779000000.0,1471000000.0,0.775,17.81,-107000000.0,643000000.0,643000000.0,1176000000.0,443000000.0,3.015,0.508,569000000.0,269000000.0,300000000.0,569000000.0,0.0,103000000.0,0.0,0.011,0.7,617000000.0,720000000.0,0.291,720000000.0,617000000.0,609000000.0,3.65,3.59,3.65,2155000000.0,2130500000.0,2155000000.0,7396470322.0,12.0,10.273,392000000.0,3.24,1.0,1301000000.0,0.525,629000000.0,8000000.0,1957000000.0,1930000000.0,658000000.0,0.0,0.0,0.0,1095000000.0,590000000.0,505000000.0,7543470322.0,143000000.0,-150000000.0,-109000000.0,88000000.0,-85000000.0,-95000000.0,-266000000.0,-9000000.0,499000000.0,5000000.0,443000000.0,443000000.0,443000000.0,0.0,0.0,0.179,684000000.0,617000000.0,128000000.0,0.192,3.5,17.028,16.929,750000000.0,0.0,61.79,3.045,3.018,335000000.0,3820000000.0,2477000000.0,2477000000.0,71000000.0,0.139,0.208,0.32,0.249,20000000.0,594000000.0,1.0,122082381.0,121000000,123000000.0,20.471,2621000000.0,59000000.0,166000000.0,63000000.0,21.661,1189000000.0
17,SIAL,MRT,2011-06-30,2011-06-30,2011-06-30,2019-02-05,193000000.0,3339000000.0,3102250000.0,1833000000.0,1506000000.0,0.778,18.615,-106000000.0,663000000.0,663000000.0,1148000000.0,419000000.0,3.357,0.47,516000000.0,216000000.0,300000000.0,516000000.0,0.0,98000000.0,0.0,0.009,0.68,589000000.0,687000000.0,0.285,687000000.0,589000000.0,582000000.0,3.45,3.4,3.45,2271000000.0,2063750000.0,2271000000.0,8805631945.0,15.0,12.818,424000000.0,3.475,1.0,1266000000.0,0.524,649000000.0,7000000.0,1997000000.0,1850000000.0,670000000.0,0.0,0.0,0.0,1068000000.0,546000000.0,522000000.0,8939631945.0,210000000.0,-150000000.0,-14000000.0,-29000000.0,-82000000.0,-114000000.0,-263000000.0,-4000000.0,530000000.0,57000000.0,419000000.0,419000000.0,419000000.0,0.0,0.0,0.174,677000000.0,589000000.0,148000000.0,0.197,3.936,21.336,21.27,760000000.0,0.0,73.38,3.703,3.709,356000000.0,3725000000.0,2414000000.0,2414000000.0,69000000.0,0.135,0.203,0.318,0.244,22000000.0,581000000.0,1.0,121826546.0,122000000,124000000.0,19.787,2690000000.0,60000000.0,163000000.0,72000000.0,22.049,1287000000.0
18,SIAL,MRT,2011-03-31,2011-03-31,2011-03-31,2019-02-05,145000000.0,3174000000.0,2948000000.0,1726000000.0,1448000000.0,0.791,17.377,-99000000.0,623000000.0,623000000.0,1102000000.0,403000000.0,3.214,0.497,489000000.0,189000000.0,300000000.0,489000000.0,0.0,96000000.0,0.0,0.01,0.66,571000000.0,667000000.0,0.286,667000000.0,571000000.0,564000000.0,3.32,3.28,3.32,2120000000.0,1921500000.0,2120000000.0,7730000421.0,14.0,11.589,424000000.0,3.475,1.0,1229000000.0,0.527,608000000.0,7000000.0,1895000000.0,1743000000.0,638000000.0,0.0,0.0,0.0,1054000000.0,537000000.0,517000000.0,7760000421.0,202000000.0,-95000000.0,-36000000.0,-74000000.0,-79000000.0,-178000000.0,-174000000.0,21000000.0,523000000.0,31000000.0,403000000.0,403000000.0,403000000.0,0.0,0.0,0.173,658000000.0,571000000.0,139000000.0,0.199,3.66,19.256,19.169,742000000.0,0.0,63.64,3.329,3.331,343000000.0,3634000000.0,2331000000.0,2331000000.0,68000000.0,0.137,0.21,0.328,0.245,23000000.0,562000000.0,1.0,121935896.0,122000000,123000000.0,19.107,2566000000.0,63000000.0,161000000.0,108000000.0,21.033,1189000000.0
19,SIAL,MRT,2010-12-31,2010-12-31,2010-12-31,2019-02-05,95000000.0,3027000000.0,2846750000.0,1601000000.0,1426000000.0,0.798,16.331,-99000000.0,569000000.0,569000000.0,1075000000.0,384000000.0,3.015,0.532,539000000.0,239000000.0,300000000.0,539000000.0,0.0,93000000.0,0.0,0.01,0.64,551000000.0,644000000.0,0.284,644000000.0,551000000.0,544000000.0,3.17,3.12,3.17,1976000000.0,1816500000.0,1976000000.0,8051654318.0,15.0,12.503,424000000.0,3.504,1.0,1196000000.0,0.527,595000000.0,7000000.0,1871000000.0,1671500000.0,606000000.0,0.0,0.0,0.0,1051000000.0,531000000.0,520000000.0,8073654318.0,196000000.0,-80000000.0,-54000000.0,-40000000.0,-78000000.0,-161000000.0,-182000000.0,-2000000.0,523000000.0,16000000.0,384000000.0,384000000.0,384000000.0,0.0,0.0,0.169,645000000.0,551000000.0,121000000.0,0.202,4.086,21.025,20.997,733000000.0,0.0,66.56,3.555,3.546,287000000.0,3536000000.0,2271000000.0,2271000000.0,66000000.0,0.135,0.211,0.33,0.243,22000000.0,548000000.0,1.0,121298893.0,121000000,123000000.0,18.769,2432000000.0,62000000.0,160000000.0,72000000.0,20.099,1070000000.0
20,SIAL,MRT,2010-09-30,2010-09-30,2010-09-30,2019-02-05,91000000.0,2869000000.0,2768500000.0,1545000000.0,1324000000.0,0.817,15.603,-116000000.0,500000000.0,500000000.0,1080000000.0,383000000.0,2.249,0.52,478000000.0,378000000.0,100000000.0,478000000.0,0.0,93000000.0,0.0,0.01,0.625,549000000.0,642000000.0,0.284,642000000.0,549000000.0,542000000.0,3.15,3.1,3.15,1888000000.0,1744000000.0,1888000000.0,7414585567.0,14.0,11.549,435000000.0,3.595,1.0,1182000000.0,0.523,523000000.0,7000000.0,1637000000.0,1615250000.0,605000000.0,0.0,0.0,0.0,981000000.0,687000000.0,294000000.0,7325585567.0,208000000.0,-5000000.0,-62000000.0,-92000000.0,-76000000.0,-221000000.0,-130000000.0,-8000000.0,551000000.0,8000000.0,383000000.0,383000000.0,383000000.0,0.0,0.0,0.169,633000000.0,549000000.0,117000000.0,0.198,3.88,19.127,19.168,712000000.0,0.0,60.38,3.239,3.23,315000000.0,3462000000.0,2262000000.0,2262000000.0,65000000.0,0.138,0.22,0.34,0.243,19000000.0,539000000.0,1.0,121324703.0,121000000,123000000.0,18.694,2346000000.0,0.0,159000000.0,27000000.0,19.388,858000000.0
21,SIAL,MRT,2010-06-30,2010-06-30,2010-06-30,2019-02-05,-28000000.0,2722000000.0,2717850000.0,1437000000.0,1285000000.0,0.822,14.066,-122000000.0,453000000.0,453000000.0,1084000000.0,376000000.0,1.971,0.599,542000000.0,442000000.0,100000000.0,542000000.0,0.0,94000000.0,0.0,0.012,0.61,539000000.0,633000000.0,0.283,633000000.0,539000000.0,531000000.0,3.09,3.04,3.09,1702000000.0,1679525000.0,1702000000.0,6188641309.0,11.0,9.777,426000000.0,3.521,1.0,1149000000.0,0.515,513000000.0,8000000.0,1569000000.0,1627850000.0,570000000.0,0.0,0.0,0.0,1020000000.0,729000000.0,291000000.0,6048641309.0,194000000.0,-9000000.0,-63000000.0,-69000000.0,-75000000.0,-199000000.0,-144000000.0,-14000000.0,548000000.0,-11000000.0,376000000.0,376000000.0,376000000.0,0.0,0.0,0.168,610000000.0,539000000.0,115000000.0,0.197,3.554,16.087,16.126,685000000.0,0.0,49.83,2.709,2.7,296000000.0,3388000000.0,2233000000.0,2233000000.0,65000000.0,0.138,0.224,0.331,0.241,19000000.0,527000000.0,1.0,121385537.0,121000000,123000000.0,18.455,2209000000.0,0.0,155000000.0,26000000.0,18.256,708000000.0
22,SIAL,MRT,2010-03-31,2010-03-31,2010-03-31,2019-02-05,40000000.0,2769000000.0,2690500000.0,1454000000.0,1315000000.0,0.818,13.934,-131000000.0,421000000.0,421000000.0,1076000000.0,363000000.0,1.871,0.629,561000000.0,461000000.0,100000000.0,561000000.0,0.0,92000000.0,0.0,0.011,0.595,522000000.0,614000000.0,0.279,614000000.0,522000000.0,513000000.0,2.98,2.93,2.98,1700000000.0,1636125000.0,1700000000.0,6738316696.0,13.0,10.974,422000000.0,3.459,1.0,1125000000.0,0.511,523000000.0,9000000.0,1609000000.0,1675125000.0,585000000.0,0.0,0.0,0.0,1069000000.0,777000000.0,292000000.0,6534316696.0,194000000.0,-9000000.0,-64000000.0,-77000000.0,-73000000.0,-207000000.0,-166000000.0,-27000000.0,553000000.0,14000000.0,363000000.0,363000000.0,363000000.0,0.0,0.0,0.165,603000000.0,522000000.0,120000000.0,0.2,3.844,18.001,18.007,699000000.0,0.0,53.66,2.969,2.974,317000000.0,3310000000.0,2201000000.0,2201000000.0,63000000.0,0.135,0.222,0.312,0.237,18000000.0,525000000.0,1.0,121772581.0,122000000,123000000.0,18.041,2246000000.0,0.0,150000000.0,30000000.0,18.41,677000000.0
23,SIAL,MRT,2009-12-31,2009-12-31,2009-12-31,2019-02-05,84000000.0,2714000000.0,2629500000.0,1384000000.0,1330000000.0,0.817,13.82,-139000000.0,373000000.0,373000000.0,1058000000.0,347000000.0,1.865,0.61,577000000.0,477000000.0,100000000.0,577000000.0,0.0,92000000.0,0.0,0.011,0.58,500000000.0,592000000.0,0.276,592000000.0,500000000.0,490000000.0,2.84,2.8,2.84,1686000000.0,1559150000.0,1686000000.0,6428471230.0,13.0,10.859,377000000.0,3.09,1.0,1090000000.0,0.507,530000000.0,10000000.0,1646000000.0,1694425000.0,609000000.0,0.0,0.0,0.0,1028000000.0,742000000.0,286000000.0,6151671230.0,121000000.0,-6000000.0,-43000000.0,-142000000.0,-71000000.0,-250000000.0,-160000000.0,-17000000.0,516000000.0,15000000.0,347000000.0,347000000.0,347000000.0,0.0,0.0,0.162,590000000.0,500000000.0,112000000.0,0.204,3.649,17.728,17.799,709000000.0,0.0,50.55,2.864,2.871,285000000.0,3230000000.0,2148000000.0,2148000000.0,63000000.0,0.132,0.223,0.295,0.233,17000000.0,518000000.0,1.0,121694782.0,122000000,124000000.0,17.607,2184000000.0,54000000.0,143000000.0,65000000.0,17.902,642000000.0
24,SIAL,MRT,2009-09-30,2009-09-30,2009-09-30,2019-02-05,99300000.0,2666400000.0,2590125000.0,1360700000.0,1305700000.0,0.805,13.361,-114900000.0,292200000.0,292200000.0,1017100000.0,338800000.0,1.853,0.636,569000000.0,469000000.0,100000000.0,569000000.0,0.0,91900000.0,0.0,0.01,0.565,486800000.0,578700000.0,0.278,578700000.0,486800000.0,475700000.0,2.77,2.73,2.77,1630100000.0,1482450000.0,1630100000.0,6928431704.0,14.0,11.972,351300000.0,2.88,1.0,1068000000.0,0.512,521300000.0,11100000.0,1687400000.0,1715625000.0,646100000.0,0.0,0.0,0.0,1036300000.0,734500000.0,301800000.0,6575531704.0,71000000.0,-10000000.0,-161500000.0,-40800000.0,-69500000.0,-270200000.0,-125900000.0,-1000000.0,466200000.0,900000.0,338800000.0,338800000.0,338800000.0,0.0,0.0,0.162,581200000.0,486800000.0,110200000.0,0.204,4.034,19.408,19.487,700900000.0,0.0,53.98,3.154,3.158,298600000.0,3155500000.0,2085100000.0,2085100000.0,62600000.0,0.131,0.229,0.284,0.233,11300000.0,518600000.0,1.0,121814222.0,122000000,124000000.0,17.091,2145100000.0,58800000.0,136900000.0,57800000.0,17.583,626200000.0
25,SIAL,MRT,2009-06-30,2009-06-30,2009-06-30,2019-02-05,55300000.0,2612600000.0,2575050000.0,1332800000.0,1279800000.0,0.812,12.528,-103800000.0,258500000.0,258500000.0,1010800000.0,334700000.0,1.935,0.709,611400000.0,411400000.0,200000000.0,611400000.0,0.0,93000000.0,0.0,0.011,0.55,491000000.0,584000000.0,0.279,584000000.0,491000000.0,478400000.0,2.71,2.67,2.71,1528400000.0,1454200000.0,1528400000.0,6458709281.0,13.0,11.059,294000000.0,2.41,1.0,1080900000.0,0.517,518500000.0,12600000.0,1758100000.0,1732650000.0,663000000.0,0.0,0.0,0.0,1084200000.0,688900000.0,395300000.0,6050709281.0,18300000.0,-8000000.0,-200400000.0,22700000.0,-67800000.0,-241300000.0,-104400000.0,9000000.0,397800000.0,-33800000.0,334700000.0,334700000.0,334700000.0,0.0,0.0,0.16,589900000.0,491000000.0,114500000.0,0.203,3.959,18.078,18.288,680200000.0,0.0,49.56,2.893,2.891,296500000.0,3087000000.0,2091700000.0,2091700000.0,63100000.0,0.13,0.23,0.283,0.235,9200000.0,526800000.0,1.0,122088565.0,122000000,124000000.0,17.145,2094100000.0,56200000.0,143700000.0,65600000.0,17.165,643900000.0
26,SIAL,MRT,2009-03-31,2009-03-31,2009-03-31,2019-02-05,-26700000.0,2525000000.0,2606075000.0,1289200000.0,1235800000.0,0.825,11.411,-98100000.0,226800000.0,226800000.0,1044600000.0,341500000.0,1.73,0.814,634800000.0,434800000.0,200000000.0,634800000.0,0.0,96700000.0,0.0,0.014,0.535,500400000.0,597100000.0,0.278,597100000.0,500400000.0,487600000.0,2.73,2.69,2.73,1392100000.0,1475425000.0,1392100000.0,5092423045.0,10.0,8.529,330700000.0,2.711,1.0,1105800000.0,0.514,501500000.0,12800000.0,1686200000.0,1741350000.0,648500000.0,0.0,0.0,0.0,1132900000.0,745300000.0,387600000.0,4615323045.0,200000.0,-8000000.0,-364000000.0,140000000.0,-67300000.0,-285400000.0,-98200000.0,9000000.0,428800000.0,-45000000.0,341500000.0,341500000.0,341500000.0,0.0,0.0,0.159,605400000.0,500400000.0,120600000.0,0.196,3.315,13.515,13.842,655000000.0,0.0,37.79,2.146,2.144,297600000.0,3021100000.0,2150400000.0,2150400000.0,64100000.0,0.131,0.231,0.287,0.233,9000000.0,541300000.0,1.0,122130803.0,122000000,123000000.0,17.626,2023500000.0,51500000.0,146100000.0,92100000.0,16.586,543900000.0
27,SIAL,MRT,2008-12-31,2008-12-31,2008-12-31,2019-02-05,25300000.0,2556500000.0,2660550000.0,1309200000.0,1247300000.0,0.827,10.946,-91000000.0,251800000.0,251800000.0,1071000000.0,342000000.0,1.649,0.854,728900000.0,528800000.0,200100000.0,728900000.0,0.0,99000000.0,0.0,0.012,0.52,504000000.0,603000000.0,0.274,603000000.0,504000000.0,490000000.0,2.7,2.65,2.7,1379200000.0,1557100000.0,1379200000.0,5687880525.0,11.0,9.433,313000000.0,2.484,1.0,1130000000.0,0.513,508900000.0,14000000.0,1730800000.0,1776200000.0,661800000.0,0.0,0.0,0.0,1177300000.0,793900000.0,383400000.0,5295080525.0,14000000.0,-6000000.0,-397000000.0,181000000.0,-66000000.0,-274000000.0,-87000000.0,10000000.0,404000000.0,-29000000.0,342000000.0,342000000.0,342000000.0,0.0,0.0,0.155,626000000.0,504000000.0,114600000.0,0.193,3.839,15.483,15.644,660400000.0,0.0,42.24,2.406,2.418,269800000.0,2954400000.0,2201000000.0,2201000000.0,64000000.0,0.129,0.22,0.284,0.229,12000000.0,562000000.0,1.0,125357020.0,126000000,129000000.0,17.468,2047600000.0,45900000.0,148000000.0,59700000.0,16.251,515300000.0
28,SIAL,MRT,2008-09-30,2008-09-30,2008-09-30,2019-02-05,103400000.0,2606100000.0,2678700000.0,1302700000.0,1303400000.0,0.83,12.088,-96600000.0,220600000.0,220600000.0,1092800000.0,342100000.0,1.829,0.718,613400000.0,413300000.0,200100000.0,613400000.0,0.0,100400000.0,0.0,0.01,0.505,507100000.0,607500000.0,0.273,607500000.0,507100000.0,491700000.0,2.66,2.62,2.66,1517100000.0,1616450000.0,1517100000.0,6957057028.0,14.0,11.452,352300000.0,2.807,1.0,1130200000.0,0.508,531200000.0,15400000.0,1755500000.0,1777900000.0,657000000.0,0.0,0.0,0.0,1089000000.0,712200000.0,376800000.0,6603257028.0,17800000.0,-2000000.0,-313900000.0,42500000.0,-64400000.0,-325100000.0,-90800000.0,200000.0,448900000.0,-15200000.0,342100000.0,342100000.0,342100000.0,0.0,0.0,0.154,623100000.0,507100000.0,117700000.0,0.19,4.353,19.302,19.707,668300000.0,0.0,52.42,2.97,2.959,296500000.0,2885900000.0,2223000000.0,2223000000.0,64100000.0,0.128,0.212,0.285,0.228,17800000.0,559000000.0,1.0,125968276.0,125500000,128100000.0,17.713,2074900000.0,69300000.0,149600000.0,103500000.0,16.533,590500000.0
29,SIAL,MRT,2008-06-30,2008-06-30,2008-06-30,2019-02-05,218800000.0,2736700000.0,2678075000.0,1385100000.0,1351600000.0,0.816,12.653,-88800000.0,240300000.0,240300000.0,1077400000.0,331800000.0,1.87,0.696,594100000.0,394000000.0,200100000.0,594100000.0,0.0,100400000.0,0.0,0.009,0.49,493500000.0,593900000.0,0.272,593900000.0,493500000.0,475800000.0,2.56,2.52,2.56,1613300000.0,1628625000.0,1613300000.0,7221402169.0,15.0,12.159,387100000.0,3.036,1.0,1108200000.0,0.507,557000000.0,17700000.0,1792900000.0,1781200000.0,687900000.0,0.0,0.0,0.0,1123400000.0,740600000.0,382800000.0,6943302169.0,50200000.0,1500000.0,-297600000.0,-3200000.0,-63100000.0,-354200000.0,-91600000.0,200000.0,475900000.0,20100000.0,331800000.0,331800000.0,331800000.0,0.0,0.0,0.152,614700000.0,493500000.0,128400000.0,0.191,4.304,20.926,21.039,689600000.0,0.0,53.86,3.177,3.142,328800000.0,2820600000.0,2185600000.0,2185600000.0,62600000.0,0.124,0.204,0.277,0.226,19500000.0,552100000.0,1.0,128913891.0,127500000,130200000.0,17.142,2179700000.0,72900000.0,144000000.0,127800000.0,17.096,644500000.0
30,SIAL,MRT,2008-03-31,2008-03-31,2008-03-31,2019-02-05,225300000.0,2742900000.0,2629400000.0,1379700000.0,1363200000.0,0.803,13.303,-82600000.0,226400000.0,226400000.0,1038600000.0,320700000.0,2.169,0.596,504500000.0,304400000.0,200100000.0,504500000.0,0.0,99200000.0,0.0,0.008,0.475,474800000.0,574000000.0,0.272,574000000.0,474800000.0,454500000.0,2.46,2.42,2.46,1718800000.0,1599025000.0,1718800000.0,8018974137.0,17.0,13.97,336000000.0,2.601,1.0,1073800000.0,0.508,559300000.0,20300000.0,1825600000.0,1767750000.0,689900000.0,0.0,0.0,0.0,1024100000.0,636100000.0,388000000.0,7718274137.0,53600000.0,-22600000.0,-155800000.0,-71100000.0,-61600000.0,-279200000.0,-101400000.0,200000.0,418600000.0,15600000.0,320700000.0,320700000.0,320700000.0,0.0,0.0,0.152,599000000.0,474800000.0,120100000.0,0.193,4.491,24.067,24.248,691900000.0,0.0,59.65,3.654,3.648,333700000.0,2746700000.0,2112400000.0,2112400000.0,61100000.0,0.122,0.201,0.269,0.225,20000000.0,537900000.0,1.0,129392693.0,129200000,131900000.0,16.35,2183600000.0,67800000.0,133800000.0,135100000.0,16.901,743600000.0
31,SIAL,MRT,2007-12-31,2007-12-31,2007-12-31,2019-02-05,159900000.0,2629100000.0,2574175000.0,1282500000.0,1346600000.0,0.792,12.378,-83000000.0,237600000.0,237600000.0,1002700000.0,311100000.0,2.02,0.626,538300000.0,331300000.0,207000000.0,538300000.0,0.0,97800000.0,0.0,0.008,0.46,459600000.0,557400000.0,0.273,557400000.0,459600000.0,437600000.0,2.38,2.34,2.38,1616600000.0,1533075000.0,1616600000.0,7463521402.0,16.0,13.39,334000000.0,2.557,1.0,1036000000.0,0.508,557200000.0,22000000.0,1737600000.0,1749725000.0,653600000.0,0.0,0.0,0.0,1012500000.0,635000000.0,377500000.0,7099221402.0,63800000.0,-67600000.0,-151900000.0,-7900000.0,-60000000.0,-212000000.0,-149000000.0,200000.0,417000000.0,7800000.0,311100000.0,311100000.0,311100000.0,0.0,0.0,0.153,576400000.0,459600000.0,131000000.0,0.193,4.391,22.82,22.941,681500000.0,0.0,54.6,3.482,3.498,276300000.0,2679300000.0,2038700000.0,2038700000.0,59300000.0,0.121,0.203,0.263,0.225,19000000.0,517100000.0,1.0,130022370.0,130600000,133100000.0,15.61,2071900000.0,57700000.0,126500000.0,89400000.0,15.864,647500000.0
32,SIAL,MRT,2007-09-30,2007-09-30,2007-09-30,2019-02-05,139300000.0,2603600000.0,2500475000.0,1262100000.0,1341500000.0,0.788,12.026,-75900000.0,202800000.0,202800000.0,966100000.0,297800000.0,1.963,0.663,567100000.0,359900000.0,207200000.0,567100000.0,0.0,96600000.0,0.0,0.009,0.45,441100000.0,537700000.0,0.273,537700000.0,441100000.0,417700000.0,2.27,2.23,2.27,1565800000.0,1481650000.0,1565800000.0,6760785066.0,15.0,12.574,294800000.0,2.264,1.0,1005000000.0,0.51,556100000.0,23400000.0,1768700000.0,1754700000.0,658600000.0,0.0,0.0,0.0,1037800000.0,643100000.0,394700000.0,6363985066.0,65800000.0,-72400000.0,-109900000.0,1500000.0,-58900000.0,-159900000.0,-154800000.0,0.0,370700000.0,9800000.0,297800000.0,297800000.0,297800000.0,0.0,0.0,0.151,563900000.0,441100000.0,103500000.0,0.198,4.064,21.37,21.471,671600000.0,0.0,48.74,3.229,3.219,298500000.0,2609300000.0,1971100000.0,1971100000.0,56900000.0,0.119,0.201,0.251,0.224,18000000.0,507000000.0,1.0,130570067.0,130200000,132700000.0,15.139,2047500000.0,54400000.0,119900000.0,93700000.0,15.726,619000000.0
33,SIAL,MRT,2007-06-30,2007-06-30,2007-06-30,2019-02-05,95700000.0,2542000000.0,2428675000.0,1226400000.0,1315600000.0,0.786,11.429,-77100000.0,190100000.0,190100000.0,937500000.0,294600000.0,1.866,0.7,586900000.0,377900000.0,209000000.0,586900000.0,0.0,95500000.0,0.0,0.01,0.44,425100000.0,520600000.0,0.273,520600000.0,425100000.0,401000000.0,2.24,2.2,2.24,1494900000.0,1427550000.0,1494900000.0,5993972922.0,14.0,11.514,279700000.0,2.138,1.0,971800000.0,0.509,542300000.0,24100000.0,1739100000.0,1730625000.0,634300000.0,0.0,0.0,0.0,1047100000.0,657400000.0,389700000.0,5603272922.0,24200000.0,-88200000.0,-107900000.0,-15700000.0,-57800000.0,-176000000.0,-159700000.0,0.0,356800000.0,3100000.0,294600000.0,294600000.0,294600000.0,0.0,0.0,0.154,546700000.0,425100000.0,107600000.0,0.196,3.748,19.02,19.049,667100000.0,0.0,42.67,2.935,2.923,295200000.0,2552700000.0,1909300000.0,1909300000.0,55100000.0,0.121,0.206,0.246,0.223,16800000.0,491600000.0,1.0,131316450.0,130800000,133200000.0,14.597,1999700000.0,57600000.0,106400000.0,83700000.0,15.288,569000000.0
34,SIAL,MRT,2007-03-31,2007-03-31,2007-03-31,2019-02-05,89600000.0,2522000000.0,2379050000.0,1181900000.0,1340100000.0,0.778,11.039,-76000000.0,172800000.0,172800000.0,904500000.0,285200000.0,1.848,0.733,563500000.0,353300000.0,210200000.0,563500000.0,0.0,93100000.0,0.0,0.01,0.43,412800000.0,505900000.0,0.273,505900000.0,412800000.0,388200000.0,2.16,2.12,2.16,1455000000.0,1386175000.0,1455000000.0,5836467532.0,14.0,11.537,283600000.0,2.152,1.0,945800000.0,0.511,519700000.0,24600000.0,1753500000.0,1719350000.0,614200000.0,0.0,0.0,0.0,1067000000.0,639500000.0,427500000.0,5483367532.0,54500000.0,-65000000.0,-114300000.0,2800000.0,-56700000.0,-163100000.0,-147400000.0,0.0,359600000.0,5400000.0,285200000.0,285200000.0,285200000.0,0.0,0.0,0.154,533000000.0,412800000.0,112000000.0,0.199,3.769,19.226,19.222,663900000.0,0.0,41.52,2.964,2.958,289100000.0,2488000000.0,1850300000.0,1850300000.0,54000000.0,0.12,0.206,0.24,0.223,15400000.0,479000000.0,1.0,132065692.0,131800000,134000000.0,14.039,2002300000.0,54700000.0,103000000.0,147100000.0,15.192,542400000.0
35,SIAL,MRT,2006-12-31,2006-12-31,2006-12-31,2019-02-05,80700000.0,2334300000.0,2302275000.0,1112900000.0,1221400000.0,0.781,10.616,-70100000.0,173800000.0,173800000.0,877300000.0,276800000.0,2.514,0.654,526900000.0,189000000.0,337900000.0,526900000.0,0.0,90900000.0,0.0,0.011,0.42,402700000.0,493600000.0,0.275,493600000.0,402700000.0,378700000.0,2.08,2.05,2.08,1410900000.0,1340100000.0,1410900000.0,5534286722.0,14.0,11.212,258700000.0,1.947,1.0,920200000.0,0.512,487300000.0,24000000.0,1757500000.0,1686350000.0,596000000.0,0.0,0.0,0.0,923400000.0,442600000.0,480800000.0,5124886722.0,75200000.0,-20000000.0,-107300000.0,2500000.0,-55700000.0,-156200000.0,-102800000.0,0.0,328800000.0,5400000.0,276800000.0,276800000.0,276800000.0,0.0,0.0,0.154,517500000.0,402700000.0,97200000.0,0.202,3.632,18.515,18.683,645100000.0,0.0,38.86,2.851,2.873,248000000.0,2424700000.0,1797500000.0,1797500000.0,52900000.0,0.12,0.207,0.239,0.224,13300000.0,464600000.0,1.0,131880770.0,132900000,134900000.0,13.525,1847000000.0,49600000.0,101900000.0,96700000.0,13.898,670300000.0
36,SIAL,MRT,2006-09-30,2006-09-30,2006-09-30,2019-02-05,78200000.0,2316400000.0,2251525000.0,1071100000.0,1245300000.0,0.774,10.207,-62800000.0,137000000.0,137000000.0,851800000.0,262500000.0,1.875,0.717,546400000.0,308900000.0,237500000.0,546400000.0,0.0,90200000.0,0.0,0.011,0.41,390700000.0,480900000.0,0.276,480900000.0,390700000.0,366600000.0,1.975,1.94,1.975,1349400000.0,1295725000.0,1349400000.0,5446940633.0,14.0,11.327,228500000.0,1.728,1.0,891700000.0,0.511,482200000.0,24100000.0,1672400000.0,1649600000.0,587200000.0,0.0,0.0,0.0,967000000.0,571200000.0,395800000.0,5022540633.0,-18300000.0,-4100000.0,-106100000.0,-72700000.0,-54600000.0,-231000000.0,-82600000.0,0.0,291300000.0,4000000.0,262500000.0,262500000.0,262500000.0,0.0,0.0,0.151,501000000.0,390700000.0,93800000.0,0.208,3.722,19.133,19.157,630100000.0,0.0,37.835,2.881,2.869,253800000.0,2467800000.0,1743500000.0,1743500000.0,51800000.0,0.117,0.203,0.237,0.224,10200000.0,449200000.0,1.0,132748530.0,132200000,134200000.0,13.188,1834200000.0,53600000.0,104100000.0,136700000.0,13.874,499900000.0
37,SIAL,MRT,2006-06-30,2006-06-30,2006-06-30,2019-02-05,82900000.0,2343500000.0,2229400000.0,1104400000.0,1239100000.0,0.769,9.98,-66600000.0,165900000.0,165900000.0,833100000.0,258000000.0,1.844,0.763,590300000.0,334700000.0,255600000.0,590300000.0,0.0,90800000.0,0.0,0.011,0.4,383900000.0,474700000.0,0.277,474700000.0,383900000.0,361300000.0,1.93,1.9,1.93,1329400000.0,1259675000.0,1329400000.0,5269131533.0,14.0,11.1,222800000.0,1.673,1.0,881200000.0,0.514,475100000.0,22600000.0,1694000000.0,1678250000.0,585600000.0,0.0,0.0,0.0,1014100000.0,598800000.0,415300000.0,4863031533.0,35900000.0,10200000.0,-96500000.0,-37400000.0,-53500000.0,-185600000.0,-71700000.0,0.0,289400000.0,3800000.0,258000000.0,258000000.0,258000000.0,0.0,0.0,0.15,497300000.0,383900000.0,91100000.0,0.207,3.658,18.849,18.819,633300000.0,0.0,36.32,2.837,2.822,256600000.0,2413300000.0,1714300000.0,1714300000.0,51400000.0,0.116,0.205,0.229,0.224,6800000.0,445900000.0,1.0,133894040.0,133200000,135100000.0,12.87,1868400000.0,56100000.0,103300000.0,142400000.0,14.027,505600000.0
38,SIAL,MRT,2006-03-31,2006-03-31,2006-03-31,2019-02-05,42000000.0,2214900000.0,2196475000.0,1013600000.0,1201300000.0,0.778,9.462,-71900000.0,118300000.0,118300000.0,840300000.0,250200000.0,1.898,0.743,524400000.0,271000000.0,253400000.0,524400000.0,0.0,91700000.0,0.0,0.012,0.39,373400000.0,465100000.0,0.272,465100000.0,373400000.0,352200000.0,1.86,1.835,1.86,1270700000.0,1221425000.0,1270700000.0,4802178749.0,13.0,10.325,187700000.0,1.398,1.0,869500000.0,0.509,465500000.0,21200000.0,1621500000.0,1702850000.0,551800000.0,0.0,0.0,0.0,944200000.0,534000000.0,410200000.0,4399578749.0,-45800000.0,-38900000.0,-131100000.0,7400000.0,-52300000.0,-175200000.0,-126200000.0,0.0,259600000.0,-4000000.0,250200000.0,250200000.0,250200000.0,0.0,0.0,0.146,496100000.0,373400000.0,89000000.0,0.21,3.462,17.584,17.685,608900000.0,0.0,32.895,2.573,2.584,246300000.0,2356900000.0,1709800000.0,1709800000.0,51100000.0,0.114,0.205,0.219,0.218,2900000.0,445000000.0,1.0,133746124.0,134300000,136000000.0,12.731,1749400000.0,52500000.0,102000000.0,151600000.0,13.026,479600000.0
39,SIAL,MRT,2005-12-31,2005-12-31,2005-12-31,2019-02-05,33400000.0,2131300000.0,2199300000.0,950200000.0,1181100000.0,0.758,9.082,-88200000.0,98600000.0,98600000.0,818000000.0,258300000.0,2.063,0.728,501200000.0,218000000.0,283200000.0,501200000.0,0.0,90100000.0,0.0,0.012,0.38,361400000.0,451500000.0,0.271,451500000.0,361400000.0,343300000.0,1.9,1.88,1.9,1233400000.0,1217100000.0,1233400000.0,4703461880.0,13.0,10.417,192300000.0,1.416,1.0,848500000.0,0.509,462700000.0,18100000.0,1610500000.0,1735675000.0,550400000.0,0.0,0.0,0.0,897900000.0,460700000.0,437200000.0,4255561880.0,-70600000.0,-416600000.0,-98500000.0,320900000.0,-51300000.0,171100000.0,-513200000.0,0.0,280500000.0,-9000000.0,258300000.0,258300000.0,258300000.0,0.0,0.0,0.155,487100000.0,361400000.0,90000000.0,0.2,3.45,16.475,16.655,613400000.0,0.0,31.645,2.554,2.579,207200000.0,2304500000.0,1666500000.0,1666500000.0,49800000.0,0.117,0.212,0.208,0.217,0.0,437300000.0,1.0,134478176.0,135800000,137500000.0,12.272,1668600000.0,48400000.0,85000000.0,132700000.0,12.287,489500000.0
40,SIAL,MRT,2005-09-30,2005-09-30,2005-09-30,2019-02-05,48500000.0,2227900000.0,2102725000.0,1046200000.0,1181700000.0,0.765,8.941,-91100000.0,155300000.0,155300000.0,777700000.0,255700000.0,1.937,0.849,603200000.0,277000000.0,326200000.0,603200000.0,0.0,86200000.0,0.0,0.012,0.37,346500000.0,432700000.0,0.269,432700000.0,346500000.0,332900000.0,1.875,1.855,1.875,1205200000.0,1211675000.0,1205200000.0,4803457049.0,14.0,11.101,208500000.0,1.547,1.0,830200000.0,0.516,348800000.0,13600000.0,1787000000.0,1669225000.0,557900000.0,0.0,0.0,0.0,1022700000.0,540000000.0,482700000.0,4323957049.0,21000000.0,-428000000.0,-117200000.0,416600000.0,-50200000.0,249200000.0,-526100000.0,0.0,299600000.0,-1700000.0,255700000.0,255700000.0,255700000.0,0.0,0.0,0.159,483700000.0,346500000.0,83800000.0,0.197,3.588,16.91,17.083,618000000.0,0.0,32.03,2.689,2.685,234700000.0,2260000000.0,1607900000.0,1607900000.0,48700000.0,0.122,0.211,0.208,0.215,0.0,435000000.0,1.0,134997098.0,134800000,136400000.0,11.928,1879100000.0,0.0,77200000.0,129700000.0,13.94,506200000.0
41,SIAL,MRT,2005-06-30,2005-06-30,2005-06-30,2019-02-05,51500000.0,2211800000.0,1956375000.0,1031600000.0,1180200000.0,0.785,8.625,-89700000.0,130000000.0,130000000.0,736000000.0,248100000.0,1.881,0.88,609500000.0,283100000.0,326400000.0,609500000.0,0.0,81600000.0,0.0,0.013,0.36,334100000.0,415700000.0,0.271,415700000.0,334100000.0,324200000.0,1.81,1.79,1.81,1176400000.0,1192675000.0,1176400000.0,4217132340.0,13.0,10.145,195600000.0,1.434,1.0,800300000.0,0.521,350400000.0,9900000.0,1792400000.0,1554900000.0,553400000.0,0.0,0.0,0.0,1035400000.0,548500000.0,486900000.0,3859132340.0,-8700000.0,-428800000.0,-97400000.0,379000000.0,-49200000.0,232400000.0,-526500000.0,0.0,285300000.0,100000.0,248100000.0,248100000.0,248100000.0,0.0,0.0,0.161,466200000.0,334100000.0,89900000.0,0.199,3.28,15.555,15.481,622600000.0,0.0,28.02,2.512,2.488,246500000.0,2208800000.0,1536300000.0,1536300000.0,46500000.0,0.127,0.208,0.215,0.217,0.0,419700000.0,1.0,137727778.0,136400000,138000000.0,11.263,1861400000.0,0.0,76100000.0,128800000.0,13.647,483100000.0
42,SIAL,MRT,2005-03-31,2005-03-31,2005-03-31,2019-02-05,97500000.0,2226200000.0,1812325000.0,1062500000.0,1163700000.0,0.795,9.109,-87100000.0,164100000.0,164100000.0,678100000.0,245200000.0,2.181,0.776,522100000.0,196000000.0,326100000.0,522100000.0,0.0,76200000.0,0.0,0.011,0.35,324000000.0,400200000.0,0.278,400200000.0,324000000.0,316800000.0,1.78,1.76,1.78,1253400000.0,1169125000.0,1253400000.0,4233628320.0,13.0,10.579,233600000.0,1.698,1.0,762800000.0,0.529,344200000.0,7200000.0,1752800000.0,1430600000.0,561100000.0,0.0,0.0,0.0,972800000.0,487200000.0,485600000.0,4216728320.0,38700000.0,-453100000.0,-26900000.0,334400000.0,-48300000.0,259200000.0,-544200000.0,0.0,320700000.0,3000000.0,245200000.0,245200000.0,245200000.0,0.0,0.0,0.17,438800000.0,324000000.0,92500000.0,0.197,3.364,17.197,17.205,612300000.0,0.0,30.625,2.926,2.925,234600000.0,2159000000.0,1440900000.0,1440900000.0,43600000.0,0.135,0.21,0.226,0.225,0.0,395200000.0,1.0,137689088.0,137600000,139400000.0,10.472,1882000000.0,0.0,71600000.0,71600000.0,13.677,575300000.0
43,SIAL,MRT,2004-12-31,2004-12-31,2004-12-31,2019-02-05,123800000.0,1745000000.0,1644900000.0,893400000.0,851600000.0,0.857,8.78,-68400000.0,169200000.0,169200000.0,657600000.0,232900000.0,3.869,0.44,186100000.0,9000000.0,177100000.0,186100000.0,0.0,73400000.0,0.0,0.011,0.34,319000000.0,392400000.0,0.278,392400000.0,319000000.0,311800000.0,1.69,1.67,1.69,1211700000.0,1117400000.0,1211700000.0,4225652838.0,13.0,10.769,255400000.0,1.851,1.0,751600000.0,0.533,186300000.0,7200000.0,1344700000.0,1313500000.0,446800000.0,0.0,0.0,0.0,533300000.0,230900000.0,302400000.0,4174152838.0,41600000.0,-75400000.0,-34900000.0,-60100000.0,-47000000.0,-142000000.0,-147600000.0,0.0,323800000.0,7400000.0,232900000.0,232900000.0,232900000.0,0.0,0.0,0.165,432600000.0,319000000.0,86700000.0,0.201,3.445,17.923,17.888,584400000.0,0.0,30.23,2.962,2.96,190000000.0,2097500000.0,1409200000.0,1409200000.0,42600000.0,0.142,0.208,0.243,0.226,0.0,390000000.0,1.0,138079816.0,138000000,139500000.0,10.212,1558700000.0,44900000.0,78900000.0,93600000.0,11.295,662500000.0
44,SIAL,MRT,2004-09-30,2004-09-30,2004-09-30,2019-02-05,64300000.0,1642500000.0,1595700000.0,836200000.0,806300000.0,0.865,8.183,-67000000.0,134300000.0,134300000.0,646400000.0,224900000.0,3.9,0.455,185800000.0,8000000.0,177800000.0,185800000.0,0.0,71900000.0,0.0,0.012,0.335,315800000.0,387700000.0,0.281,387700000.0,315800000.0,307700000.0,1.625,1.605,1.625,1129200000.0,1064300000.0,1129200000.0,4098898476.0,13.0,10.572,255900000.0,1.854,1.0,733100000.0,0.531,149900000.0,8100000.0,1329700000.0,1300600000.0,424600000.0,0.0,0.0,0.0,513300000.0,214400000.0,298900000.0,4007998476.0,15700000.0,-73300000.0,-86200000.0,-35100000.0,-46500000.0,-167800000.0,-142500000.0,0.0,322900000.0,3100000.0,224900000.0,224900000.0,224900000.0,0.0,0.0,0.163,417300000.0,315800000.0,67400000.0,0.206,3.549,17.821,17.846,555000000.0,0.0,29.0,2.905,2.901,197600000.0,2054400000.0,1379500000.0,1379500000.0,42600000.0,0.141,0.211,0.243,0.229,0.0,374700000.0,1.0,138206844.0,138000000,139600000.0,9.996,1492600000.0,0.0,82800000.0,45000000.0,10.816,621800000.0
45,SIAL,MRT,2004-06-30,2004-06-30,2004-06-30,2019-02-05,57800000.0,1635600000.0,1550682750.0,841700000.0,793900000.0,0.873,7.831,-58900000.0,138700000.0,138700000.0,638100000.0,215400000.0,3.335,0.511,229600000.0,50600000.0,179000000.0,229600000.0,0.0,70000000.0,0.0,0.011,0.33,307800000.0,377800000.0,0.279,377800000.0,307800000.0,298700000.0,1.545,1.53,1.545,1082200000.0,1028152000.0,1082200000.0,4180860683.0,14.0,11.066,275900000.0,1.996,1.0,715000000.0,0.528,178900000.0,9100000.0,1295200000.0,1274242500.0,409000000.0,0.0,0.0,0.0,553400000.0,252400000.0,301000000.0,4121260683.0,85200000.0,-72500000.0,-108500000.0,34500000.0,-46100000.0,-120100000.0,-133000000.0,0.0,334800000.0,3500000.0,215400000.0,215400000.0,215400000.0,0.0,0.0,0.159,407200000.0,307800000.0,77100000.0,0.214,3.808,19.133,19.291,547700000.0,0.0,29.805,3.046,3.044,206900000.0,2009900000.0,1353100000.0,1353100000.0,42200000.0,0.139,0.21,0.242,0.227,0.0,365000000.0,1.0,138274138.0,138200000,139600000.0,9.791,1456700000.0,0.0,83300000.0,32600000.0,10.541,589300000.0
46,SIAL,MRT,2004-03-31,2004-03-31,2004-03-31,2019-02-05,63300000.0,1556500000.0,1494004500.0,836700000.0,719800000.0,0.891,7.561,-55100000.0,125400000.0,125400000.0,635200000.0,203900000.0,3.815,0.487,185000000.0,8700000.0,176300000.0,185000000.0,0.0,69500000.0,0.0,0.01,0.29,296400000.0,365900000.0,0.275,365900000.0,296400000.0,286900000.0,1.455,1.44,1.455,1046500000.0,1001445750.0,1046500000.0,3947255125.0,13.0,10.788,275600000.0,1.991,1.0,696300000.0,0.523,112400000.0,9500000.0,1284400000.0,1263202750.0,408900000.0,0.0,0.0,0.0,510000000.0,219300000.0,290700000.0,3831976125.0,71200000.0,1800000.0,-117900000.0,-49900000.0,-40700000.0,-208500000.0,-54800000.0,0.0,330700000.0,3800000.0,203900000.0,203900000.0,203900000.0,-100000.0,0.0,0.153,400000000.0,296300000.0,71800000.0,0.199,3.662,18.793,19.031,538400000.0,0.0,27.69,2.878,2.878,214800000.0,1962100000.0,1331500000.0,1331500000.0,42500000.0,0.136,0.204,0.235,0.223,0.0,357500000.0,1.0,138388448.0,138400000,139800000.0,9.621,1444100000.0,0.0,83000000.0,45800000.0,10.434,617400000.0
47,SIAL,MRT,2003-12-31,2003-12-31,2003-12-31,2019-02-05,66100000.0,1548200000.0,1458877500.0,815000000.0,733200000.0,0.89,7.087,-53800000.0,127600000.0,127600000.0,627400000.0,193100000.0,3.166,0.549,242900000.0,66600000.0,176300000.0,242900000.0,0.0,69300000.0,0.0,0.009,0.25,285600000.0,354900000.0,0.273,354900000.0,285600000.0,275500000.0,1.37,1.355,1.37,999300000.0,971574500.0,999300000.0,4064456174.0,14.0,11.452,255200000.0,1.81,1.0,670700000.0,0.517,113000000.0,10100000.0,1293100000.0,1253444750.0,426600000.0,0.0,0.0,0.0,548900000.0,257400000.0,291500000.0,3964733174.0,75200000.0,1800000.0,-124800000.0,-23800000.0,-35200000.0,-183800000.0,-53500000.0,0.0,309000000.0,3500000.0,193100000.0,193100000.0,193100000.0,-2700000.0,0.0,0.149,387800000.0,282900000.0,73400000.0,0.182,3.968,20.532,20.869,547400000.0,0.0,28.59,3.054,3.105,178200000.0,1911600000.0,1298100000.0,1298100000.0,42600000.0,0.132,0.199,0.228,0.22,0.0,345200000.0,1.0,138675522.0,141000000,142200000.0,9.206,1435200000.0,0.0,82400000.0,32000000.0,10.179,557600000.0
48,SIAL,MRT,2003-09-30,2003-09-30,2003-09-30,2019-02-05,26739000.0,1462431000.0,1432988250.0,762215000.0,700216000.0,0.888,6.963,-49468000.0,118590000.0,118590000.0,619116000.0,213145000.0,3.336,0.485,218313000.0,41888000.0,176425000.0,218313000.0,0.0,67254000.0,0.0,0.008,0.215,313897000.0,381151000.0,0.3,381151000.0,313897000.0,303427000.0,1.495,1.48,1.495,984608000.0,942293000.0,984608000.0,3830179220.0,12.0,10.049,271465000.0,1.92,1.0,653061000.0,0.513,109393000.0,10470000.0,1224270000.0,1248883000.0,413843000.0,0.0,0.0,0.0,477823000.0,228491000.0,249332000.0,3691267220.0,78919000.0,2541000.0,-103285000.0,-98802000.0,-30607000.0,-232694000.0,-8686000.0,0.0,320933000.0,-634000.0,213145000.0,213145000.0,213145000.0,-7074000.0,0.0,0.168,347738000.0,305323000.0,69242000.0,0.144,3.749,17.318,17.441,532210000.0,0.0,26.075,2.902,2.898,187815000.0,1876097000.0,1272177000.0,1272177000.0,41564000.0,0.149,0.226,0.251,0.247,0.0,335474000.0,1.0,141563460.0,141400000,142800000.0,8.997,1353038000.0,0.0,90282000.0,30201000.0,9.569,533724000.0
49,SIAL,MRT,2003-06-30,2003-06-30,2003-06-30,2019-02-05,17300000.0,1408887000.0,1413940000.0,711485000.0,697402000.0,0.893,6.879,-51157000.0,53482000.0,53482000.0,621231000.0,212849000.0,3.785,0.444,192394000.0,15845000.0,176549000.0,192394000.0,0.0,67560000.0,0.0,0.007,0.178,313158000.0,380718000.0,0.301,380718000.0,313158000.0,301719000.0,1.485,1.465,1.485,975375000.0,907902750.0,975375000.0,4030476782.0,13.0,10.587,278007000.0,1.961,1.0,641576000.0,0.508,108768000.0,11439000.0,1251041000.0,1257156500.0,410792000.0,0.0,0.0,0.0,433512000.0,187990000.0,245522000.0,3849846782.0,1112000.0,3841000.0,-136846000.0,-151408000.0,-25460000.0,-313714000.0,-14778000.0,0.0,329164000.0,440000.0,212849000.0,212849000.0,212849000.0,-13291000.0,0.0,0.169,343209000.0,298367000.0,67779000.0,0.12,3.947,18.087,18.29,535342000.0,0.0,27.16,3.049,3.05,195901000.0,1840594000.0,1262807000.0,1262807000.0,41219000.0,0.151,0.234,0.249,0.248,0.0,331290000.0,1.0,141746936.0,141800000,143000000.0,8.906,1300119000.0,0.0,88870000.0,22786000.0,9.169,523495000.0
50,SIAL,MRT,2003-03-31,2003-03-31,2003-03-31,2019-02-05,-5784000.0,1415992000.0,,725837000.0,690155000.0,,6.519,-52669000.0,54195000.0,54195000.0,609347000.0,142465000.0,2.967,0.527,234825000.0,58138000.0,176687000.0,234825000.0,0.0,66994000.0,0.0,0.008,0.175,242438000.0,309432000.0,0.25,309432000.0,242438000.0,229901000.0,0.995,0.98,0.995,927015000.0,,927015000.0,3378598987.0,14.0,10.919,304806000.0,2.144,1.0,630748000.0,0.509,106611000.0,12537000.0,1245368000.0,,417209000.0,0.0,0.0,0.0,488977000.0,244643000.0,244334000.0,3164245987.0,18836000.0,6100000.0,-111308000.0,-174638000.0,-25294000.0,-311240000.0,-18051000.0,0.0,357475000.0,-9348000.0,142465000.0,142465000.0,142465000.0,51980000.0,0.0,0.115,337830000.0,292918000.0,73005000.0,0.176,3.413,22.211,22.357,530313000.0,0.0,22.245,2.552,2.551,206181000.0,1798939000.0,1240095000.0,1240095000.0,41042000.0,,,,0.195,0.0,326088000.0,1.0,142245268.0,142200000,143200000.0,8.721,1309381000.0,0.0,87436000.0,34336000.0,9.208,481194000.0
51,SIAL,MRT,2002-12-31,2002-12-31,2002-12-31,2019-02-05,-15365000.0,1444643000.0,1442222500.0,733020000.0,711623000.0,0.837,6.067,-56500000.0,52382000.0,52382000.0,592500000.0,130700000.0,2.631,0.638,266735000.0,89930000.0,176805000.0,266735000.0,0.0,66300000.0,0.0,0.007,0.173,229900000.0,296200000.0,0.245,296200000.0,229900000.0,216100000.0,0.9,0.89,0.9,882174000.0,845944500.0,882174000.0,3769578869.0,16.0,12.726,294700000.0,2.027,1.0,614500000.0,0.509,105548000.0,13800000.0,1274853000.0,1314431000.0,421368000.0,0.0,0.0,0.0,562469000.0,278595000.0,283874000.0,3491470869.0,14800000.0,6100000.0,-100800000.0,-181700000.0,-25200000.0,-307700000.0,-21500000.0,0.0,351200000.0,-7200000.0,130700000.0,130700000.0,130700000.0,56000000.0,0.0,0.108,328600000.0,285900000.0,69184000.0,0.192,3.958,26.714,27.056,535797000.0,0.0,24.35,2.893,2.933,175356000.0,1753737000.0,1207000000.0,1207000000.0,40500000.0,0.091,0.155,0.175,0.19,0.0,317400000.0,1.0,143386894.0,145400000,146800000.0,8.301,1339095000.0,0.0,85400000.0,25949000.0,9.21,454425000.0
52,SIAL,MRT,2002-09-30,2002-09-30,2002-09-30,2019-02-05,-41000000.0,1386238000.0,,703178000.0,683060000.0,,5.803,-72649000.0,39718000.0,39718000.0,577204000.0,97188000.0,2.311,0.637,317826000.0,141118000.0,176708000.0,317826000.0,0.0,67372000.0,0.0,0.007,0.17,185102000.0,252474000.0,0.213,252474000.0,185102000.0,170773000.0,0.67,0.66,0.67,847047000.0,,847047000.0,4012092692.0,22.0,15.891,239343000.0,1.64,1.0,609233000.0,0.513,102652000.0,14329000.0,1257364000.0,,422456000.0,0.0,0.0,0.0,539191000.0,304330000.0,234861000.0,3601647692.0,2445000.0,3910000.0,-78198000.0,-128215000.0,-24596000.0,-231009000.0,-73295000.0,0.0,311992000.0,-5243000.0,97188000.0,97188000.0,97188000.0,64848000.0,0.0,0.082,359283000.0,249950000.0,58647000.0,0.254,4.252,37.059,36.769,531634000.0,0.0,24.635,3.036,3.031,198775000.0,1693547000.0,1186437000.0,1186437000.0,40086000.0,,,,0.156,0.0,319197000.0,1.0,146200434.0,145958000,147246000.0,8.129,1283586000.0,0.0,73585000.0,21541000.0,8.794,398848000.0
53,SIAL,MRT,2002-06-30,2002-06-30,2002-06-30,2019-02-05,,,,,,,,,,,559485000.0,84467000.0,,,,,,,,,,0.007,0.169,169276000.0,,,,169276000.0,153618000.0,0.58,0.57,0.58,,,,4076420883.0,24.0,,,,1.0,594938000.0,0.515,,15658000.0,,,,,,,,,,3665975883.0,,,,,,,,,,,84467000.0,84467000.0,84467000.0,74293000.0,0.0,0.073,351369000.0,243569000.0,,0.291,,43.401,43.233,,0.0,25.075,3.176,3.182,,,1154423000.0,1154423000.0,39494000.0,,,,0.147,,311875000.0,1.0,146200434.0,146506000,147882000.0,7.88,,,69151000.0,,,
54,SIAL,MRT,2002-03-31,2002-03-31,2002-03-31,2019-02-05,,,,,,,,,,,,,,,,,,,,,,0.007,0.168,,,,,,,,,,,,,3843231190.0,,,,,1.0,,,,,,,,,,,,,,3432786190.0,,,,,,,,,,,,,,,,,,,,,,,,,,23.48,,,,,,,,,,,,,,1.0,146200434.0,146034000,,,,,,,,
55,SIAL,MRT,2001-12-31,2001-12-31,2001-12-31,2019-02-05,-79433000.0,1439802000.0,1393754500.0,727311000.0,712491000.0,0.8,5.43,-106694000.0,37637000.0,37637000.0,532266000.0,140705000.0,1.829,0.778,448082000.0,270382000.0,177700000.0,448082000.0,0.0,66452000.0,0.0,0.008,0.166,223595000.0,290047000.0,0.26,290047000.0,223595000.0,207053000.0,0.945,0.935,0.945,809715000.0,834495000.0,809715000.0,3221408911.0,14.0,11.107,52395000.0,0.351,1.0,582222000.0,0.522,98675000.0,16542000.0,1354009000.0,1249087500.0,427094000.0,0.0,0.0,0.0,630087000.0,397563000.0,232524000.0,2971511911.0,6579000.0,-37223000.0,-149703000.0,168402000.0,-24535000.0,-5836000.0,-148363000.0,0.0,159089000.0,1689000.0,140705000.0,140705000.0,140705000.0,12064000.0,0.0,0.126,346563000.0,235659000.0,59509000.0,0.176,3.67,21.119,20.852,531391000.0,0.0,19.705,2.666,2.637,181450000.0,1648214000.0,1114488000.0,1114488000.0,37922000.0,0.101,0.169,0.179,0.201,0.0,307441000.0,1.0,150799894.0,149118000,150350000.0,7.474,1341127000.0,0.0,66348000.0,13391000.0,8.994,329748000.0
56,SIAL,MRT,2001-09-30,2001-09-30,2001-09-30,2019-02-05,,,,,,,,,,,,,,,,,,,,,,0.007,0.165,,,,,,,,,,,,,3657974604.0,,,,,1.0,,,,,,,,,,,,,,3408077604.0,,,,,,,,,,,,,,,,,,,,,,,,,,22.6,,,,,,,,,,,,,,1.0,150799894.0,148392000,,,,,,,,
57,SIAL,MRT,2000-12-31,2000-12-31,2000-12-31,2019-02-05,-57986000.0,1347707000.0,1389854000.0,713625000.0,634082000.0,0.744,5.155,-64055000.0,31058000.0,31058000.0,493687000.0,320198000.0,2.128,0.568,280955000.0,180109000.0,100846000.0,280955000.0,0.0,61113000.0,0.0,0.008,0.158,394215000.0,455328000.0,0.44,455328000.0,394215000.0,387644000.0,1.92,1.915,1.92,859275000.0,1059313000.0,859275000.0,3584909086.0,9.0,7.873,50921000.0,0.305,1.0,540753000.0,0.523,118158000.0,6571000.0,1144166000.0,1178391500.0,444277000.0,0.0,0.0,0.0,488432000.0,335280000.0,153152000.0,3350768086.0,-12789000.0,389183000.0,-676328000.0,260016000.0,-26077000.0,-442389000.0,319562000.0,0.0,114976000.0,-4938000.0,320198000.0,320198000.0,320198000.0,-181148000.0,0.0,0.31,316615000.0,224138000.0,58050000.0,0.082,3.9,10.465,10.237,493005000.0,0.0,19.655,3.239,3.167,185938000.0,1532044000.0,1034440000.0,1034440000.0,32196000.0,0.23,0.302,0.335,0.381,0.0,284419000.0,1.0,170479170.0,166690000,167170000.0,6.206,1229549000.0,0.0,67446000.0,47819000.0,7.376,378345000.0
58,SIAL,MRT,2000-03-31,2000-03-31,2000-03-31,2019-02-05,-49302000.0,1447240000.0,1459657000.0,801686000.0,645554000.0,0.693,5.369,-79509000.0,39882000.0,39882000.0,527432000.0,177192000.0,2.076,0.454,274023000.0,273833000.0,190000.0,274023000.0,0.0,68436000.0,0.0,0.011,0.15,225254000.0,293690000.0,0.29,293690000.0,225254000.0,228978000.0,0.9,0.9,0.9,995478000.0,1209756500.0,995478000.0,2405879316.0,11.0,8.192,167049000.0,0.901,1.0,484737000.0,0.479,87971000.0,-3724000.0,1207254000.0,1200635500.0,404747000.0,0.0,0.0,0.0,451762000.0,386156000.0,65606000.0,2428713316.0,-11504000.0,0.0,-370445000.0,233489000.0,-29492000.0,-167555000.0,-80398000.0,0.0,246558000.0,-10109000.0,177192000.0,177192000.0,177192000.0,-31474000.0,0.0,0.175,290957000.0,193780000.0,47286000.0,0.167,2.44,13.707,14.933,473417000.0,0.0,13.44,2.4,2.462,212021000.0,1282660000.0,1012169000.0,1012169000.0,0.0,0.121,0.146,0.188,0.223,-1030000.0,287057000.0,1.0,180707836.0,185410000,185744000.0,5.459,1359269000.0,0.0,51786000.0,13572000.0,7.331,415530000.0
59,SIAL,MRT,1999-12-31,1999-12-31,1999-12-31,2019-02-05,-39736000.0,1432001000.0,1466639250.0,774571000.0,657430000.0,0.724,6.255,-90820000.0,43847000.0,43847000.0,558829000.0,172270000.0,7.334,0.137,21013000.0,20808000.0,205000.0,21013000.0,0.0,66919000.0,0.0,0.01,0.147,223658000.0,290577000.0,0.274,290577000.0,223658000.0,227382000.0,0.855,0.855,0.855,1259351000.0,1270453750.0,1259351000.0,2951135169.0,13.0,10.156,140109000.0,0.696,1.0,502350000.0,0.473,90938000.0,-3724000.0,1212617000.0,1192835500.0,408518000.0,0.0,0.0,0.0,172650000.0,105612000.0,67038000.0,3032868169.0,19502000.0,0.0,-71835000.0,-10253000.0,-29739000.0,-111827000.0,-98733000.0,0.0,230929000.0,-867000.0,172270000.0,172270000.0,172270000.0,-23665000.0,0.0,0.162,302357000.0,199993000.0,41995000.0,0.172,2.408,17.605,17.579,481736000.0,0.0,15.03,2.858,2.852,193471000.0,1240184000.0,1061179000.0,1061179000.0,0.0,0.117,0.136,0.188,0.211,0.0,298457000.0,1.0,201787636.0,201344000,201968000.0,5.27,1341063000.0,0.0,55112000.0,0.0,6.661,668959000.0
60,SIAL,MRT,1999-09-30,1999-09-30,1999-09-30,2019-02-05,-28888000.0,1513830000.0,1462807000.0,857584000.0,656246000.0,0.683,6.526,-103654000.0,90821000.0,90821000.0,509214000.0,172956000.0,6.225,0.15,9088000.0,8726000.0,362000.0,9088000.0,0.0,69329000.0,0.0,0.009,0.145,230118000.0,299447000.0,0.3,299447000.0,230118000.0,233108000.0,0.855,0.855,0.855,1316448000.0,1259711000.0,1316448000.0,3174957277.0,14.0,10.603,136463000.0,0.676,1.0,490278000.0,0.491,105430000.0,-2990000.0,1188894000.0,1188499000.0,462613000.0,0.0,0.0,0.0,197382000.0,137773000.0,59609000.0,3202235277.0,65744000.0,-39500000.0,3798000.0,3168000.0,-29214000.0,-20154000.0,-145032000.0,0.0,240117000.0,-9187000.0,172956000.0,172956000.0,172956000.0,-26999000.0,0.0,0.173,287159000.0,203119000.0,50670000.0,0.17,2.432,18.515,18.567,532416000.0,0.0,15.875,3.204,3.204,252941000.0,1209012000.0,999492000.0,999492000.0,0.0,0.118,0.137,0.194,0.23,2685000.0,284289000.0,1.0,201715608.0,201722000,203044000.0,4.955,1408400000.0,0.0,60152000.0,18946000.0,6.982,719811000.0
61,SIAL,MRT,1999-06-30,1999-06-30,1999-06-30,2019-02-05,-38386000.0,1445557000.0,1427053250.0,796113000.0,649444000.0,0.684,6.289,-112119000.0,31423000.0,31423000.0,495114000.0,170116000.0,6.709,0.14,4145000.0,3787000.0,358000.0,4145000.0,0.0,68023000.0,0.0,0.008,0.144,227223000.0,295246000.0,0.302,295246000.0,227223000.0,230213000.0,0.84,0.84,0.84,1267749000.0,1227209500.0,1267749000.0,3459497438.0,15.0,11.717,94954000.0,0.471,1.0,480955000.0,0.493,105843000.0,-2990000.0,1193777000.0,1199136000.0,455111000.0,0.0,0.0,0.0,177808000.0,118659000.0,59149000.0,3470949438.0,12863000.0,-39500000.0,3798000.0,-3719000.0,-28942000.0,-28863000.0,-157950000.0,0.0,207073000.0,-7397000.0,170116000.0,170116000.0,170116000.0,-26999000.0,0.0,0.174,280731000.0,200224000.0,48309000.0,0.171,2.738,20.403,20.5,523033000.0,0.0,17.22,3.556,3.556,251123000.0,1172080000.0,976069000.0,976069000.0,0.0,0.119,0.139,0.189,0.233,1713000.0,277861000.0,1.0,201565008.0,201572000,202748000.0,4.842,1339714000.0,0.0,60097000.0,11805000.0,6.646,677454000.0
62,SIAL,MRT,1999-03-31,1999-03-31,1999-03-31,2019-02-05,-29374000.0,1475169000.0,1393557000.0,822737000.0,652432000.0,0.683,6.15,-123822000.0,51386000.0,51386000.0,480053000.0,166789000.0,4.69,0.191,39934000.0,39149000.0,785000.0,39934000.0,0.0,64708000.0,0.0,0.01,0.143,223595000.0,288303000.0,0.303,288303000.0,223595000.0,226585000.0,0.825,0.825,0.825,1238267000.0,1192999750.0,1238267000.0,2951100017.0,13.0,10.236,54348000.0,0.27,1.0,472181000.0,0.496,112224000.0,-2990000.0,1176054000.0,1196742500.0,459553000.0,0.0,0.0,0.0,236902000.0,175439000.0,61463000.0,2944387017.0,6968000.0,-39500000.0,3798000.0,31755000.0,-28675000.0,8100000.0,-179590000.0,0.0,178170000.0,288000.0,166789000.0,166789000.0,166789000.0,-26999000.0,0.0,0.175,275585000.0,196596000.0,56496000.0,0.173,2.378,17.653,17.727,520264000.0,0.0,14.625,3.092,3.092,255622000.0,1134090000.0,952234000.0,952234000.0,0.0,0.12,0.14,0.187,0.235,-100000.0,272715000.0,1.0,201325608.0,201340000,201988000.0,4.729,1362945000.0,0.0,59796000.0,23337000.0,6.769,647298000.0
63,SIAL,MRT,1998-12-31,1998-12-31,1998-12-31,2019-02-05,-11134000.0,1416672000.0,1348110000.0,756894000.0,659778000.0,0.732,6.049,-127995000.0,24345000.0,24345000.0,500728000.0,166347000.0,5.997,0.165,30637000.0,30222000.0,415000.0,30637000.0,0.0,61827000.0,0.0,0.01,0.141,227003000.0,288830000.0,0.293,288830000.0,227003000.0,229993000.0,0.825,0.82,0.825,1216380000.0,1156841500.0,1216380000.0,2923721867.0,13.0,10.123,34075000.0,0.169,1.0,485455000.0,0.492,101484000.0,-2990000.0,1195271000.0,1183205500.0,414559000.0,0.0,0.0,0.0,200292000.0,126209000.0,74083000.0,2943105867.0,-21883000.0,-39500000.0,3798000.0,23268000.0,-28411000.0,-1345000.0,-175195000.0,0.0,162070000.0,-7413000.0,166347000.0,166347000.0,166347000.0,-21451000.0,0.0,0.169,279903000.0,205552000.0,54001000.0,0.171,2.42,17.693,17.727,461326000.0,0.0,14.625,2.984,2.982,194063000.0,1097653000.0,986183000.0,986183000.0,0.0,0.123,0.144,0.192,0.23,0.0,277033000.0,1.0,201238008.0,201080000,202376000.0,4.904,1315188000.0,0.0,63646000.0,0.0,6.541,630685000.0
64,SIAL,MRT,1998-09-30,1998-09-30,1998-09-30,2019-02-05,-8458000.0,1370815000.0,1304897500.0,764742000.0,606073000.0,0.735,5.897,-127581000.0,25077000.0,25077000.0,423779000.0,168833000.0,6.373,0.155,5693000.0,4673000.0,1020000.0,5693000.0,0.0,56100000.0,0.0,0.01,0.14,242111000.0,298211000.0,0.311,298211000.0,242111000.0,242111000.0,0.84,0.83,0.84,1186442000.0,1117830000.0,1186442000.0,2894507973.0,12.0,9.706,15167000.0,0.075,1.0,535438000.0,0.558,0.0,0.0,1231442000.0,1135089250.0,456604000.0,0.0,0.0,0.0,184373000.0,119989000.0,64384000.0,2905017973.0,-19695000.0,0.0,0.0,-1286000.0,-28142000.0,-24247000.0,-137597000.0,0.0,142748000.0,-599000.0,168833000.0,168833000.0,168833000.0,-23388000.0,0.0,0.176,316715000.0,218723000.0,48060000.0,0.167,2.449,17.206,17.19,496345000.0,0.0,14.44,3.029,3.029,243999000.0,1065266000.0,959217000.0,959217000.0,0.0,0.129,0.151,0.213,0.252,-4794000.0,316715000.0,1.0,201178530.0,201184000,202026000.0,4.768,1370815000.0,0.0,73278000.0,18692000.0,6.814,644753000.0
65,SIAL,MRT,1998-06-30,1998-06-30,1998-06-30,2019-02-05,-29493000.0,1311572000.0,,733654000.0,577918000.0,,5.623,-122503000.0,18560000.0,18560000.0,415593000.0,169238000.0,6.278,0.16,8050000.0,7030000.0,1020000.0,8050000.0,0.0,51359000.0,0.0,0.008,0.136,243096000.0,294455000.0,0.312,294455000.0,243096000.0,243096000.0,0.845,0.83,0.845,1130910000.0,,1130910000.0,3496654178.0,14.0,11.875,16926000.0,0.084,1.0,529230000.0,0.56,0.0,0.0,1184203000.0,,439969000.0,0.0,0.0,0.0,180662000.0,116859000.0,63803000.0,3532768178.0,-18594000.0,-4494000.0,0.0,1081000.0,-27367000.0,-19042000.0,-136467000.0,0.0,139429000.0,-2514000.0,169238000.0,169238000.0,169238000.0,-23388000.0,0.0,0.179,309522000.0,219708000.0,50988000.0,0.161,3.124,20.875,20.787,473862000.0,0.0,17.565,3.739,3.739,229597000.0,1030902000.0,944823000.0,944823000.0,0.0,,,,0.257,-2703000.0,309522000.0,1.0,201125430.0,201130000,202886000.0,4.698,1311572000.0,0.0,73858000.0,11471000.0,6.521,616795000.0
66,SIAL,MRT,1998-03-31,1998-03-31,1998-03-31,2019-02-05,-30984000.0,1293381000.0,,744604000.0,548777000.0,,5.443,-117387000.0,44418000.0,44418000.0,406138000.0,168863000.0,5.501,0.183,8304000.0,7260000.0,1044000.0,8304000.0,0.0,49854000.0,0.0,0.007,0.133,242894000.0,292748000.0,0.315,292748000.0,242894000.0,242894000.0,0.845,0.825,0.845,1093634000.0,,1093634000.0,3704859796.0,15.0,12.655,25180000.0,0.125,1.0,522702000.0,0.563,0.0,0.0,1121906000.0,,427154000.0,0.0,0.0,0.0,199747000.0,135361000.0,64386000.0,3743135796.0,-49848000.0,-4494000.0,0.0,-1909000.0,-26587000.0,-20814000.0,-168470000.0,0.0,142567000.0,-3131000.0,168863000.0,168863000.0,168863000.0,-23388000.0,0.0,0.182,303196000.0,219506000.0,55444000.0,0.157,3.423,22.167,22.041,451958000.0,0.0,18.625,4.03,4.029,225094000.0,996843000.0,928840000.0,928840000.0,0.0,,,,0.262,-966000.0,303196000.0,1.0,200973734.0,200922000,205390000.0,4.623,1293381000.0,0.0,74031000.0,27226000.0,6.437,609243000.0
67,SIAL,MRT,1997-12-31,1997-12-31,1997-12-31,2019-02-05,-23928000.0,1243822000.0,1171890000.0,706674000.0,537148000.0,0.769,5.291,-106777000.0,46228000.0,46228000.0,391644000.0,166059000.0,5.915,0.173,7952000.0,7400000.0,552000.0,7952000.0,0.0,48053000.0,0.0,0.006,0.129,239019000.0,287072000.0,0.318,287072000.0,239019000.0,239019000.0,0.83,0.81,0.83,1060334000.0,1001304000.0,1060334000.0,,,,25300000.0,0.126,1.0,510057000.0,0.566,83261000.0,0.0,1002806000.0,952309000.0,420809000.0,0.0,0.0,0.0,183488000.0,119479000.0,64009000.0,3994352963.0,-57457000.0,-51083000.0,0.0,-7740000.0,-25809000.0,-26755000.0,-157860000.0,0.0,132077000.0,-4919000.0,166059000.0,166059000.0,166059000.0,-23388000.0,0.0,0.184,294426000.0,215631000.0,53257000.0,0.155,3.767,24.054,23.946,438878000.0,0.0,19.875,4.43,4.418,186847000.0,959717000.0,901701000.0,901701000.0,0.0,0.142,0.166,0.251,0.265,0.0,294426000.0,1.0,200973734.0,200420000,205608000.0,4.499,1160561000.0,0.0,72960000.0,16553000.0,5.791,587195000.0
68,SIAL,MRT,1997-09-30,1997-09-30,1997-09-30,2019-02-05,,,,,,,,,,,,,,,,,,,,,,0.008,0.125,,,,,,,,,,,,,,,,,,1.0,,,,,,,,,,,,,,,,,,,,,,,,,,,,,,,,,,,,,,,,16.5,,,,,,,,,,,,,,1.0,,200524000,,,,,,,,
69,SIAL,MRT,1997-06-30,1997-06-30,1997-06-30,2019-02-05,,,,,,,,,,,,,,,,,,,,,,0.007,0.121,,,,,,,,,,,,,,,,,,1.0,,,,,,,,,,,,,,,,,,,,,,,,,,,,,,,,,,,,,,,,17.565,,,,,,,,,,,,,,1.0,,200284000,,,,,,,,
70,SIAL,MRT,1997-03-31,1997-03-31,1997-03-31,2019-02-05,,,,,,,,,,,,,,,,,,,,,,0.008,0.117,,,,,,,,,,,,,,,,,,1.0,,,,,,,,,,,,,,,,,,,,,,,,,,,,,,,,,,,,,,,,15.44,,,,,,,,,,,,,,1.0,,200180000,,,,,,,,
71,SIAL,MRT,1996-12-31,1996-12-31,1996-12-31,2019-02-05,5761000.0,1099958000.0,,666637000.0,433321000.0,,4.715,-92660000.0,103685000.0,103685000.0,476120000.0,147856000.0,6.043,0.167,15856000.0,12069000.0,3787000.0,15856000.0,0.0,45213000.0,0.0,0.007,0.114,229684000.0,274897000.0,0.266,274897000.0,229684000.0,229684000.0,0.74,0.725,0.74,942274000.0,,942274000.0,,,,60760000.0,0.304,1.0,558445000.0,0.54,0.0,0.0,901812000.0,,362784000.0,0.0,0.0,0.0,157684000.0,110317000.0,47367000.0,,19716000.0,-13629000.0,0.0,-5455000.0,-22738000.0,-22892000.0,-107789000.0,0.0,153420000.0,-3023000.0,147856000.0,147856000.0,147856000.0,0.0,0.0,0.143,328761000.0,229684000.0,60881000.0,0.154,,,21.095,379095000.0,0.0,15.61,,3.016,165511000.0,819467000.0,1034565000.0,1034565000.0,0.0,,,,0.222,2762000.0,328761000.0,1.0,,199860000,203430000.0,5.176,1099958000.0,0.0,81828000.0,9107000.0,5.504,556320000.0
72,SIAL,MRT,1995-12-31,1995-12-31,1995-12-31,2019-02-05,,,,,,,,-58128000.0,,,447898000.0,131683000.0,,,,,,,,40872000.0,,0.008,0.095,204160000.0,245032000.0,0.255,245032000.0,204160000.0,204160000.0,0.66,0.65,0.66,,,,,,,103127000.0,0.517,1.0,511924000.0,0.533,,0.0,,,,,,,,,,,74224000.0,0.0,0.0,-12086000.0,-18947000.0,-30119000.0,-58128000.0,0.0,161255000.0,1216000.0,131683000.0,131683000.0,131683000.0,0.0,0.0,0.137,307764000.0,204160000.0,,0.144,,,18.75,,0.0,12.375,,2.571,,,959822000.0,959822000.0,0.0,,,,0.213,4111000.0,307764000.0,,,199428000,199428000.0,4.813,,,72477000.0,,,
