None,ticker,dimension,calendardate,datekey,reportperiod,lastupdated,accoci,assets,assetsavg,assetsc,assetsnc,assetturnover,bvps,capex,cashneq,cashnequsd,cor,consolinc,currentratio,de,debt,debtc,debtnc,debtusd,deferredrev,depamor,deposits,divyield,dps,ebit,ebitda,ebitdamargin,ebitdausd,ebitusd,ebt,eps,epsdil,epsusd,equity,equityavg,equityusd,ev,evebit,evebitda,fcf,fcfps,fxusd,gp,grossmargin,intangibles,intexp,invcap,invcapavg,inventory,investments,investmentsc,investmentsnc,liabilities,liabilitiesc,liabilitiesnc,marketcap,ncf,ncfbus,ncfcommon,ncfdebt,ncfdiv,ncff,ncfi,ncfinv,ncfo,ncfx,netinc,netinccmn,netinccmnusd,netincdis,netincnci,netmargin,opex,opinc,payables,payoutratio,pb,pe,pe1,ppnenet,prefdivis,price,ps,ps1,receivables,retearn,revenue,revenueusd,rnd,roa,roe,roic,ros,sbcomp,sgna,sharefactor,sharesbas,shareswa,shareswadil,sps,tangibles,taxassets,taxexp,taxliabilities,tbvps,workingcapital
0,EL,MRY,2021-12-31,2021-06-30,2021-06-30,2021-08-27,-470000000.0,21971000000.0,19842250000.0,9768000000.0,12203000000.0,0.817,16.691,-637000000.0,4958000000.0,4958000000.0,3834000000.0,2875000000.0,1.844,2.622,8099000000.0,411000000.0,7688000000.0,8099000000.0,0.0,651000000.0,0.0,0.007,2.07,3499000000.0,4150000000.0,0.256,4150000000.0,3499000000.0,3326000000.0,7.91,7.79,7.91,6057000000.0,5364500000.0,6057000000.0,117436776882.0,34.0,28.298,2994000000.0,8.25,1.0,12381000000.0,0.764,6711000000.0,173000000.0,13103000000.0,13092000000.0,2505000000.0,0.0,0.0,0.0,15880000000.0,5298000000.0,10582000000.0,115307776882.0,-64000000.0,-1033000000.0,-518000000.0,-611000000.0,-753000000.0,-1892000000.0,-1864000000.0,-194000000.0,3631000000.0,61000000.0,2870000000.0,2870000000.0,2870000000.0,0.0,5000000.0,0.177,9763000000.0,2618000000.0,1692000000.0,0.262,19.037,40.177,40.212,4470000000.0,0.0,318.08,7.111,7.119,1702000000.0,12244000000.0,16215000000.0,16215000000.0,0.0,0.145,0.535,0.267,0.216,327000000.0,9371000000.0,1.0,362511874.0,362900000,368200000.0,44.682,15260000000.0,0.0,456000000.0,0.0,42.05,4470000000.0
1,EL,MRY,2020-12-31,2020-06-30,2020-06-30,2021-08-27,-665000000.0,17781000000.0,17378000000.0,8892000000.0,8889000000.0,0.823,10.912,-623000000.0,5022000000.0,5022000000.0,3552000000.0,696000000.0,1.717,3.512,8789000000.0,1597000000.0,7192000000.0,8789000000.0,0.0,611000000.0,0.0,0.007,1.39,1195000000.0,1806000000.0,0.126,1806000000.0,1195000000.0,1034000000.0,1.9,1.86,1.9,3935000000.0,4342000000.0,3935000000.0,71908540754.0,60.0,39.816,1657000000.0,4.595,1.0,10742000000.0,0.752,3739000000.0,161000000.0,12630000000.0,12522250000.0,2062000000.0,0.0,0.0,0.0,13819000000.0,5179000000.0,8640000000.0,67924540754.0,2035000000.0,-1047000000.0,-713000000.0,2705000000.0,-503000000.0,1461000000.0,-1698000000.0,-28000000.0,2280000000.0,-8000000.0,684000000.0,684000000.0,684000000.0,0.0,12000000.0,0.048,10136000000.0,606000000.0,1177000000.0,0.732,17.262,99.305,99.305,4337000000.0,0.0,188.68,4.752,4.76,1194000000.0,10134000000.0,14294000000.0,14294000000.0,0.0,0.039,0.158,0.095,0.084,213000000.0,8637000000.0,1.0,359998626.0,360600000,366900000.0,39.639,14042000000.0,0.0,350000000.0,0.0,38.941,3713000000.0
2,EL,MRY,2019-12-31,2019-06-30,2019-06-30,2021-08-27,-563000000.0,13156000000.0,12826500000.0,7212000000.0,5944000000.0,1.159,12.066,-742000000.0,2987000000.0,2987000000.0,3387000000.0,1794000000.0,1.566,1.994,3412000000.0,516000000.0,2896000000.0,3412000000.0,0.0,557000000.0,0.0,0.009,1.67,2431000000.0,2988000000.0,0.201,2988000000.0,2431000000.0,2298000000.0,4.91,4.82,4.91,4386000000.0,4421500000.0,4386000000.0,66759485926.0,27.0,22.343,1775000000.0,4.883,1.0,11476000000.0,0.772,3071000000.0,133000000.0,5905000000.0,6795250000.0,2006000000.0,0.0,0.0,0.0,8745000000.0,4605000000.0,4140000000.0,66262485926.0,806000000.0,0.0,-1363000000.0,-172000000.0,-609000000.0,-2173000000.0,473000000.0,1215000000.0,2517000000.0,-11000000.0,1785000000.0,1785000000.0,1785000000.0,0.0,9000000.0,0.12,9163000000.0,2313000000.0,1490000000.0,0.34,15.108,37.122,37.293,2068000000.0,0.0,183.11,4.458,4.478,1831000000.0,9984000000.0,14863000000.0,14863000000.0,0.0,0.139,0.404,0.358,0.164,243000000.0,8857000000.0,1.0,361872568.0,363500000,370400000.0,40.889,10085000000.0,0.0,513000000.0,0.0,27.744,2607000000.0
3,EL,MRY,2018-12-31,2018-06-30,2018-06-30,2021-08-27,-434000000.0,12567000000.0,12536250000.0,6168000000.0,6399000000.0,1.091,12.739,-629000000.0,2181000000.0,2181000000.0,2844000000.0,1117000000.0,1.863,1.676,3544000000.0,183000000.0,3361000000.0,3544000000.0,0.0,531000000.0,0.0,0.01,1.48,2099000000.0,2630000000.0,0.192,2630000000.0,2099000000.0,1971000000.0,3.01,2.95,3.01,4688000000.0,4673750000.0,4688000000.0,53891782353.0,26.0,20.491,1933000000.0,5.253,1.0,10839000000.0,0.792,3202000000.0,128000000.0,7418000000.0,7766500000.0,1618000000.0,1377000000.0,534000000.0,843000000.0,7857000000.0,3310000000.0,4547000000.0,52372782353.0,1045000000.0,0.0,-577000000.0,-10000000.0,-546000000.0,-1172000000.0,-358000000.0,271000000.0,2562000000.0,13000000.0,1108000000.0,1108000000.0,1108000000.0,0.0,9000000.0,0.081,8784000000.0,2055000000.0,1182000000.0,0.492,11.172,47.268,47.405,1823000000.0,0.0,142.69,3.828,3.838,1487000000.0,9040000000.0,13683000000.0,13683000000.0,0.0,0.088,0.237,0.27,0.153,236000000.0,8553000000.0,1.0,367038912.0,368000000,375700000.0,37.182,9365000000.0,0.0,863000000.0,0.0,25.448,2858000000.0
4,EL,MRY,2017-12-31,2017-06-30,2017-06-30,2021-08-27,-484000000.0,11568000000.0,10893250000.0,4964000000.0,6604000000.0,1.085,11.942,-492000000.0,1136000000.0,1136000000.0,2434000000.0,1256000000.0,1.758,1.635,3572000000.0,189000000.0,3383000000.0,3572000000.0,0.0,464000000.0,0.0,0.014,1.32,1713000000.0,2177000000.0,0.184,2177000000.0,1713000000.0,1610000000.0,3.4,3.35,3.4,4384000000.0,3988250000.0,4384000000.0,38061547417.0,22.0,17.483,1298000000.0,3.536,1.0,9390000000.0,0.794,3243000000.0,103000000.0,7938000000.0,7285500000.0,1479000000.0,1631000000.0,605000000.0,1026000000.0,7166000000.0,2823000000.0,4343000000.0,35304547417.0,222000000.0,-1671000000.0,-272000000.0,1346000000.0,-486000000.0,630000000.0,-2204000000.0,-41000000.0,1790000000.0,6000000.0,1249000000.0,1249000000.0,1249000000.0,0.0,7000000.0,0.106,7686000000.0,1704000000.0,835000000.0,0.388,8.053,28.266,28.229,1671000000.0,0.0,95.98,2.986,2.98,1395000000.0,8452000000.0,11824000000.0,11824000000.0,0.0,0.115,0.313,0.235,0.145,174000000.0,7460000000.0,1.0,367832334.0,367100000,373000000.0,32.209,8325000000.0,0.0,361000000.0,0.0,22.678,2141000000.0
5,EL,MRY,2016-12-31,2016-06-30,2016-06-30,2021-08-27,-545000000.0,9223000000.0,8761700000.0,4225000000.0,4998000000.0,1.285,9.654,-525000000.0,914000000.0,914000000.0,2181000000.0,1121000000.0,1.576,1.578,2242000000.0,332000000.0,1910000000.0,2242000000.0,0.0,415000000.0,0.0,0.013,1.14,1620000000.0,2035000000.0,0.181,2035000000.0,1620000000.0,1549000000.0,3.01,2.96,3.01,3572000000.0,3619500000.0,3572000000.0,34977025375.0,22.0,17.188,1264000000.0,3.416,1.0,9081000000.0,0.806,1572000000.0,71000000.0,6298000000.0,6096500000.0,1264000000.0,1577000000.0,469000000.0,1108000000.0,5636000000.0,2681000000.0,2955000000.0,33608025375.0,-107000000.0,-101000000.0,-805000000.0,604000000.0,-423000000.0,-605000000.0,-1269000000.0,-643000000.0,1789000000.0,-22000000.0,1115000000.0,1115000000.0,1115000000.0,0.0,6000000.0,0.099,7471000000.0,1610000000.0,717000000.0,0.379,9.409,30.142,30.239,1583000000.0,0.0,91.02,2.984,2.99,1258000000.0,7693000000.0,11262000000.0,11262000000.0,0.0,0.127,0.308,0.266,0.144,161000000.0,7338000000.0,1.0,369237809.0,370000000,376600000.0,30.438,7651000000.0,0.0,434000000.0,0.0,20.678,1544000000.0
6,EL,MRY,2015-12-31,2015-06-30,2015-06-30,2021-08-27,-381500000.0,8226900000.0,7960725000.0,4183600000.0,4043300000.0,1.354,9.605,-473000000.0,1021400000.0,1021400000.0,2100000000.0,1094000000.0,1.964,1.255,1624900000.0,29800000.0,1595100000.0,1624900000.0,0.0,409000000.0,0.0,0.011,0.92,1616000000.0,2025000000.0,0.188,2025000000.0,1616000000.0,1556000000.0,2.87,2.82,2.87,3643200000.0,3774125000.0,3643200000.0,32956503697.0,20.0,16.275,1470000000.0,3.876,1.0,8680000000.0,0.805,1471400000.0,60000000.0,5229200000.0,4819475000.0,1215800000.0,924000000.0,503700000.0,420300000.0,4572600000.0,2129800000.0,2442800000.0,32792003697.0,-608000000.0,-241000000.0,-882000000.0,295000000.0,-350000000.0,-895000000.0,-1616000000.0,-902000000.0,1943000000.0,-40000000.0,1089000000.0,1089000000.0,1089000000.0,0.0,5000000.0,0.101,7074000000.0,1606000000.0,635400000.0,0.321,9.001,30.112,30.195,1490200000.0,0.0,86.66,3.042,3.049,1174500000.0,7004100000.0,10780000000.0,10780000000.0,0.0,0.137,0.289,0.335,0.15,117000000.0,7074000000.0,1.0,378398381.0,379300000,385700000.0,28.421,6755500000.0,0.0,467000000.0,0.0,17.81,2053800000.0
7,EL,MRY,2014-12-31,2014-06-30,2014-06-30,2021-08-27,-100300000.0,7868800000.0,7719125000.0,4825200000.0,3043600000.0,1.421,9.982,-510200000.0,1629100000.0,1629100000.0,2158200000.0,1209100000.0,2.346,1.037,1343100000.0,18400000.0,1324700000.0,1343100000.0,0.0,384600000.0,0.0,0.011,0.78,1831200000.0,2215800000.0,0.202,2215800000.0,1831200000.0,1771800000.0,3.12,3.06,3.12,3854900000.0,3746650000.0,3854900000.0,28242518318.0,15.0,12.746,1025000000.0,2.654,1.0,8810600000.0,0.803,1050500000.0,59400000.0,4475600000.0,4421375000.0,1294000000.0,13600000.0,0.0,13600000.0,3999400000.0,2056700000.0,1942700000.0,28426618318.0,133400000.0,-9200000.0,-582400000.0,-6700000.0,-301800000.0,-856900000.0,-511600000.0,7800000.0,1535200000.0,-33300000.0,1204100000.0,1204100000.0,1204100000.0,0.0,5000000.0,0.11,6983000000.0,1827600000.0,524500000.0,0.25,7.374,23.608,23.801,1502600000.0,0.0,74.26,2.592,2.615,1379300000.0,6265800000.0,10968800000.0,10968800000.0,0.0,0.156,0.321,0.414,0.167,112400000.0,6985900000.0,1.0,382798523.0,386200000,393100000.0,28.402,6818300000.0,0.0,567700000.0,0.0,17.655,2768500000.0
8,EL,MRY,2013-12-31,2013-06-30,2013-06-30,2021-08-27,-157500000.0,7145200000.0,7104500000.0,4297200000.0,2848000000.0,1.433,8.48,-461000000.0,1495700000.0,1495700000.0,2025900000.0,1023800000.0,2.221,1.169,1344300000.0,18300000.0,1326000000.0,1344300000.0,0.0,336900000.0,0.0,0.016,1.08,1553400000.0,1890300000.0,0.186,1890300000.0,1553400000.0,1471200000.0,2.63,2.58,2.63,3286900000.0,3154025000.0,3286900000.0,25420492231.0,16.0,13.448,765300000.0,1.974,1.0,8155800000.0,0.801,1051100000.0,82200000.0,4008100000.0,4091475000.0,1113900000.0,0.0,0.0,0.0,3843300000.0,1934600000.0,1908700000.0,25509892231.0,148000000.0,-8700000.0,-296600000.0,54600000.0,-419200000.0,-611500000.0,-465500000.0,4200000.0,1226300000.0,-1300000.0,1019800000.0,1019800000.0,1019800000.0,0.0,4000000.0,0.1,6629800000.0,1526000000.0,481700000.0,0.411,7.761,25.015,25.008,1350700000.0,0.0,65.77,2.505,2.504,1171700000.0,5364100000.0,10181700000.0,10181700000.0,0.0,0.144,0.323,0.38,0.153,91900000.0,6597000000.0,1.0,387865170.0,387600000,394900000.0,26.269,6094100000.0,0.0,451400000.0,0.0,15.723,2362600000.0
9,EL,MRY,2012-12-31,2012-06-30,2012-06-30,2021-08-27,-212900000.0,6593000000.0,6418025000.0,3855100000.0,2737900000.0,1.513,7.032,-420700000.0,1347700000.0,1347700000.0,1995800000.0,860500000.0,1.813,1.407,1288100000.0,219000000.0,1069100000.0,1288100000.0,0.0,295800000.0,0.0,0.01,0.525,1318600000.0,1614400000.0,0.166,1614400000.0,1318600000.0,1257500000.0,2.2,2.16,2.2,2733200000.0,2667575000.0,2733200000.0,21055302738.0,16.0,13.042,706000000.0,1.816,1.0,7717800000.0,0.795,1072700000.0,61100000.0,3334900000.0,3452400000.0,983600000.0,0.0,0.0,0.0,3845500000.0,2125800000.0,1719700000.0,21038202738.0,94700000.0,-7600000.0,-501900000.0,67500000.0,-204000000.0,-585100000.0,-428300000.0,0.0,1126700000.0,-18600000.0,856900000.0,856900000.0,856900000.0,0.0,3600000.0,0.088,6406100000.0,1311700000.0,493800000.0,0.239,7.697,24.552,24.6,1231800000.0,0.0,54.12,2.166,2.166,1060300000.0,4764900000.0,9713600000.0,9713600000.0,0.0,0.134,0.321,0.382,0.136,66900000.0,6324800000.0,1.0,388732497.0,388700000,397000000.0,24.99,5520300000.0,0.0,400600000.0,203500000.0,14.202,1729300000.0
10,EL,MRY,2011-12-31,2011-06-30,2011-06-30,2021-08-27,17700000.0,6273900000.0,6022425000.0,3686500000.0,2587400000.0,1.463,6.674,-351000000.0,1253000000.0,1253000000.0,1936900000.0,703800000.0,1.897,1.379,1218100000.0,138000000.0,1080100000.0,1218100000.0,0.0,294400000.0,0.0,0.007,0.375,1086400000.0,1380800000.0,0.157,1380800000.0,1086400000.0,1022500000.0,1.78,1.74,1.78,2629400000.0,2411425000.0,2629400000.0,20806248549.0,19.0,15.068,676000000.0,1.716,1.0,6873100000.0,0.78,1104800000.0,63900000.0,3190900000.0,3265525000.0,995600000.0,0.0,0.0,0.0,3626900000.0,1943300000.0,1683600000.0,20677748549.0,132300000.0,-256100000.0,-240500000.0,-16100000.0,-148000000.0,-313100000.0,-606900000.0,200000.0,1027000000.0,25300000.0,700800000.0,700800000.0,700800000.0,0.0,3000000.0,0.08,5783700000.0,1089400000.0,446700000.0,0.211,7.864,29.506,29.548,1143100000.0,0.0,52.595,2.347,2.352,945600000.0,4113700000.0,8810000000.0,8810000000.0,0.0,0.116,0.291,0.333,0.123,45100000.0,5696700000.0,1.0,393150462.0,394000000,402400000.0,22.36,5169100000.0,0.0,321700000.0,192300000.0,13.12,1743200000.0
11,EL,MRY,2010-12-31,2010-06-30,2010-06-30,2021-08-27,-196700000.0,5335600000.0,5576975000.0,3121000000.0,2214600000.0,1.398,4.928,-270600000.0,1120700000.0,1120700000.0,1829400000.0,482400000.0,1.985,1.73,1228400000.0,23400000.0,1205000000.0,1228400000.0,0.0,263700000.0,0.0,0.01,0.275,785800000.0,1049500000.0,0.135,1049500000.0,785800000.0,684200000.0,1.21,1.19,1.21,1948400000.0,1960200000.0,1948400000.0,11128378013.0,14.0,10.604,686100000.0,1.735,1.0,5966400000.0,0.765,862000000.0,101600000.0,3009100000.0,3325200000.0,826600000.0,0.0,0.0,0.0,3370200000.0,1572200000.0,1798000000.0,11091978013.0,256200000.0,-10700000.0,-61700000.0,-234700000.0,-109100000.0,-406100000.0,-281400000.0,-100000.0,956700000.0,-13000000.0,478300000.0,478300000.0,478300000.0,0.0,4100000.0,0.061,5176500000.0,789900000.0,425200000.0,0.227,5.693,23.19,23.029,1023600000.0,0.0,27.865,1.423,1.413,746200000.0,3564000000.0,7795800000.0,7795800000.0,0.0,0.086,0.244,0.236,0.101,46200000.0,5067000000.0,1.0,398061296.0,395400000,401500000.0,19.716,4473600000.0,0.0,205900000.0,168900000.0,11.314,1548800000.0
12,EL,MRY,2009-12-31,2009-06-30,2009-06-30,2021-08-27,-117100000.0,5176600000.0,5199775000.0,2912500000.0,2264100000.0,1.408,4.177,-279800000.0,864500000.0,864500000.0,1881600000.0,226800000.0,1.996,2.142,1421400000.0,33800000.0,1387600000.0,1421400000.0,0.0,254000000.0,0.0,0.017,0.275,410000000.0,664000000.0,0.091,664000000.0,410000000.0,334300000.0,0.555,0.55,0.555,1640000000.0,1665325000.0,1640000000.0,7329286280.0,18.0,11.038,416200000.0,1.06,1.0,5442200000.0,0.743,910000000.0,75700000.0,3364300000.0,3547775000.0,795000000.0,12700000.0,0.0,12700000.0,3512600000.0,1459200000.0,2053400000.0,6425886280.0,462800000.0,-68500000.0,47000000.0,194100000.0,-108400000.0,125800000.0,-339500000.0,8800000.0,696000000.0,-19500000.0,218400000.0,218400000.0,218400000.0,0.0,8400000.0,0.03,5023800000.0,418400000.0,329800000.0,0.495,3.918,29.423,29.432,1026700000.0,0.0,16.335,0.877,0.876,853300000.0,3195000000.0,7323800000.0,7323800000.0,0.0,0.042,0.131,0.116,0.056,50100000.0,4883900000.0,1.0,393381468.0,392600000,395400000.0,18.655,4266600000.0,0.0,115900000.0,292300000.0,10.868,1453300000.0
13,EL,MRY,2008-12-31,2008-06-30,2008-06-30,2021-08-27,110800000.0,5011200000.0,4853400000.0,2787200000.0,2224000000.0,1.63,4.263,-357800000.0,401700000.0,401700000.0,1996800000.0,484000000.0,1.64,2.031,1196900000.0,118700000.0,1078200000.0,1196900000.0,0.0,250700000.0,0.0,0.012,0.275,800500000.0,1051200000.0,0.133,1051200000.0,800500000.0,733700000.0,1.22,1.2,1.22,1653200000.0,1452000000.0,1653200000.0,9872275447.0,12.0,9.391,332300000.0,0.857,1.0,5914000000.0,0.748,900800000.0,66800000.0,3206400000.0,3180125000.0,987200000.0,24100000.0,0.0,24100000.0,3358000000.0,1699200000.0,1658800000.0,9004775447.0,148000000.0,-116000000.0,-12300000.0,48900000.0,-106600000.0,-78100000.0,-478500000.0,-4700000.0,690100000.0,14500000.0,473800000.0,473800000.0,473800000.0,0.0,10200000.0,0.06,5103300000.0,810700000.0,361700000.0,0.225,5.447,19.005,19.037,1043100000.0,0.0,23.225,1.138,1.139,1038800000.0,3085100000.0,7910800000.0,7910800000.0,0.0,0.098,0.326,0.252,0.101,46100000.0,5088900000.0,1.0,387719072.0,387800000,394200000.0,20.399,4110400000.0,0.0,259900000.0,299000000.0,10.599,1088000000.0
14,EL,MRY,2007-12-31,2007-06-30,2007-06-30,2021-08-27,54700000.0,4125700000.0,4031950000.0,2239400000.0,1886300000.0,1.745,2.934,-312100000.0,253700000.0,253700000.0,1774800000.0,449200000.0,1.492,2.441,1088500000.0,60400000.0,1028100000.0,1088500000.0,0.0,207200000.0,0.0,0.011,0.25,743300000.0,950500000.0,0.135,950500000.0,743300000.0,704400000.0,1.1,1.08,1.1,1199000000.0,1367025000.0,1199000000.0,9774415982.0,13.0,10.283,349500000.0,0.855,1.0,5262700000.0,0.748,764700000.0,38900000.0,2695100000.0,2303800000.0,855800000.0,22200000.0,0.0,22200000.0,2926700000.0,1500700000.0,1426000000.0,8802215982.0,-114900000.0,-61200000.0,-850200000.0,553400000.0,-103600000.0,-411600000.0,-373800000.0,-500000.0,661600000.0,8900000.0,449200000.0,449200000.0,449200000.0,-500000.0,0.0,0.064,4512800000.0,749900000.0,314700000.0,0.227,7.341,19.595,20.686,880800000.0,0.0,22.755,1.251,1.321,860500000.0,2731500000.0,7037500000.0,7037500000.0,0.0,0.111,0.329,0.323,0.106,33900000.0,4500600000.0,1.0,386825576.0,408600000,415600000.0,17.223,3361000000.0,0.0,255200000.0,161700000.0,8.226,738700000.0
15,EL,MRY,2006-12-31,2006-06-30,2006-06-30,2021-08-27,64700000.0,3784100000.0,3787450000.0,2176900000.0,1607200000.0,1.707,3.773,-261200000.0,368600000.0,368600000.0,1686600000.0,244200000.0,1.514,1.333,521500000.0,89700000.0,431800000.0,521500000.0,0.0,198400000.0,0.0,0.01,0.2,527700000.0,726100000.0,0.112,726100000.0,527700000.0,503900000.0,0.57,0.56,0.57,1622300000.0,1595475000.0,1622300000.0,8492520711.0,16.0,11.696,448600000.0,1.043,1.0,4777200000.0,0.739,712800000.0,23800000.0,1786000000.0,1845650000.0,766300000.0,13400000.0,0.0,13400000.0,2161800000.0,1438200000.0,723600000.0,8205420711.0,-184700000.0,-42400000.0,-333200000.0,-179800000.0,-85400000.0,-594600000.0,-303200000.0,400000.0,709800000.0,3300000.0,244200000.0,244200000.0,244200000.0,80300000.0,0.0,0.038,4157600000.0,619600000.0,264500000.0,0.351,5.058,33.601,33.921,758000000.0,0.0,19.335,1.269,1.286,771200000.0,2361900000.0,6463800000.0,6463800000.0,0.0,0.064,0.153,0.286,0.082,29200000.0,4065500000.0,1.0,424381728.0,430000000,434800000.0,15.032,3071300000.0,0.0,259700000.0,135500000.0,7.143,738700000.0
16,EL,MRY,2005-12-31,2005-06-30,2005-06-30,2021-08-27,9400000.0,3885800000.0,3899775000.0,2302600000.0,1583200000.0,1.61,3.757,-229600000.0,553300000.0,553300000.0,1602800000.0,406100000.0,1.537,1.295,714700000.0,263600000.0,451100000.0,714700000.0,0.0,196700000.0,0.0,0.01,0.2,713700000.0,910400000.0,0.145,910400000.0,713700000.0,699800000.0,0.9,0.89,0.9,1692800000.0,1786075000.0,1692800000.0,8874221427.0,12.0,9.748,248500000.0,0.551,1.0,4677200000.0,0.745,792400000.0,13900000.0,1757100000.0,1786300000.0,768300000.0,12300000.0,0.0,12300000.0,2193000000.0,1497700000.0,695300000.0,8836621427.0,-58300000.0,-7100000.0,-358000000.0,156100000.0,-90100000.0,-300400000.0,-237000000.0,-300000.0,478100000.0,1000000.0,406100000.0,406100000.0,406100000.0,3800000.0,0.0,0.065,3950400000.0,726800000.0,249400000.0,0.222,5.22,21.76,21.739,694200000.0,0.0,19.565,1.407,1.404,776600000.0,2203200000.0,6280000000.0,6280000000.0,0.0,0.104,0.227,0.4,0.114,-1200000.0,3950400000.0,1.0,451654558.0,450600000,457200000.0,13.937,3093400000.0,0.0,293700000.0,109900000.0,6.865,804900000.0
17,EL,MRY,2004-12-31,2004-06-30,2004-06-30,2021-08-27,10500000.0,3708100000.0,3830150000.0,2199200000.0,1508900000.0,1.499,3.798,-212200000.0,611600000.0,611600000.0,1464300000.0,342100000.0,1.664,1.139,535300000.0,73800000.0,461500000.0,535300000.0,0.0,191700000.0,0.0,0.006,0.15,603600000.0,795300000.0,0.139,795300000.0,603600000.0,576500000.0,0.75,0.74,0.75,1733500000.0,1616575000.0,1733500000.0,11058490079.0,18.0,13.905,460800000.0,1.01,1.0,4277200000.0,0.745,744200000.0,27100000.0,1565600000.0,1872575000.0,653500000.0,12600000.0,0.0,12600000.0,1974600000.0,1322000000.0,652600000.0,11084690079.0,247500000.0,-1400000.0,-39500000.0,-100200000.0,-68500000.0,-216000000.0,-213700000.0,-100000.0,673000000.0,4200000.0,342100000.0,342100000.0,342100000.0,36400000.0,0.0,0.06,3628300000.0,648900000.0,267300000.0,0.2,6.394,32.402,32.52,647000000.0,0.0,24.39,1.931,1.939,664900000.0,1887200000.0,5741500000.0,5741500000.0,0.0,0.089,0.212,0.322,0.105,7900000.0,3609500000.0,1.0,454476838.0,456400000,463200000.0,12.58,2963900000.0,0.0,234400000.0,109400000.0,6.494,877200000.0
18,EL,MRY,2003-12-31,2003-06-30,2003-06-30,2021-08-27,-53100000.0,3349900000.0,3448350000.0,1844900000.0,1505000000.0,1.478,3.06,-168600000.0,364100000.0,364100000.0,1324400000.0,319800000.0,1.751,1.353,291400000.0,7800000.0,283600000.0,291400000.0,0.0,174800000.0,0.0,0.006,0.1,491200000.0,666000000.0,0.131,666000000.0,491200000.0,483100000.0,0.635,0.63,0.635,1423600000.0,1429525000.0,1423600000.0,7571561503.0,15.0,11.369,390000000.0,0.838,1.0,3771600000.0,0.74,760700000.0,8100000.0,1462900000.0,1527100000.0,599000000.0,14000000.0,0.0,14000000.0,1926300000.0,1053600000.0,872700000.0,7730961503.0,-182800000.0,-50400000.0,-335800000.0,-132900000.0,-81700000.0,-555000000.0,-198000000.0,21000000.0,558600000.0,11600000.0,319800000.0,296400000.0,296400000.0,5800000.0,0.0,0.058,3267900000.0,503700000.0,229900000.0,0.157,5.431,26.083,26.402,607700000.0,23400000.0,16.765,1.517,1.53,634200000.0,1613600000.0,5096000000.0,5096000000.0,0.0,0.086,0.207,0.322,0.096,1500000.0,3225600000.0,1.0,461136982.0,465200000,469400000.0,10.954,2589200000.0,0.0,163300000.0,111900000.0,5.566,791300000.0
19,EL,MRY,2002-12-31,2002-06-30,2002-06-30,2021-08-27,-92500000.0,3416500000.0,3355850000.0,1927600000.0,1488900000.0,1.404,3.069,-203200000.0,546900000.0,546900000.0,1260500000.0,191900000.0,2.009,1.337,410500000.0,6600000.0,403900000.0,410500000.0,0.0,162000000.0,0.0,0.004,0.075,316400000.0,478400000.0,0.102,478400000.0,316400000.0,306600000.0,0.355,0.35,0.355,1461900000.0,1453625000.0,1461900000.0,8299450752.0,26.0,17.348,316100000.0,0.664,1.0,3451000000.0,0.732,694000000.0,9800000.0,1626500000.0,1768675000.0,544500000.0,30300000.0,0.0,30300000.0,1954600000.0,959600000.0,995000000.0,8358750752.0,200200000.0,-18500000.0,-42000000.0,-8800000.0,-71000000.0,-123100000.0,-217000000.0,4700000.0,519300000.0,21000000.0,191900000.0,168500000.0,168500000.0,21000000.0,0.0,0.036,3108900000.0,342100000.0,216400000.0,0.211,5.718,49.607,49.577,580700000.0,23400000.0,17.6,1.774,1.78,624800000.0,1363700000.0,4711500000.0,4711500000.0,0.0,0.05,0.116,0.179,0.067,-100000.0,2982800000.0,1.0,474929020.0,476400000,482200000.0,9.89,2722500000.0,72700000.0,114700000.0,110000000.0,5.715,968000000.0
20,EL,MRY,2001-12-31,2001-06-30,2001-06-30,2021-08-27,-120500000.0,3218800000.0,3206100000.0,1738900000.0,1479900000.0,1.456,2.836,-192200000.0,346700000.0,346700000.0,1226400000.0,305200000.0,2.03,1.381,416700000.0,5800000.0,410900000.0,416700000.0,0.0,156300000.0,0.0,0.005,0.1,491500000.0,647800000.0,0.139,647800000.0,491500000.0,479200000.0,0.59,0.58,0.59,1352100000.0,1318325000.0,1352100000.0,10308860222.0,21.0,15.914,113200000.0,0.237,1.0,3441300000.0,0.737,720700000.0,12300000.0,1711400000.0,1662650000.0,630300000.0,41000000.0,0.0,41000000.0,1866700000.0,856700000.0,1010000000.0,10272260222.0,26400000.0,-16000000.0,13200000.0,-5700000.0,-71000000.0,-63500000.0,-206300000.0,1900000.0,305400000.0,-9200000.0,305200000.0,281800000.0,281800000.0,0.0,0.0,0.06,2945700000.0,495600000.0,239800000.0,0.169,7.597,36.452,36.525,528700000.0,23400000.0,21.55,2.201,2.201,580600000.0,1242700000.0,4667700000.0,4667700000.0,0.0,0.088,0.214,0.296,0.105,700000.0,2869200000.0,1.0,476671008.0,476800000,484400000.0,9.79,2498100000.0,70100000.0,174000000.0,79000000.0,5.239,882200000.0
21,EL,MRY,2000-12-31,2000-06-30,2000-06-30,2021-08-27,-57100000.0,3043300000.0,2986800000.0,1618500000.0,1424800000.0,1.487,2.441,-180900000.0,320300000.0,320300000.0,1238000000.0,314100000.0,1.795,1.623,425400000.0,7000000.0,418400000.0,425400000.0,0.0,129100000.0,0.0,0.004,0.1,515800000.0,644900000.0,0.145,644900000.0,515800000.0,498700000.0,0.61,0.6,0.61,1160300000.0,1090900000.0,1160300000.0,11810838338.0,23.0,18.314,261600000.0,0.55,1.0,3202300000.0,0.721,739200000.0,17100000.0,1507400000.0,1491900000.0,546300000.0,61400000.0,0.0,61400000.0,1883000000.0,901800000.0,981200000.0,11749938338.0,-27200000.0,-180500000.0,-9600000.0,-7400000.0,-70900000.0,-87900000.0,-374300000.0,-12900000.0,442500000.0,-7500000.0,314100000.0,290700000.0,290700000.0,0.0,0.0,0.065,2686500000.0,515800000.0,236500000.0,0.164,10.127,40.419,40.508,480300000.0,23400000.0,24.71,2.646,2.646,550200000.0,1008600000.0,4440300000.0,4440300000.0,0.0,0.097,0.266,0.346,0.116,1700000.0,2653300000.0,1.0,475513490.0,475400000,485000000.0,9.34,2304100000.0,48900000.0,184600000.0,84200000.0,4.847,716700000.0
22,EL,MRY,1999-12-31,1999-06-30,1999-06-30,2021-08-27,-44300000.0,2746700000.0,2704700000.0,1570200000.0,1176500000.0,1.465,1.95,-117900000.0,347500000.0,347500000.0,899900000.0,272900000.0,1.821,1.971,429100000.0,6600000.0,422500000.0,429100000.0,0.0,99600000.0,0.0,0.004,0.089,456900000.0,556500000.0,0.14,556500000.0,456900000.0,440200000.0,0.525,0.515,0.525,924500000.0,856500000.0,924500000.0,11947820449.0,26.0,21.47,234400000.0,0.495,1.0,3061600000.0,0.773,608500000.0,16700000.0,1357600000.0,1357350000.0,513000000.0,35500000.0,0.0,35500000.0,1822200000.0,862200000.0,960000000.0,11886420449.0,70000000.0,-75000000.0,1900000.0,-11500000.0,-63600000.0,-73200000.0,-200300000.0,-7400000.0,352300000.0,-8800000.0,272900000.0,249500000.0,249500000.0,0.0,0.0,0.063,2604700000.0,456900000.0,223100000.0,0.17,12.857,47.641,47.743,383600000.0,23400000.0,25.065,3.0,2.999,533700000.0,766200000.0,3961500000.0,3961500000.0,0.0,0.092,0.291,0.337,0.115,8300000.0,2572100000.0,1.0,474223836.0,474000000,482400000.0,8.358,2138200000.0,63600000.0,167300000.0,87600000.0,4.511,708000000.0
23,EL,MRY,1998-12-31,1998-06-30,1998-06-30,2021-08-27,-34200000.0,2512800000.0,2192950000.0,1454600000.0,1058200000.0,1.65,1.47,-120600000.0,277500000.0,277500000.0,819500000.0,236800000.0,1.737,2.608,436500000.0,11500000.0,425000000.0,436500000.0,0.0,79800000.0,0.0,0.005,0.085,404200000.0,484000000.0,0.134,484000000.0,404200000.0,397900000.0,0.45,0.445,0.45,696400000.0,622050000.0,696400000.0,8373653015.0,21.0,17.301,137600000.0,0.291,1.0,2798500000.0,0.773,563300000.0,6300000.0,1271100000.0,999450000.0,513200000.0,27700000.0,0.0,27700000.0,1816400000.0,837400000.0,979000000.0,8244753015.0,21900000.0,-459900000.0,200000.0,398600000.0,-53600000.0,345200000.0,-577200000.0,3300000.0,258200000.0,-4300000.0,236800000.0,213400000.0,213400000.0,0.0,0.0,0.059,2389400000.0,409100000.0,209100000.0,0.189,11.839,38.635,38.717,335800000.0,23400000.0,17.422,2.279,2.281,497800000.0,559600000.0,3618000000.0,3618000000.0,0.0,0.097,0.343,0.404,0.112,0.0,2357600000.0,1.0,473224452.0,473600000,479000000.0,7.639,1949500000.0,59600000.0,161100000.0,79400000.0,4.116,617200000.0
24,EL,MRY,1997-12-31,1997-06-30,1997-06-30,2021-08-27,-5200000.0,1873100000.0,,1311100000.0,562000000.0,,1.163,-82900000.0,255600000.0,255600000.0,765100000.0,197600000.0,1.726,2.42,31100000.0,31100000.0,0.0,31100000.0,0.0,58300000.0,0.0,0.007,0.085,346200000.0,404500000.0,0.12,404500000.0,346200000.0,350000000.0,0.37,0.365,0.37,547700000.0,,547700000.0,,,,170200000.0,0.362,1.0,2616500000.0,0.774,161300000.0,-3800000.0,727800000.0,,440600000.0,25900000.0,0.0,25900000.0,1325400000.0,759500000.0,565900000.0,,800000.0,-46500000.0,43000000.0,-96400000.0,-63400000.0,-116800000.0,-130700000.0,-1300000.0,253100000.0,-4800000.0,197600000.0,174200000.0,174200000.0,0.0,0.0,0.052,2257400000.0,359100000.0,165800000.0,0.23,,,33.953,265000000.0,23400000.0,12.562,,1.749,471700000.0,386400000.0,3381600000.0,3381600000.0,0.0,,,,0.102,0.0,2224600000.0,1.0,,470800000,474200000.0,7.183,1711800000.0,59900000.0,152400000.0,57400000.0,3.636,551600000.0
25,EL,MRY,1996-12-31,1996-06-30,1996-06-30,2021-08-27,,,,,,,,-63400000.0,,,731000000.0,160400000.0,,,,,,,,47700000.0,,0.004,0.043,298700000.0,346400000.0,0.108,346400000.0,298700000.0,298700000.0,0.295,0.292,0.295,,,,,,,108600000.0,0.233,1.0,2463500000.0,0.771,,0.0,,,,,,,,,,,-13100000.0,-25600000.0,60600000.0,-66700000.0,-107300000.0,-113400000.0,-74500000.0,14500000.0,172000000.0,2800000.0,160400000.0,102900000.0,102900000.0,0.0,0.0,0.032,2153200000.0,310300000.0,,0.146,,,35.699,,57500000.0,10.531,,1.534,,,3194500000.0,3194500000.0,0.0,,,,0.094,4300000.0,2153200000.0,1.0,,465200000,466400000.0,6.867,,,138300000.0,,,
0,EL,MRQ,2021-06-30,2021-06-30,2021-06-30,2021-08-27,-470000000.0,21971000000.0,,9768000000.0,12203000000.0,,16.691,-251000000.0,4958000000.0,4958000000.0,986000000.0,1015000000.0,1.844,2.622,8099000000.0,411000000.0,7688000000.0,8099000000.0,0.0,176000000.0,0.0,0.007,0.53,1095000000.0,1271000000.0,0.323,1271000000.0,1095000000.0,1053000000.0,2.81,2.76,2.81,6057000000.0,,6057000000.0,117436776882.0,34.0,28.298,603000000.0,1.662,1.0,2950000000.0,0.749,6711000000.0,42000000.0,13103000000.0,,2505000000.0,0.0,0.0,0.0,15880000000.0,5298000000.0,10582000000.0,115307776882.0,-1441000000.0,-1057000000.0,-382000000.0,-451000000.0,-192000000.0,-1030000000.0,-1287000000.0,21000000.0,854000000.0,22000000.0,1018000000.0,1018000000.0,1018000000.0,0.0,-3000000.0,0.259,2716000000.0,234000000.0,1692000000.0,0.189,19.037,40.177,40.212,4470000000.0,0.0,318.08,7.111,7.119,1702000000.0,12244000000.0,3936000000.0,3936000000.0,0.0,,,,,72000000.0,2610000000.0,1.0,362511874.0,362900000,368500000.0,10.846,15260000000.0,0.0,35000000.0,0.0,42.05,4470000000.0
1,EL,MRQ,2021-03-31,2021-03-31,2021-03-31,2021-08-27,-487000000.0,19900000000.0,,10997000000.0,8903000000.0,,15.204,-136000000.0,6399000000.0,6399000000.0,939000000.0,458000000.0,2.116,2.594,8528000000.0,843000000.0,7685000000.0,8528000000.0,0.0,159000000.0,0.0,0.005,0.53,621000000.0,780000000.0,0.202,780000000.0,621000000.0,578000000.0,1.25,1.24,1.25,5528000000.0,,5528000000.0,108047599412.0,59.0,43.497,663000000.0,1.823,1.0,2925000000.0,0.757,3663000000.0,43000000.0,13169000000.0,,2134000000.0,0.0,0.0,0.0,14342000000.0,5197000000.0,9145000000.0,105508599412.0,854000000.0,-2000000.0,-138000000.0,591000000.0,-193000000.0,257000000.0,-180000000.0,-42000000.0,799000000.0,-22000000.0,456000000.0,456000000.0,456000000.0,0.0,2000000.0,0.118,2309000000.0,616000000.0,1277000000.0,0.424,19.086,75.905,76.339,4318000000.0,0.0,290.85,7.173,7.19,1735000000.0,11420000000.0,3864000000.0,3864000000.0,0.0,,,,,86000000.0,2145000000.0,1.0,362759496.0,363600000,369000000.0,10.627,16237000000.0,0.0,122000000.0,0.0,44.656,5800000000.0
2,EL,MRQ,2020-12-31,2020-12-31,2020-12-31,2021-08-27,-383000000.0,19595000000.0,,10291000000.0,9304000000.0,,14.934,-134000000.0,5545000000.0,5545000000.0,1084000000.0,877000000.0,1.899,2.608,8084000000.0,857000000.0,7227000000.0,8084000000.0,0.0,160000000.0,0.0,0.006,0.53,1069000000.0,1229000000.0,0.253,1229000000.0,1069000000.0,1026000000.0,2.4,2.37,2.4,5421000000.0,,5421000000.0,100082806376.0,74.0,50.445,1486000000.0,4.094,1.0,3769000000.0,0.777,3825000000.0,43000000.0,12889000000.0,,2116000000.0,0.0,0.0,0.0,14139000000.0,5420000000.0,8719000000.0,96255806376.0,1278000000.0,0.0,-31000000.0,-2000000.0,-194000000.0,-229000000.0,-155000000.0,-21000000.0,1620000000.0,42000000.0,873000000.0,873000000.0,873000000.0,0.0,4000000.0,0.18,2706000000.0,1063000000.0,1299000000.0,0.221,17.756,103.724,104.799,4467000000.0,0.0,266.19,6.783,6.81,1972000000.0,11159000000.0,4853000000.0,4853000000.0,0.0,,,,,105000000.0,2590000000.0,1.0,361605644.0,363000000,368000000.0,13.369,15770000000.0,0.0,153000000.0,0.0,43.444,4871000000.0
3,EL,MRQ,2020-09-30,2020-09-30,2020-09-30,2021-08-27,-594000000.0,17903000000.0,,8795000000.0,9108000000.0,,12.295,-116000000.0,4267000000.0,4267000000.0,825000000.0,525000000.0,1.854,3.015,8094000000.0,872000000.0,7222000000.0,8094000000.0,0.0,156000000.0,0.0,0.007,0.48,714000000.0,870000000.0,0.244,870000000.0,714000000.0,669000000.0,1.44,1.42,1.44,4452000000.0,,4452000000.0,82512612898.0,74.0,47.312,242000000.0,0.668,1.0,2737000000.0,0.768,3779000000.0,45000000.0,13207000000.0,,2204000000.0,0.0,0.0,0.0,13422000000.0,4744000000.0,8678000000.0,78745612898.0,-755000000.0,26000000.0,33000000.0,-749000000.0,-174000000.0,-890000000.0,-242000000.0,-152000000.0,358000000.0,19000000.0,523000000.0,523000000.0,523000000.0,0.0,2000000.0,0.147,2032000000.0,705000000.0,1178000000.0,0.333,17.688,128.669,129.142,4399000000.0,0.0,218.25,5.64,5.661,1812000000.0,10480000000.0,3562000000.0,3562000000.0,0.0,,,,,64000000.0,2026000000.0,1.0,360804641.0,362100000,367200000.0,9.837,14124000000.0,0.0,146000000.0,0.0,39.006,4051000000.0
4,EL,MRQ,2020-06-30,2020-06-30,2020-06-30,2021-08-27,-665000000.0,17781000000.0,,8892000000.0,8889000000.0,,10.912,-155000000.0,5022000000.0,5022000000.0,767000000.0,-459000000.0,1.717,3.512,8789000000.0,1597000000.0,7192000000.0,8789000000.0,0.0,164000000.0,0.0,0.007,0.0,-559000000.0,-395000000.0,-0.163,-395000000.0,-559000000.0,-608000000.0,-1.28,-1.26,-1.28,3935000000.0,,3935000000.0,71908540754.0,60.0,39.816,180000000.0,0.499,1.0,1663000000.0,0.684,3739000000.0,49000000.0,12630000000.0,,2062000000.0,0.0,0.0,0.0,13819000000.0,5179000000.0,8640000000.0,67924540754.0,146000000.0,0.0,22000000.0,-67000000.0,-1000000.0,-64000000.0,-141000000.0,14000000.0,335000000.0,16000000.0,-462000000.0,-462000000.0,-462000000.0,0.0,3000000.0,-0.19,2206000000.0,-543000000.0,1177000000.0,0.0,17.262,99.305,99.305,4337000000.0,0.0,188.68,4.752,4.76,1194000000.0,10134000000.0,2430000000.0,2430000000.0,0.0,,,,,3000000.0,1884000000.0,1.0,359998626.0,360600000,366300000.0,6.739,14042000000.0,0.0,-146000000.0,0.0,38.941,3713000000.0
5,EL,MRQ,2020-03-31,2020-03-31,2020-03-31,2021-08-27,-712000000.0,18363000000.0,,9233000000.0,9130000000.0,,12.018,-177000000.0,4876000000.0,4876000000.0,836000000.0,-4000000.0,1.625,3.235,8860000000.0,1898000000.0,6962000000.0,8860000000.0,0.0,160000000.0,0.0,0.011,0.48,120000000.0,280000000.0,0.084,280000000.0,120000000.0,78000000.0,-0.02,-0.02,-0.02,4329000000.0,,4329000000.0,61564142798.0,31.0,23.825,513000000.0,1.424,1.0,2509000000.0,0.75,3823000000.0,42000000.0,12843000000.0,,2087000000.0,0.0,0.0,0.0,14005000000.0,5681000000.0,8324000000.0,57289142798.0,1280000000.0,-7000000.0,7000000.0,1003000000.0,-172000000.0,838000000.0,-207000000.0,-23000000.0,690000000.0,-41000000.0,-6000000.0,-6000000.0,-6000000.0,0.0,2000000.0,-0.002,2400000000.0,109000000.0,1162000000.0,-24.0,13.234,43.967,44.017,4538000000.0,0.0,159.34,3.707,3.714,1846000000.0,10595000000.0,3345000000.0,3345000000.0,0.0,,,,,71000000.0,2030000000.0,1.0,359540246.0,360200000,360200000.0,9.287,14540000000.0,0.0,84000000.0,0.0,40.366,3552000000.0
6,EL,MRQ,2019-12-31,2019-12-31,2019-12-31,2021-08-27,-569000000.0,17937000000.0,,8348000000.0,9589000000.0,,12.699,-166000000.0,3596000000.0,3596000000.0,1041000000.0,561000000.0,1.685,2.916,7871000000.0,891000000.0,6980000000.0,7871000000.0,0.0,144000000.0,0.0,0.009,0.48,845000000.0,989000000.0,0.214,989000000.0,845000000.0,807000000.0,1.55,1.52,1.55,4574000000.0,,4574000000.0,78152891237.0,30.0,24.453,1259000000.0,3.495,1.0,3583000000.0,0.775,4262000000.0,38000000.0,12997000000.0,,2058000000.0,0.0,0.0,0.0,13336000000.0,4953000000.0,8383000000.0,74315891237.0,1337000000.0,-1040000000.0,-484000000.0,1769000000.0,-174000000.0,1103000000.0,-1222000000.0,-16000000.0,1425000000.0,31000000.0,557000000.0,557000000.0,557000000.0,0.0,4000000.0,0.12,3322000000.0,261000000.0,1137000000.0,0.31,16.247,39.869,39.95,4603000000.0,0.0,206.54,4.688,4.693,2225000000.0,10775000000.0,4624000000.0,4624000000.0,0.0,,,,,83000000.0,2538000000.0,1.0,359813553.0,360200000,366700000.0,12.837,13675000000.0,0.0,250000000.0,0.0,37.965,3395000000.0
7,EL,MRQ,2019-09-30,2019-09-30,2019-09-30,2021-08-27,-627000000.0,15431000000.0,,7022000000.0,8409000000.0,,12.535,-125000000.0,2259000000.0,2259000000.0,908000000.0,598000000.0,1.53,2.4,6096000000.0,866000000.0,5230000000.0,6096000000.0,0.0,143000000.0,0.0,0.009,0.43,789000000.0,932000000.0,0.239,932000000.0,789000000.0,757000000.0,1.65,1.61,1.65,4530000000.0,,4530000000.0,72197472450.0,28.0,23.118,-295000000.0,-0.816,1.0,2987000000.0,0.767,3059000000.0,32000000.0,11619000000.0,,2055000000.0,0.0,0.0,0.0,10873000000.0,4590000000.0,6283000000.0,71772472450.0,-728000000.0,0.0,-258000000.0,0.0,-156000000.0,-416000000.0,-128000000.0,-3000000.0,-170000000.0,-14000000.0,595000000.0,595000000.0,595000000.0,0.0,3000000.0,0.153,2208000000.0,779000000.0,1071000000.0,0.261,15.844,38.177,38.26,4534000000.0,0.0,198.95,4.711,4.72,2294000000.0,10393000000.0,3895000000.0,3895000000.0,0.0,,,,,56000000.0,2185000000.0,1.0,360756333.0,361400000,368600000.0,10.778,12372000000.0,0.0,162000000.0,0.0,34.234,2432000000.0
8,EL,MRQ,2019-06-30,2019-06-30,2019-06-30,2021-08-27,-563000000.0,13156000000.0,,7212000000.0,5944000000.0,,12.116,-301000000.0,2987000000.0,2987000000.0,835000000.0,158000000.0,1.566,1.994,3412000000.0,516000000.0,2896000000.0,3412000000.0,0.0,153000000.0,0.0,0.009,0.43,230000000.0,383000000.0,0.107,383000000.0,230000000.0,198000000.0,0.44,0.43,0.44,4386000000.0,,4386000000.0,66759485926.0,27.0,22.343,460000000.0,1.271,1.0,2755000000.0,0.767,3071000000.0,32000000.0,5905000000.0,,2006000000.0,0.0,0.0,0.0,8745000000.0,4605000000.0,4140000000.0,66262485926.0,85000000.0,0.0,-173000000.0,-4000000.0,-156000000.0,-359000000.0,-301000000.0,0.0,761000000.0,-16000000.0,157000000.0,157000000.0,157000000.0,0.0,1000000.0,0.044,2539000000.0,216000000.0,1490000000.0,0.977,15.108,37.122,37.293,2068000000.0,0.0,183.11,4.458,4.478,1831000000.0,9984000000.0,3590000000.0,3590000000.0,0.0,,,,,42000000.0,2422000000.0,1.0,361872568.0,362000000,368900000.0,9.917,10085000000.0,0.0,41000000.0,0.0,27.859,2607000000.0
9,EL,MRQ,2019-03-31,2019-03-31,2019-03-31,2021-08-27,-498000000.0,12931000000.0,,7160000000.0,5771000000.0,,12.678,-149000000.0,2902000000.0,2902000000.0,819000000.0,557000000.0,1.692,1.812,3399000000.0,516000000.0,2883000000.0,3399000000.0,0.0,135000000.0,0.0,0.01,0.43,757000000.0,892000000.0,0.238,892000000.0,757000000.0,725000000.0,1.53,1.51,1.53,4588000000.0,,4588000000.0,61305453696.0,25.0,20.18,334000000.0,0.923,1.0,2925000000.0,0.781,3080000000.0,32000000.0,6117000000.0,,1814000000.0,173000000.0,0.0,173000000.0,8314000000.0,4231000000.0,4083000000.0,59790453696.0,1026000000.0,0.0,-123000000.0,1000000.0,-156000000.0,-278000000.0,809000000.0,958000000.0,483000000.0,12000000.0,555000000.0,555000000.0,555000000.0,0.0,2000000.0,0.148,2251000000.0,674000000.0,1068000000.0,0.281,13.032,32.961,33.243,1891000000.0,0.0,165.55,4.104,4.113,2036000000.0,9984000000.0,3744000000.0,3744000000.0,0.0,,,,,70000000.0,2170000000.0,1.0,361162511.0,361900000,368300000.0,10.345,9851000000.0,0.0,170000000.0,0.0,27.22,2929000000.0
10,EL,MRQ,2018-12-31,2018-12-31,2018-12-31,2021-08-27,-430000000.0,12676000000.0,,6440000000.0,6236000000.0,,11.852,-164000000.0,1876000000.0,1876000000.0,910000000.0,577000000.0,1.706,1.938,3391000000.0,18000000.0,3373000000.0,3391000000.0,0.0,137000000.0,0.0,0.012,0.43,779000000.0,916000000.0,0.229,916000000.0,779000000.0,744000000.0,1.58,1.55,1.58,4306000000.0,,4306000000.0,49308115714.0,22.0,17.673,1228000000.0,3.38,1.0,3095000000.0,0.773,3144000000.0,35000000.0,7271000000.0,,1651000000.0,1125000000.0,525000000.0,600000000.0,8343000000.0,3776000000.0,4567000000.0,47207115714.0,433000000.0,0.0,-570000000.0,-166000000.0,-156000000.0,-894000000.0,-66000000.0,98000000.0,1392000000.0,1000000.0,573000000.0,573000000.0,573000000.0,0.0,4000000.0,0.143,2324000000.0,771000000.0,995000000.0,0.272,10.963,28.944,29.17,1859000000.0,0.0,130.1,3.326,3.33,2000000000.0,9586000000.0,4005000000.0,4005000000.0,0.0,,,,,73000000.0,2257000000.0,1.0,362852542.0,363300000,369900000.0,11.024,9532000000.0,0.0,171000000.0,0.0,26.237,2664000000.0
11,EL,MRQ,2018-09-30,2018-09-30,2018-09-30,2021-08-27,-409000000.0,12543000000.0,,6249000000.0,6294000000.0,,12.012,-128000000.0,1443000000.0,1443000000.0,823000000.0,502000000.0,1.754,1.841,3544000000.0,183000000.0,3361000000.0,3544000000.0,0.0,132000000.0,0.0,0.01,0.38,665000000.0,797000000.0,0.226,797000000.0,665000000.0,631000000.0,1.36,1.34,1.36,4406000000.0,,4406000000.0,54723662597.0,25.0,20.097,-247000000.0,-0.673,1.0,2701000000.0,0.766,3193000000.0,34000000.0,7888000000.0,,1681000000.0,1211000000.0,550000000.0,661000000.0,8113000000.0,3563000000.0,4550000000.0,53360662597.0,-738000000.0,0.0,-497000000.0,-3000000.0,-141000000.0,-642000000.0,31000000.0,159000000.0,-119000000.0,-8000000.0,500000000.0,500000000.0,500000000.0,0.0,2000000.0,0.142,2049000000.0,652000000.0,913000000.0,0.279,12.111,45.183,45.271,1838000000.0,0.0,145.32,3.83,3.826,2214000000.0,9170000000.0,3524000000.0,3524000000.0,0.0,,,,,58000000.0,2008000000.0,1.0,367194210.0,366800000,374400000.0,9.607,9350000000.0,0.0,131000000.0,0.0,25.491,2686000000.0
12,EL,MRQ,2018-06-30,2018-06-30,2018-06-30,2021-08-27,-434000000.0,12567000000.0,,6168000000.0,6399000000.0,,12.77,-261000000.0,2181000000.0,2181000000.0,697000000.0,188000000.0,1.863,1.676,3544000000.0,183000000.0,3361000000.0,3544000000.0,0.0,142000000.0,0.0,0.01,0.38,291000000.0,433000000.0,0.131,433000000.0,291000000.0,259000000.0,0.51,0.5,0.51,4688000000.0,,4688000000.0,53891782353.0,26.0,20.491,381000000.0,1.038,1.0,2598000000.0,0.788,3202000000.0,32000000.0,7418000000.0,,1618000000.0,1377000000.0,534000000.0,843000000.0,7857000000.0,3310000000.0,4547000000.0,52372782353.0,41000000.0,0.0,-58000000.0,-115000000.0,-139000000.0,-350000000.0,-214000000.0,47000000.0,642000000.0,-37000000.0,186000000.0,186000000.0,186000000.0,0.0,2000000.0,0.056,2320000000.0,278000000.0,1182000000.0,0.745,11.172,47.268,47.405,1823000000.0,0.0,142.69,3.828,3.838,1487000000.0,9040000000.0,3295000000.0,3295000000.0,0.0,,,,,40000000.0,2287000000.0,1.0,367038912.0,367100000,375700000.0,8.976,9365000000.0,0.0,73000000.0,0.0,25.511,2858000000.0
13,EL,MRQ,2018-03-31,2018-03-31,2018-03-31,2021-08-27,-386000000.0,12772000000.0,,6169000000.0,6603000000.0,,12.805,-105000000.0,2140000000.0,2140000000.0,683000000.0,374000000.0,1.821,1.706,3659000000.0,296000000.0,3363000000.0,3659000000.0,0.0,133000000.0,0.0,0.01,0.38,511000000.0,644000000.0,0.191,644000000.0,511000000.0,478000000.0,1.01,0.99,1.01,4711000000.0,,4711000000.0,56745599988.0,28.0,22.149,376000000.0,1.022,1.0,2687000000.0,0.797,3224000000.0,33000000.0,7679000000.0,,1533000000.0,1411000000.0,384000000.0,1027000000.0,8035000000.0,3388000000.0,4647000000.0,55063599988.0,35000000.0,0.0,-204000000.0,-116000000.0,-140000000.0,-460000000.0,-11000000.0,94000000.0,481000000.0,25000000.0,372000000.0,372000000.0,372000000.0,0.0,2000000.0,0.11,2189000000.0,498000000.0,884000000.0,0.376,11.688,47.84,47.987,1726000000.0,0.0,149.72,4.146,4.147,1761000000.0,8996000000.0,3370000000.0,3370000000.0,0.0,,,,,64000000.0,2092000000.0,1.0,367777184.0,367900000,375700000.0,9.16,9548000000.0,0.0,106000000.0,0.0,25.953,2781000000.0
14,EL,MRQ,2017-12-31,2017-12-31,2017-12-31,2021-08-27,-407000000.0,12604000000.0,,5975000000.0,6629000000.0,,12.381,-147000000.0,2105000000.0,2105000000.0,753000000.0,125000000.0,1.756,1.756,3787000000.0,413000000.0,3374000000.0,3787000000.0,0.0,129000000.0,0.0,0.011,0.38,720000000.0,849000000.0,0.227,849000000.0,720000000.0,688000000.0,0.33,0.33,0.33,4565000000.0,,4565000000.0,49345491403.0,25.0,19.978,1210000000.0,3.282,1.0,2991000000.0,0.799,3228000000.0,32000000.0,7655000000.0,,1445000000.0,1506000000.0,394000000.0,1112000000.0,8015000000.0,3403000000.0,4612000000.0,46854491403.0,661000000.0,0.0,-252000000.0,-141000000.0,-141000000.0,-535000000.0,-180000000.0,-33000000.0,1357000000.0,19000000.0,123000000.0,123000000.0,123000000.0,0.0,2000000.0,0.033,2281000000.0,710000000.0,738000000.0,1.152,10.264,43.505,43.575,1728000000.0,0.0,127.24,3.669,3.674,1699000000.0,8733000000.0,3744000000.0,3744000000.0,0.0,,,,,75000000.0,2214000000.0,1.0,368237122.0,368700000,376100000.0,10.155,9376000000.0,0.0,565000000.0,0.0,25.43,2572000000.0
15,EL,MRQ,2017-09-30,2017-09-30,2017-09-30,2021-08-27,-435000000.0,12202000000.0,,5507000000.0,6695000000.0,,12.842,-116000000.0,1444000000.0,1444000000.0,711000000.0,430000000.0,1.753,1.575,3935000000.0,552000000.0,3383000000.0,3935000000.0,0.0,127000000.0,0.0,0.013,0.34,577000000.0,704000000.0,0.215,704000000.0,577000000.0,546000000.0,1.16,1.14,1.16,4731000000.0,,4731000000.0,42116391216.0,23.0,17.899,-34000000.0,-0.092,1.0,2563000000.0,0.783,3237000000.0,31000000.0,8314000000.0,,1518000000.0,1468000000.0,381000000.0,1087000000.0,7449000000.0,3142000000.0,4307000000.0,39680391216.0,308000000.0,0.0,-63000000.0,362000000.0,-126000000.0,173000000.0,47000000.0,163000000.0,82000000.0,6000000.0,427000000.0,427000000.0,427000000.0,0.0,3000000.0,0.13,1994000000.0,569000000.0,679000000.0,0.293,8.387,28.712,28.681,1695000000.0,0.0,107.84,3.244,3.248,1799000000.0,8752000000.0,3274000000.0,3274000000.0,0.0,,,,,57000000.0,1960000000.0,1.0,367956150.0,368400000,375400000.0,8.887,8965000000.0,0.0,119000000.0,0.0,24.335,2365000000.0
16,EL,MRQ,2017-06-30,2017-06-30,2017-06-30,2021-08-27,-484000000.0,11568000000.0,,4964000000.0,6604000000.0,,11.913,-188000000.0,1136000000.0,1136000000.0,610000000.0,230000000.0,1.758,1.635,3572000000.0,189000000.0,3383000000.0,3572000000.0,0.0,127000000.0,0.0,0.014,0.34,238000000.0,365000000.0,0.126,365000000.0,238000000.0,206000000.0,0.62,0.61,0.62,4384000000.0,,4384000000.0,38061547417.0,22.0,17.483,350000000.0,0.951,1.0,2284000000.0,0.789,3243000000.0,32000000.0,7938000000.0,,1479000000.0,1631000000.0,605000000.0,1026000000.0,7166000000.0,2823000000.0,4343000000.0,35304547417.0,-3000000.0,19000000.0,-3000000.0,-332000000.0,-125000000.0,-453000000.0,-98000000.0,71000000.0,538000000.0,10000000.0,229000000.0,229000000.0,229000000.0,0.0,1000000.0,0.079,2042000000.0,242000000.0,835000000.0,0.548,8.053,28.266,28.229,1671000000.0,0.0,95.98,2.986,2.98,1395000000.0,8452000000.0,2894000000.0,2894000000.0,0.0,,,,,36000000.0,1938000000.0,1.0,367832334.0,368000000,373900000.0,7.864,8325000000.0,0.0,-23000000.0,0.0,22.622,2141000000.0
17,EL,MRQ,2017-03-31,2017-03-31,2017-03-31,2021-08-27,-599000000.0,11445000000.0,,4972000000.0,6473000000.0,,11.223,-108000000.0,1139000000.0,1139000000.0,591000000.0,300000000.0,1.738,1.775,3896000000.0,519000000.0,3377000000.0,3896000000.0,0.0,119000000.0,0.0,0.015,0.34,433000000.0,552000000.0,0.193,552000000.0,433000000.0,405000000.0,0.81,0.8,0.81,4119000000.0,,4119000000.0,33838549139.0,21.0,16.347,320000000.0,0.872,1.0,2266000000.0,0.793,3279000000.0,28000000.0,8063000000.0,,1310000000.0,1694000000.0,701000000.0,993000000.0,7310000000.0,2860000000.0,4450000000.0,31067549139.0,-123000000.0,0.0,53000000.0,-136000000.0,-125000000.0,-187000000.0,-379000000.0,-271000000.0,428000000.0,15000000.0,298000000.0,298000000.0,298000000.0,0.0,2000000.0,0.104,1839000000.0,427000000.0,597000000.0,0.42,7.542,27.888,27.983,1576000000.0,0.0,84.79,2.684,2.688,1528000000.0,8350000000.0,2857000000.0,2857000000.0,0.0,,,,,18000000.0,1780000000.0,1.0,366405816.0,367000000,372300000.0,7.785,8166000000.0,0.0,107000000.0,0.0,22.251,2112000000.0
18,EL,MRQ,2016-12-31,2016-12-31,2016-12-31,2021-08-27,-639000000.0,11212000000.0,,4789000000.0,6423000000.0,,10.338,-123000000.0,1262000000.0,1262000000.0,637000000.0,430000000.0,1.074,1.952,4033000000.0,2143000000.0,1890000000.0,4033000000.0,0.0,112000000.0,0.0,0.016,0.34,620000000.0,732000000.0,0.228,732000000.0,620000000.0,598000000.0,1.17,1.15,1.17,3793000000.0,,3793000000.0,29865025049.0,19.0,14.873,851000000.0,2.319,1.0,2571000000.0,0.801,3287000000.0,22000000.0,6238000000.0,,1278000000.0,1409000000.0,413000000.0,996000000.0,7404000000.0,4458000000.0,2946000000.0,28029025049.0,598000000.0,-1680000000.0,-126000000.0,1553000000.0,-125000000.0,1306000000.0,-1661000000.0,142000000.0,974000000.0,-21000000.0,428000000.0,428000000.0,428000000.0,0.0,2000000.0,0.133,1954000000.0,617000000.0,617000000.0,0.291,7.39,25.929,26.017,1563000000.0,0.0,76.49,2.464,2.467,1508000000.0,8178000000.0,3208000000.0,3208000000.0,0.0,,,,,42000000.0,1917000000.0,1.0,366440385.0,366900000,372600000.0,8.744,7925000000.0,0.0,170000000.0,0.0,21.6,331000000.0
19,EL,MRQ,2016-09-30,2016-09-30,2016-09-30,2021-08-27,-548000000.0,9348000000.0,,4401000000.0,4947000000.0,,9.981,-73000000.0,664000000.0,664000000.0,596000000.0,296000000.0,1.623,1.551,2500000000.0,592000000.0,1908000000.0,2500000000.0,0.0,106000000.0,0.0,0.014,0.3,422000000.0,528000000.0,0.184,528000000.0,422000000.0,401000000.0,0.8,0.79,0.8,3657000000.0,,3657000000.0,33714961966.0,21.0,16.765,-223000000.0,-0.609,1.0,2269000000.0,0.792,1569000000.0,21000000.0,6903000000.0,,1296000000.0,1575000000.0,525000000.0,1050000000.0,5673000000.0,2712000000.0,2961000000.0,32387561966.0,-250000000.0,-10000000.0,-196000000.0,261000000.0,-111000000.0,-36000000.0,-66000000.0,17000000.0,-150000000.0,2000000.0,294000000.0,294000000.0,294000000.0,0.0,2000000.0,0.103,1851000000.0,418000000.0,546000000.0,0.375,8.856,29.443,29.718,1569000000.0,0.0,88.56,2.868,2.874,1624000000.0,7876000000.0,2865000000.0,2865000000.0,0.0,,,,,78000000.0,1825000000.0,1.0,365713211.0,366400000,373300000.0,7.819,7779000000.0,0.0,107000000.0,0.0,21.231,1689000000.0
20,EL,MRQ,2016-06-30,2016-06-30,2016-06-30,2021-08-27,-545000000.0,9223000000.0,,4225000000.0,4998000000.0,,9.685,-191000000.0,914000000.0,914000000.0,511000000.0,95000000.0,1.576,1.578,2242000000.0,332000000.0,1910000000.0,2242000000.0,0.0,110000000.0,0.0,0.013,0.3,148000000.0,258000000.0,0.098,258000000.0,148000000.0,129000000.0,0.25,0.25,0.25,3572000000.0,,3572000000.0,34977025375.0,22.0,17.188,282000000.0,0.765,1.0,2135000000.0,0.807,1572000000.0,19000000.0,6298000000.0,,1264000000.0,1577000000.0,469000000.0,1108000000.0,5636000000.0,2681000000.0,2955000000.0,33608025375.0,358000000.0,0.0,-157000000.0,324000000.0,-111000000.0,60000000.0,-172000000.0,19000000.0,473000000.0,-3000000.0,94000000.0,94000000.0,94000000.0,0.0,1000000.0,0.036,1992000000.0,143000000.0,717000000.0,1.2,9.409,30.142,30.239,1583000000.0,0.0,91.02,2.984,2.99,1258000000.0,7693000000.0,2646000000.0,2646000000.0,0.0,,,,,32000000.0,1893000000.0,1.0,369237809.0,368800000,375700000.0,7.175,7651000000.0,0.0,35000000.0,0.0,20.746,1544000000.0
21,EL,MRQ,2016-03-31,2016-03-31,2016-03-31,2021-08-27,-439300000.0,8816300000.0,,4252300000.0,4564000000.0,,10.327,-111000000.0,556300000.0,556300000.0,504000000.0,266000000.0,1.747,1.31,1925300000.0,312800000.0,1612500000.0,1925300000.0,0.0,103000000.0,0.0,0.011,0.3,387000000.0,490000000.0,0.184,490000000.0,387000000.0,369000000.0,0.72,0.71,0.72,3811800000.0,,3811800000.0,35874017461.0,21.0,16.917,243000000.0,0.658,1.0,2153000000.0,0.81,1577600000.0,18000000.0,6174000000.0,,1150500000.0,1592800000.0,517500000.0,1075300000.0,4993900000.0,2433700000.0,2560200000.0,34760417461.0,-312000000.0,-82000000.0,-42000000.0,-63000000.0,-111000000.0,-212000000.0,-453000000.0,-260000000.0,354000000.0,-1000000.0,265000000.0,265000000.0,265000000.0,0.0,1000000.0,0.1,1769000000.0,384000000.0,572500000.0,0.417,9.119,29.606,29.751,1510500000.0,0.0,94.31,3.12,3.125,1416600000.0,7711600000.0,2657000000.0,2657000000.0,0.0,,,,,31000000.0,1754000000.0,1.0,368576158.0,369100000,375600000.0,7.199,7238700000.0,0.0,104000000.0,0.0,19.612,1818600000.0
22,EL,MRQ,2015-12-31,2015-12-31,2015-12-31,2021-08-27,-497200000.0,8582100000.0,,4475800000.0,4106300000.0,,9.751,-133000000.0,868100000.0,868100000.0,589000000.0,449000000.0,1.805,1.378,1981700000.0,374400000.0,1607300000.0,1981700000.0,0.0,104000000.0,0.0,0.012,0.3,631000000.0,735000000.0,0.235,735000000.0,631000000.0,614000000.0,1.21,1.19,1.21,3603800000.0,,3603800000.0,34172712333.0,20.0,16.041,821000000.0,2.221,1.0,2535000000.0,0.811,1464400000.0,17000000.0,5751900000.0,,1077400000.0,1318300000.0,546100000.0,772200000.0,4966600000.0,2479400000.0,2487200000.0,32515012333.0,460000000.0,0.0,-225000000.0,-81000000.0,-111000000.0,-409000000.0,-80000000.0,53000000.0,954000000.0,-5000000.0,447000000.0,447000000.0,447000000.0,0.0,2000000.0,0.143,1905000000.0,630000000.0,527400000.0,0.248,9.022,27.527,27.779,1496800000.0,0.0,88.06,2.939,2.942,1410600000.0,7557900000.0,3124000000.0,3124000000.0,0.0,,,,,33000000.0,1886000000.0,1.0,369237024.0,369600000,376000000.0,8.452,7117700000.0,0.0,167000000.0,0.0,19.258,1996400000.0
23,EL,MRQ,2015-09-30,2015-09-30,2015-09-30,2021-08-27,-449400000.0,8425400000.0,,4383300000.0,4042100000.0,,9.37,-90000000.0,408500000.0,408500000.0,577000000.0,311000000.0,1.786,1.411,2066200000.0,453700000.0,1612500000.0,2066200000.0,0.0,98000000.0,0.0,0.012,0.24,454000000.0,552000000.0,0.195,552000000.0,454000000.0,437000000.0,0.83,0.82,0.83,3490400000.0,,3490400000.0,30702027885.0,18.0,14.428,-82000000.0,-0.22,1.0,2258000000.0,0.796,1466700000.0,17000000.0,6162100000.0,,1176700000.0,1380900000.0,670800000.0,710100000.0,4923400000.0,2454300000.0,2469100000.0,30086127885.0,-613000000.0,-19000000.0,-381000000.0,424000000.0,-90000000.0,-44000000.0,-564000000.0,-455000000.0,8000000.0,-13000000.0,309000000.0,309000000.0,309000000.0,0.0,2000000.0,0.109,1805000000.0,453000000.0,514600000.0,0.289,8.62,25.717,25.942,1468500000.0,0.0,80.68,2.739,2.736,1539200000.0,7223700000.0,2835000000.0,2835000000.0,0.0,,,,,65000000.0,1805000000.0,1.0,372906890.0,372500000,379000000.0,7.611,6958700000.0,0.0,128000000.0,0.0,18.681,1929000000.0
24,EL,MRQ,2015-06-30,2015-06-30,2015-06-30,2021-08-27,-381500000.0,8226900000.0,,4183600000.0,4043300000.0,,9.666,-193200000.0,1021400000.0,1021400000.0,487400000.0,154400000.0,1.964,1.255,1624900000.0,29800000.0,1595100000.0,1624900000.0,0.0,110400000.0,0.0,0.011,0.24,233200000.0,343600000.0,0.136,343600000.0,233200000.0,218200000.0,0.41,0.4,0.41,3643200000.0,,3643200000.0,32956503697.0,20.0,16.275,364800000.0,0.968,1.0,2036600000.0,0.807,1471400000.0,15000000.0,5229200000.0,,1215800000.0,924000000.0,503700000.0,420300000.0,4572600000.0,2129800000.0,2442800000.0,32792003697.0,-267200000.0,1000000.0,-339400000.0,183400000.0,-90200000.0,-240600000.0,-583800000.0,-391600000.0,558000000.0,-800000.0,153100000.0,153100000.0,153100000.0,0.0,1300000.0,0.061,1808600000.0,228000000.0,635400000.0,0.585,9.001,30.112,30.195,1490200000.0,0.0,86.66,3.042,3.049,1174500000.0,7004100000.0,2524000000.0,2524000000.0,0.0,,,,,23800000.0,1808600000.0,1.0,378398381.0,376900000,383900000.0,6.697,6755500000.0,0.0,65100000.0,0.0,17.924,2053800000.0
25,EL,MRQ,2015-03-31,2015-03-31,2015-03-31,2021-08-27,-408900000.0,8095100000.0,,4429200000.0,3665900000.0,,10.185,-92400000.0,1288300000.0,1288300000.0,502900000.0,272700000.0,2.112,1.097,1452800000.0,135300000.0,1317500000.0,1452800000.0,0.0,100000000.0,0.0,0.011,0.24,399700000.0,499700000.0,0.194,499700000.0,399700000.0,384500000.0,0.72,0.71,0.72,3855100000.0,,3855100000.0,31588395836.0,18.0,14.57,298900000.0,0.79,1.0,2077600000.0,0.805,1477400000.0,15200000.0,4684800000.0,,1073100000.0,530400000.0,136700000.0,393700000.0,4230200000.0,2097400000.0,2132800000.0,31440395836.0,47100000.0,-137800000.0,-87800000.0,67000000.0,-90900000.0,-86300000.0,-241300000.0,-11100000.0,391300000.0,-16600000.0,272100000.0,272100000.0,272100000.0,0.0,600000.0,0.105,1680400000.0,397200000.0,497700000.0,0.333,8.156,26.341,26.4,1398200000.0,0.0,83.16,2.863,2.866,1350200000.0,6942100000.0,2580500000.0,2580500000.0,0.0,,,,,6400000.0,1680400000.0,1.0,378071138.0,378500000,384700000.0,6.818,6617700000.0,0.0,112400000.0,0.0,17.484,2331800000.0
26,EL,MRQ,2014-12-31,2014-12-31,2014-12-31,2021-08-27,-295300000.0,7856600000.0,,4426000000.0,3430600000.0,,10.047,-108700000.0,1241200000.0,1241200000.0,573100000.0,437700000.0,2.165,1.055,1389200000.0,68500000.0,1320700000.0,1389200000.0,0.0,98000000.0,0.0,0.011,0.24,634600000.0,732600000.0,0.241,732600000.0,634600000.0,619600000.0,1.15,1.13,1.15,3818000000.0,,3818000000.0,28864189467.0,17.0,13.694,757300000.0,1.993,1.0,2471400000.0,0.812,1208800000.0,15000000.0,4751600000.0,,1112300000.0,518700000.0,130800000.0,387900000.0,4027300000.0,2044200000.0,1983100000.0,28926589467.0,-154200000.0,-94200000.0,-260400000.0,52100000.0,-91400000.0,-295500000.0,-710600000.0,-507700000.0,866000000.0,-14100000.0,435700000.0,435700000.0,435700000.0,0.0,2000000.0,0.143,1838600000.0,632800000.0,495000000.0,0.209,7.576,25.493,25.57,1434200000.0,0.0,76.2,2.642,2.644,1399000000.0,6761500000.0,3044500000.0,3044500000.0,0.0,,,,,32100000.0,1838600000.0,1.0,379614035.0,380000000,386100000.0,8.012,6647800000.0,0.0,183900000.0,0.0,17.494,2381800000.0
27,EL,MRQ,2014-09-30,2014-09-30,2014-09-30,2021-08-27,-204100000.0,7664300000.0,,4727900000.0,2936400000.0,,9.901,-78700000.0,1395400000.0,1395400000.0,536600000.0,229200000.0,2.435,1.024,1333000000.0,14000000.0,1319000000.0,1333000000.0,0.0,100600000.0,0.0,0.011,0.2,348500000.0,449100000.0,0.171,449100000.0,348500000.0,333700000.0,0.6,0.59,0.6,3780200000.0,,3780200000.0,28205359912.0,16.0,13.264,49000000.0,0.128,1.0,2094400000.0,0.796,1047900000.0,14800000.0,4612300000.0,,1257000000.0,0.0,0.0,0.0,3870100000.0,1941700000.0,1928400000.0,28491359912.0,-233700000.0,-10000000.0,-194400000.0,-7500000.0,-77500000.0,-272600000.0,-80300000.0,8400000.0,127700000.0,-8500000.0,228100000.0,228100000.0,228100000.0,0.0,1100000.0,0.087,1746400000.0,348000000.0,516100000.0,0.333,7.537,25.18,25.415,1444300000.0,0.0,74.72,2.608,2.611,1502100000.0,6417400000.0,2631000000.0,2631000000.0,0.0,,,,,54700000.0,1746400000.0,1.0,381308350.0,381800000,388200000.0,6.891,6616400000.0,0.0,105600000.0,0.0,17.329,2786200000.0
28,EL,MRQ,2014-06-30,2014-06-30,2014-06-30,2021-08-27,-100300000.0,7868800000.0,,4825200000.0,3043600000.0,,10.068,-167400000.0,1629100000.0,1629100000.0,533800000.0,258400000.0,2.346,1.037,1343100000.0,18400000.0,1324700000.0,1343100000.0,0.0,104600000.0,0.0,0.011,0.2,382100000.0,486700000.0,0.179,486700000.0,382100000.0,366900000.0,0.68,0.66,0.68,3854900000.0,,3854900000.0,28242518318.0,15.0,12.746,198400000.0,0.518,1.0,2191500000.0,0.804,1050500000.0,15200000.0,4475600000.0,,1294000000.0,13600000.0,0.0,13600000.0,3999400000.0,2056700000.0,1942700000.0,28426618318.0,98900000.0,0.0,-37500000.0,-2900000.0,-76600000.0,-112200000.0,-167400000.0,0.0,365800000.0,12700000.0,257700000.0,257700000.0,257700000.0,0.0,700000.0,0.095,1811300000.0,380200000.0,524500000.0,0.294,7.374,23.608,23.801,1502600000.0,0.0,74.26,2.592,2.615,1379300000.0,6265800000.0,2725300000.0,2725300000.0,0.0,,,,,19500000.0,1812000000.0,1.0,382798523.0,382900000,390100000.0,7.118,6818300000.0,0.0,109200000.0,0.0,17.807,2768500000.0
29,EL,MRQ,2014-03-31,2014-03-31,2014-03-31,2021-08-27,-109500000.0,7646000000.0,,4691800000.0,2954200000.0,,9.506,-125900000.0,1530200000.0,1530200000.0,498700000.0,213700000.0,2.301,1.081,1346100000.0,18400000.0,1327700000.0,1346100000.0,0.0,95600000.0,0.0,0.011,0.2,343800000.0,439400000.0,0.172,439400000.0,343800000.0,328800000.0,0.55,0.54,0.55,3667300000.0,,3667300000.0,25490156444.0,16.0,12.94,261100000.0,0.677,1.0,2051100000.0,0.804,1051700000.0,15000000.0,4370900000.0,,1215400000.0,0.0,0.0,0.0,3963600000.0,2039300000.0,1924300000.0,25899356444.0,-217800000.0,0.0,-368200000.0,-500000.0,-76800000.0,-441600000.0,-117500000.0,8400000.0,387000000.0,-45700000.0,213200000.0,213200000.0,213200000.0,0.0,500000.0,0.084,1709500000.0,341600000.0,512500000.0,0.364,7.062,24.894,24.955,1434900000.0,0.0,66.88,2.432,2.423,1399000000.0,6085100000.0,2549800000.0,2549800000.0,0.0,,,,,23300000.0,1709500000.0,1.0,387251143.0,385800000,392100000.0,6.609,6594300000.0,0.0,115600000.0,0.0,17.093,2652500000.0
30,EL,MRQ,2013-12-31,2013-12-31,2013-12-31,2021-08-27,-106300000.0,7841200000.0,,4925600000.0,2915600000.0,,9.963,-131200000.0,1748000000.0,1748000000.0,581600000.0,435200000.0,2.416,1.023,1338800000.0,15900000.0,1322900000.0,1338800000.0,0.0,95500000.0,0.0,0.01,0.2,655800000.0,751300000.0,0.249,751300000.0,655800000.0,641200000.0,1.11,1.09,1.11,3868600000.0,,3868600000.0,29239041878.0,19.0,15.67,621300000.0,1.6,1.0,2437100000.0,0.807,1053300000.0,14600000.0,4339600000.0,,1145900000.0,0.0,0.0,0.0,3958100000.0,2039100000.0,1919000000.0,29220641878.0,425800000.0,0.0,-125300000.0,200000.0,-78600000.0,-188200000.0,-131800000.0,-600000.0,752500000.0,-6700000.0,432500000.0,432500000.0,432500000.0,0.0,2700000.0,0.143,1780800000.0,656300000.0,493300000.0,0.18,7.553,29.046,29.081,1395400000.0,0.0,75.32,2.812,2.814,1501000000.0,5949100000.0,3018700000.0,3018700000.0,0.0,,,,,23100000.0,1784200000.0,1.0,387953291.0,388300000,395400000.0,7.774,6787900000.0,0.0,208700000.0,0.0,17.481,2886500000.0
31,EL,MRQ,2013-09-30,2013-09-30,2013-09-30,2021-08-27,-96300000.0,7520500000.0,,4632400000.0,2888100000.0,,9.272,-85700000.0,1322200000.0,1322200000.0,544100000.0,301800000.0,2.331,1.087,1340600000.0,15900000.0,1324700000.0,1340600000.0,0.0,88900000.0,0.0,0.018,0.18,448400000.0,537300000.0,0.201,537300000.0,448400000.0,434900000.0,0.78,0.76,0.78,3595800000.0,,3595800000.0,26928429895.0,18.0,14.428,-55800000.0,-0.144,1.0,2130900000.0,0.797,1051900000.0,13500000.0,4499400000.0,,1196300000.0,0.0,0.0,0.0,3908000000.0,1987600000.0,1920400000.0,27079829895.0,-173500000.0,-9200000.0,-51400000.0,-3500000.0,-69800000.0,-114900000.0,-94900000.0,0.0,29900000.0,6400000.0,300700000.0,300700000.0,300700000.0,0.0,1100000.0,0.112,1681400000.0,449500000.0,461900000.0,0.231,7.531,26.523,26.477,1364400000.0,0.0,69.9,2.627,2.63,1566700000.0,5594700000.0,2675000000.0,2675000000.0,0.0,,,,,46500000.0,1680200000.0,1.0,387408153.0,387800000,394900000.0,6.898,6468600000.0,0.0,134200000.0,0.0,16.68,2644800000.0
32,EL,MRQ,2013-06-30,2013-06-30,2013-06-30,2021-08-27,-157500000.0,7145200000.0,,4297200000.0,2848000000.0,,8.474,-155500000.0,1495700000.0,1495700000.0,475600000.0,95900000.0,2.221,1.169,1344300000.0,18300000.0,1326000000.0,1344300000.0,0.0,89700000.0,0.0,0.016,0.18,152200000.0,241900000.0,0.1,241900000.0,152200000.0,130900000.0,0.24,0.23,0.24,3286900000.0,,3286900000.0,25420492231.0,16.0,13.448,136600000.0,0.352,1.0,1931800000.0,0.802,1051100000.0,21300000.0,4008100000.0,,1113900000.0,0.0,0.0,0.0,3843300000.0,1934600000.0,1908700000.0,25509892231.0,57100000.0,0.0,-4700000.0,-3100000.0,-69900000.0,-75000000.0,-154700000.0,800000.0,292100000.0,-5300000.0,94000000.0,94000000.0,94000000.0,0.0,1900000.0,0.039,1786000000.0,145800000.0,481700000.0,0.75,7.761,25.015,25.008,1350700000.0,0.0,65.77,2.505,2.504,1171700000.0,5364100000.0,2407400000.0,2407400000.0,0.0,,,,,21200000.0,1765200000.0,1.0,387865170.0,387900000,395500000.0,6.206,6094100000.0,0.0,36900000.0,0.0,15.71,2362600000.0
33,EL,MRQ,2013-03-31,2013-03-31,2013-03-31,2021-08-27,-198300000.0,7095100000.0,,4286200000.0,2808900000.0,,8.248,-100100000.0,1438600000.0,1438600000.0,443100000.0,178900000.0,2.237,1.217,1349200000.0,20000000.0,1329200000.0,1349200000.0,0.0,90400000.0,0.0,0.014,0.18,245000000.0,335400000.0,0.146,335400000.0,245000000.0,232400000.0,0.46,0.45,0.46,3193800000.0,,3193800000.0,24789509459.0,17.0,13.764,179000000.0,0.462,1.0,1848700000.0,0.807,1071500000.0,12600000.0,4018300000.0,,989300000.0,0.0,0.0,0.0,3888300000.0,1915900000.0,1972400000.0,24757009459.0,115000000.0,0.0,-2500000.0,-5300000.0,-69800000.0,-64000000.0,-94600000.0,5500000.0,279100000.0,-5500000.0,178800000.0,178800000.0,178800000.0,0.0,100000.0,0.078,1603600000.0,245100000.0,388200000.0,0.391,7.752,25.34,25.409,1296000000.0,0.0,64.03,2.469,2.473,1361900000.0,5340300000.0,2291800000.0,2291800000.0,0.0,,,,,15300000.0,1605300000.0,1.0,386647032.0,387200000,394000000.0,5.919,6023600000.0,0.0,53600000.0,257000000.0,15.557,2370300000.0
34,EL,MRQ,2012-12-31,2012-12-31,2012-12-31,2021-08-27,-133600000.0,7170100000.0,,4341000000.0,2829100000.0,,8.028,-109900000.0,1323600000.0,1323600000.0,568000000.0,449400000.0,2.115,1.301,1356100000.0,26000000.0,1330100000.0,1356100000.0,0.0,79300000.0,0.0,0.012,0.72,672500000.0,751800000.0,0.256,751800000.0,672500000.0,659100000.0,1.16,1.13,1.16,3110200000.0,,3110200000.0,23478559204.0,16.0,13.412,670400000.0,1.731,1.0,2365000000.0,0.806,1073700000.0,13400000.0,4076700000.0,,994100000.0,0.0,0.0,0.0,4047000000.0,2052200000.0,1994800000.0,23177559204.0,269900000.0,0.0,-140200000.0,-300000.0,-279000000.0,-401700000.0,-112000000.0,-2100000.0,780300000.0,3300000.0,447500000.0,447500000.0,447500000.0,0.0,1900000.0,0.153,1711900000.0,653100000.0,345700000.0,0.621,7.452,24.96,24.942,1301600000.0,0.0,59.86,2.322,2.323,1531700000.0,5231600000.0,2933000000.0,2933000000.0,0.0,,,,,16500000.0,1698600000.0,1.0,387196111.0,387400000,394700000.0,7.571,6096400000.0,0.0,211600000.0,400400000.0,15.737,2288800000.0
35,EL,MRQ,2012-09-30,2012-09-30,2012-09-30,2021-08-27,-144400000.0,7007600000.0,,4213100000.0,2794500000.0,,7.801,-95500000.0,1053700000.0,1053700000.0,539200000.0,299600000.0,2.136,1.311,1354700000.0,24000000.0,1330700000.0,1354700000.0,0.0,77500000.0,0.0,0.009,0.0,483700000.0,561200000.0,0.22,561200000.0,483700000.0,448800000.0,0.77,0.76,0.77,3025200000.0,,3025200000.0,23780379731.0,17.0,14.189,-220700000.0,-0.569,1.0,2010300000.0,0.789,1073400000.0,34900000.0,4262800000.0,,1067900000.0,0.0,0.0,0.0,3967100000.0,1972400000.0,1994700000.0,23839979731.0,-294000000.0,-8700000.0,-149200000.0,63300000.0,-500000.0,-70800000.0,-104200000.0,0.0,-125200000.0,6200000.0,299500000.0,299500000.0,299500000.0,0.0,100000.0,0.117,1528300000.0,482000000.0,421700000.0,0.0,7.88,27.159,27.123,1268900000.0,0.0,61.57,2.436,2.44,1604700000.0,5064400000.0,2549500000.0,2549500000.0,0.0,,,,,38900000.0,1527900000.0,1.0,387201230.0,387800000,395500000.0,6.574,5934200000.0,0.0,149300000.0,290800000.0,15.302,2240700000.0
36,EL,MRQ,2012-06-30,2012-06-30,2012-06-30,2021-08-27,-212900000.0,6593000000.0,,3855100000.0,2737900000.0,,7.021,-148800000.0,1347700000.0,1347700000.0,441200000.0,52200000.0,1.813,1.407,1288100000.0,219000000.0,1069100000.0,1288100000.0,0.0,80400000.0,0.0,0.01,0.0,72200000.0,152600000.0,0.068,152600000.0,72200000.0,58200000.0,0.13,0.13,0.13,2733200000.0,,2733200000.0,21055302738.0,16.0,13.042,108200000.0,0.278,1.0,1810000000.0,0.804,1072700000.0,14000000.0,3334900000.0,,983600000.0,0.0,0.0,0.0,3845500000.0,2125800000.0,1719700000.0,21038202738.0,154900000.0,0.0,-23800000.0,74300000.0,0.0,55600000.0,-148800000.0,0.0,257000000.0,-8900000.0,51200000.0,51200000.0,51200000.0,0.0,1000000.0,0.023,1736800000.0,73200000.0,493800000.0,0.0,7.697,24.552,24.6,1231800000.0,0.0,54.12,2.166,2.166,1060300000.0,4764900000.0,2251200000.0,2251200000.0,0.0,,,,,14100000.0,1701400000.0,1.0,388732497.0,389300000,397000000.0,5.783,5520300000.0,0.0,7000000.0,203500000.0,14.18,1729300000.0
37,EL,MRQ,2012-03-31,2012-03-31,2012-03-31,2021-08-27,-48900000.0,6601500000.0,,3899900000.0,2701600000.0,,7.305,-90400000.0,1192800000.0,1192800000.0,469300000.0,131300000.0,1.895,1.321,1209900000.0,144000000.0,1065900000.0,1209900000.0,0.0,74400000.0,0.0,0.008,0.0,210600000.0,285000000.0,0.127,285000000.0,210600000.0,196100000.0,0.34,0.33,0.34,2835900000.0,,2835900000.0,24226962144.0,19.0,15.084,169100000.0,0.436,1.0,1778900000.0,0.791,1090500000.0,14500000.0,3469900000.0,,898700000.0,0.0,0.0,0.0,3746000000.0,2058200000.0,1687800000.0,24013562144.0,193700000.0,100000.0,6800000.0,-3900000.0,0.0,17000000.0,-90300000.0,0.0,259500000.0,7500000.0,130400000.0,130400000.0,130400000.0,0.0,900000.0,0.058,1567400000.0,211500000.0,406600000.0,0.0,8.468,28.358,28.283,1181800000.0,0.0,61.94,2.522,2.525,1304800000.0,4715300000.0,2248200000.0,2248200000.0,0.0,,,,,10300000.0,1539000000.0,1.0,387690703.0,388200000,396300000.0,5.791,5511000000.0,0.0,65700000.0,321600000.0,14.196,1841700000.0
38,EL,MRQ,2011-12-31,2011-12-31,2011-12-31,2021-08-27,-84200000.0,6342200000.0,,3753300000.0,2588900000.0,,6.789,-100700000.0,999100000.0,999100000.0,551000000.0,398400000.0,1.856,1.408,1212500000.0,143800000.0,1068700000.0,1212500000.0,0.0,71400000.0,0.0,0.009,0.525,605800000.0,677200000.0,0.247,677200000.0,605800000.0,589200000.0,1.03,1.0,1.03,2625900000.0,,2625900000.0,22125557331.0,17.0,13.767,545700000.0,1.411,1.0,2186500000.0,0.799,1090800000.0,16600000.0,3442700000.0,,898900000.0,0.0,0.0,0.0,3698500000.0,2022100000.0,1676400000.0,21630457331.0,279600000.0,0.0,-85600000.0,-600000.0,-203700000.0,-266800000.0,-100700000.0,0.0,646400000.0,700000.0,396700000.0,396700000.0,396700000.0,0.0,1700000.0,0.145,1589500000.0,597000000.0,384800000.0,0.51,8.237,25.717,25.88,1151400000.0,0.0,56.16,2.291,2.301,1383700000.0,4584900000.0,2737500000.0,2737500000.0,0.0,,,,,8100000.0,1576700000.0,1.0,385157716.0,386800000,395200000.0,7.077,5251400000.0,0.0,192500000.0,346500000.0,13.577,1731200000.0
39,EL,MRQ,2011-09-30,2011-09-30,2011-09-30,2021-08-27,-66200000.0,6135400000.0,,3562100000.0,2573300000.0,,6.339,-80800000.0,719500000.0,719500000.0,534300000.0,278600000.0,1.809,1.472,1214600000.0,141800000.0,1072800000.0,1214600000.0,0.0,69600000.0,0.0,0.009,0.0,430000000.0,499600000.0,0.202,499600000.0,430000000.0,414000000.0,0.71,0.7,0.71,2475300000.0,,2475300000.0,17090857398.0,14.0,11.303,-117000000.0,-0.3,1.0,1942400000.0,0.784,1098800000.0,16000000.0,3562100000.0,,982200000.0,0.0,0.0,0.0,3643400000.0,1969600000.0,1673800000.0,17125757398.0,-533500000.0,-7700000.0,-399300000.0,-2300000.0,-300000.0,-390900000.0,-88500000.0,0.0,-36200000.0,-17900000.0,278600000.0,278600000.0,278600000.0,0.0,0.0,0.112,1512400000.0,430000000.0,424200000.0,0.0,6.919,21.725,21.851,1125100000.0,0.0,43.92,1.863,1.865,1378500000.0,4395100000.0,2476700000.0,2476700000.0,0.0,,,,,34400000.0,1507700000.0,1.0,389930724.0,390500000,399300000.0,6.342,5036600000.0,0.0,135400000.0,295500000.0,12.898,1592500000.0
40,EL,MRQ,2011-06-30,2011-06-30,2011-06-30,2021-08-27,17700000.0,6273900000.0,,3686500000.0,2587400000.0,,6.674,-127100000.0,1253000000.0,1253000000.0,425100000.0,43200000.0,1.897,1.379,1218100000.0,138000000.0,1080100000.0,1218100000.0,0.0,81800000.0,0.0,0.007,0.0,62500000.0,144300000.0,0.07,144300000.0,62500000.0,46600000.0,0.11,0.1,0.11,2629400000.0,,2629400000.0,20806248549.0,19.0,15.068,172300000.0,0.437,1.0,1635500000.0,0.794,1104800000.0,15900000.0,3190900000.0,,995600000.0,0.0,0.0,0.0,3626900000.0,1943300000.0,1683600000.0,20677748549.0,154000000.0,0.0,-22600000.0,-7700000.0,0.0,-24300000.0,-127100000.0,0.0,299400000.0,6000000.0,41100000.0,41100000.0,41100000.0,0.0,2100000.0,0.02,1570900000.0,64600000.0,446700000.0,0.0,7.864,29.506,29.548,1143100000.0,0.0,52.595,2.347,2.352,945600000.0,4113700000.0,2060600000.0,2060600000.0,0.0,,,,,8700000.0,1559800000.0,1.0,393150462.0,394000000,403000000.0,5.23,5169100000.0,0.0,5500000.0,192300000.0,13.12,1743200000.0
41,EL,MRQ,2011-03-31,2011-03-31,2011-03-31,2021-08-27,-49700000.0,6196500000.0,,3710500000.0,2486000000.0,,6.345,-79100000.0,1099000000.0,1099000000.0,482600000.0,125100000.0,1.879,1.462,1227500000.0,144700000.0,1082800000.0,1227500000.0,0.0,77300000.0,0.0,0.008,0.0,208700000.0,286000000.0,0.132,286000000.0,208700000.0,192900000.0,0.32,0.31,0.32,2508300000.0,,2508300000.0,19211979092.0,18.0,14.274,140500000.0,0.355,1.0,1683100000.0,0.777,1106600000.0,15800000.0,3243900000.0,,889300000.0,0.0,0.0,0.0,3667700000.0,1974500000.0,1693200000.0,19023979092.0,55900000.0,0.0,-107200000.0,-3000000.0,0.0,-89400000.0,-78900000.0,200000.0,219600000.0,4600000.0,124700000.0,124700000.0,124700000.0,0.0,400000.0,0.058,1474000000.0,209100000.0,373500000.0,0.0,7.584,27.829,27.769,1087200000.0,0.0,48.18,2.215,2.217,1249600000.0,4075400000.0,2165700000.0,2165700000.0,0.0,,,,,-700000.0,1415900000.0,1.0,394852202.0,395300000,404100000.0,5.479,5089900000.0,0.0,68200000.0,277400000.0,12.876,1736000000.0
42,EL,MRQ,2010-12-31,2010-12-31,2010-12-31,2021-08-27,-111900000.0,5981800000.0,,3514100000.0,2467700000.0,,6.068,-87100000.0,1043100000.0,1043100000.0,541100000.0,345900000.0,2.006,1.498,1231100000.0,26000000.0,1205100000.0,1231100000.0,0.0,66500000.0,0.0,0.009,0.375,515700000.0,582200000.0,0.234,582200000.0,515700000.0,499600000.0,0.87,0.86,0.87,2387000000.0,,2387000000.0,16340972160.0,17.0,13.022,460000000.0,1.169,1.0,1950900000.0,0.783,1141600000.0,16100000.0,3276800000.0,,866900000.0,13900000.0,0.0,13900000.0,3576100000.0,1751400000.0,1824700000.0,15799372160.0,349600000.0,2400000.0,18500000.0,-3000000.0,-147900000.0,-116000000.0,-84700000.0,0.0,547100000.0,3200000.0,343900000.0,343900000.0,343900000.0,0.0,2000000.0,0.138,1433200000.0,517700000.0,349300000.0,0.431,6.619,25.632,25.865,1066900000.0,0.0,40.35,1.907,1.916,1172500000.0,3950700000.0,2492000000.0,2492000000.0,0.0,,,,,7400000.0,1419200000.0,1.0,391558170.0,393400000,401800000.0,6.335,4840200000.0,0.0,155700000.0,284600000.0,12.304,1762700000.0
43,EL,MRQ,2010-09-30,2010-09-30,2010-09-30,2021-08-27,-121100000.0,5637500000.0,,3198400000.0,2439100000.0,,5.391,-57700000.0,693500000.0,693500000.0,488100000.0,189600000.0,1.896,1.65,1235100000.0,30600000.0,1204500000.0,1235100000.0,0.0,68800000.0,0.0,0.009,0.0,299500000.0,368300000.0,0.176,368300000.0,299500000.0,283400000.0,0.485,0.475,0.485,2121000000.0,,2121000000.0,12553450843.0,15.0,11.117,-96800000.0,-0.246,1.0,1603600000.0,0.767,1141700000.0,16100000.0,3350500000.0,,905200000.0,13700000.0,0.0,13700000.0,3499500000.0,1686900000.0,1812600000.0,12445750843.0,-427200000.0,-258500000.0,-129200000.0,-2400000.0,-100000.0,-83400000.0,-316200000.0,0.0,-39100000.0,11500000.0,191100000.0,191100000.0,191100000.0,0.0,-1500000.0,0.091,1305600000.0,298000000.0,379200000.0,0.0,5.868,23.54,23.593,1043800000.0,0.0,31.615,1.545,1.544,1155400000.0,3755100000.0,2091700000.0,2091700000.0,0.0,,,,,29700000.0,1301800000.0,1.0,393666008.0,393400000,400800000.0,5.317,4495800000.0,0.0,92300000.0,239900000.0,11.428,1511500000.0
44,EL,MRQ,2010-06-30,2010-06-30,2010-06-30,2021-08-27,-196700000.0,5335600000.0,,3121000000.0,2214600000.0,,4.905,-109200000.0,1120700000.0,1120700000.0,414300000.0,25000000.0,1.985,1.73,1228400000.0,23400000.0,1205000000.0,1228400000.0,0.0,66900000.0,0.0,0.01,0.0,42500000.0,109400000.0,0.059,109400000.0,42500000.0,-1400000.0,0.06,0.055,0.06,1948400000.0,,1948400000.0,11128378013.0,14.0,10.604,49300000.0,0.124,1.0,1425800000.0,0.775,862000000.0,43900000.0,3009100000.0,,826600000.0,0.0,0.0,0.0,3370200000.0,1572200000.0,1798000000.0,11091978013.0,-260500000.0,-1400000.0,-87000000.0,-200300000.0,0.0,-290200000.0,-110600000.0,0.0,158500000.0,-18200000.0,23900000.0,23900000.0,23900000.0,0.0,1100000.0,0.013,1382200000.0,43600000.0,425200000.0,0.0,5.693,23.19,23.029,1023600000.0,0.0,27.865,1.423,1.413,746200000.0,3564000000.0,1840100000.0,1840100000.0,0.0,,,,,9100000.0,1358300000.0,1.0,398061296.0,397200000,405400000.0,4.633,4473600000.0,0.0,-25300000.0,168900000.0,11.263,1548800000.0
45,EL,MRQ,2010-03-31,2010-03-31,2010-03-31,2021-08-27,-114300000.0,5794000000.0,,3542400000.0,2251600000.0,,5.243,-57200000.0,1381200000.0,1381200000.0,444600000.0,57900000.0,2.15,1.779,1417600000.0,21700000.0,1395900000.0,1417600000.0,0.0,69100000.0,0.0,0.008,0.0,125900000.0,195000000.0,0.105,195000000.0,125900000.0,107700000.0,0.145,0.14,0.145,2076200000.0,,2076200000.0,12955478115.0,18.0,13.192,124100000.0,0.313,1.0,1415400000.0,0.761,873500000.0,18200000.0,3309600000.0,,784500000.0,12900000.0,0.0,12900000.0,3693800000.0,1647300000.0,2046500000.0,12775378115.0,157600000.0,0.0,47100000.0,-14100000.0,0.0,34300000.0,-57200000.0,0.0,181300000.0,-800000.0,57500000.0,57500000.0,57500000.0,0.0,400000.0,0.031,1289100000.0,126300000.0,355000000.0,0.0,6.153,29.268,29.221,1012500000.0,0.0,32.435,1.672,1.682,978800000.0,3540100000.0,1860000000.0,1860000000.0,0.0,,,,,7300000.0,1276600000.0,1.0,393876310.0,396000000,403600000.0,4.697,4920500000.0,0.0,50200000.0,322600000.0,12.426,1895100000.0
46,EL,MRQ,2009-12-31,2009-12-31,2009-12-31,2021-08-27,-77000000.0,5711500000.0,,3449500000.0,2262000000.0,,5.022,-58800000.0,1223600000.0,1223600000.0,525400000.0,261700000.0,2.083,1.869,1403700000.0,27800000.0,1375900000.0,1403700000.0,0.0,62400000.0,0.0,0.011,0.275,394100000.0,456500000.0,0.202,456500000.0,394100000.0,374200000.0,0.65,0.64,0.65,1981600000.0,,1981600000.0,10123911282.0,15.0,10.978,555400000.0,1.408,1.0,1736900000.0,0.768,875000000.0,19900000.0,3360900000.0,,756400000.0,13000000.0,0.0,13000000.0,3702900000.0,1655700000.0,2047200000.0,9514211282.0,424400000.0,0.0,-21800000.0,-100000.0,-109000000.0,-129900000.0,-58900000.0,-100000.0,614200000.0,-1000000.0,256200000.0,256200000.0,256200000.0,0.0,5500000.0,0.113,1337300000.0,399600000.0,314300000.0,0.423,4.801,23.422,23.362,1012000000.0,0.0,24.18,1.273,1.276,1098500000.0,3482700000.0,2262300000.0,2262300000.0,0.0,,,,,10600000.0,1282400000.0,1.0,393474412.0,394600000,400800000.0,5.733,4836500000.0,0.0,118000000.0,370200000.0,12.257,1793800000.0
47,EL,MRQ,2009-09-30,2009-09-30,2009-09-30,2021-08-27,-83500000.0,5466800000.0,,3163000000.0,2303800000.0,,4.663,-45400000.0,799200000.0,799200000.0,445100000.0,137800000.0,2.054,1.968,1408900000.0,19500000.0,1389400000.0,1408900000.0,0.0,65300000.0,0.0,0.015,0.0,223300000.0,288600000.0,0.157,288600000.0,223300000.0,203700000.0,0.36,0.355,0.36,1834600000.0,,1834600000.0,7850485349.0,15.0,9.862,-42700000.0,-0.109,1.0,1388300000.0,0.757,915600000.0,19600000.0,3621200000.0,,844200000.0,13100000.0,0.0,13100000.0,3610200000.0,1539700000.0,2070500000.0,7293585349.0,-65300000.0,-9300000.0,0.0,-20200000.0,-100000.0,-20300000.0,-54700000.0,0.0,2700000.0,7000000.0,140700000.0,140700000.0,140700000.0,0.0,-2900000.0,0.077,1167900000.0,220400000.0,342600000.0,0.0,3.976,23.68,23.618,1017900000.0,0.0,18.54,1.005,1.006,1097400000.0,3335700000.0,1833400000.0,1833400000.0,0.0,,,,,19200000.0,1149700000.0,1.0,393397268.0,393400000,396400000.0,4.66,4551200000.0,0.0,63000000.0,326900000.0,11.569,1623300000.0
48,EL,MRQ,2009-06-30,2009-06-30,2009-06-30,2021-08-27,-117100000.0,5176600000.0,,2912500000.0,2264100000.0,,4.171,-63900000.0,864500000.0,864500000.0,427100000.0,-12400000.0,1.996,2.142,1421400000.0,33800000.0,1387600000.0,1421400000.0,0.0,62200000.0,0.0,0.017,0.0,-20200000.0,42000000.0,0.025,42000000.0,-20200000.0,-40400000.0,-0.045,-0.045,-0.045,1640000000.0,,1640000000.0,7329286280.0,18.0,11.038,325400000.0,0.828,1.0,1255700000.0,0.746,910000000.0,20200000.0,3364300000.0,,795000000.0,12700000.0,0.0,12700000.0,3512600000.0,1459200000.0,2053400000.0,6425886280.0,223900000.0,-4000000.0,100000.0,-110200000.0,0.0,-118400000.0,-59600000.0,8300000.0,389300000.0,12600000.0,-17900000.0,-17900000.0,-17900000.0,0.0,5500000.0,-0.011,1270400000.0,-14700000.0,329800000.0,0.0,3.918,29.423,29.432,1026700000.0,0.0,16.335,0.877,0.876,853300000.0,3195000000.0,1682800000.0,1682800000.0,0.0,,,,,8900000.0,1151700000.0,1.0,393381468.0,393200000,394800000.0,4.28,4266600000.0,0.0,-22500000.0,292300000.0,10.851,1453300000.0
49,EL,MRQ,2009-03-31,2009-03-31,2009-03-31,2021-08-27,-114700000.0,5118800000.0,,2896000000.0,2222800000.0,,4.198,-58400000.0,640600000.0,640600000.0,446400000.0,28300000.0,2.008,2.1,1544000000.0,140700000.0,1403300000.0,1544000000.0,0.0,65900000.0,0.0,0.022,0.0,69200000.0,135100000.0,0.08,135100000.0,69200000.0,48600000.0,0.07,0.07,0.07,1651300000.0,,1651300000.0,5774626593.0,9.0,6.528,31600000.0,0.08,1.0,1250100000.0,0.737,908400000.0,20600000.0,3671300000.0,,820300000.0,20600000.0,0.0,20600000.0,3467500000.0,1442500000.0,2025000000.0,4848426593.0,-88300000.0,-700000.0,0.0,-107600000.0,0.0,-107600000.0,-59000000.0,100000.0,90000000.0,-11700000.0,27200000.0,27200000.0,27200000.0,0.0,1100000.0,0.016,1179800000.0,70300000.0,276400000.0,0.0,2.936,13.6,13.619,1010100000.0,0.0,12.325,0.634,0.634,1031600000.0,3212900000.0,1696500000.0,1696500000.0,0.0,,,,,10500000.0,1159000000.0,1.0,393381468.0,393400000,394400000.0,4.312,4210400000.0,0.0,21400000.0,10700000.0,10.703,1453500000.0
50,EL,MRQ,2008-12-31,2008-12-31,2008-12-31,2021-08-27,-74800000.0,5322000000.0,,3079800000.0,2242200000.0,,4.205,-81600000.0,728900000.0,728900000.0,508000000.0,161300000.0,1.832,2.218,1655100000.0,248700000.0,1406400000.0,1655100000.0,0.0,63300000.0,0.0,0.018,0.275,267000000.0,330300000.0,0.162,330300000.0,267000000.0,247400000.0,0.4,0.4,0.4,1653600000.0,,1653600000.0,7182768730.0,10.0,7.39,331300000.0,0.843,1.0,1533000000.0,0.751,927400000.0,19600000.0,3639300000.0,,896600000.0,21300000.0,0.0,21300000.0,3668400000.0,1681500000.0,1986900000.0,6079668730.0,400100000.0,-300000.0,-5400000.0,194700000.0,-108300000.0,81000000.0,-82000000.0,-100000.0,412900000.0,-11800000.0,158000000.0,158000000.0,158000000.0,0.0,3300000.0,0.077,1262700000.0,270300000.0,310300000.0,0.688,3.677,14.496,14.467,1030900000.0,0.0,15.48,0.776,0.777,1033600000.0,3185700000.0,2041000000.0,2041000000.0,0.0,,,,,9500000.0,1262400000.0,1.0,392743458.0,393200000,395000000.0,5.191,4394600000.0,0.0,89400000.0,68300000.0,11.177,1398300000.0
51,EL,MRQ,2008-09-30,2008-09-30,2008-09-30,2021-08-27,40300000.0,5181700000.0,,2906200000.0,2275500000.0,,4.394,-75900000.0,328800000.0,328800000.0,500100000.0,49600000.0,1.593,2.019,1431900000.0,349900000.0,1082000000.0,1431900000.0,0.0,62600000.0,0.0,0.011,0.0,94000000.0,156600000.0,0.082,156600000.0,94000000.0,78700000.0,0.13,0.13,0.13,1716400000.0,,1716400000.0,10508181407.0,13.0,9.819,-272100000.0,-0.697,1.0,1403400000.0,0.737,944500000.0,15300000.0,3516200000.0,,1048400000.0,22500000.0,0.0,22500000.0,3465300000.0,1824100000.0,1641200000.0,9712981407.0,-72900000.0,-63500000.0,52300000.0,217200000.0,-100000.0,270800000.0,-138900000.0,500000.0,-196200000.0,-8600000.0,51100000.0,51100000.0,51100000.0,0.0,-1500000.0,0.027,1310900000.0,92500000.0,331500000.0,0.0,5.659,19.994,19.964,1042600000.0,0.0,24.955,1.199,1.203,1164900000.0,3136200000.0,1903500000.0,1903500000.0,0.0,,,,,21200000.0,1310800000.0,1.0,389219852.0,390600000,397600000.0,4.873,4237200000.0,0.0,27600000.0,101200000.0,10.848,1082100000.0
52,EL,MRQ,2008-06-30,2008-06-30,2008-06-30,2021-08-27,110800000.0,5011200000.0,,2787200000.0,2224000000.0,,4.256,-107500000.0,401700000.0,401700000.0,490600000.0,130400000.0,1.64,2.031,1196900000.0,118700000.0,1078200000.0,1196900000.0,0.0,66200000.0,0.0,0.012,0.0,196400000.0,262600000.0,0.131,262600000.0,196400000.0,182400000.0,0.305,0.3,0.305,1653200000.0,,1653200000.0,9872275447.0,12.0,9.391,64100000.0,0.165,1.0,1521500000.0,0.756,900800000.0,14000000.0,3206400000.0,,987200000.0,24100000.0,0.0,24100000.0,3358000000.0,1699200000.0,1658800000.0,9004775447.0,-8300000.0,4400000.0,10400000.0,-77800000.0,0.0,-76100000.0,-107400000.0,-4300000.0,171600000.0,3600000.0,120200000.0,120200000.0,120200000.0,0.0,10200000.0,0.06,1320400000.0,201100000.0,361700000.0,0.0,5.447,19.005,19.037,1043100000.0,0.0,23.225,1.138,1.139,1038800000.0,3085100000.0,2012100000.0,2012100000.0,0.0,,,,,5900000.0,1305500000.0,1.0,387719072.0,388400000,396000000.0,5.18,4110400000.0,0.0,62200000.0,299000000.0,10.583,1088000000.0
53,EL,MRQ,2008-03-31,2008-03-31,2008-03-31,2021-08-27,155700000.0,5052300000.0,,2811800000.0,2240500000.0,,4.016,-89900000.0,410000000.0,410000000.0,471900000.0,90100000.0,1.592,2.244,1277500000.0,191700000.0,1085800000.0,1277500000.0,0.0,62600000.0,0.0,0.012,0.0,159900000.0,222500000.0,0.118,222500000.0,159900000.0,143800000.0,0.235,0.23,0.235,1557400000.0,,1557400000.0,9821572972.0,13.0,9.788,66700000.0,0.172,1.0,1407900000.0,0.749,901700000.0,16100000.0,3252300000.0,,927900000.0,26800000.0,0.0,26800000.0,3494900000.0,1765800000.0,1729100000.0,8868872972.0,90500000.0,-4400000.0,31300000.0,-9000000.0,0.0,22500000.0,-94300000.0,0.0,156600000.0,5700000.0,90100000.0,90100000.0,90100000.0,0.0,0.0,0.048,1246700000.0,161200000.0,339000000.0,0.0,5.695,20.056,20.022,991100000.0,0.0,22.925,1.158,1.16,1137900000.0,2965100000.0,1879800000.0,1879800000.0,0.0,,,,,7400000.0,1247400000.0,1.0,386864688.0,387800000,393200000.0,4.847,4150600000.0,0.0,53700000.0,61800000.0,10.703,1046000000.0
54,EL,MRQ,2007-12-31,2007-12-31,2007-12-31,2021-08-27,104600000.0,4737200000.0,,2614000000.0,2123200000.0,,3.554,-81900000.0,319500000.0,319500000.0,578500000.0,224400000.0,1.524,2.448,1272200000.0,198900000.0,1073300000.0,1272200000.0,0.0,62900000.0,0.0,0.013,0.275,365600000.0,428500000.0,0.186,428500000.0,365600000.0,347300000.0,0.58,0.57,0.58,1374000000.0,,1374000000.0,9663951589.0,13.0,9.811,412800000.0,1.068,1.0,1730300000.0,0.749,901000000.0,18300000.0,3074200000.0,,899000000.0,22300000.0,0.0,22300000.0,3363200000.0,1714700000.0,1648500000.0,8416651589.0,108100000.0,400000.0,-2300000.0,-198500000.0,-106600000.0,-307000000.0,-81500000.0,0.0,494700000.0,1900000.0,224400000.0,224400000.0,224400000.0,0.0,0.0,0.097,1359800000.0,370500000.0,341400000.0,0.474,6.126,18.871,19.127,943700000.0,0.0,21.805,1.126,1.128,1099400000.0,2875000000.0,2308800000.0,2308800000.0,0.0,,,,,13900000.0,1359900000.0,1.0,385996404.0,386600000,393000000.0,5.972,3836200000.0,0.0,122900000.0,68900000.0,9.923,899300000.0
55,EL,MRQ,2007-09-30,2007-09-30,2007-09-30,2021-08-27,85600000.0,4612900000.0,,2527800000.0,2085100000.0,,3.153,-78500000.0,211400000.0,211400000.0,455800000.0,39100000.0,1.427,2.771,1458700000.0,396300000.0,1062400000.0,1458700000.0,0.0,59000000.0,0.0,0.012,0.0,78600000.0,137600000.0,0.08,137600000.0,78600000.0,60200000.0,0.1,0.1,0.1,1223400000.0,,1223400000.0,9083602070.0,13.0,9.676,-211300000.0,-0.545,1.0,1254300000.0,0.733,901100000.0,18400000.0,3187600000.0,,968500000.0,22300000.0,0.0,22300000.0,3389500000.0,1771500000.0,1618000000.0,8248802070.0,-42300000.0,-116400000.0,-51700000.0,334200000.0,0.0,282500000.0,-195300000.0,-400000.0,-132800000.0,3300000.0,39100000.0,39100000.0,39100000.0,0.0,0.0,0.023,1176400000.0,77900000.0,314500000.0,0.0,6.743,19.183,20.028,917400000.0,0.0,21.23,1.153,1.151,1062400000.0,2757500000.0,1710100000.0,1710100000.0,0.0,,,,,18900000.0,1176100000.0,1.0,388544610.0,388000000,394400000.0,4.407,3711800000.0,0.0,21100000.0,25700000.0,9.566,756300000.0
56,EL,MRQ,2007-06-30,2007-06-30,2007-06-30,2021-08-27,54700000.0,4125700000.0,,2239400000.0,1886300000.0,,3.089,-100100000.0,253700000.0,253700000.0,421700000.0,88600000.0,1.492,2.441,1088500000.0,60400000.0,1028100000.0,1088500000.0,0.0,54400000.0,0.0,0.011,0.0,160400000.0,214800000.0,0.122,214800000.0,160400000.0,144700000.0,0.23,0.225,0.23,1199000000.0,,1199000000.0,9774415982.0,13.0,10.283,110900000.0,0.286,1.0,1340700000.0,0.761,764700000.0,15700000.0,2695100000.0,,855800000.0,22200000.0,0.0,22200000.0,2926700000.0,1500700000.0,1426000000.0,8802215982.0,51700000.0,-4500000.0,32500000.0,-85100000.0,0.0,-59800000.0,-104600000.0,0.0,211000000.0,5100000.0,88600000.0,88600000.0,88600000.0,-200000.0,0.0,0.05,1179800000.0,160900000.0,314700000.0,0.0,7.341,19.595,20.686,880800000.0,0.0,22.755,1.251,1.321,860500000.0,2731500000.0,1762400000.0,1762400000.0,0.0,,,,,3800000.0,1168000000.0,1.0,386825576.0,388200000,396400000.0,4.54,3361000000.0,0.0,56100000.0,161700000.0,8.658,738700000.0
57,EL,MRQ,2007-03-31,2007-03-31,2007-03-31,2021-08-27,81500000.0,4014200000.0,,2265900000.0,1748300000.0,,2.613,-71500000.0,202000000.0,202000000.0,426000000.0,93900000.0,1.375,2.77,1174200000.0,141200000.0,1033000000.0,1174200000.0,0.0,49000000.0,0.0,0.01,0.0,155100000.0,204100000.0,0.121,204100000.0,155100000.0,146300000.0,0.23,0.225,0.23,1064900000.0,,1064900000.0,10470737613.0,14.0,11.3,72100000.0,0.177,1.0,1264500000.0,0.748,762100000.0,8800000.0,2576500000.0,,806300000.0,22200000.0,0.0,22200000.0,2949300000.0,1647800000.0,1301500000.0,10093337613.0,-49800000.0,0.0,-665500000.0,540100000.0,0.0,-121600000.0,-71600000.0,-100000.0,143600000.0,-200000.0,93900000.0,93900000.0,93900000.0,-100000.0,0.0,0.056,1107800000.0,156700000.0,273000000.0,0.0,9.478,24.916,24.923,830500000.0,0.0,24.425,1.467,1.447,964900000.0,2618700000.0,1690500000.0,1690500000.0,0.0,,,,,5200000.0,1107900000.0,1.0,413237978.0,407600000,416000000.0,4.147,3252100000.0,0.0,52400000.0,191000000.0,7.979,618100000.0
58,EL,MRQ,2006-12-31,2006-12-31,2006-12-31,2021-08-27,80600000.0,4041900000.0,,2327000000.0,1714900000.0,,3.878,-73200000.0,251800000.0,251800000.0,499000000.0,208400000.0,1.355,1.502,629200000.0,189900000.0,439300000.0,629200000.0,0.0,52900000.0,0.0,0.012,0.25,329400000.0,382300000.0,0.192,382300000.0,329400000.0,321700000.0,0.5,0.495,0.5,1615500000.0,,1615500000.0,8984140244.0,13.0,10.187,305100000.0,0.732,1.0,1492100000.0,0.749,763300000.0,7700000.0,1938500000.0,,783000000.0,21900000.0,0.0,21900000.0,2426400000.0,1717500000.0,708900000.0,8521840244.0,71100000.0,0.0,-110300000.0,-16500000.0,-103600000.0,-236900000.0,-73300000.0,-100000.0,378300000.0,3000000.0,208400000.0,208400000.0,208400000.0,100000.0,0.0,0.105,1159700000.0,332400000.0,287400000.0,0.5,5.275,22.989,22.933,807500000.0,0.0,20.41,1.259,1.256,1005100000.0,2524800000.0,1991100000.0,1991100000.0,0.0,,,,,10200000.0,1159700000.0,1.0,417532594.0,416600000,422800000.0,4.779,3278600000.0,0.0,113300000.0,180600000.0,7.87,609500000.0
59,EL,MRQ,2006-09-30,2006-09-30,2006-09-30,2021-08-27,63600000.0,3946000000.0,,2271400000.0,1674600000.0,,3.763,-67300000.0,180700000.0,180700000.0,428100000.0,58300000.0,1.385,1.484,643000000.0,204400000.0,438600000.0,643000000.0,0.0,50900000.0,0.0,0.01,0.0,98400000.0,149300000.0,0.094,149300000.0,98400000.0,91700000.0,0.14,0.135,0.14,1588700000.0,,1588700000.0,8693989537.0,17.0,11.937,-138600000.0,-0.328,1.0,1165400000.0,0.731,762800000.0,6700000.0,2005100000.0,,834000000.0,21700000.0,0.0,21700000.0,2357300000.0,1640400000.0,716900000.0,8541089537.0,-187900000.0,-56700000.0,-106900000.0,114900000.0,0.0,6700000.0,-124300000.0,-300000.0,-71300000.0,1000000.0,58300000.0,58300000.0,58300000.0,-300000.0,0.0,0.037,1065500000.0,99900000.0,303900000.0,0.0,5.376,35.004,34.767,775800000.0,0.0,20.165,1.302,1.298,980100000.0,2420200000.0,1593500000.0,1593500000.0,0.0,,,,,14700000.0,1065000000.0,1.0,423560106.0,422200000,427200000.0,3.774,3183200000.0,0.0,33400000.0,149100000.0,7.54,631000000.0
60,EL,MRQ,2006-06-30,2006-06-30,2006-06-30,2021-08-27,64700000.0,3784100000.0,,2176900000.0,1607200000.0,,3.821,-90900000.0,368600000.0,368600000.0,397100000.0,44500000.0,1.514,1.333,521500000.0,89700000.0,431800000.0,521500000.0,0.0,51400000.0,0.0,0.01,0.0,139500000.0,190900000.0,0.119,190900000.0,139500000.0,134800000.0,0.11,0.105,0.11,1622300000.0,,1622300000.0,8492520711.0,16.0,11.696,149400000.0,0.352,1.0,1207500000.0,0.753,712800000.0,4700000.0,1786000000.0,,766300000.0,13400000.0,0.0,13400000.0,2161800000.0,1438200000.0,723600000.0,8205420711.0,100300000.0,6800000.0,-24500000.0,-34500000.0,0.0,-59500000.0,-84100000.0,0.0,240300000.0,3600000.0,44500000.0,44500000.0,44500000.0,4600000.0,0.0,0.028,1060000000.0,147500000.0,264500000.0,0.0,5.058,33.601,33.921,758000000.0,0.0,19.335,1.269,1.286,771200000.0,2361900000.0,1604600000.0,1604600000.0,0.0,,,,,6000000.0,1021100000.0,1.0,424381728.0,424600000,428800000.0,3.779,3071300000.0,0.0,90300000.0,135500000.0,7.233,738700000.0
61,EL,MRQ,2006-03-31,2006-03-31,2006-03-31,2021-08-27,9300000.0,3697000000.0,,2170500000.0,1526500000.0,,3.621,-65700000.0,268300000.0,268300000.0,411500000.0,59500000.0,1.486,1.403,555400000.0,119100000.0,436300000.0,555400000.0,0.0,49900000.0,0.0,0.011,0.0,109500000.0,159400000.0,0.101,159400000.0,109500000.0,102900000.0,0.14,0.14,0.14,1538400000.0,,1538400000.0,8194360278.0,15.0,11.027,19400000.0,0.046,1.0,1166700000.0,0.739,708300000.0,6600000.0,1815400000.0,,718100000.0,11500000.0,0.0,11500000.0,2158600000.0,1460400000.0,698200000.0,7913460278.0,-102000000.0,-2700000.0,-30000000.0,-91400000.0,0.0,-120400000.0,-68400000.0,0.0,85100000.0,1700000.0,59500000.0,59500000.0,59500000.0,3700000.0,0.0,0.038,1050400000.0,116300000.0,239500000.0,0.0,5.144,29.716,30.484,709000000.0,0.0,18.595,1.239,1.237,900100000.0,2317400000.0,1578200000.0,1578200000.0,0.0,,,,,4400000.0,998800000.0,1.0,425569254.0,424800000,429800000.0,3.715,2988700000.0,0.0,43400000.0,133100000.0,7.036,710100000.0
62,EL,MRQ,2005-12-31,2005-12-31,2005-12-31,2021-08-27,-3600000.0,3701000000.0,,2201600000.0,1499400000.0,,3.464,-58300000.0,370300000.0,370300000.0,458500000.0,81700000.0,1.438,1.488,651200000.0,209600000.0,441600000.0,651200000.0,0.0,49900000.0,0.0,0.012,0.2,178800000.0,228700000.0,0.128,228700000.0,178800000.0,171900000.0,0.19,0.19,0.19,1487600000.0,,1487600000.0,7533121723.0,12.0,9.319,391800000.0,0.912,1.0,1325400000.0,0.743,706200000.0,6900000.0,1745000000.0,,726600000.0,11400000.0,0.0,11400000.0,2213400000.0,1530700000.0,682700000.0,7224121723.0,-19200000.0,-46500000.0,-232500000.0,-43500000.0,-85400000.0,-361400000.0,-104900000.0,-100000.0,450100000.0,-3000000.0,81700000.0,81700000.0,81700000.0,68700000.0,0.0,0.046,1074700000.0,250700000.0,244600000.0,1.053,4.856,23.08,23.745,693200000.0,0.0,16.74,1.14,1.135,832300000.0,2257900000.0,1783900000.0,1783900000.0,0.0,,,,,9800000.0,1073100000.0,1.0,431548490.0,429400000,433200000.0,4.154,2994800000.0,0.0,90200000.0,148000000.0,6.974,670900000.0
63,EL,MRQ,2005-09-30,2005-09-30,2005-09-30,2021-08-27,17900000.0,3967700000.0,,2479400000.0,1488300000.0,,3.929,-46300000.0,389500000.0,389500000.0,419500000.0,58500000.0,1.61,1.289,698500000.0,253600000.0,444900000.0,698500000.0,0.0,47200000.0,0.0,0.011,0.0,99900000.0,147100000.0,0.098,147100000.0,99900000.0,94300000.0,0.13,0.13,0.13,1733600000.0,,1733600000.0,7858426251.0,12.0,9.189,-112000000.0,-0.254,1.0,1077600000.0,0.72,700100000.0,5600000.0,2036200000.0,,814800000.0,11700000.0,0.0,11700000.0,2234100000.0,1540400000.0,693700000.0,7697026251.0,-163800000.0,0.0,-46200000.0,-10400000.0,0.0,-53300000.0,-45800000.0,500000.0,-65700000.0,1000000.0,58500000.0,58500000.0,58500000.0,3300000.0,0.0,0.039,972500000.0,105100000.0,255100000.0,0.0,4.44,20.825,21.238,690800000.0,0.0,17.415,1.224,1.222,915200000.0,2261700000.0,1497100000.0,1497100000.0,0.0,,,,,9000000.0,972500000.0,1.0,441976816.0,441200000,447200000.0,3.393,3267600000.0,0.0,35800000.0,121300000.0,7.406,939000000.0
64,EL,MRQ,2005-06-30,2005-06-30,2005-06-30,2021-08-27,9400000.0,3885800000.0,,2302600000.0,1583200000.0,,3.797,-67100000.0,553300000.0,553300000.0,367500000.0,66600000.0,1.537,1.295,714700000.0,263600000.0,451100000.0,714700000.0,0.0,52700000.0,0.0,0.01,0.0,155200000.0,207900000.0,0.136,207900000.0,155200000.0,152000000.0,0.15,0.15,0.15,1692800000.0,,1692800000.0,8874221427.0,12.0,9.748,116200000.0,0.261,1.0,1160600000.0,0.76,792400000.0,3200000.0,1757100000.0,,768300000.0,12300000.0,0.0,12300000.0,2193000000.0,1497700000.0,695300000.0,8836621427.0,35300000.0,-200000.0,-215300000.0,148500000.0,0.0,-72000000.0,-67300000.0,0.0,183300000.0,-8700000.0,66600000.0,66600000.0,66600000.0,300000.0,0.0,0.044,1001600000.0,159000000.0,249400000.0,0.0,5.22,21.76,21.739,694200000.0,0.0,19.565,1.407,1.404,776600000.0,2203200000.0,1528100000.0,1528100000.0,0.0,,,,,0.0,1001600000.0,1.0,451654558.0,445800000,450600000.0,3.428,3093400000.0,0.0,85400000.0,109900000.0,6.939,804900000.0
65,EL,MRQ,2005-03-31,2005-03-31,2005-03-31,2021-08-27,75400000.0,3984200000.0,,2429900000.0,1554300000.0,,4.243,-52500000.0,518000000.0,518000000.0,383700000.0,106200000.0,1.731,1.082,555600000.0,113800000.0,441800000.0,555600000.0,0.0,49500000.0,0.0,0.009,0.0,175200000.0,224700000.0,0.147,224700000.0,175200000.0,171900000.0,0.235,0.23,0.235,1913800000.0,,1913800000.0,10109640211.0,15.0,11.487,-62300000.0,-0.138,1.0,1141600000.0,0.748,756600000.0,3300000.0,1861500000.0,,723300000.0,12700000.0,0.0,12700000.0,2070400000.0,1403700000.0,666700000.0,10134340211.0,-59900000.0,-2300000.0,3300000.0,2000000.0,0.0,5100000.0,-54800000.0,0.0,-9800000.0,-800000.0,106200000.0,106200000.0,106200000.0,1400000.0,0.0,0.07,962800000.0,178800000.0,251000000.0,0.0,5.295,24.682,24.851,690400000.0,0.0,22.49,1.66,1.661,921500000.0,2136600000.0,1525300000.0,1525300000.0,0.0,,,,,100000.0,962800000.0,1.0,450615394.0,451000000,457400000.0,3.382,3227600000.0,0.0,65700000.0,120700000.0,7.157,1026200000.0
66,EL,MRQ,2004-12-31,2004-12-31,2004-12-31,2021-08-27,80100000.0,3954800000.0,,2404500000.0,1550300000.0,,3.992,-71600000.0,577900000.0,577900000.0,443900000.0,138300000.0,1.641,1.196,553200000.0,80400000.0,472800000.0,553200000.0,0.0,47600000.0,0.0,0.009,0.2,227900000.0,275500000.0,0.159,275500000.0,227900000.0,224600000.0,0.305,0.3,0.305,1801300000.0,,1801300000.0,10496011812.0,16.0,12.08,331300000.0,0.734,1.0,1292400000.0,0.744,757300000.0,3300000.0,1707200000.0,,699100000.0,12900000.0,0.0,12900000.0,2153500000.0,1465600000.0,687900000.0,10333011812.0,190800000.0,-300000.0,-62700000.0,2900000.0,-90100000.0,-149900000.0,-71900000.0,0.0,402900000.0,9900000.0,138300000.0,138300000.0,138300000.0,1400000.0,0.0,0.08,1059700000.0,232700000.0,293600000.0,0.656,5.736,25.659,25.859,683100000.0,0.0,22.885,1.721,1.72,844400000.0,2030400000.0,1736300000.0,1736300000.0,0.0,,,,,400000.0,1059700000.0,1.0,451518978.0,451200000,458400000.0,3.848,3197500000.0,0.0,86300000.0,127900000.0,7.087,938900000.0
67,EL,MRQ,2004-09-30,2004-09-30,2004-09-30,2021-08-27,17400000.0,3774300000.0,,2267800000.0,1506500000.0,,3.823,-38400000.0,387100000.0,387100000.0,407700000.0,95000000.0,1.661,1.174,550100000.0,77500000.0,472600000.0,550100000.0,0.0,46900000.0,0.0,0.007,0.0,155400000.0,202300000.0,0.136,202300000.0,155400000.0,151300000.0,0.21,0.205,0.21,1736400000.0,,1736400000.0,9388912106.0,15.0,11.398,-136700000.0,-0.301,1.0,1082600000.0,0.726,752600000.0,4100000.0,1819400000.0,,712800000.0,12200000.0,0.0,12200000.0,2037900000.0,1365300000.0,672600000.0,9465212106.0,-224500000.0,-4300000.0,-83300000.0,2700000.0,0.0,-83600000.0,-43000000.0,-300000.0,-98300000.0,600000.0,95000000.0,95000000.0,95000000.0,700000.0,0.0,0.064,926300000.0,156300000.0,260700000.0,0.0,5.451,26.285,26.456,641200000.0,0.0,20.9,1.608,1.613,902200000.0,1982200000.0,1490300000.0,1490300000.0,0.0,,,,,-1700000.0,926300000.0,1.0,452880962.0,454200000,462400000.0,3.281,3021700000.0,0.0,56300000.0,114800000.0,6.653,902500000.0
68,EL,MRQ,2004-06-30,2004-06-30,2004-06-30,2021-08-27,10500000.0,3708100000.0,,2199200000.0,1508900000.0,,3.803,-81300000.0,611600000.0,611600000.0,328900000.0,71100000.0,1.664,1.139,535300000.0,73800000.0,461500000.0,535300000.0,0.0,52500000.0,0.0,0.006,0.0,125100000.0,177600000.0,0.131,177600000.0,125100000.0,119800000.0,0.155,0.155,0.155,1733500000.0,,1733500000.0,11058490079.0,18.0,13.905,41000000.0,0.09,1.0,1025300000.0,0.757,744200000.0,5300000.0,1565600000.0,,653500000.0,12600000.0,0.0,12600000.0,1974600000.0,1322000000.0,652600000.0,11084690079.0,-256200000.0,-500000.0,15100000.0,-291600000.0,0.0,-296500000.0,-81800000.0,0.0,122300000.0,-1300000.0,71100000.0,71100000.0,71100000.0,3300000.0,0.0,0.053,894700000.0,130600000.0,267300000.0,0.0,6.394,32.402,32.52,647000000.0,0.0,24.39,1.931,1.939,664900000.0,1887200000.0,1354200000.0,1354200000.0,0.0,,,,,2300000.0,892800000.0,1.0,454476838.0,455800000,464400000.0,2.971,2963900000.0,0.0,48700000.0,109400000.0,6.503,877200000.0
69,EL,MRQ,2004-03-31,2004-03-31,2004-03-31,2021-08-27,-3100000.0,3942100000.0,,2472400000.0,1469700000.0,,3.594,-43200000.0,867800000.0,867800000.0,358600000.0,98300000.0,1.928,1.402,841600000.0,5300000.0,836300000.0,841600000.0,0.0,47400000.0,0.0,0.007,0.0,166100000.0,213500000.0,0.15,213500000.0,166100000.0,159200000.0,0.215,0.21,0.215,1641000000.0,,1641000000.0,10095945274.0,18.0,13.532,125300000.0,0.274,1.0,1063000000.0,0.748,737100000.0,6900000.0,1896300000.0,,574500000.0,13800000.0,0.0,13800000.0,2301100000.0,1282500000.0,1018600000.0,10132545274.0,-2100000.0,2800000.0,-58800000.0,0.0,-68500000.0,-127300000.0,-40400000.0,0.0,168500000.0,-1400000.0,98300000.0,98300000.0,98300000.0,1800000.0,0.0,0.069,893400000.0,169600000.0,226100000.0,0.0,6.175,31.843,31.899,620400000.0,0.0,22.17,1.807,1.806,786700000.0,1816100000.0,1421600000.0,1421600000.0,0.0,,,,,2500000.0,887900000.0,1.0,457038578.0,456600000,463800000.0,3.113,3205000000.0,24300000.0,60900000.0,129500000.0,7.019,1189900000.0
70,EL,MRQ,2003-12-31,2003-12-31,2003-12-31,2021-08-27,-10100000.0,3970200000.0,,2458700000.0,1511500000.0,,3.474,-45500000.0,869900000.0,869900000.0,412700000.0,95700000.0,1.87,1.5,833300000.0,4900000.0,828400000.0,833300000.0,0.0,46700000.0,0.0,0.008,0.15,183600000.0,230300000.0,0.142,230300000.0,183600000.0,176400000.0,0.21,0.205,0.21,1588200000.0,,1588200000.0,9311998037.0,18.0,13.259,383600000.0,0.839,1.0,1206400000.0,0.745,741000000.0,7200000.0,1877600000.0,,574300000.0,14000000.0,0.0,14000000.0,2382000000.0,1315000000.0,1067000000.0,8952598037.0,387200000.0,-600000.0,-13000000.0,-5100000.0,0.0,-5500000.0,-46100000.0,0.0,429100000.0,9300000.0,95700000.0,95700000.0,95700000.0,30600000.0,0.0,0.059,987400000.0,219000000.0,232900000.0,0.714,5.637,30.062,30.2,621700000.0,0.0,19.63,1.652,1.656,767800000.0,1717800000.0,1619100000.0,1619100000.0,0.0,,,,,2400000.0,980300000.0,1.0,456067144.0,457200000,463200000.0,3.541,3229200000.0,33400000.0,80700000.0,120800000.0,7.063,1143700000.0
71,EL,MRQ,2003-09-30,2003-09-30,2003-09-30,2021-08-27,-60000000.0,3700200000.0,,2190100000.0,1510100000.0,,3.296,-42200000.0,482700000.0,482700000.0,364100000.0,77000000.0,1.91,1.461,842100000.0,8600000.0,833500000.0,842100000.0,0.0,45100000.0,0.0,0.006,0.0,128800000.0,173900000.0,0.129,173900000.0,128800000.0,121100000.0,0.17,0.165,0.17,1503600000.0,,1503600000.0,7702199572.0,15.0,11.262,-89100000.0,-0.195,1.0,982500000.0,0.73,762000000.0,7700000.0,2150800000.0,,627900000.0,13700000.0,0.0,13700000.0,2196600000.0,1146800000.0,1049800000.0,7774899572.0,118600000.0,-3100000.0,17200000.0,196500000.0,0.0,213300000.0,-45400000.0,-100000.0,-46900000.0,-2400000.0,77000000.0,77000000.0,77000000.0,700000.0,0.0,0.057,852800000.0,129700000.0,242900000.0,0.0,5.171,25.416,25.639,604400000.0,0.0,17.05,1.493,1.494,841000000.0,1690600000.0,1346600000.0,1346600000.0,0.0,,,,,700000.0,848500000.0,1.0,456005840.0,456200000,461200000.0,2.952,2938200000.0,33400000.0,44100000.0,115800000.0,6.441,1043300000.0
72,EL,MRQ,2003-06-30,2003-06-30,2003-06-30,2021-08-27,-53100000.0,3349900000.0,,1844900000.0,1505000000.0,,3.096,-61500000.0,364100000.0,364100000.0,287300000.0,53000000.0,1.751,1.353,291400000.0,7800000.0,283600000.0,291400000.0,0.0,47000000.0,0.0,0.006,0.0,81400000.0,128400000.0,0.105,128400000.0,81400000.0,80300000.0,0.1,0.1,0.1,1423600000.0,,1423600000.0,7571561503.0,15.0,11.369,77800000.0,0.169,1.0,932000000.0,0.764,760700000.0,1100000.0,1462900000.0,,599000000.0,14000000.0,0.0,14000000.0,1926300000.0,1053600000.0,872700000.0,7730961503.0,-163900000.0,-43300000.0,-122300000.0,-90800000.0,-5800000.0,-220100000.0,-87800000.0,17000000.0,139300000.0,4700000.0,53000000.0,47200000.0,47200000.0,3400000.0,0.0,0.039,844400000.0,87600000.0,229900000.0,0.0,5.431,26.083,26.402,607700000.0,5800000.0,16.765,1.517,1.53,634200000.0,1613600000.0,1219300000.0,1219300000.0,0.0,,,,,1400000.0,816900000.0,1.0,461136982.0,459800000,464600000.0,2.652,2589200000.0,0.0,27300000.0,111900000.0,5.631,791300000.0
73,EL,MRQ,2003-03-31,2003-03-31,2003-03-31,2021-08-27,-66800000.0,3468000000.0,,1993900000.0,1474100000.0,,3.18,-36000000.0,528000000.0,528000000.0,313800000.0,83800000.0,1.741,1.349,368600000.0,94400000.0,274200000.0,368600000.0,0.0,42700000.0,0.0,0.008,0.0,127000000.0,169700000.0,0.138,169700000.0,127000000.0,125100000.0,0.17,0.165,0.17,1476300000.0,,1476300000.0,6804521202.0,18.0,12.49,11400000.0,0.025,1.0,919700000.0,0.746,699100000.0,1900000.0,1464000000.0,,532400000.0,29700000.0,0.0,29700000.0,1991700000.0,1145500000.0,846200000.0,7051621202.0,-126800000.0,-6700000.0,-48800000.0,-39600000.0,-52300000.0,-142200000.0,-40300000.0,2400000.0,47400000.0,8300000.0,83800000.0,77900000.0,77900000.0,1200000.0,0.0,0.063,790400000.0,129300000.0,185500000.0,0.0,4.777,32.347,31.958,581200000.0,5900000.0,15.18,1.416,1.415,733100000.0,1566500000.0,1233500000.0,1233500000.0,0.0,,,,,1700000.0,786000000.0,1.0,464533676.0,464200000,468000000.0,2.657,2768900000.0,64600000.0,41300000.0,118600000.0,5.965,848400000.0
74,EL,MRQ,2002-12-31,2002-12-31,2002-12-31,2021-08-27,-79300000.0,3565600000.0,,2085200000.0,1480400000.0,,3.073,-34900000.0,654800000.0,654800000.0,368900000.0,109600000.0,1.746,1.489,407700000.0,84000000.0,323700000.0,407700000.0,0.0,43400000.0,0.0,0.011,0.1,168500000.0,211900000.0,0.151,211900000.0,168500000.0,166300000.0,0.225,0.22,0.225,1432700000.0,,1432700000.0,6210699921.0,19.0,12.529,333900000.0,0.716,1.0,1038500000.0,0.738,693700000.0,2200000.0,1430700000.0,,534600000.0,30000000.0,0.0,30000000.0,2132900000.0,1194100000.0,938800000.0,6157799921.0,297600000.0,300000.0,-27600000.0,-2400000.0,-5900000.0,-37800000.0,-34300000.0,300000.0,368800000.0,900000.0,109600000.0,103800000.0,103800000.0,600000.0,0.0,0.074,867300000.0,171200000.0,202500000.0,0.444,4.298,33.303,33.0,581200000.0,5800000.0,13.2,1.265,1.264,694800000.0,1488500000.0,1407400000.0,1407400000.0,0.0,,,,,-200000.0,861500000.0,1.0,466499994.0,466200000,470000000.0,3.019,2871900000.0,73400000.0,56700000.0,127500000.0,6.16,891100000.0
75,EL,MRQ,2002-09-30,2002-09-30,2002-09-30,2021-08-27,-96900000.0,3409900000.0,,1930900000.0,1479000000.0,,2.945,-36200000.0,357200000.0,357200000.0,357100000.0,73400000.0,1.898,1.461,410100000.0,6500000.0,403600000.0,410100000.0,0.0,41700000.0,0.0,0.005,0.0,113700000.0,155400000.0,0.125,155400000.0,113700000.0,110800000.0,0.145,0.14,0.145,1385500000.0,,1385500000.0,6566050457.0,22.0,14.139,-33100000.0,-0.07,1.0,885400000.0,0.713,694500000.0,2900000.0,1750800000.0,,580600000.0,26800000.0,0.0,26800000.0,2024400000.0,1017500000.0,1006900000.0,6702450457.0,-189700000.0,-700000.0,-137100000.0,-100000.0,-17700000.0,-154900000.0,-35600000.0,1300000.0,3100000.0,-2300000.0,73400000.0,67500000.0,67500000.0,0.0,0.0,0.054,771000000.0,114400000.0,237600000.0,0.0,4.838,40.523,41.057,579700000.0,5900000.0,14.37,1.408,1.42,778700000.0,1431200000.0,1242500000.0,1242500000.0,0.0,,,,,-1400000.0,766400000.0,1.0,466419656.0,470400000,474800000.0,2.641,2715400000.0,73300000.0,37400000.0,127400000.0,5.773,913400000.0
76,EL,MRQ,2002-06-30,2002-06-30,2002-06-30,2021-08-27,-92500000.0,3416500000.0,,1927600000.0,1488900000.0,,3.073,-63300000.0,546900000.0,546900000.0,253600000.0,-25400000.0,2.009,1.337,410500000.0,6600000.0,403900000.0,410500000.0,0.0,44400000.0,0.0,0.004,0.025,-36600000.0,7800000.0,0.007,7800000.0,-36600000.0,-38100000.0,-0.065,-0.065,-0.065,1461900000.0,,1461900000.0,8299450752.0,26.0,17.348,90400000.0,0.19,1.0,843200000.0,0.769,694000000.0,1500000.0,1626500000.0,,544500000.0,30300000.0,0.0,30300000.0,1954600000.0,959600000.0,995000000.0,8358750752.0,77900000.0,-8300000.0,3000000.0,-1900000.0,-17700000.0,-17900000.0,-71400000.0,200000.0,153700000.0,13500000.0,-25400000.0,-31200000.0,-31200000.0,21000000.0,0.0,-0.028,878600000.0,-35400000.0,216400000.0,-0.385,5.718,49.607,49.577,580700000.0,5800000.0,17.6,1.774,1.78,624800000.0,1363700000.0,1096800000.0,1096800000.0,0.0,,,,,700000.0,764300000.0,1.0,474929020.0,475800000,482200000.0,2.305,2722500000.0,72700000.0,-12700000.0,110000000.0,5.722,968000000.0
77,EL,MRQ,2002-03-31,2002-03-31,2002-03-31,2021-08-27,-118900000.0,3349500000.0,,1853600000.0,1495900000.0,,3.097,-41800000.0,469000000.0,469000000.0,318300000.0,50700000.0,2.148,1.273,409700000.0,5300000.0,404400000.0,409700000.0,0.0,40200000.0,0.0,0.004,0.025,80400000.0,120600000.0,0.108,120600000.0,80400000.0,77800000.0,0.095,0.095,0.095,1473500000.0,,1473500000.0,8094848710.0,21.0,14.801,62300000.0,0.131,1.0,803400000.0,0.716,705900000.0,2600000.0,1721300000.0,,514900000.0,33200000.0,0.0,33200000.0,1876000000.0,863000000.0,1013000000.0,8124548710.0,26600000.0,100000.0,-13500000.0,-3800000.0,-17700000.0,-35000000.0,-39900000.0,1800000.0,104100000.0,-2600000.0,50700000.0,44800000.0,44800000.0,0.0,0.0,0.04,722300000.0,81100000.0,191600000.0,0.263,5.514,37.912,37.956,570000000.0,5900000.0,17.08,1.743,1.743,677100000.0,1406800000.0,1121700000.0,1121700000.0,0.0,,,,,1000000.0,719400000.0,1.0,475676154.0,475800000,480800000.0,2.358,2643600000.0,67100000.0,27100000.0,113600000.0,5.556,990600000.0
78,EL,MRQ,2001-12-31,2001-12-31,2001-12-31,2021-08-27,-108100000.0,3356900000.0,,1865900000.0,1491000000.0,,3.073,-48000000.0,442400000.0,442400000.0,343300000.0,90100000.0,2.148,1.294,412700000.0,5500000.0,407200000.0,412700000.0,0.0,39700000.0,0.0,0.005,0.025,140900000.0,180600000.0,0.139,180600000.0,140900000.0,139000000.0,0.175,0.175,0.175,1463400000.0,,1463400000.0,7895454595.0,19.0,13.866,317900000.0,0.668,1.0,954900000.0,0.736,707000000.0,1900000.0,1751400000.0,,560800000.0,35300000.0,0.0,35300000.0,1893500000.0,868800000.0,1024700000.0,7621954595.0,285000000.0,-300000.0,1600000.0,-15400000.0,-17800000.0,-31600000.0,-47700000.0,600000.0,365900000.0,-1600000.0,90100000.0,84300000.0,84300000.0,0.0,0.0,0.065,811400000.0,143500000.0,153400000.0,0.143,5.208,33.327,33.396,564000000.0,5800000.0,16.03,1.641,1.644,663800000.0,1373800000.0,1298200000.0,1298200000.0,0.0,,,,,200000.0,806600000.0,1.0,475480636.0,476200000,481400000.0,2.726,2649900000.0,70000000.0,48900000.0,145600000.0,5.565,997100000.0
79,EL,MRQ,2001-09-30,2001-09-30,2001-09-30,2021-08-27,-101800000.0,3300500000.0,,1795600000.0,1504900000.0,,2.963,-50100000.0,157400000.0,157400000.0,345300000.0,76500000.0,2.064,1.331,430900000.0,17300000.0,413600000.0,430900000.0,0.0,37700000.0,0.0,0.005,0.0,131700000.0,169400000.0,0.142,169400000.0,131700000.0,127900000.0,0.15,0.15,0.15,1415700000.0,,1415700000.0,7984231597.0,17.0,12.661,-154500000.0,-0.323,1.0,849500000.0,0.711,728500000.0,3800000.0,1975500000.0,,647900000.0,34000000.0,0.0,34000000.0,1884800000.0,870000000.0,1014800000.0,7914231597.0,-189300000.0,-10000000.0,-33100000.0,12300000.0,-17800000.0,-38600000.0,-58000000.0,2100000.0,-104400000.0,11700000.0,76500000.0,70600000.0,70600000.0,0.0,0.0,0.059,696600000.0,152900000.0,228700000.0,0.0,5.59,29.764,29.598,551900000.0,5900000.0,16.575,1.707,1.708,794100000.0,1322000000.0,1194800000.0,1194800000.0,0.0,,,,,-2000000.0,692600000.0,1.0,477480036.0,477800000,484600000.0,2.501,2572000000.0,71700000.0,51400000.0,106000000.0,5.383,925600000.0
80,EL,MRQ,2001-06-30,2001-06-30,2001-06-30,2021-08-27,-120500000.0,3218800000.0,,1738900000.0,1479900000.0,,2.832,-58700000.0,346700000.0,346700000.0,240100000.0,20400000.0,2.03,1.381,416700000.0,5800000.0,410900000.0,416700000.0,0.0,43300000.0,0.0,0.005,0.025,33000000.0,76300000.0,0.073,76300000.0,33000000.0,32100000.0,0.03,0.03,0.03,1352100000.0,,1352100000.0,10308860222.0,21.0,15.914,2200000.0,0.005,1.0,807100000.0,0.771,720700000.0,900000.0,1711400000.0,,630300000.0,41000000.0,0.0,41000000.0,1866700000.0,856700000.0,1010000000.0,10272260222.0,-36800000.0,-10000000.0,5600000.0,-3000000.0,-17800000.0,-15200000.0,-69900000.0,-1200000.0,60900000.0,-12600000.0,20400000.0,14600000.0,14600000.0,0.0,0.0,0.014,773600000.0,33500000.0,239800000.0,0.833,7.597,36.452,36.525,528700000.0,5800000.0,21.55,2.201,2.201,580600000.0,1242700000.0,1047200000.0,1047200000.0,0.0,,,,,2000000.0,716000000.0,1.0,476671008.0,477400000,484400000.0,2.194,2498100000.0,70100000.0,11700000.0,79000000.0,5.233,882200000.0
81,EL,MRQ,2001-03-31,2001-03-31,2001-03-31,2021-08-27,-87900000.0,3222500000.0,,1767300000.0,1455200000.0,,2.876,-45600000.0,383500000.0,383500000.0,297700000.0,65100000.0,2.052,1.35,420100000.0,6100000.0,414000000.0,420100000.0,0.0,38800000.0,0.0,0.005,0.025,104300000.0,143100000.0,0.13,143100000.0,104300000.0,102300000.0,0.125,0.12,0.125,1371500000.0,,1371500000.0,8670437804.0,16.0,12.388,-36800000.0,-0.077,1.0,805800000.0,0.73,722100000.0,2000000.0,1675900000.0,,488600000.0,40500000.0,0.0,40500000.0,1851000000.0,861100000.0,989900000.0,8673237804.0,-40500000.0,400000.0,4100000.0,100000.0,-17700000.0,-13500000.0,-42000000.0,3200000.0,8800000.0,6200000.0,65100000.0,59200000.0,59200000.0,0.0,0.0,0.054,700500000.0,105300000.0,187800000.0,0.2,6.324,27.223,27.383,527600000.0,5900000.0,18.21,1.867,1.869,681700000.0,1240100000.0,1103500000.0,1103500000.0,0.0,,,,,-1200000.0,696900000.0,1.0,476289830.0,476800000,484000000.0,2.314,2500400000.0,57500000.0,37200000.0,107700000.0,5.244,906200000.0
82,EL,MRQ,2000-12-31,2000-12-31,2000-12-31,2021-08-27,-78700000.0,3245200000.0,,1801200000.0,1444000000.0,,2.789,-49200000.0,424000000.0,424000000.0,278000000.0,127300000.0,1.963,1.443,421200000.0,6900000.0,414300000.0,421200000.0,0.0,38500000.0,0.0,0.005,0.025,203300000.0,241800000.0,0.187,241800000.0,203300000.0,199000000.0,0.255,0.25,0.255,1328500000.0,,1328500000.0,10614817805.0,19.0,15.399,213200000.0,0.448,1.0,1013600000.0,0.785,728300000.0,4300000.0,1596600000.0,,498400000.0,48300000.0,0.0,48300000.0,1916700000.0,917500000.0,999200000.0,10423917805.0,190200000.0,-4000000.0,2000000.0,-2500000.0,-17800000.0,-18300000.0,-54100000.0,-900000.0,262400000.0,200000.0,127300000.0,121500000.0,121500000.0,0.0,0.0,0.094,810100000.0,203500000.0,223000000.0,0.098,7.846,33.208,33.443,511500000.0,5800000.0,21.905,2.276,2.278,663100000.0,1192700000.0,1291600000.0,1291600000.0,0.0,,,,,2000000.0,803000000.0,1.0,475869336.0,476400000,484400000.0,2.711,2516900000.0,55200000.0,71700000.0,92500000.0,5.283,883700000.0
83,EL,MRQ,2000-09-30,2000-09-30,2000-09-30,2021-08-27,-70900000.0,3137900000.0,,1701700000.0,1436200000.0,,2.564,-38700000.0,233800000.0,233800000.0,263300000.0,92400000.0,1.83,1.57,424700000.0,6600000.0,418100000.0,424700000.0,0.0,35700000.0,0.0,0.005,0.025,150900000.0,186600000.0,0.158,186600000.0,150900000.0,145800000.0,0.18,0.18,0.18,1221200000.0,,1221200000.0,8820134105.0,17.0,13.255,-65400000.0,-0.137,1.0,914400000.0,0.776,732300000.0,5100000.0,1666700000.0,,521500000.0,62100000.0,0.0,62100000.0,1916700000.0,929800000.0,986900000.0,8715034105.0,-86500000.0,-2400000.0,1500000.0,-300000.0,-17700000.0,-16500000.0,-40300000.0,800000.0,-26700000.0,-3000000.0,92400000.0,86500000.0,86500000.0,0.0,0.0,0.073,761100000.0,153300000.0,222300000.0,0.139,7.136,29.002,29.071,488900000.0,5900000.0,18.315,1.926,1.928,725700000.0,1083200000.0,1177700000.0,1177700000.0,0.0,,,,,-2100000.0,752900000.0,1.0,475841338.0,476200000,484400000.0,2.473,2405600000.0,49300000.0,53400000.0,116700000.0,5.052,771900000.0
84,EL,MRQ,2000-06-30,2000-06-30,2000-06-30,2021-08-27,-57100000.0,3043300000.0,,1618500000.0,1424800000.0,,2.441,-59600000.0,320300000.0,320300000.0,472400000.0,57200000.0,1.795,1.623,425400000.0,7000000.0,418400000.0,425400000.0,0.0,34600000.0,0.0,0.004,0.025,93800000.0,128400000.0,0.12,128400000.0,93800000.0,90600000.0,0.105,0.105,0.105,1160300000.0,,1160300000.0,11810838338.0,23.0,18.314,38300000.0,0.081,1.0,600000000.0,0.559,739200000.0,3200000.0,1507400000.0,,546300000.0,61400000.0,0.0,61400000.0,1883000000.0,901800000.0,981200000.0,11749938338.0,-47300000.0,-54800000.0,2000000.0,-3500000.0,-17800000.0,-19300000.0,-125400000.0,-11000000.0,97900000.0,-500000.0,57200000.0,51400000.0,51400000.0,0.0,0.0,0.048,506200000.0,93800000.0,236500000.0,0.238,10.127,40.419,40.508,480300000.0,5800000.0,24.71,2.646,2.646,550200000.0,1008600000.0,1072400000.0,1072400000.0,0.0,,,,,300000.0,497900000.0,1.0,475513490.0,475400000,485000000.0,2.256,2304100000.0,48900000.0,33400000.0,84200000.0,4.847,716700000.0
85,EL,MRQ,2000-03-31,2000-03-31,2000-03-31,2021-08-27,-49700000.0,2956700000.0,,1608200000.0,1348500000.0,,2.361,-44800000.0,367600000.0,367600000.0,230700000.0,60400000.0,1.885,1.631,428500000.0,7000000.0,421500000.0,428500000.0,0.0,33100000.0,0.0,0.004,0.025,99400000.0,132500000.0,0.128,132500000.0,99400000.0,96100000.0,0.115,0.11,0.115,1124000000.0,,1124000000.0,11974968866.0,24.0,19.194,54900000.0,0.115,1.0,808400000.0,0.778,700300000.0,3300000.0,1464100000.0,,444900000.0,56600000.0,0.0,56600000.0,1832700000.0,853200000.0,979500000.0,11893768866.0,19900000.0,-3900000.0,-6000000.0,400000.0,-17700000.0,-23300000.0,-49100000.0,-400000.0,99700000.0,-7400000.0,60400000.0,54500000.0,54500000.0,0.0,0.0,0.052,709000000.0,99400000.0,189000000.0,0.217,10.582,41.894,42.067,438100000.0,5900000.0,25.03,2.781,2.786,606900000.0,969100000.0,1039100000.0,1039100000.0,0.0,,,,,300000.0,701300000.0,1.0,475180538.0,476000000,485600000.0,2.183,2256400000.0,59900000.0,35700000.0,98200000.0,4.74,755000000.0
86,EL,MRQ,1999-12-31,1999-12-31,1999-12-31,2021-08-27,-39100000.0,3020600000.0,,1695100000.0,1325500000.0,,2.295,-43400000.0,347700000.0,347700000.0,283100000.0,113900000.0,1.781,1.77,428900000.0,6800000.0,422100000.0,428900000.0,0.0,31800000.0,0.0,0.004,0.025,186100000.0,217900000.0,0.176,217900000.0,186100000.0,180900000.0,0.23,0.225,0.23,1090300000.0,,1090300000.0,12238970241.0,25.0,20.153,250400000.0,0.527,1.0,952000000.0,0.771,705700000.0,5200000.0,1444400000.0,,463500000.0,47400000.0,0.0,47400000.0,1930300000.0,951700000.0,978600000.0,11952370241.0,97500000.0,-20900000.0,2700000.0,-108300000.0,-17700000.0,-123300000.0,-67300000.0,-3000000.0,293800000.0,-5700000.0,113900000.0,108100000.0,108100000.0,0.0,0.0,0.088,765900000.0,186100000.0,228100000.0,0.109,10.962,43.134,43.483,419400000.0,5800000.0,25.22,2.844,2.851,686900000.0,927300000.0,1235100000.0,1235100000.0,0.0,,,,,4600000.0,756700000.0,1.0,473924276.0,475000000,484400000.0,2.6,2314900000.0,63400000.0,67000000.0,98600000.0,4.873,743400000.0
87,EL,MRQ,1999-09-30,1999-09-30,1999-09-30,2021-08-27,-33300000.0,2926600000.0,,1648600000.0,1278000000.0,,2.082,-33100000.0,250200000.0,250200000.0,251800000.0,82600000.0,1.703,1.959,536800000.0,111700000.0,425100000.0,536800000.0,0.0,29600000.0,0.0,0.005,0.025,136500000.0,166100000.0,0.152,166100000.0,136500000.0,131100000.0,0.16,0.16,0.16,989000000.0,,989000000.0,9346016102.0,20.0,16.234,-82000000.0,-0.173,1.0,841900000.0,0.77,693300000.0,5400000.0,1551700000.0,,510400000.0,33400000.0,0.0,33400000.0,1937600000.0,968200000.0,969400000.0,9264416102.0,-97300000.0,-100900000.0,-8300000.0,104000000.0,-17700000.0,78000000.0,-132500000.0,1500000.0,-48900000.0,6100000.0,82600000.0,76700000.0,76700000.0,0.0,0.0,0.07,705400000.0,136500000.0,214800000.0,0.156,9.367,35.564,35.835,399400000.0,5900000.0,19.53,2.283,2.286,699000000.0,831100000.0,1093700000.0,1093700000.0,0.0,,,,,-3500000.0,697400000.0,1.0,474368464.0,475000000,485200000.0,2.303,2233300000.0,65800000.0,48500000.0,102800000.0,4.702,680400000.0
88,EL,MRQ,1999-06-30,1999-06-30,1999-06-30,2021-08-27,-44300000.0,2746700000.0,,1570200000.0,1176500000.0,,1.945,-35300000.0,347500000.0,347500000.0,204400000.0,50400000.0,1.821,1.971,429100000.0,6600000.0,422500000.0,429100000.0,0.0,24200000.0,0.0,0.004,0.025,83200000.0,107400000.0,0.118,107400000.0,83200000.0,80800000.0,0.09,0.09,0.09,924500000.0,,924500000.0,11947820449.0,26.0,21.47,5400000.0,0.011,1.0,704300000.0,0.775,608500000.0,2400000.0,1357600000.0,,513000000.0,35500000.0,0.0,35500000.0,1822200000.0,862200000.0,960000000.0,11886420449.0,-22600000.0,0.0,1800000.0,-2000000.0,-15900000.0,-16100000.0,-36900000.0,-1600000.0,40700000.0,-10300000.0,50400000.0,44600000.0,44600000.0,0.0,0.0,0.049,621100000.0,83200000.0,223100000.0,0.278,12.857,47.641,47.743,383600000.0,5800000.0,25.065,3.0,2.999,533700000.0,766200000.0,908700000.0,908700000.0,0.0,,,,,8300000.0,613100000.0,1.0,474223836.0,475200000,485400000.0,1.912,2138200000.0,63600000.0,30400000.0,87600000.0,4.5,708000000.0
89,EL,MRQ,1999-03-31,1999-03-31,1999-03-31,2021-08-27,-27500000.0,2717000000.0,,1571900000.0,1145100000.0,,1.876,-35000000.0,370100000.0,370100000.0,216100000.0,53600000.0,1.876,2.056,431500000.0,5900000.0,425600000.0,431500000.0,0.0,25600000.0,0.0,0.004,0.021,90300000.0,115900000.0,0.12,115900000.0,90300000.0,86900000.0,0.1,0.1,0.1,889200000.0,,889200000.0,11192878177.0,25.0,20.388,57500000.0,0.121,1.0,748700000.0,0.776,615200000.0,3400000.0,1325200000.0,,412600000.0,33300000.0,0.0,33300000.0,1827800000.0,838000000.0,989800000.0,11163378177.0,-32600000.0,-75000000.0,12300000.0,0.0,-15900000.0,-3600000.0,-115100000.0,-5100000.0,92500000.0,-6400000.0,53600000.0,47700000.0,47700000.0,0.0,0.0,0.049,658400000.0,90300000.0,157000000.0,0.21,12.554,45.921,45.874,366400000.0,5900000.0,23.625,2.864,2.873,612900000.0,733700000.0,964800000.0,964800000.0,0.0,,,,,0.0,650500000.0,1.0,472523944.0,474000000,483600000.0,2.035,2101800000.0,54700000.0,33300000.0,91000000.0,4.434,733900000.0
90,EL,MRQ,1998-12-31,1998-12-31,1998-12-31,2021-08-27,-8400000.0,2751300000.0,,1682800000.0,1068500000.0,,1.791,-28500000.0,402700000.0,402700000.0,249800000.0,97300000.0,1.861,2.248,432200000.0,6100000.0,426100000.0,432200000.0,0.0,24500000.0,0.0,0.004,0.021,161800000.0,186300000.0,0.171,186300000.0,161800000.0,157000000.0,0.195,0.19,0.195,847100000.0,,847100000.0,10345357574.0,23.0,19.312,249500000.0,0.527,1.0,841200000.0,0.771,547700000.0,4800000.0,1328700000.0,,449900000.0,27900000.0,0.0,27900000.0,1904200000.0,904400000.0,999800000.0,10095257574.0,198300000.0,0.0,-9600000.0,-26800000.0,-15900000.0,-52300000.0,-26900000.0,1600000.0,278000000.0,-500000.0,97300000.0,91500000.0,91500000.0,0.0,0.0,0.084,679400000.0,161800000.0,182500000.0,0.108,11.917,42.922,42.75,354300000.0,5800000.0,21.375,2.654,2.657,649000000.0,695900000.0,1091000000.0,1091000000.0,0.0,,,,,0.0,670300000.0,1.0,472292752.0,473000000,480600000.0,2.307,2203600000.0,62800000.0,59700000.0,116400000.0,4.659,778400000.0
91,EL,MRQ,1998-09-30,1998-09-30,1998-09-30,2021-08-27,-18400000.0,2603800000.0,,1547100000.0,1056700000.0,,1.614,-19100000.0,204400000.0,204400000.0,229600000.0,71600000.0,1.756,2.403,454500000.0,29000000.0,425500000.0,454500000.0,0.0,25300000.0,0.0,0.007,0.021,121600000.0,146900000.0,0.147,146900000.0,121600000.0,115500000.0,0.14,0.135,0.14,765200000.0,,765200000.0,6222994505.0,15.0,12.157,-78000000.0,-0.165,1.0,767400000.0,0.77,555200000.0,6100000.0,1417900000.0,,497500000.0,24900000.0,0.0,24900000.0,1838600000.0,880800000.0,957800000.0,6063994505.0,-73100000.0,0.0,-2600000.0,17300000.0,-15900000.0,-1200000.0,-21400000.0,-2300000.0,-58900000.0,8400000.0,71600000.0,65700000.0,65700000.0,0.0,0.0,0.066,645800000.0,121600000.0,165500000.0,0.15,7.925,27.168,27.088,341000000.0,5900000.0,12.812,1.633,1.635,685700000.0,615100000.0,997000000.0,997000000.0,0.0,,,,,0.0,638200000.0,1.0,473287376.0,474000000,480400000.0,2.103,2048600000.0,63600000.0,43900000.0,110500000.0,4.322,666300000.0
92,EL,MRQ,1998-06-30,1998-06-30,1998-06-30,2021-08-27,-34200000.0,2512800000.0,,1454600000.0,1058200000.0,,1.47,-30900000.0,277500000.0,277500000.0,190700000.0,44000000.0,1.737,2.608,436500000.0,11500000.0,425000000.0,436500000.0,0.0,22500000.0,0.0,0.005,0.021,77400000.0,99900000.0,0.118,99900000.0,77400000.0,73300000.0,0.08,0.08,0.08,696400000.0,,696400000.0,8373653015.0,21.0,17.301,-12500000.0,-0.026,1.0,654300000.0,0.774,563300000.0,4100000.0,1271100000.0,,513200000.0,27700000.0,0.0,27700000.0,1816400000.0,837400000.0,979000000.0,8244753015.0,-5900000.0,0.0,0.0,25500000.0,-15900000.0,9600000.0,-30400000.0,500000.0,18400000.0,-3500000.0,44000000.0,38200000.0,38200000.0,0.0,0.0,0.045,576900000.0,77400000.0,209100000.0,0.263,11.839,38.635,38.717,335800000.0,5800000.0,17.422,2.279,2.281,497800000.0,559600000.0,845000000.0,845000000.0,0.0,,,,,0.0,569200000.0,1.0,473224452.0,473600000,480800000.0,1.784,1949500000.0,59600000.0,29300000.0,79400000.0,4.116,617200000.0
93,EL,MRQ,1998-03-31,1998-03-31,1998-03-31,2021-08-27,-28500000.0,2483900000.0,,1436800000.0,1047100000.0,,1.423,-39600000.0,283400000.0,283400000.0,195100000.0,45700000.0,1.673,2.686,412300000.0,7300000.0,405000000.0,412300000.0,0.0,22700000.0,0.0,0.005,0.021,79900000.0,102600000.0,0.118,102600000.0,79900000.0,76800000.0,0.085,0.083,0.085,673800000.0,,673800000.0,8046293602.0,21.0,17.428,18300000.0,0.039,1.0,676400000.0,0.776,571000000.0,3100000.0,1182900000.0,,423700000.0,27400000.0,0.0,27400000.0,1810100000.0,858900000.0,951200000.0,8028693602.0,-9200000.0,-109600000.0,200000.0,102200000.0,-16000000.0,86400000.0,-146800000.0,2400000.0,57900000.0,-6700000.0,45700000.0,39800000.0,39800000.0,0.0,0.0,0.046,595600000.0,80800000.0,151800000.0,0.247,11.916,38.955,39.011,322200000.0,5900000.0,16.97,2.262,2.265,557000000.0,531400000.0,871500000.0,871500000.0,0.0,,,,,0.0,588100000.0,1.0,473110996.0,473600000,479600000.0,1.84,1912900000.0,61000000.0,31100000.0,72100000.0,4.039,577900000.0
94,EL,MRQ,1997-12-31,1997-12-31,1997-12-31,2021-08-27,-20600000.0,2389900000.0,,1448800000.0,941100000.0,,1.376,-30500000.0,292600000.0,292600000.0,229300000.0,85300000.0,1.243,2.666,310200000.0,310200000.0,0.0,310200000.0,0.0,19200000.0,0.0,0.007,0.021,143300000.0,162500000.0,0.162,162500000.0,143300000.0,143200000.0,0.168,0.165,0.168,651900000.0,,651900000.0,,,,185000000.0,0.391,1.0,771600000.0,0.771,494300000.0,100000.0,747700000.0,,421900000.0,25500000.0,0.0,25500000.0,1738000000.0,1165500000.0,572500000.0,6084207409.0,95100000.0,-350300000.0,0.0,256300000.0,-5800000.0,250500000.0,-379700000.0,1100000.0,215500000.0,8800000.0,85300000.0,79500000.0,79500000.0,0.0,0.0,0.079,626700000.0,144900000.0,160900000.0,0.125,9.333,30.62,30.619,298700000.0,5800000.0,12.86,1.754,1.756,569700000.0,501700000.0,1000900000.0,1000900000.0,0.0,,,,,0.0,618100000.0,1.0,473110996.0,473600000,478000000.0,2.113,1895600000.0,62600000.0,57900000.0,78300000.0,4.003,283300000.0
95,EL,MRQ,1997-09-30,1997-09-30,1997-09-30,2021-08-27,,,,,,,,-19600000.0,,,204400000.0,61800000.0,,,,,,,,15400000.0,,0.007,0.021,103600000.0,119000000.0,0.132,119000000.0,103600000.0,104600000.0,0.117,0.117,0.117,,,,,,,-53200000.0,-0.112,1.0,696200000.0,0.773,,-1000000.0,,,,,,,,,,,-58100000.0,0.0,0.0,14600000.0,-15900000.0,-1300000.0,-20300000.0,-700000.0,-33600000.0,-2900000.0,61800000.0,55900000.0,55900000.0,0.0,0.0,0.062,590200000.0,106000000.0,,0.179,,,29.8,,5900000.0,11.562,,1.606,,,900600000.0,900600000.0,0.0,,,,,0.0,590200000.0,1.0,,473600000,477200000.0,1.902,,,42800000.0,,,
96,EL,MRQ,1997-06-30,1997-06-30,1997-06-30,2021-08-27,-5200000.0,1873100000.0,,1311100000.0,562000000.0,,1.157,-24100000.0,255600000.0,255600000.0,180400000.0,36700000.0,1.726,2.42,31100000.0,31100000.0,0.0,31100000.0,0.0,16000000.0,0.0,0.007,0.021,61600000.0,77600000.0,0.1,77600000.0,61600000.0,64200000.0,0.065,0.062,0.065,547700000.0,,547700000.0,,,,29600000.0,0.063,1.0,595500000.0,0.767,161300000.0,-2600000.0,727800000.0,,440600000.0,25900000.0,0.0,25900000.0,1325400000.0,759500000.0,565900000.0,,-9600000.0,0.0,4200000.0,-22600000.0,-15900000.0,-34300000.0,-24600000.0,-500000.0,53700000.0,-4400000.0,36700000.0,30900000.0,30900000.0,0.0,0.0,0.04,532500000.0,63000000.0,165800000.0,0.323,,,33.953,265000000.0,5800000.0,12.562,,1.749,471700000.0,386400000.0,775900000.0,775900000.0,0.0,,,,,0.0,499700000.0,1.0,,473200000,476000000.0,1.64,1711800000.0,59900000.0,27500000.0,57400000.0,3.617,551600000.0
97,EL,MRQ,1997-03-31,1997-03-31,1997-03-31,2021-08-27,,,,,,,,-28100000.0,,,167300000.0,38300000.0,,,,,,,,14800000.0,,0.007,0.021,65900000.0,80700000.0,0.102,80700000.0,65900000.0,68200000.0,0.07,0.068,0.07,,,,,,,16800000.0,0.036,1.0,624100000.0,0.789,,-2300000.0,,,,,,,,,,,-23300000.0,-46500000.0,38100000.0,-2400000.0,-25800000.0,9900000.0,-75400000.0,-800000.0,44900000.0,-2700000.0,38300000.0,32400000.0,32400000.0,0.0,0.0,0.041,555200000.0,68900000.0,,0.3,,,,,5900000.0,12.095,,,,,791400000.0,791400000.0,0.0,,,,,0.0,555200000.0,1.0,,471200000,474800000.0,1.68,,,29900000.0,,,
98,EL,MRQ,1996-12-31,1996-12-31,1996-12-31,2021-08-27,,,,,,,,,,,217600000.0,69900000.0,,,,,,,,,,0.007,0.021,120300000.0,,,,120300000.0,120400000.0,0.135,0.135,0.135,,,,,,,,,1.0,723900000.0,0.769,,-100000.0,,,,,,,,,,,,,,,,,,,,,69900000.0,64100000.0,64100000.0,0.0,0.0,0.068,598000000.0,125900000.0,,0.156,,,,,5800000.0,12.72,,,,,941500000.0,941500000.0,0.0,,,,,,598000000.0,1.0,,469600000,473200000.0,2.005,,,50500000.0,,,
0,EL,MRT,2021-06-30,2021-06-30,2021-06-30,2021-08-27,-470000000.0,21971000000.0,19842250000.0,9768000000.0,12203000000.0,0.817,16.691,-637000000.0,4958000000.0,4958000000.0,3834000000.0,2875000000.0,1.844,2.622,8099000000.0,411000000.0,7688000000.0,8099000000.0,0.0,651000000.0,0.0,0.007,2.07,3499000000.0,4150000000.0,0.256,4150000000.0,3499000000.0,3326000000.0,7.91,7.79,7.91,6057000000.0,5364500000.0,6057000000.0,117436776882.0,34.0,28.298,2994000000.0,8.25,1.0,12381000000.0,0.764,6711000000.0,173000000.0,13103000000.0,13092000000.0,2505000000.0,0.0,0.0,0.0,15880000000.0,5298000000.0,10582000000.0,115307776882.0,-64000000.0,-1033000000.0,-518000000.0,-611000000.0,-753000000.0,-1892000000.0,-1864000000.0,-194000000.0,3631000000.0,61000000.0,2870000000.0,2870000000.0,2870000000.0,0.0,5000000.0,0.177,9763000000.0,2618000000.0,1692000000.0,0.262,19.037,40.177,40.212,4470000000.0,0.0,318.08,7.111,7.119,1702000000.0,12244000000.0,16215000000.0,16215000000.0,0.0,0.145,0.535,0.267,0.216,327000000.0,9371000000.0,1.0,362511874.0,362900000,368200000.0,44.682,15260000000.0,0.0,456000000.0,0.0,42.05,4470000000.0
1,EL,MRT,2021-03-31,2021-03-31,2021-03-31,2021-08-27,-487000000.0,19900000000.0,18794750000.0,10997000000.0,8903000000.0,0.783,15.204,-541000000.0,6399000000.0,6399000000.0,3615000000.0,1401000000.0,2.116,2.594,8528000000.0,843000000.0,7685000000.0,8528000000.0,0.0,639000000.0,0.0,0.005,1.54,1845000000.0,2484000000.0,0.169,2484000000.0,1845000000.0,1665000000.0,3.81,3.77,3.81,5528000000.0,4834000000.0,5528000000.0,108047599412.0,59.0,43.497,2571000000.0,7.071,1.0,11094000000.0,0.754,3663000000.0,180000000.0,13169000000.0,12973750000.0,2134000000.0,0.0,0.0,0.0,14342000000.0,5197000000.0,9145000000.0,105508599412.0,1523000000.0,24000000.0,-114000000.0,-227000000.0,-562000000.0,-926000000.0,-718000000.0,-201000000.0,3112000000.0,55000000.0,1390000000.0,1390000000.0,1390000000.0,0.0,11000000.0,0.094,9253000000.0,1841000000.0,1277000000.0,0.404,19.086,75.905,76.339,4318000000.0,0.0,290.85,7.173,7.19,1735000000.0,11420000000.0,14709000000.0,14709000000.0,0.0,0.074,0.288,0.142,0.125,258000000.0,8645000000.0,1.0,362759496.0,363600000,369000000.0,40.454,16237000000.0,0.0,275000000.0,0.0,44.656,5800000000.0
2,EL,MRT,2020-12-31,2020-12-31,2020-12-31,2021-08-27,-383000000.0,19595000000.0,18410500000.0,10291000000.0,9304000000.0,0.771,14.934,-582000000.0,5545000000.0,5545000000.0,3512000000.0,939000000.0,1.899,2.608,8084000000.0,857000000.0,7227000000.0,8084000000.0,0.0,640000000.0,0.0,0.006,1.49,1344000000.0,1984000000.0,0.14,1984000000.0,1344000000.0,1165000000.0,2.54,2.51,2.54,5421000000.0,4534250000.0,5421000000.0,100082806376.0,74.0,50.445,2421000000.0,6.669,1.0,10678000000.0,0.753,3825000000.0,179000000.0,12889000000.0,12892250000.0,2116000000.0,0.0,0.0,0.0,14139000000.0,5420000000.0,8719000000.0,96255806376.0,1949000000.0,19000000.0,31000000.0,185000000.0,-541000000.0,-345000000.0,-745000000.0,-182000000.0,3003000000.0,36000000.0,928000000.0,928000000.0,928000000.0,0.0,11000000.0,0.065,9344000000.0,1334000000.0,1299000000.0,0.587,17.756,103.724,104.799,4467000000.0,0.0,266.19,6.783,6.81,1972000000.0,11159000000.0,14190000000.0,14190000000.0,0.0,0.05,0.205,0.104,0.095,243000000.0,8530000000.0,1.0,361605644.0,363000000,368000000.0,39.091,15770000000.0,0.0,237000000.0,0.0,43.444,4871000000.0
3,EL,MRT,2020-09-30,2020-09-30,2020-09-30,2021-08-27,-594000000.0,17903000000.0,17996000000.0,8795000000.0,9108000000.0,0.776,12.295,-614000000.0,4267000000.0,4267000000.0,3469000000.0,623000000.0,1.854,3.015,8094000000.0,872000000.0,7222000000.0,8094000000.0,0.0,624000000.0,0.0,0.007,1.44,1120000000.0,1744000000.0,0.125,1744000000.0,1120000000.0,946000000.0,1.69,1.66,1.69,4452000000.0,4322500000.0,4452000000.0,82512612898.0,74.0,47.312,2194000000.0,6.059,1.0,10492000000.0,0.752,3779000000.0,174000000.0,13207000000.0,12919250000.0,2204000000.0,0.0,0.0,0.0,13422000000.0,4744000000.0,8678000000.0,78745612898.0,2008000000.0,-1021000000.0,-422000000.0,1956000000.0,-521000000.0,987000000.0,-1812000000.0,-177000000.0,2808000000.0,25000000.0,612000000.0,612000000.0,612000000.0,0.0,11000000.0,0.044,9960000000.0,532000000.0,1178000000.0,0.852,17.688,128.669,129.142,4399000000.0,0.0,218.25,5.64,5.661,1812000000.0,10480000000.0,13961000000.0,13961000000.0,0.0,0.034,0.142,0.087,0.08,221000000.0,8478000000.0,1.0,360804641.0,362100000,367200000.0,38.556,14124000000.0,0.0,334000000.0,0.0,39.006,4051000000.0
4,EL,MRT,2020-06-30,2020-06-30,2020-06-30,2021-08-27,-665000000.0,17781000000.0,17378000000.0,8892000000.0,8889000000.0,0.823,10.912,-623000000.0,5022000000.0,5022000000.0,3552000000.0,696000000.0,1.717,3.512,8789000000.0,1597000000.0,7192000000.0,8789000000.0,0.0,611000000.0,0.0,0.007,1.39,1195000000.0,1806000000.0,0.126,1806000000.0,1195000000.0,1034000000.0,1.9,1.86,1.9,3935000000.0,4342000000.0,3935000000.0,71908540754.0,60.0,39.816,1657000000.0,4.595,1.0,10742000000.0,0.752,3739000000.0,161000000.0,12630000000.0,12522250000.0,2062000000.0,0.0,0.0,0.0,13819000000.0,5179000000.0,8640000000.0,67924540754.0,2035000000.0,-1047000000.0,-713000000.0,2705000000.0,-503000000.0,1461000000.0,-1698000000.0,-28000000.0,2280000000.0,-8000000.0,684000000.0,684000000.0,684000000.0,0.0,12000000.0,0.048,10136000000.0,606000000.0,1177000000.0,0.732,17.262,99.305,99.305,4337000000.0,0.0,188.68,4.752,4.76,1194000000.0,10134000000.0,14294000000.0,14294000000.0,0.0,0.039,0.158,0.095,0.084,213000000.0,8637000000.0,1.0,359998626.0,360600000,366900000.0,39.639,14042000000.0,0.0,350000000.0,0.0,38.941,3713000000.0
5,EL,MRT,2020-03-31,2020-03-31,2020-03-31,2021-08-27,-712000000.0,18363000000.0,16221750000.0,9233000000.0,9130000000.0,0.953,12.018,-769000000.0,4876000000.0,4876000000.0,3620000000.0,1313000000.0,1.625,3.235,8860000000.0,1898000000.0,6962000000.0,8860000000.0,0.0,600000000.0,0.0,0.011,1.82,1984000000.0,2584000000.0,0.167,2584000000.0,1984000000.0,1840000000.0,3.62,3.54,3.62,4329000000.0,4454750000.0,4329000000.0,61564142798.0,31.0,23.825,1937000000.0,5.378,1.0,11834000000.0,0.766,3823000000.0,144000000.0,12843000000.0,10841000000.0,2087000000.0,0.0,0.0,0.0,14005000000.0,5681000000.0,8324000000.0,57289142798.0,1974000000.0,-1047000000.0,-908000000.0,2768000000.0,-658000000.0,1166000000.0,-1858000000.0,-42000000.0,2706000000.0,-40000000.0,1303000000.0,1303000000.0,1303000000.0,0.0,10000000.0,0.084,10469000000.0,1365000000.0,1162000000.0,0.503,13.234,43.967,44.017,4538000000.0,0.0,159.34,3.707,3.714,1846000000.0,10595000000.0,15454000000.0,15454000000.0,0.0,0.08,0.292,0.183,0.128,252000000.0,9175000000.0,1.0,359540246.0,360200000,360200000.0,42.904,14540000000.0,0.0,537000000.0,0.0,40.366,3552000000.0
6,EL,MRT,2019-12-31,2019-12-31,2019-12-31,2021-08-27,-569000000.0,17937000000.0,14863750000.0,8348000000.0,9589000000.0,1.067,12.699,-741000000.0,3596000000.0,3596000000.0,3603000000.0,1874000000.0,1.685,2.916,7871000000.0,891000000.0,6980000000.0,7871000000.0,0.0,575000000.0,0.0,0.009,1.77,2621000000.0,3196000000.0,0.202,3196000000.0,2621000000.0,2487000000.0,5.17,5.07,5.17,4574000000.0,4519500000.0,4574000000.0,78152891237.0,30.0,24.453,1758000000.0,4.881,1.0,12250000000.0,0.773,4262000000.0,134000000.0,12997000000.0,9159500000.0,2058000000.0,0.0,0.0,0.0,13336000000.0,4953000000.0,8383000000.0,74315891237.0,1720000000.0,-1040000000.0,-1038000000.0,1766000000.0,-642000000.0,50000000.0,-842000000.0,939000000.0,2499000000.0,13000000.0,1864000000.0,1864000000.0,1864000000.0,0.0,10000000.0,0.118,10320000000.0,1930000000.0,1137000000.0,0.342,16.247,39.869,39.95,4603000000.0,0.0,206.54,4.688,4.693,2225000000.0,10775000000.0,15853000000.0,15853000000.0,0.0,0.125,0.412,0.286,0.165,251000000.0,9315000000.0,1.0,359813553.0,360200000,366700000.0,44.012,13675000000.0,0.0,623000000.0,0.0,37.965,3395000000.0
7,EL,MRT,2019-09-30,2019-09-30,2019-09-30,2021-08-27,-627000000.0,15431000000.0,13548500000.0,7022000000.0,8409000000.0,1.124,12.535,-739000000.0,2259000000.0,2259000000.0,3472000000.0,1890000000.0,1.53,2.4,6096000000.0,866000000.0,5230000000.0,6096000000.0,0.0,568000000.0,0.0,0.009,1.72,2555000000.0,3123000000.0,0.205,3123000000.0,2555000000.0,2424000000.0,5.2,5.1,5.2,4530000000.0,4452500000.0,4530000000.0,72197472450.0,28.0,23.118,1727000000.0,4.779,1.0,11762000000.0,0.772,3059000000.0,131000000.0,11619000000.0,7728000000.0,2055000000.0,0.0,0.0,0.0,10873000000.0,4590000000.0,6283000000.0,71772472450.0,816000000.0,0.0,-1124000000.0,-169000000.0,-624000000.0,-1947000000.0,314000000.0,1053000000.0,2466000000.0,-17000000.0,1880000000.0,1880000000.0,1880000000.0,0.0,10000000.0,0.123,9322000000.0,2440000000.0,1071000000.0,0.331,15.844,38.177,38.26,4534000000.0,0.0,198.95,4.711,4.72,2294000000.0,10393000000.0,15234000000.0,15234000000.0,0.0,0.139,0.422,0.331,0.168,241000000.0,9034000000.0,1.0,360756333.0,361400000,368600000.0,42.153,12372000000.0,0.0,544000000.0,0.0,34.234,2432000000.0
8,EL,MRT,2019-06-30,2019-06-30,2019-06-30,2021-08-27,-563000000.0,13156000000.0,12826500000.0,7212000000.0,5944000000.0,1.159,12.066,-742000000.0,2987000000.0,2987000000.0,3387000000.0,1794000000.0,1.566,1.994,3412000000.0,516000000.0,2896000000.0,3412000000.0,0.0,557000000.0,0.0,0.009,1.67,2431000000.0,2988000000.0,0.201,2988000000.0,2431000000.0,2298000000.0,4.91,4.82,4.91,4386000000.0,4421500000.0,4386000000.0,66759485926.0,27.0,22.343,1775000000.0,4.883,1.0,11476000000.0,0.772,3071000000.0,133000000.0,5905000000.0,6795250000.0,2006000000.0,0.0,0.0,0.0,8745000000.0,4605000000.0,4140000000.0,66262485926.0,806000000.0,0.0,-1363000000.0,-172000000.0,-609000000.0,-2173000000.0,473000000.0,1215000000.0,2517000000.0,-11000000.0,1785000000.0,1785000000.0,1785000000.0,0.0,9000000.0,0.12,9163000000.0,2313000000.0,1490000000.0,0.34,15.108,37.122,37.293,2068000000.0,0.0,183.11,4.458,4.478,1831000000.0,9984000000.0,14863000000.0,14863000000.0,0.0,0.139,0.404,0.358,0.164,243000000.0,8857000000.0,1.0,361872568.0,363500000,370400000.0,40.889,10085000000.0,0.0,513000000.0,0.0,27.744,2607000000.0
9,EL,MRT,2019-03-31,2019-03-31,2019-03-31,2021-08-27,-498000000.0,12931000000.0,12679250000.0,7160000000.0,5771000000.0,1.149,12.678,-702000000.0,2902000000.0,2902000000.0,3249000000.0,1824000000.0,1.692,1.812,3399000000.0,516000000.0,2883000000.0,3399000000.0,0.0,546000000.0,0.0,0.01,1.62,2492000000.0,3038000000.0,0.209,3038000000.0,2492000000.0,2359000000.0,4.98,4.9,4.98,4588000000.0,4497000000.0,4588000000.0,61305453696.0,25.0,20.18,1696000000.0,4.686,1.0,11319000000.0,0.777,3080000000.0,133000000.0,6117000000.0,7173500000.0,1814000000.0,173000000.0,0.0,173000000.0,8314000000.0,4231000000.0,4083000000.0,59790453696.0,762000000.0,0.0,-1248000000.0,-283000000.0,-592000000.0,-2164000000.0,560000000.0,1262000000.0,2398000000.0,-32000000.0,1814000000.0,1814000000.0,1814000000.0,0.0,10000000.0,0.125,8944000000.0,2375000000.0,1068000000.0,0.325,13.032,32.961,33.243,1891000000.0,0.0,165.55,4.104,4.113,2036000000.0,9984000000.0,14568000000.0,14568000000.0,0.0,0.143,0.403,0.347,0.171,241000000.0,8722000000.0,1.0,361162511.0,361900000,368300000.0,40.254,9851000000.0,0.0,545000000.0,0.0,27.22,2929000000.0
10,EL,MRT,2018-12-31,2018-12-31,2018-12-31,2021-08-27,-430000000.0,12676000000.0,12639500000.0,6440000000.0,6236000000.0,1.123,11.852,-658000000.0,1876000000.0,1876000000.0,3113000000.0,1641000000.0,1.706,1.938,3391000000.0,18000000.0,3373000000.0,3391000000.0,0.0,544000000.0,0.0,0.012,1.57,2246000000.0,2790000000.0,0.197,2790000000.0,2246000000.0,2112000000.0,4.46,4.38,4.46,4306000000.0,4527750000.0,4306000000.0,49308115714.0,22.0,17.673,1738000000.0,4.784,1.0,11081000000.0,0.781,3144000000.0,134000000.0,7271000000.0,7564000000.0,1651000000.0,1125000000.0,525000000.0,600000000.0,8343000000.0,3776000000.0,4567000000.0,47207115714.0,-229000000.0,0.0,-1329000000.0,-400000000.0,-576000000.0,-2346000000.0,-260000000.0,398000000.0,2396000000.0,-19000000.0,1631000000.0,1631000000.0,1631000000.0,0.0,10000000.0,0.115,8882000000.0,2199000000.0,995000000.0,0.352,10.963,28.944,29.17,1859000000.0,0.0,130.1,3.326,3.33,2000000000.0,9586000000.0,14194000000.0,14194000000.0,0.0,0.129,0.36,0.297,0.158,235000000.0,8644000000.0,1.0,362852542.0,363300000,369900000.0,39.07,9532000000.0,0.0,481000000.0,0.0,26.237,2664000000.0
11,EL,MRT,2018-09-30,2018-09-30,2018-09-30,2021-08-27,-409000000.0,12543000000.0,12621500000.0,6249000000.0,6294000000.0,1.104,12.012,-641000000.0,1443000000.0,1443000000.0,2956000000.0,1189000000.0,1.754,1.841,3544000000.0,183000000.0,3361000000.0,3544000000.0,0.0,536000000.0,0.0,0.01,1.52,2187000000.0,2723000000.0,0.195,2723000000.0,2187000000.0,2056000000.0,3.21,3.16,3.21,4406000000.0,4592500000.0,4406000000.0,54723662597.0,25.0,20.097,1720000000.0,4.689,1.0,10977000000.0,0.788,3193000000.0,131000000.0,7888000000.0,7660000000.0,1681000000.0,1211000000.0,550000000.0,661000000.0,8113000000.0,3563000000.0,4550000000.0,53360662597.0,-1000000.0,0.0,-1011000000.0,-375000000.0,-561000000.0,-1987000000.0,-374000000.0,267000000.0,2361000000.0,-1000000.0,1181000000.0,1181000000.0,1181000000.0,0.0,8000000.0,0.085,8839000000.0,2138000000.0,913000000.0,0.474,12.111,45.183,45.271,1838000000.0,0.0,145.32,3.83,3.826,2214000000.0,9170000000.0,13933000000.0,13933000000.0,0.0,0.094,0.257,0.286,0.157,237000000.0,8601000000.0,1.0,367194210.0,366800000,374400000.0,37.985,9350000000.0,0.0,875000000.0,0.0,25.491,2686000000.0
12,EL,MRT,2018-06-30,2018-06-30,2018-06-30,2021-08-27,-434000000.0,12567000000.0,12536250000.0,6168000000.0,6399000000.0,1.091,12.739,-629000000.0,2181000000.0,2181000000.0,2844000000.0,1117000000.0,1.863,1.676,3544000000.0,183000000.0,3361000000.0,3544000000.0,0.0,531000000.0,0.0,0.01,1.48,2099000000.0,2630000000.0,0.192,2630000000.0,2099000000.0,1971000000.0,3.01,2.95,3.01,4688000000.0,4673750000.0,4688000000.0,53891782353.0,26.0,20.491,1933000000.0,5.253,1.0,10839000000.0,0.792,3202000000.0,128000000.0,7418000000.0,7766500000.0,1618000000.0,1377000000.0,534000000.0,843000000.0,7857000000.0,3310000000.0,4547000000.0,52372782353.0,1045000000.0,0.0,-577000000.0,-10000000.0,-546000000.0,-1172000000.0,-358000000.0,271000000.0,2562000000.0,13000000.0,1108000000.0,1108000000.0,1108000000.0,0.0,9000000.0,0.081,8784000000.0,2055000000.0,1182000000.0,0.492,11.172,47.268,47.405,1823000000.0,0.0,142.69,3.828,3.838,1487000000.0,9040000000.0,13683000000.0,13683000000.0,0.0,0.088,0.237,0.27,0.153,236000000.0,8553000000.0,1.0,367038912.0,368000000,375700000.0,37.182,9365000000.0,0.0,863000000.0,0.0,25.448,2858000000.0
13,EL,MRT,2018-03-31,2018-03-31,2018-03-31,2021-08-27,-386000000.0,12772000000.0,12286500000.0,6169000000.0,6603000000.0,1.081,12.805,-556000000.0,2140000000.0,2140000000.0,2757000000.0,1159000000.0,1.821,1.706,3659000000.0,296000000.0,3363000000.0,3659000000.0,0.0,516000000.0,0.0,0.01,1.44,2046000000.0,2562000000.0,0.193,2562000000.0,2046000000.0,1918000000.0,3.12,3.07,3.12,4711000000.0,4597750000.0,4711000000.0,56745599988.0,28.0,22.149,1902000000.0,5.17,1.0,10525000000.0,0.792,3224000000.0,128000000.0,7679000000.0,7896500000.0,1533000000.0,1411000000.0,384000000.0,1027000000.0,8035000000.0,3388000000.0,4647000000.0,55063599988.0,1001000000.0,19000000.0,-522000000.0,-227000000.0,-532000000.0,-1275000000.0,-242000000.0,295000000.0,2458000000.0,60000000.0,1151000000.0,1151000000.0,1151000000.0,0.0,8000000.0,0.087,8506000000.0,2019000000.0,884000000.0,0.462,11.688,47.84,47.987,1726000000.0,0.0,149.72,4.146,4.147,1761000000.0,8996000000.0,13282000000.0,13282000000.0,0.0,0.094,0.25,0.259,0.154,232000000.0,8204000000.0,1.0,367777184.0,367900000,375700000.0,36.102,9548000000.0,0.0,767000000.0,0.0,25.953,2781000000.0
14,EL,MRT,2017-12-31,2017-12-31,2017-12-31,2021-08-27,-407000000.0,12604000000.0,11954750000.0,5975000000.0,6629000000.0,1.068,12.381,-559000000.0,2105000000.0,2105000000.0,2665000000.0,1085000000.0,1.756,1.756,3787000000.0,413000000.0,3374000000.0,3787000000.0,0.0,502000000.0,0.0,0.011,1.4,1968000000.0,2470000000.0,0.193,2470000000.0,1968000000.0,1845000000.0,2.92,2.88,2.92,4565000000.0,4449750000.0,4565000000.0,49345491403.0,25.0,19.978,1846000000.0,5.007,1.0,10104000000.0,0.791,3228000000.0,123000000.0,7655000000.0,7992500000.0,1445000000.0,1506000000.0,394000000.0,1112000000.0,8015000000.0,3403000000.0,4612000000.0,46854491403.0,843000000.0,19000000.0,-265000000.0,-247000000.0,-517000000.0,-1002000000.0,-610000000.0,-70000000.0,2405000000.0,50000000.0,1077000000.0,1077000000.0,1077000000.0,0.0,8000000.0,0.084,8156000000.0,1948000000.0,738000000.0,0.479,10.264,43.505,43.575,1728000000.0,0.0,127.24,3.669,3.674,1699000000.0,8733000000.0,12769000000.0,12769000000.0,0.0,0.09,0.242,0.246,0.154,186000000.0,7892000000.0,1.0,368237122.0,368700000,376100000.0,34.632,9376000000.0,0.0,768000000.0,0.0,25.43,2572000000.0
15,EL,MRT,2017-09-30,2017-09-30,2017-09-30,2021-08-27,-435000000.0,12202000000.0,11606750000.0,5507000000.0,6695000000.0,1.054,12.842,-535000000.0,1444000000.0,1444000000.0,2549000000.0,1390000000.0,1.753,1.575,3935000000.0,552000000.0,3383000000.0,3935000000.0,0.0,485000000.0,0.0,0.013,1.36,1868000000.0,2353000000.0,0.192,2353000000.0,1868000000.0,1755000000.0,3.76,3.7,3.76,4731000000.0,4256750000.0,4731000000.0,42116391216.0,23.0,17.899,1487000000.0,4.036,1.0,9684000000.0,0.792,3237000000.0,113000000.0,8314000000.0,7638250000.0,1518000000.0,1468000000.0,381000000.0,1087000000.0,7449000000.0,3142000000.0,4307000000.0,39680391216.0,780000000.0,-1661000000.0,-139000000.0,1447000000.0,-501000000.0,839000000.0,-2091000000.0,105000000.0,2022000000.0,10000000.0,1382000000.0,1382000000.0,1382000000.0,0.0,8000000.0,0.113,7829000000.0,1855000000.0,679000000.0,0.362,8.387,28.712,28.681,1695000000.0,0.0,107.84,3.244,3.248,1799000000.0,8752000000.0,12233000000.0,12233000000.0,0.0,0.119,0.325,0.245,0.153,153000000.0,7595000000.0,1.0,367956150.0,368400000,375400000.0,33.206,8965000000.0,0.0,373000000.0,0.0,24.335,2365000000.0
16,EL,MRT,2017-06-30,2017-06-30,2017-06-30,2021-08-27,-484000000.0,11568000000.0,10893250000.0,4964000000.0,6604000000.0,1.085,11.942,-492000000.0,1136000000.0,1136000000.0,2434000000.0,1256000000.0,1.758,1.635,3572000000.0,189000000.0,3383000000.0,3572000000.0,0.0,464000000.0,0.0,0.014,1.32,1713000000.0,2177000000.0,0.184,2177000000.0,1713000000.0,1610000000.0,3.4,3.35,3.4,4384000000.0,3988250000.0,4384000000.0,38061547417.0,22.0,17.483,1298000000.0,3.536,1.0,9390000000.0,0.794,3243000000.0,103000000.0,7938000000.0,7285500000.0,1479000000.0,1631000000.0,605000000.0,1026000000.0,7166000000.0,2823000000.0,4343000000.0,35304547417.0,222000000.0,-1671000000.0,-272000000.0,1346000000.0,-486000000.0,630000000.0,-2204000000.0,-41000000.0,1790000000.0,6000000.0,1249000000.0,1249000000.0,1249000000.0,0.0,7000000.0,0.106,7686000000.0,1704000000.0,835000000.0,0.388,8.053,28.266,28.229,1671000000.0,0.0,95.98,2.986,2.98,1395000000.0,8452000000.0,11824000000.0,11824000000.0,0.0,0.115,0.313,0.235,0.145,174000000.0,7460000000.0,1.0,367832334.0,367100000,373000000.0,32.209,8325000000.0,0.0,361000000.0,0.0,22.678,2141000000.0
17,EL,MRT,2017-03-31,2017-03-31,2017-03-31,2021-08-27,-599000000.0,11445000000.0,10307000000.0,4972000000.0,6473000000.0,1.123,11.223,-495000000.0,1139000000.0,1139000000.0,2335000000.0,1121000000.0,1.738,1.775,3896000000.0,519000000.0,3377000000.0,3896000000.0,0.0,447000000.0,0.0,0.015,1.28,1623000000.0,2070000000.0,0.179,2070000000.0,1623000000.0,1533000000.0,3.03,2.99,3.03,4119000000.0,3785250000.0,4119000000.0,33838549139.0,21.0,16.347,1230000000.0,3.351,1.0,9241000000.0,0.798,3279000000.0,90000000.0,8063000000.0,6875500000.0,1310000000.0,1694000000.0,701000000.0,993000000.0,7310000000.0,2860000000.0,4450000000.0,31067549139.0,583000000.0,-1690000000.0,-426000000.0,2002000000.0,-472000000.0,1143000000.0,-2278000000.0,-93000000.0,1725000000.0,-7000000.0,1114000000.0,1114000000.0,1114000000.0,0.0,7000000.0,0.096,7636000000.0,1605000000.0,597000000.0,0.422,7.542,27.888,27.983,1576000000.0,0.0,84.79,2.684,2.688,1528000000.0,8350000000.0,11576000000.0,11576000000.0,0.0,0.108,0.294,0.236,0.14,170000000.0,7415000000.0,1.0,366405816.0,367000000,372300000.0,31.542,8166000000.0,0.0,419000000.0,0.0,22.251,2112000000.0
18,EL,MRT,2016-12-31,2016-12-31,2016-12-31,2021-08-27,-639000000.0,11212000000.0,9649825000.0,4789000000.0,6423000000.0,1.179,10.338,-498000000.0,1262000000.0,1262000000.0,2248000000.0,1087000000.0,1.074,1.952,4033000000.0,2143000000.0,1890000000.0,4033000000.0,0.0,431000000.0,0.0,0.016,1.24,1577000000.0,2008000000.0,0.177,2008000000.0,1577000000.0,1497000000.0,2.94,2.9,2.94,3793000000.0,3708450000.0,3793000000.0,29865025049.0,19.0,14.873,1153000000.0,3.143,1.0,9128000000.0,0.802,3287000000.0,80000000.0,6238000000.0,6403250000.0,1278000000.0,1409000000.0,413000000.0,996000000.0,7404000000.0,4458000000.0,2946000000.0,28029025049.0,394000000.0,-1772000000.0,-521000000.0,2075000000.0,-458000000.0,1118000000.0,-2352000000.0,-82000000.0,1651000000.0,-23000000.0,1081000000.0,1081000000.0,1081000000.0,0.0,6000000.0,0.095,7566000000.0,1562000000.0,617000000.0,0.422,7.39,25.929,26.017,1563000000.0,0.0,76.49,2.464,2.467,1508000000.0,8178000000.0,11376000000.0,11376000000.0,0.0,0.112,0.291,0.246,0.139,183000000.0,7389000000.0,1.0,366440385.0,366900000,372600000.0,31.006,7925000000.0,0.0,416000000.0,0.0,21.6,331000000.0
19,EL,MRT,2016-09-30,2016-09-30,2016-09-30,2021-08-27,-548000000.0,9348000000.0,8992350000.0,4401000000.0,4947000000.0,1.256,9.981,-508000000.0,664000000.0,664000000.0,2200000000.0,1106000000.0,1.623,1.551,2500000000.0,592000000.0,1908000000.0,2500000000.0,0.0,423000000.0,0.0,0.014,1.2,1588000000.0,2011000000.0,0.178,2011000000.0,1588000000.0,1513000000.0,2.98,2.94,2.98,3657000000.0,3661150000.0,3657000000.0,33714961966.0,21.0,16.765,1123000000.0,3.065,1.0,9092000000.0,0.805,1569000000.0,75000000.0,6903000000.0,6281725000.0,1296000000.0,1575000000.0,525000000.0,1050000000.0,5673000000.0,2712000000.0,2961000000.0,32387561966.0,256000000.0,-92000000.0,-620000000.0,441000000.0,-444000000.0,-597000000.0,-771000000.0,-171000000.0,1631000000.0,-7000000.0,1100000000.0,1100000000.0,1100000000.0,0.0,6000000.0,0.097,7517000000.0,1575000000.0,546000000.0,0.403,8.856,29.443,29.718,1569000000.0,0.0,88.56,2.868,2.874,1624000000.0,7876000000.0,11292000000.0,11292000000.0,0.0,0.122,0.3,0.253,0.141,174000000.0,7358000000.0,1.0,365713211.0,366400000,373300000.0,30.819,7779000000.0,0.0,413000000.0,0.0,21.231,1689000000.0
20,EL,MRT,2016-06-30,2016-06-30,2016-06-30,2021-08-27,-545000000.0,9223000000.0,8761700000.0,4225000000.0,4998000000.0,1.285,9.654,-525000000.0,914000000.0,914000000.0,2181000000.0,1121000000.0,1.576,1.578,2242000000.0,332000000.0,1910000000.0,2242000000.0,0.0,415000000.0,0.0,0.013,1.14,1620000000.0,2035000000.0,0.181,2035000000.0,1620000000.0,1549000000.0,3.01,2.96,3.01,3572000000.0,3619500000.0,3572000000.0,34977025375.0,22.0,17.188,1264000000.0,3.416,1.0,9081000000.0,0.806,1572000000.0,71000000.0,6298000000.0,6096500000.0,1264000000.0,1577000000.0,469000000.0,1108000000.0,5636000000.0,2681000000.0,2955000000.0,33608025375.0,-107000000.0,-101000000.0,-805000000.0,604000000.0,-423000000.0,-605000000.0,-1269000000.0,-643000000.0,1789000000.0,-22000000.0,1115000000.0,1115000000.0,1115000000.0,0.0,6000000.0,0.099,7471000000.0,1610000000.0,717000000.0,0.379,9.409,30.142,30.239,1583000000.0,0.0,91.02,2.984,2.99,1258000000.0,7693000000.0,11262000000.0,11262000000.0,0.0,0.127,0.308,0.266,0.144,161000000.0,7338000000.0,1.0,369237809.0,370000000,376600000.0,30.438,7651000000.0,0.0,434000000.0,0.0,20.678,1544000000.0
21,EL,MRT,2016-03-31,2016-03-31,2016-03-31,2021-08-27,-439300000.0,8816300000.0,8512675000.0,4252300000.0,4564000000.0,1.309,10.327,-527200000.0,556300000.0,556300000.0,2157400000.0,1180400000.0,1.747,1.31,1925300000.0,312800000.0,1612500000.0,1925300000.0,0.0,415400000.0,0.0,0.011,1.08,1705200000.0,2120600000.0,0.19,2120600000.0,1705200000.0,1638200000.0,3.17,3.12,3.17,3811800000.0,3637300000.0,3811800000.0,35874017461.0,21.0,16.917,1346800000.0,3.649,1.0,8982600000.0,0.806,1577600000.0,67000000.0,6174000000.0,5829300000.0,1150500000.0,1592800000.0,517500000.0,1075300000.0,4993900000.0,2433700000.0,2560200000.0,34760417461.0,-732200000.0,-100000000.0,-987400000.0,463400000.0,-402200000.0,-905600000.0,-1680800000.0,-1053600000.0,1874000000.0,-19800000.0,1174100000.0,1174100000.0,1174100000.0,0.0,6300000.0,0.105,7287600000.0,1695000000.0,572500000.0,0.341,9.119,29.606,29.751,1510500000.0,0.0,94.31,3.12,3.125,1416600000.0,7711600000.0,11140000000.0,11140000000.0,0.0,0.138,0.323,0.293,0.153,152800000.0,7253600000.0,1.0,368576158.0,369100000,375600000.0,30.182,7238700000.0,0.0,464100000.0,0.0,19.612,1818600000.0
22,EL,MRT,2015-12-31,2015-12-31,2015-12-31,2021-08-27,-497200000.0,8582100000.0,8332375000.0,4475800000.0,4106300000.0,1.328,9.751,-508600000.0,868100000.0,868100000.0,2156300000.0,1187100000.0,1.805,1.378,1981700000.0,374400000.0,1607300000.0,1981700000.0,0.0,412400000.0,0.0,0.012,1.02,1717900000.0,2130300000.0,0.193,2130300000.0,1717900000.0,1653700000.0,3.17,3.12,3.17,3603800000.0,3648125000.0,3603800000.0,34172712333.0,20.0,16.041,1402700000.0,3.795,1.0,8907200000.0,0.805,1464400000.0,64200000.0,5751900000.0,5457000000.0,1077400000.0,1318300000.0,546100000.0,772200000.0,4966600000.0,2479400000.0,2487200000.0,32515012333.0,-373100000.0,-155800000.0,-1033200000.0,593400000.0,-382100000.0,-779900000.0,-1469100000.0,-804700000.0,1911300000.0,-35400000.0,1181200000.0,1181200000.0,1181200000.0,0.0,5900000.0,0.107,7199000000.0,1708200000.0,527400000.0,0.322,9.022,27.527,27.779,1496800000.0,0.0,88.06,2.939,2.942,1410600000.0,7557900000.0,11063500000.0,11063500000.0,0.0,0.142,0.324,0.315,0.155,128200000.0,7180000000.0,1.0,369237024.0,369600000,376000000.0,29.934,7117700000.0,0.0,472500000.0,0.0,19.258,1996400000.0
23,EL,MRT,2015-09-30,2015-09-30,2015-09-30,2021-08-27,-449400000.0,8425400000.0,8151000000.0,4383300000.0,4042100000.0,1.348,9.37,-484300000.0,408500000.0,408500000.0,2140400000.0,1175800000.0,1.786,1.411,2066200000.0,453700000.0,1612500000.0,2066200000.0,0.0,406400000.0,0.0,0.012,0.96,1721500000.0,2127900000.0,0.194,2127900000.0,1721500000.0,1659300000.0,3.11,3.06,3.11,3490400000.0,3701675000.0,3490400000.0,30702027885.0,18.0,14.428,1339000000.0,3.595,1.0,8843600000.0,0.805,1466700000.0,62200000.0,6162100000.0,5206925000.0,1176700000.0,1380900000.0,670800000.0,710100000.0,4923400000.0,2454300000.0,2469100000.0,30086127885.0,-987300000.0,-250000000.0,-1068600000.0,726500000.0,-362500000.0,-666400000.0,-2099700000.0,-1365400000.0,1823300000.0,-44500000.0,1169900000.0,1169900000.0,1169900000.0,0.0,5900000.0,0.107,7132600000.0,1711000000.0,514600000.0,0.309,8.62,25.717,25.942,1468500000.0,0.0,80.68,2.739,2.736,1539200000.0,7223700000.0,10984000000.0,10984000000.0,0.0,0.144,0.316,0.331,0.157,127300000.0,7132600000.0,1.0,372906890.0,372500000,379000000.0,29.487,6958700000.0,0.0,489400000.0,0.0,18.681,1929000000.0
24,EL,MRT,2015-06-30,2015-06-30,2015-06-30,2021-08-27,-381500000.0,8226900000.0,7960725000.0,4183600000.0,4043300000.0,1.354,9.605,-473000000.0,1021400000.0,1021400000.0,2100000000.0,1094000000.0,1.964,1.255,1624900000.0,29800000.0,1595100000.0,1624900000.0,0.0,409000000.0,0.0,0.011,0.92,1616000000.0,2025000000.0,0.188,2025000000.0,1616000000.0,1556000000.0,2.87,2.82,2.87,3643200000.0,3774125000.0,3643200000.0,32956503697.0,20.0,16.275,1470000000.0,3.876,1.0,8680000000.0,0.805,1471400000.0,60000000.0,5229200000.0,4819475000.0,1215800000.0,924000000.0,503700000.0,420300000.0,4572600000.0,2129800000.0,2442800000.0,32792003697.0,-608000000.0,-241000000.0,-882000000.0,295000000.0,-350000000.0,-895000000.0,-1616000000.0,-902000000.0,1943000000.0,-40000000.0,1089000000.0,1089000000.0,1089000000.0,0.0,5000000.0,0.101,7074000000.0,1606000000.0,635400000.0,0.321,9.001,30.112,30.195,1490200000.0,0.0,86.66,3.042,3.049,1174500000.0,7004100000.0,10780000000.0,10780000000.0,0.0,0.137,0.289,0.335,0.15,117000000.0,7074000000.0,1.0,378398381.0,379300000,385700000.0,28.421,6755500000.0,0.0,467000000.0,0.0,17.81,2053800000.0
25,EL,MRT,2015-03-31,2015-03-31,2015-03-31,2021-08-27,-408900000.0,8095100000.0,7871200000.0,4429200000.0,3665900000.0,1.395,10.185,-447200000.0,1288300000.0,1288300000.0,2146400000.0,1198000000.0,2.112,1.097,1452800000.0,135300000.0,1317500000.0,1452800000.0,0.0,403200000.0,0.0,0.011,0.88,1764900000.0,2168100000.0,0.197,2168100000.0,1764900000.0,1704700000.0,3.15,3.09,3.15,3855100000.0,3827050000.0,3855100000.0,31588395836.0,18.0,14.57,1303600000.0,3.444,1.0,8834900000.0,0.805,1477400000.0,60200000.0,4684800000.0,4631075000.0,1073100000.0,530400000.0,136700000.0,393700000.0,4230200000.0,2097400000.0,2132800000.0,31440395836.0,-241900000.0,-242000000.0,-580100000.0,108700000.0,-336400000.0,-766600000.0,-1199600000.0,-510400000.0,1750800000.0,-26500000.0,1193600000.0,1193600000.0,1193600000.0,0.0,4400000.0,0.109,7076700000.0,1758200000.0,497700000.0,0.279,8.156,26.341,26.4,1398200000.0,0.0,83.16,2.863,2.866,1350200000.0,6942100000.0,10981300000.0,10981300000.0,0.0,0.152,0.312,0.381,0.161,112700000.0,7077400000.0,1.0,378071138.0,378500000,384700000.0,29.013,6617700000.0,0.0,511100000.0,0.0,17.484,2331800000.0
26,EL,MRT,2014-12-31,2014-12-31,2014-12-31,2021-08-27,-295300000.0,7856600000.0,7758925000.0,4426000000.0,3430600000.0,1.411,10.047,-480700000.0,1241200000.0,1241200000.0,2142200000.0,1139000000.0,2.165,1.055,1389200000.0,68500000.0,1320700000.0,1389200000.0,0.0,398800000.0,0.0,0.011,0.84,1709000000.0,2107800000.0,0.192,2107800000.0,1709000000.0,1649000000.0,2.98,2.92,2.98,3818000000.0,3780100000.0,3818000000.0,28864189467.0,17.0,13.694,1265800000.0,3.331,1.0,8808400000.0,0.804,1208800000.0,60000000.0,4751600000.0,4552600000.0,1112300000.0,518700000.0,130800000.0,387900000.0,4027300000.0,2044200000.0,1983100000.0,28926589467.0,-506800000.0,-104200000.0,-860500000.0,41200000.0,-322300000.0,-1121900000.0,-1075800000.0,-490900000.0,1746500000.0,-55600000.0,1134700000.0,1134700000.0,1134700000.0,0.0,4300000.0,0.104,7105800000.0,1702600000.0,495000000.0,0.282,7.576,25.493,25.57,1434200000.0,0.0,76.2,2.642,2.644,1399000000.0,6761500000.0,10950600000.0,10950600000.0,0.0,0.146,0.3,0.375,0.156,129600000.0,7106500000.0,1.0,379614035.0,380000000,386100000.0,28.817,6647800000.0,0.0,514300000.0,0.0,17.494,2381800000.0
27,EL,MRT,2014-09-30,2014-09-30,2014-09-30,2021-08-27,-204100000.0,7664300000.0,7755075000.0,4727900000.0,2936400000.0,1.409,9.901,-503200000.0,1395400000.0,1395400000.0,2150700000.0,1136500000.0,2.435,1.024,1333000000.0,14000000.0,1319000000.0,1333000000.0,0.0,396300000.0,0.0,0.011,0.8,1730200000.0,2126500000.0,0.195,2126500000.0,1730200000.0,1670600000.0,2.94,2.88,2.94,3780200000.0,3792750000.0,3780200000.0,28205359912.0,16.0,13.264,1129800000.0,2.959,1.0,8774100000.0,0.803,1047900000.0,59600000.0,4612300000.0,4449600000.0,1257000000.0,0.0,0.0,0.0,3870100000.0,1941700000.0,1928400000.0,28491359912.0,73200000.0,-10000000.0,-725400000.0,-10700000.0,-309500000.0,-1014600000.0,-497000000.0,16200000.0,1633000000.0,-48200000.0,1131500000.0,1131500000.0,1131500000.0,0.0,5000000.0,0.104,7048000000.0,1726100000.0,516100000.0,0.272,7.537,25.18,25.415,1444300000.0,0.0,74.72,2.608,2.611,1502100000.0,6417400000.0,10924800000.0,10924800000.0,0.0,0.146,0.298,0.389,0.158,120600000.0,7052100000.0,1.0,381308350.0,381800000,388200000.0,28.614,6616400000.0,0.0,539100000.0,0.0,17.329,2786200000.0
28,EL,MRT,2014-06-30,2014-06-30,2014-06-30,2021-08-27,-100300000.0,7868800000.0,7719125000.0,4825200000.0,3043600000.0,1.421,9.982,-510200000.0,1629100000.0,1629100000.0,2158200000.0,1209100000.0,2.346,1.037,1343100000.0,18400000.0,1324700000.0,1343100000.0,0.0,384600000.0,0.0,0.011,0.78,1831200000.0,2215800000.0,0.202,2215800000.0,1831200000.0,1771800000.0,3.12,3.06,3.12,3854900000.0,3746650000.0,3854900000.0,28242518318.0,15.0,12.746,1025000000.0,2.654,1.0,8810600000.0,0.803,1050500000.0,59400000.0,4475600000.0,4421375000.0,1294000000.0,13600000.0,0.0,13600000.0,3999400000.0,2056700000.0,1942700000.0,28426618318.0,133400000.0,-9200000.0,-582400000.0,-6700000.0,-301800000.0,-856900000.0,-511600000.0,7800000.0,1535200000.0,-33300000.0,1204100000.0,1204100000.0,1204100000.0,0.0,5000000.0,0.11,6983000000.0,1827600000.0,524500000.0,0.25,7.374,23.608,23.801,1502600000.0,0.0,74.26,2.592,2.615,1379300000.0,6265800000.0,10968800000.0,10968800000.0,0.0,0.156,0.321,0.414,0.167,112400000.0,6985900000.0,1.0,382798523.0,386200000,393100000.0,28.402,6818300000.0,0.0,567700000.0,0.0,17.655,2768500000.0
29,EL,MRT,2014-03-31,2014-03-31,2014-03-31,2021-08-27,-109500000.0,7646000000.0,7538225000.0,4691800000.0,2954200000.0,1.413,9.506,-498300000.0,1530200000.0,1530200000.0,2100000000.0,1046600000.0,2.301,1.081,1346100000.0,18400000.0,1327700000.0,1346100000.0,0.0,369700000.0,0.0,0.011,0.76,1600200000.0,1969900000.0,0.185,1969900000.0,1600200000.0,1535800000.0,2.68,2.62,2.68,3667300000.0,3604650000.0,3667300000.0,25490156444.0,16.0,12.94,963200000.0,2.497,1.0,8550900000.0,0.803,1051700000.0,64400000.0,4370900000.0,4304500000.0,1215400000.0,0.0,0.0,0.0,3963600000.0,2039300000.0,1924300000.0,25899356444.0,91600000.0,-9200000.0,-549600000.0,-6900000.0,-295100000.0,-819700000.0,-498900000.0,8600000.0,1461500000.0,-51300000.0,1040400000.0,1040400000.0,1040400000.0,0.0,6200000.0,0.098,6957700000.0,1593200000.0,512500000.0,0.284,7.062,24.894,24.955,1434900000.0,0.0,66.88,2.432,2.423,1399000000.0,6085100000.0,10650900000.0,10650900000.0,0.0,0.138,0.289,0.372,0.15,114100000.0,6939100000.0,1.0,387251143.0,385800000,392100000.0,27.607,6594300000.0,0.0,495400000.0,0.0,17.093,2652500000.0
30,EL,MRT,2013-12-31,2013-12-31,2013-12-31,2021-08-27,-106300000.0,7841200000.0,7400500000.0,4925600000.0,2915600000.0,1.404,9.963,-472500000.0,1748000000.0,1748000000.0,2044400000.0,1011800000.0,2.416,1.023,1338800000.0,15900000.0,1322900000.0,1338800000.0,0.0,364500000.0,0.0,0.01,0.74,1501400000.0,1865900000.0,0.18,1865900000.0,1501400000.0,1439400000.0,2.59,2.53,2.59,3868600000.0,3486275000.0,3868600000.0,29239041878.0,19.0,15.67,881100000.0,2.269,1.0,8348500000.0,0.803,1053300000.0,62000000.0,4339600000.0,4216350000.0,1145900000.0,0.0,0.0,0.0,3958100000.0,2039100000.0,1919000000.0,29220641878.0,424400000.0,-9200000.0,-183900000.0,-11700000.0,-288100000.0,-442100000.0,-476000000.0,5700000.0,1353600000.0,-11100000.0,1006000000.0,1006000000.0,1006000000.0,0.0,5800000.0,0.097,6851800000.0,1496700000.0,493300000.0,0.286,7.553,29.046,29.081,1395400000.0,0.0,75.32,2.812,2.814,1501000000.0,5949100000.0,10392900000.0,10392900000.0,0.0,0.136,0.289,0.356,0.144,106100000.0,6834900000.0,1.0,387953291.0,388300000,395400000.0,26.765,6787900000.0,0.0,433400000.0,0.0,17.481,2886500000.0
31,EL,MRT,2013-09-30,2013-09-30,2013-09-30,2021-08-27,-96300000.0,7520500000.0,7232725000.0,4632400000.0,2888100000.0,1.425,9.272,-451200000.0,1322200000.0,1322200000.0,2030800000.0,1026000000.0,2.331,1.087,1340600000.0,15900000.0,1324700000.0,1340600000.0,0.0,348300000.0,0.0,0.018,1.26,1518100000.0,1866400000.0,0.181,1866400000.0,1518100000.0,1457300000.0,2.64,2.57,2.64,3595800000.0,3296675000.0,3595800000.0,26928429895.0,18.0,14.428,930200000.0,2.399,1.0,8276400000.0,0.803,1051900000.0,60800000.0,4499400000.0,4150625000.0,1196300000.0,0.0,0.0,0.0,3908000000.0,1987600000.0,1920400000.0,27079829895.0,268500000.0,-9200000.0,-198800000.0,-12200000.0,-488500000.0,-655600000.0,-456200000.0,4200000.0,1381400000.0,-1100000.0,1021000000.0,1021000000.0,1021000000.0,0.0,5000000.0,0.099,6782900000.0,1493500000.0,461900000.0,0.477,7.531,26.523,26.477,1364400000.0,0.0,69.9,2.627,2.63,1566700000.0,5594700000.0,10307200000.0,10307200000.0,0.0,0.141,0.31,0.366,0.147,99500000.0,6749300000.0,1.0,387408153.0,387800000,394900000.0,26.579,6468600000.0,0.0,436300000.0,0.0,16.68,2644800000.0
32,EL,MRT,2013-06-30,2013-06-30,2013-06-30,2021-08-27,-157500000.0,7145200000.0,7104500000.0,4297200000.0,2848000000.0,1.433,8.48,-461000000.0,1495700000.0,1495700000.0,2025900000.0,1023800000.0,2.221,1.169,1344300000.0,18300000.0,1326000000.0,1344300000.0,0.0,336900000.0,0.0,0.016,1.08,1553400000.0,1890300000.0,0.186,1890300000.0,1553400000.0,1471200000.0,2.63,2.58,2.63,3286900000.0,3154025000.0,3286900000.0,25420492231.0,16.0,13.448,765300000.0,1.974,1.0,8155800000.0,0.801,1051100000.0,82200000.0,4008100000.0,4091475000.0,1113900000.0,0.0,0.0,0.0,3843300000.0,1934600000.0,1908700000.0,25509892231.0,148000000.0,-8700000.0,-296600000.0,54600000.0,-419200000.0,-611500000.0,-465500000.0,4200000.0,1226300000.0,-1300000.0,1019800000.0,1019800000.0,1019800000.0,0.0,4000000.0,0.1,6629800000.0,1526000000.0,481700000.0,0.411,7.761,25.015,25.008,1350700000.0,0.0,65.77,2.505,2.504,1171700000.0,5364100000.0,10181700000.0,10181700000.0,0.0,0.144,0.323,0.38,0.153,91900000.0,6597000000.0,1.0,387865170.0,387600000,394900000.0,26.269,6094100000.0,0.0,451400000.0,0.0,15.723,2362600000.0
33,EL,MRT,2013-03-31,2013-03-31,2013-03-31,2021-08-27,-198300000.0,7095100000.0,6966450000.0,4286200000.0,2808900000.0,1.439,8.248,-454300000.0,1438600000.0,1438600000.0,1991500000.0,980100000.0,2.237,1.217,1349200000.0,20000000.0,1329200000.0,1349200000.0,0.0,327600000.0,0.0,0.014,0.9,1473400000.0,1801000000.0,0.18,1801000000.0,1473400000.0,1398500000.0,2.52,2.47,2.52,3193800000.0,3015600000.0,3193800000.0,24789509459.0,17.0,13.764,736900000.0,1.903,1.0,8034000000.0,0.801,1071500000.0,74900000.0,4018300000.0,3923175000.0,989300000.0,0.0,0.0,0.0,3888300000.0,1915900000.0,1972400000.0,24757009459.0,245800000.0,-8700000.0,-315700000.0,132000000.0,-349300000.0,-480900000.0,-459600000.0,3400000.0,1191200000.0,-4900000.0,977000000.0,977000000.0,977000000.0,0.0,3100000.0,0.097,6580600000.0,1453400000.0,388200000.0,0.357,7.752,25.34,25.409,1296000000.0,0.0,64.03,2.469,2.473,1361900000.0,5340300000.0,10025500000.0,10025500000.0,0.0,0.14,0.324,0.376,0.147,84800000.0,6533200000.0,1.0,386647032.0,387200000,394000000.0,25.892,6023600000.0,0.0,421500000.0,257000000.0,15.557,2370300000.0
34,EL,MRT,2012-12-31,2012-12-31,2012-12-31,2021-08-27,-133600000.0,7170100000.0,6843050000.0,4341000000.0,2829100000.0,1.459,8.028,-444600000.0,1323600000.0,1323600000.0,2017700000.0,932500000.0,2.115,1.301,1356100000.0,26000000.0,1330100000.0,1356100000.0,0.0,311600000.0,0.0,0.012,0.72,1439000000.0,1750600000.0,0.175,1750600000.0,1439000000.0,1362200000.0,2.4,2.35,2.4,3110200000.0,2926125000.0,3110200000.0,23478559204.0,16.0,13.412,727000000.0,1.877,1.0,7964200000.0,0.798,1073700000.0,76800000.0,4076700000.0,3786075000.0,994100000.0,0.0,0.0,0.0,4047000000.0,2052200000.0,1994800000.0,23177559204.0,324500000.0,-8600000.0,-306400000.0,133400000.0,-279500000.0,-399900000.0,-455300000.0,-2100000.0,1171600000.0,8100000.0,928600000.0,928600000.0,928600000.0,0.0,3900000.0,0.093,6544400000.0,1419800000.0,345700000.0,0.3,7.452,24.96,24.942,1301600000.0,0.0,59.86,2.322,2.323,1531700000.0,5231600000.0,9981900000.0,9981900000.0,0.0,0.136,0.317,0.38,0.144,79800000.0,6466900000.0,1.0,387196111.0,387400000,394700000.0,25.766,6096400000.0,0.0,433600000.0,400400000.0,15.737,2288800000.0
35,EL,MRT,2012-09-30,2012-09-30,2012-09-30,2021-08-27,-144400000.0,7007600000.0,6636075000.0,4213100000.0,2794500000.0,1.475,7.801,-435400000.0,1053700000.0,1053700000.0,2000700000.0,881500000.0,2.136,1.311,1354700000.0,24000000.0,1330700000.0,1354700000.0,0.0,303700000.0,0.0,0.009,0.525,1372300000.0,1676000000.0,0.171,1676000000.0,1372300000.0,1292300000.0,2.27,2.22,2.27,3025200000.0,2805050000.0,3025200000.0,23780379731.0,17.0,14.189,602300000.0,1.553,1.0,7785700000.0,0.796,1073400000.0,80000000.0,4262800000.0,3627575000.0,1067900000.0,0.0,0.0,0.0,3967100000.0,1972400000.0,1994700000.0,23839979731.0,334200000.0,-8600000.0,-251800000.0,133100000.0,-204200000.0,-265000000.0,-444000000.0,0.0,1037700000.0,5500000.0,877800000.0,877800000.0,877800000.0,0.0,3700000.0,0.09,6422000000.0,1363700000.0,421700000.0,0.231,7.88,27.159,27.123,1268900000.0,0.0,61.57,2.436,2.44,1604700000.0,5064400000.0,9786400000.0,9786400000.0,0.0,0.132,0.313,0.378,0.14,71400000.0,6345000000.0,1.0,387201230.0,387800000,395500000.0,25.236,5934200000.0,0.0,414500000.0,290800000.0,15.302,2240700000.0
36,EL,MRT,2012-06-30,2012-06-30,2012-06-30,2021-08-27,-212900000.0,6593000000.0,6418025000.0,3855100000.0,2737900000.0,1.513,7.032,-420700000.0,1347700000.0,1347700000.0,1995800000.0,860500000.0,1.813,1.407,1288100000.0,219000000.0,1069100000.0,1288100000.0,0.0,295800000.0,0.0,0.01,0.525,1318600000.0,1614400000.0,0.166,1614400000.0,1318600000.0,1257500000.0,2.2,2.16,2.2,2733200000.0,2667575000.0,2733200000.0,21055302738.0,16.0,13.042,706000000.0,1.816,1.0,7717800000.0,0.795,1072700000.0,61100000.0,3334900000.0,3452400000.0,983600000.0,0.0,0.0,0.0,3845500000.0,2125800000.0,1719700000.0,21038202738.0,94700000.0,-7600000.0,-501900000.0,67500000.0,-204000000.0,-585100000.0,-428300000.0,0.0,1126700000.0,-18600000.0,856900000.0,856900000.0,856900000.0,0.0,3600000.0,0.088,6406100000.0,1311700000.0,493800000.0,0.239,7.697,24.552,24.6,1231800000.0,0.0,54.12,2.166,2.166,1060300000.0,4764900000.0,9713600000.0,9713600000.0,0.0,0.134,0.321,0.382,0.136,66900000.0,6324800000.0,1.0,388732497.0,388700000,397000000.0,24.99,5520300000.0,0.0,400600000.0,203500000.0,14.202,1729300000.0
37,EL,MRT,2012-03-31,2012-03-31,2012-03-31,2021-08-27,-48900000.0,6601500000.0,6338250000.0,3899900000.0,2701600000.0,1.502,7.305,-399000000.0,1192800000.0,1192800000.0,1979700000.0,851500000.0,1.895,1.321,1209900000.0,144000000.0,1065900000.0,1209900000.0,0.0,297200000.0,0.0,0.008,0.525,1308900000.0,1606100000.0,0.169,1606100000.0,1308900000.0,1245900000.0,2.19,2.13,2.19,2835900000.0,2641625000.0,2835900000.0,24226962144.0,19.0,15.084,770100000.0,1.984,1.0,7543300000.0,0.792,1090500000.0,63000000.0,3469900000.0,3416400000.0,898700000.0,0.0,0.0,0.0,3746000000.0,2058200000.0,1687800000.0,24013562144.0,93800000.0,-7600000.0,-500700000.0,-14500000.0,-204000000.0,-665000000.0,-406600000.0,0.0,1169100000.0,-3700000.0,846800000.0,846800000.0,846800000.0,0.0,4700000.0,0.089,6240200000.0,1303100000.0,406600000.0,0.24,8.468,28.358,28.283,1181800000.0,0.0,61.94,2.522,2.525,1304800000.0,4715300000.0,9523000000.0,9523000000.0,0.0,0.134,0.321,0.383,0.137,61500000.0,6183200000.0,1.0,387690703.0,388200000,396300000.0,24.531,5511000000.0,0.0,399100000.0,321600000.0,14.196,1841700000.0
38,EL,MRT,2011-12-31,2011-12-31,2011-12-31,2021-08-27,-84200000.0,6342200000.0,6237000000.0,3753300000.0,2588900000.0,1.514,6.789,-387700000.0,999100000.0,999100000.0,1993000000.0,845300000.0,1.856,1.408,1212500000.0,143800000.0,1068700000.0,1212500000.0,0.0,300100000.0,0.0,0.009,0.525,1307000000.0,1607100000.0,0.17,1607100000.0,1307000000.0,1242700000.0,2.17,2.11,2.17,2625900000.0,2559725000.0,2625900000.0,22125557331.0,17.0,13.767,741500000.0,1.917,1.0,7447500000.0,0.789,1090800000.0,64300000.0,3442700000.0,3359900000.0,898900000.0,0.0,0.0,0.0,3698500000.0,2022100000.0,1676400000.0,21630457331.0,-44000000.0,-7700000.0,-614700000.0,-13600000.0,-204000000.0,-771400000.0,-395200000.0,200000.0,1129200000.0,-6600000.0,841100000.0,841100000.0,841100000.0,0.0,4200000.0,0.089,6146800000.0,1300700000.0,384800000.0,0.242,8.237,25.717,25.88,1151400000.0,0.0,56.16,2.291,2.301,1383700000.0,4584900000.0,9440500000.0,9440500000.0,0.0,0.135,0.329,0.389,0.138,50500000.0,6060100000.0,1.0,385157716.0,386800000,395200000.0,24.407,5251400000.0,0.0,401600000.0,346500000.0,13.577,1731200000.0
39,EL,MRT,2011-09-30,2011-09-30,2011-09-30,2021-08-27,-66200000.0,6135400000.0,6146900000.0,3562100000.0,2573300000.0,1.496,6.339,-374100000.0,719500000.0,719500000.0,1983100000.0,792800000.0,1.809,1.472,1214600000.0,141800000.0,1072800000.0,1214600000.0,0.0,295200000.0,0.0,0.009,0.375,1216900000.0,1512100000.0,0.164,1512100000.0,1216900000.0,1153100000.0,2.01,1.97,2.01,2475300000.0,2500000000.0,2475300000.0,17090857398.0,14.0,11.303,655800000.0,1.679,1.0,7211900000.0,0.784,1098800000.0,63800000.0,3562100000.0,3318425000.0,982200000.0,0.0,0.0,0.0,3643400000.0,1969600000.0,1673800000.0,17125757398.0,26000000.0,-5300000.0,-510600000.0,-16000000.0,-148200000.0,-620600000.0,-379200000.0,200000.0,1029900000.0,-4100000.0,788300000.0,788300000.0,788300000.0,0.0,4500000.0,0.086,5990500000.0,1221400000.0,424200000.0,0.187,6.919,21.725,21.851,1125100000.0,0.0,43.92,1.863,1.865,1378500000.0,4395100000.0,9195000000.0,9195000000.0,0.0,0.128,0.315,0.367,0.132,49800000.0,5902600000.0,1.0,389930724.0,390500000,399300000.0,23.547,5036600000.0,0.0,364800000.0,295500000.0,12.898,1592500000.0
40,EL,MRT,2011-06-30,2011-06-30,2011-06-30,2021-08-27,17700000.0,6273900000.0,6022425000.0,3686500000.0,2587400000.0,1.463,6.674,-351000000.0,1253000000.0,1253000000.0,1936900000.0,703800000.0,1.897,1.379,1218100000.0,138000000.0,1080100000.0,1218100000.0,0.0,294400000.0,0.0,0.007,0.375,1086400000.0,1380800000.0,0.157,1380800000.0,1086400000.0,1022500000.0,1.78,1.74,1.78,2629400000.0,2411425000.0,2629400000.0,20806248549.0,19.0,15.068,676000000.0,1.716,1.0,6873100000.0,0.78,1104800000.0,63900000.0,3190900000.0,3265525000.0,995600000.0,0.0,0.0,0.0,3626900000.0,1943300000.0,1683600000.0,20677748549.0,132300000.0,-256100000.0,-240500000.0,-16100000.0,-148000000.0,-313100000.0,-606900000.0,200000.0,1027000000.0,25300000.0,700800000.0,700800000.0,700800000.0,0.0,3000000.0,0.08,5783700000.0,1089400000.0,446700000.0,0.211,7.864,29.506,29.548,1143100000.0,0.0,52.595,2.347,2.352,945600000.0,4113700000.0,8810000000.0,8810000000.0,0.0,0.116,0.291,0.333,0.123,45100000.0,5696700000.0,1.0,393150462.0,394000000,402400000.0,22.36,5169100000.0,0.0,321700000.0,192300000.0,13.12,1743200000.0
41,EL,MRT,2011-03-31,2011-03-31,2011-03-31,2021-08-27,-49700000.0,6196500000.0,5787850000.0,3710500000.0,2486000000.0,1.484,6.345,-333100000.0,1099000000.0,1099000000.0,1926100000.0,685600000.0,1.879,1.462,1227500000.0,144700000.0,1082800000.0,1227500000.0,0.0,279500000.0,0.0,0.008,0.375,1066400000.0,1345900000.0,0.157,1345900000.0,1066400000.0,974500000.0,1.735,1.7,1.735,2508300000.0,2241175000.0,2508300000.0,19211979092.0,18.0,14.274,553000000.0,1.399,1.0,6663400000.0,0.776,1106600000.0,91900000.0,3243900000.0,3220075000.0,889300000.0,0.0,0.0,0.0,3667700000.0,1974500000.0,1693200000.0,19023979092.0,-282200000.0,-257500000.0,-304900000.0,-208700000.0,-148000000.0,-579000000.0,-590400000.0,200000.0,886100000.0,1100000.0,683600000.0,683600000.0,683600000.0,0.0,2000000.0,0.08,5595000000.0,1068400000.0,373500000.0,0.216,7.584,27.829,27.769,1087200000.0,0.0,48.18,2.215,2.217,1249600000.0,4075400000.0,8589500000.0,8589500000.0,0.0,0.118,0.305,0.331,0.124,45500000.0,5495200000.0,1.0,394852202.0,395300000,404100000.0,21.729,5089900000.0,0.0,290900000.0,277400000.0,12.876,1736000000.0
42,EL,MRT,2010-12-31,2010-12-31,2010-12-31,2021-08-27,-111900000.0,5981800000.0,5687225000.0,3514100000.0,2467700000.0,1.457,6.068,-311200000.0,1043100000.0,1043100000.0,1888100000.0,618400000.0,2.006,1.498,1231100000.0,26000000.0,1205100000.0,1231100000.0,0.0,271300000.0,0.0,0.009,0.375,983600000.0,1254900000.0,0.151,1254900000.0,983600000.0,889300000.0,1.56,1.53,1.56,2387000000.0,2133150000.0,2387000000.0,16340972160.0,17.0,13.022,536600000.0,1.364,1.0,6395700000.0,0.772,1141600000.0,94300000.0,3276800000.0,3236500000.0,866900000.0,13900000.0,0.0,13900000.0,3576100000.0,1751400000.0,1824700000.0,15799372160.0,-180500000.0,-257500000.0,-150600000.0,-219800000.0,-148000000.0,-455300000.0,-568700000.0,0.0,847800000.0,-4300000.0,616400000.0,616400000.0,616400000.0,0.0,2000000.0,0.074,5410100000.0,985600000.0,349300000.0,0.24,6.619,25.632,25.865,1066900000.0,0.0,40.35,1.907,1.916,1172500000.0,3950700000.0,8283800000.0,8283800000.0,0.0,0.108,0.289,0.304,0.119,53500000.0,5355900000.0,1.0,391558170.0,393400000,401800000.0,21.057,4840200000.0,0.0,272900000.0,284600000.0,12.304,1762700000.0
43,EL,MRT,2010-09-30,2010-09-30,2010-09-30,2021-08-27,-121100000.0,5637500000.0,5619650000.0,3198400000.0,2439100000.0,1.433,5.391,-282900000.0,693500000.0,693500000.0,1872400000.0,534200000.0,1.896,1.65,1235100000.0,30600000.0,1204500000.0,1235100000.0,0.0,267200000.0,0.0,0.009,0.275,862000000.0,1129200000.0,0.14,1129200000.0,862000000.0,763900000.0,1.34,1.31,1.34,2121000000.0,2031800000.0,2121000000.0,12553450843.0,15.0,11.117,632000000.0,1.607,1.0,6181700000.0,0.768,1141700000.0,98100000.0,3350500000.0,3257525000.0,905200000.0,13700000.0,0.0,13700000.0,3499500000.0,1686900000.0,1812600000.0,12445750843.0,-105700000.0,-259900000.0,-190900000.0,-216900000.0,-109100000.0,-469200000.0,-542900000.0,-100000.0,914900000.0,-8500000.0,528700000.0,528700000.0,528700000.0,0.0,5500000.0,0.066,5314200000.0,867500000.0,379200000.0,0.205,5.868,23.54,23.593,1043800000.0,0.0,31.615,1.545,1.544,1155400000.0,3755100000.0,8054100000.0,8054100000.0,0.0,0.094,0.26,0.265,0.107,56700000.0,5219100000.0,1.0,393666008.0,393400000,400800000.0,20.473,4495800000.0,0.0,235200000.0,239900000.0,11.428,1511500000.0
44,EL,MRT,2010-06-30,2010-06-30,2010-06-30,2021-08-27,-196700000.0,5335600000.0,5576975000.0,3121000000.0,2214600000.0,1.398,4.928,-270600000.0,1120700000.0,1120700000.0,1829400000.0,482400000.0,1.985,1.73,1228400000.0,23400000.0,1205000000.0,1228400000.0,0.0,263700000.0,0.0,0.01,0.275,785800000.0,1049500000.0,0.135,1049500000.0,785800000.0,684200000.0,1.21,1.19,1.21,1948400000.0,1960200000.0,1948400000.0,11128378013.0,14.0,10.604,686100000.0,1.735,1.0,5966400000.0,0.765,862000000.0,101600000.0,3009100000.0,3325200000.0,826600000.0,0.0,0.0,0.0,3370200000.0,1572200000.0,1798000000.0,11091978013.0,256200000.0,-10700000.0,-61700000.0,-234700000.0,-109100000.0,-406100000.0,-281400000.0,-100000.0,956700000.0,-13000000.0,478300000.0,478300000.0,478300000.0,0.0,4100000.0,0.061,5176500000.0,789900000.0,425200000.0,0.227,5.693,23.19,23.029,1023600000.0,0.0,27.865,1.423,1.413,746200000.0,3564000000.0,7795800000.0,7795800000.0,0.0,0.086,0.244,0.236,0.101,46200000.0,5067000000.0,1.0,398061296.0,395400000,401500000.0,19.716,4473600000.0,0.0,205900000.0,168900000.0,11.314,1548800000.0
45,EL,MRT,2010-03-31,2010-03-31,2010-03-31,2021-08-27,-114300000.0,5794000000.0,5537225000.0,3542400000.0,2251600000.0,1.379,5.243,-225300000.0,1381200000.0,1381200000.0,1842200000.0,445000000.0,2.15,1.779,1417600000.0,21700000.0,1395900000.0,1417600000.0,0.0,259000000.0,0.0,0.008,0.275,723100000.0,982100000.0,0.129,982100000.0,723100000.0,645200000.0,1.11,1.09,1.11,2076200000.0,1883100000.0,2076200000.0,12955478115.0,18.0,13.192,962200000.0,2.43,1.0,5796300000.0,0.759,873500000.0,77900000.0,3309600000.0,3414000000.0,784500000.0,12900000.0,0.0,12900000.0,3693800000.0,1647300000.0,2046500000.0,12775378115.0,740600000.0,-13300000.0,25400000.0,-144600000.0,-109100000.0,-234300000.0,-230400000.0,8200000.0,1187500000.0,17800000.0,436500000.0,436500000.0,436500000.0,0.0,8500000.0,0.057,5064700000.0,731600000.0,355000000.0,0.248,6.153,29.268,29.221,1012500000.0,0.0,32.435,1.672,1.682,978800000.0,3540100000.0,7638500000.0,7638500000.0,0.0,0.079,0.232,0.212,0.095,46000000.0,4860400000.0,1.0,393876310.0,396000000,403600000.0,19.289,4920500000.0,0.0,208700000.0,322600000.0,12.426,1895100000.0
46,EL,MRT,2009-12-31,2009-12-31,2009-12-31,2021-08-27,-77000000.0,5711500000.0,5368425000.0,3449500000.0,2262000000.0,1.392,5.022,-226500000.0,1223600000.0,1223600000.0,1844000000.0,415400000.0,2.083,1.869,1403700000.0,27800000.0,1375900000.0,1403700000.0,0.0,255800000.0,0.0,0.011,0.275,666400000.0,922200000.0,0.123,922200000.0,666400000.0,586100000.0,1.035,1.02,1.035,1981600000.0,1776875000.0,1981600000.0,10123911282.0,15.0,10.978,869700000.0,2.204,1.0,5631000000.0,0.753,875000000.0,80300000.0,3360900000.0,3504425000.0,756400000.0,13000000.0,0.0,13000000.0,3702900000.0,1655700000.0,2047200000.0,9514211282.0,494700000.0,-14000000.0,-21700000.0,-238100000.0,-109100000.0,-376200000.0,-232200000.0,8300000.0,1096200000.0,6900000.0,406200000.0,406200000.0,406200000.0,0.0,9200000.0,0.054,4955400000.0,675600000.0,314300000.0,0.266,4.801,23.422,23.362,1012000000.0,0.0,24.18,1.273,1.276,1098500000.0,3482700000.0,7475000000.0,7475000000.0,0.0,0.076,0.229,0.19,0.089,49200000.0,4742800000.0,1.0,393474412.0,394600000,400800000.0,18.943,4836500000.0,0.0,179900000.0,370200000.0,12.257,1793800000.0
47,EL,MRT,2009-09-30,2009-09-30,2009-09-30,2021-08-27,-83500000.0,5466800000.0,5271050000.0,3163000000.0,2303800000.0,1.376,4.663,-249300000.0,799200000.0,799200000.0,1826600000.0,315000000.0,2.054,1.968,1408900000.0,19500000.0,1389400000.0,1408900000.0,0.0,256700000.0,0.0,0.015,0.275,539300000.0,796000000.0,0.11,796000000.0,539300000.0,459300000.0,0.785,0.78,0.785,1834600000.0,1694875000.0,1834600000.0,7850485349.0,15.0,9.862,645600000.0,1.641,1.0,5427100000.0,0.748,915600000.0,80000000.0,3621200000.0,3574025000.0,844200000.0,13100000.0,0.0,13100000.0,3610200000.0,1539700000.0,2070500000.0,7293585349.0,470400000.0,-14300000.0,-5300000.0,-43300000.0,-108400000.0,-165300000.0,-255300000.0,8300000.0,894900000.0,-3900000.0,308000000.0,308000000.0,308000000.0,0.0,7000000.0,0.042,4880800000.0,546300000.0,342600000.0,0.35,3.976,23.68,23.618,1017900000.0,0.0,18.54,1.005,1.006,1097400000.0,3335700000.0,7253700000.0,7253700000.0,0.0,0.058,0.182,0.151,0.074,48100000.0,4722800000.0,1.0,393397268.0,393400000,396400000.0,18.438,4551200000.0,0.0,151300000.0,326900000.0,11.569,1623300000.0
48,EL,MRT,2009-06-30,2009-06-30,2009-06-30,2021-08-27,-117100000.0,5176600000.0,5199775000.0,2912500000.0,2264100000.0,1.408,4.177,-279800000.0,864500000.0,864500000.0,1881600000.0,226800000.0,1.996,2.142,1421400000.0,33800000.0,1387600000.0,1421400000.0,0.0,254000000.0,0.0,0.017,0.275,410000000.0,664000000.0,0.091,664000000.0,410000000.0,334300000.0,0.555,0.55,0.555,1640000000.0,1665325000.0,1640000000.0,7329286280.0,18.0,11.038,416200000.0,1.06,1.0,5442200000.0,0.743,910000000.0,75700000.0,3364300000.0,3547775000.0,795000000.0,12700000.0,0.0,12700000.0,3512600000.0,1459200000.0,2053400000.0,6425886280.0,462800000.0,-68500000.0,47000000.0,194100000.0,-108400000.0,125800000.0,-339500000.0,8800000.0,696000000.0,-19500000.0,218400000.0,218400000.0,218400000.0,0.0,8400000.0,0.03,5023800000.0,418400000.0,329800000.0,0.495,3.918,29.423,29.432,1026700000.0,0.0,16.335,0.877,0.876,853300000.0,3195000000.0,7323800000.0,7323800000.0,0.0,0.042,0.131,0.116,0.056,50100000.0,4883900000.0,1.0,393381468.0,392600000,395400000.0,18.655,4266600000.0,0.0,115900000.0,292300000.0,10.868,1453300000.0
49,EL,MRT,2009-03-31,2009-03-31,2009-03-31,2021-08-27,-114700000.0,5118800000.0,5158425000.0,2896000000.0,2222800000.0,1.484,4.198,-323400000.0,640600000.0,640600000.0,1945100000.0,369600000.0,2.008,2.1,1544000000.0,140700000.0,1403300000.0,1544000000.0,0.0,258000000.0,0.0,0.022,0.275,626600000.0,884600000.0,0.116,884600000.0,626600000.0,557100000.0,0.905,0.9,0.905,1651300000.0,1668625000.0,1651300000.0,5774626593.0,9.0,6.528,154900000.0,0.394,1.0,5708000000.0,0.746,908400000.0,69500000.0,3671300000.0,3508300000.0,820300000.0,20600000.0,0.0,20600000.0,3467500000.0,1442500000.0,2025000000.0,4848426593.0,230600000.0,-60100000.0,57300000.0,226500000.0,-108400000.0,168100000.0,-387300000.0,-3800000.0,478300000.0,-28500000.0,356500000.0,356500000.0,356500000.0,0.0,13100000.0,0.047,5073800000.0,634200000.0,276400000.0,0.304,2.936,13.6,13.619,1010100000.0,0.0,12.325,0.634,0.634,1031600000.0,3212900000.0,7653100000.0,7653100000.0,0.0,0.069,0.214,0.179,0.082,47100000.0,5037700000.0,1.0,393381468.0,393400000,394400000.0,19.454,4210400000.0,0.0,200600000.0,10700000.0,10.703,1453500000.0
50,EL,MRT,2008-12-31,2008-12-31,2008-12-31,2021-08-27,-74800000.0,5322000000.0,5141800000.0,3079800000.0,2242200000.0,1.524,4.205,-354900000.0,728900000.0,728900000.0,1970600000.0,431400000.0,1.832,2.218,1655100000.0,248700000.0,1406400000.0,1655100000.0,0.0,254700000.0,0.0,0.018,0.275,717300000.0,972000000.0,0.124,972000000.0,717300000.0,652300000.0,1.07,1.06,1.07,1653600000.0,1645150000.0,1653600000.0,7182768730.0,10.0,7.39,190000000.0,0.483,1.0,5865800000.0,0.749,927400000.0,65000000.0,3639300000.0,3403550000.0,896600000.0,21300000.0,0.0,21300000.0,3668400000.0,1681500000.0,1986900000.0,6079668730.0,409400000.0,-63800000.0,88600000.0,325100000.0,-108400000.0,298200000.0,-422600000.0,-3900000.0,544900000.0,-11100000.0,419400000.0,419400000.0,419400000.0,0.0,12000000.0,0.054,5140700000.0,725100000.0,310300000.0,0.257,3.677,14.496,14.467,1030900000.0,0.0,15.48,0.776,0.777,1033600000.0,3185700000.0,7836400000.0,7836400000.0,0.0,0.082,0.255,0.211,0.092,44000000.0,5126100000.0,1.0,392743458.0,393200000,395000000.0,19.93,4394600000.0,0.0,232900000.0,68300000.0,11.177,1398300000.0
51,EL,MRT,2008-09-30,2008-09-30,2008-09-30,2021-08-27,40300000.0,5181700000.0,4995600000.0,2906200000.0,2275500000.0,1.622,4.394,-355200000.0,328800000.0,328800000.0,2041100000.0,494500000.0,1.593,2.019,1431900000.0,349900000.0,1082000000.0,1431900000.0,0.0,254300000.0,0.0,0.011,0.275,815900000.0,1070200000.0,0.132,1070200000.0,815900000.0,752200000.0,1.25,1.23,1.25,1716400000.0,1575250000.0,1716400000.0,10508181407.0,13.0,9.819,271500000.0,0.695,1.0,6063100000.0,0.748,944500000.0,63700000.0,3516200000.0,3262275000.0,1048400000.0,22500000.0,0.0,22500000.0,3465300000.0,1824100000.0,1641200000.0,9712981407.0,117400000.0,-63100000.0,91700000.0,-68100000.0,-106700000.0,-89800000.0,-422100000.0,-3800000.0,626700000.0,2600000.0,485800000.0,485800000.0,485800000.0,0.0,8700000.0,0.06,5237800000.0,825300000.0,331500000.0,0.22,5.659,19.994,19.964,1042600000.0,0.0,24.955,1.199,1.203,1164900000.0,3136200000.0,8104200000.0,8104200000.0,0.0,0.097,0.308,0.25,0.101,48400000.0,5223600000.0,1.0,389219852.0,390600000,397600000.0,20.748,4237200000.0,0.0,266400000.0,101200000.0,10.848,1082100000.0
52,EL,MRT,2008-06-30,2008-06-30,2008-06-30,2021-08-27,110800000.0,5011200000.0,4853400000.0,2787200000.0,2224000000.0,1.63,4.263,-357800000.0,401700000.0,401700000.0,1996800000.0,484000000.0,1.64,2.031,1196900000.0,118700000.0,1078200000.0,1196900000.0,0.0,250700000.0,0.0,0.012,0.275,800500000.0,1051200000.0,0.133,1051200000.0,800500000.0,733700000.0,1.22,1.2,1.22,1653200000.0,1452000000.0,1653200000.0,9872275447.0,12.0,9.391,332300000.0,0.857,1.0,5914000000.0,0.748,900800000.0,66800000.0,3206400000.0,3180125000.0,987200000.0,24100000.0,0.0,24100000.0,3358000000.0,1699200000.0,1658800000.0,9004775447.0,148000000.0,-116000000.0,-12300000.0,48900000.0,-106600000.0,-78100000.0,-478500000.0,-4700000.0,690100000.0,14500000.0,473800000.0,473800000.0,473800000.0,0.0,10200000.0,0.06,5103300000.0,810700000.0,361700000.0,0.225,5.447,19.005,19.037,1043100000.0,0.0,23.225,1.138,1.139,1038800000.0,3085100000.0,7910800000.0,7910800000.0,0.0,0.098,0.326,0.252,0.101,46100000.0,5088900000.0,1.0,387719072.0,387800000,394200000.0,20.399,4110400000.0,0.0,259900000.0,299000000.0,10.599,1088000000.0
53,EL,MRT,2008-03-31,2008-03-31,2008-03-31,2021-08-27,155700000.0,5052300000.0,4632025000.0,2811800000.0,2240500000.0,1.654,4.016,-350400000.0,410000000.0,410000000.0,1927900000.0,442200000.0,1.592,2.244,1277500000.0,191700000.0,1085800000.0,1277500000.0,0.0,238900000.0,0.0,0.012,0.275,764500000.0,1003400000.0,0.131,1003400000.0,764500000.0,696000000.0,1.145,1.125,1.145,1557400000.0,1338450000.0,1557400000.0,9821572972.0,13.0,9.788,379100000.0,0.978,1.0,5733200000.0,0.748,901700000.0,68500000.0,3252300000.0,3052300000.0,927900000.0,26800000.0,0.0,26800000.0,3494900000.0,1765800000.0,1729100000.0,8868872972.0,208000000.0,-124900000.0,9800000.0,41600000.0,-106600000.0,-61800000.0,-475700000.0,-400000.0,729500000.0,16000000.0,442200000.0,442200000.0,442200000.0,-200000.0,0.0,0.058,4962700000.0,770500000.0,339000000.0,0.24,5.695,20.056,20.022,991100000.0,0.0,22.925,1.158,1.16,1137900000.0,2965100000.0,7661100000.0,7661100000.0,0.0,0.095,0.33,0.25,0.1,44000000.0,4951400000.0,1.0,386864688.0,387800000,393200000.0,19.755,4150600000.0,0.0,253800000.0,61800000.0,10.703,1046000000.0
54,EL,MRT,2007-12-31,2007-12-31,2007-12-31,2021-08-27,104600000.0,4737200000.0,4372500000.0,2614000000.0,2123200000.0,1.709,3.554,-332000000.0,319500000.0,319500000.0,1882000000.0,446000000.0,1.524,2.448,1272200000.0,198900000.0,1073300000.0,1272200000.0,0.0,225300000.0,0.0,0.013,0.275,759700000.0,985000000.0,0.132,985000000.0,759700000.0,698500000.0,1.14,1.12,1.14,1374000000.0,1215325000.0,1374000000.0,9663951589.0,13.0,9.811,384500000.0,0.995,1.0,5589800000.0,0.748,901000000.0,61200000.0,3074200000.0,2883350000.0,899000000.0,22300000.0,0.0,22300000.0,3363200000.0,1714700000.0,1648500000.0,8416651589.0,67700000.0,-120500000.0,-687000000.0,590700000.0,-106600000.0,-205900000.0,-453000000.0,-500000.0,716500000.0,10100000.0,446000000.0,446000000.0,446000000.0,-300000.0,0.0,0.06,4823800000.0,766000000.0,341400000.0,0.241,6.126,18.871,19.127,943700000.0,0.0,21.805,1.126,1.128,1099400000.0,2875000000.0,7471800000.0,7471800000.0,0.0,0.102,0.367,0.263,0.102,41800000.0,4811900000.0,1.0,385996404.0,386600000,393000000.0,19.327,3836200000.0,0.0,252500000.0,68900000.0,9.923,899300000.0
55,EL,MRT,2007-09-30,2007-09-30,2007-09-30,2021-08-27,85600000.0,4612900000.0,4198675000.0,2527800000.0,2085100000.0,1.704,3.153,-323300000.0,211400000.0,211400000.0,1802500000.0,430000000.0,1.427,2.771,1458700000.0,396300000.0,1062400000.0,1458700000.0,0.0,215300000.0,0.0,0.012,0.25,723500000.0,938800000.0,0.131,938800000.0,723500000.0,672900000.0,1.06,1.045,1.06,1223400000.0,1275700000.0,1223400000.0,9083602070.0,13.0,9.676,276800000.0,0.713,1.0,5351600000.0,0.748,901100000.0,50600000.0,3187600000.0,2599425000.0,968500000.0,22300000.0,0.0,22300000.0,3389500000.0,1771500000.0,1618000000.0,8248802070.0,30700000.0,-120900000.0,-795000000.0,772700000.0,-103600000.0,-135800000.0,-444800000.0,-600000.0,600100000.0,11200000.0,430000000.0,430000000.0,430000000.0,-200000.0,0.0,0.06,4623700000.0,727900000.0,314500000.0,0.236,6.743,19.183,20.028,917400000.0,0.0,21.23,1.153,1.151,1062400000.0,2757500000.0,7154100000.0,7154100000.0,0.0,0.102,0.337,0.278,0.101,38100000.0,4611700000.0,1.0,388544610.0,388000000,394400000.0,18.438,3711800000.0,0.0,242900000.0,25700000.0,9.566,756300000.0
56,EL,MRT,2007-06-30,2007-06-30,2007-06-30,2021-08-27,54700000.0,4125700000.0,4031950000.0,2239400000.0,1886300000.0,1.745,2.934,-312100000.0,253700000.0,253700000.0,1774800000.0,449200000.0,1.492,2.441,1088500000.0,60400000.0,1028100000.0,1088500000.0,0.0,207200000.0,0.0,0.011,0.25,743300000.0,950500000.0,0.135,950500000.0,743300000.0,704400000.0,1.1,1.08,1.1,1199000000.0,1367025000.0,1199000000.0,9774415982.0,13.0,10.283,349500000.0,0.855,1.0,5262700000.0,0.748,764700000.0,38900000.0,2695100000.0,2303800000.0,855800000.0,22200000.0,0.0,22200000.0,2926700000.0,1500700000.0,1426000000.0,8802215982.0,-114900000.0,-61200000.0,-850200000.0,553400000.0,-103600000.0,-411600000.0,-373800000.0,-500000.0,661600000.0,8900000.0,449200000.0,449200000.0,449200000.0,-500000.0,0.0,0.064,4512800000.0,749900000.0,314700000.0,0.227,7.341,19.595,20.686,880800000.0,0.0,22.755,1.251,1.321,860500000.0,2731500000.0,7037500000.0,7037500000.0,0.0,0.111,0.329,0.323,0.106,33900000.0,4500600000.0,1.0,386825576.0,408600000,415600000.0,17.223,3361000000.0,0.0,255200000.0,161700000.0,8.226,738700000.0
57,EL,MRT,2007-03-31,2007-03-31,2007-03-31,2021-08-27,81500000.0,4014200000.0,3946550000.0,2265900000.0,1748300000.0,1.743,2.613,-302900000.0,202000000.0,202000000.0,1750200000.0,405100000.0,1.375,2.77,1174200000.0,141200000.0,1033000000.0,1174200000.0,0.0,204200000.0,0.0,0.01,0.25,722400000.0,926600000.0,0.135,926600000.0,722400000.0,694500000.0,0.98,0.96,0.98,1064900000.0,1472850000.0,1064900000.0,10470737613.0,14.0,11.3,388000000.0,0.952,1.0,5129500000.0,0.746,762100000.0,27900000.0,2576500000.0,2076525000.0,806300000.0,22200000.0,0.0,22200000.0,2949300000.0,1647800000.0,1301500000.0,10093337613.0,-66300000.0,-49900000.0,-907200000.0,604000000.0,-103600000.0,-411300000.0,-353300000.0,-500000.0,690900000.0,7400000.0,405100000.0,405100000.0,405100000.0,4300000.0,0.0,0.059,4393000000.0,736500000.0,273000000.0,0.255,9.478,24.916,24.923,830500000.0,0.0,24.425,1.467,1.447,964900000.0,2618700000.0,6879700000.0,6879700000.0,0.0,0.103,0.275,0.348,0.105,36100000.0,4353700000.0,1.0,413237978.0,407600000,416000000.0,16.879,3252100000.0,0.0,289400000.0,191000000.0,7.979,618100000.0
58,EL,MRT,2006-12-31,2006-12-31,2006-12-31,2021-08-27,80600000.0,4041900000.0,3867250000.0,2327000000.0,1714900000.0,1.75,3.878,-297100000.0,251800000.0,251800000.0,1735700000.0,370700000.0,1.355,1.502,629200000.0,189900000.0,439300000.0,629200000.0,0.0,205100000.0,0.0,0.012,0.25,676800000.0,881900000.0,0.13,881900000.0,676800000.0,651100000.0,0.89,0.875,0.89,1615500000.0,1591225000.0,1615500000.0,8984140244.0,13.0,10.187,335300000.0,0.805,1.0,5031700000.0,0.744,763300000.0,25700000.0,1938500000.0,1886250000.0,783000000.0,21900000.0,0.0,21900000.0,2426400000.0,1717500000.0,708900000.0,8521840244.0,-118500000.0,-52600000.0,-271700000.0,-27500000.0,-103600000.0,-410100000.0,-350100000.0,-400000.0,632400000.0,9300000.0,370700000.0,370700000.0,370700000.0,8100000.0,0.0,0.055,4335600000.0,696100000.0,287400000.0,0.281,5.275,22.989,22.933,807500000.0,0.0,20.41,1.259,1.256,1005100000.0,2524800000.0,6767400000.0,6767400000.0,0.0,0.096,0.233,0.359,0.1,35300000.0,4244600000.0,1.0,417532594.0,416600000,422800000.0,16.244,3278600000.0,0.0,280400000.0,180600000.0,7.87,609500000.0
59,EL,MRT,2006-09-30,2006-09-30,2006-09-30,2021-08-27,63600000.0,3946000000.0,3782025000.0,2271400000.0,1674600000.0,1.735,3.763,-282200000.0,180700000.0,180700000.0,1695200000.0,244000000.0,1.385,1.484,643000000.0,204400000.0,438600000.0,643000000.0,0.0,202100000.0,0.0,0.01,0.2,526200000.0,728300000.0,0.111,728300000.0,526200000.0,501300000.0,0.58,0.57,0.58,1588700000.0,1559250000.0,1588700000.0,8693989537.0,17.0,11.937,422000000.0,1.0,1.0,4865000000.0,0.742,762800000.0,24900000.0,2005100000.0,1837875000.0,834000000.0,21700000.0,0.0,21700000.0,2357300000.0,1640400000.0,716900000.0,8541089537.0,-208800000.0,-99100000.0,-393900000.0,-54500000.0,-85400000.0,-534600000.0,-381700000.0,-400000.0,704200000.0,3300000.0,244000000.0,244000000.0,244000000.0,76700000.0,0.0,0.037,4250600000.0,614400000.0,303900000.0,0.345,5.376,35.004,34.767,775800000.0,0.0,20.165,1.302,1.298,980100000.0,2420200000.0,6560200000.0,6560200000.0,0.0,0.065,0.156,0.286,0.08,34900000.0,4158000000.0,1.0,423560106.0,422200000,427200000.0,15.538,3183200000.0,0.0,257300000.0,149100000.0,7.54,631000000.0
60,EL,MRT,2006-06-30,2006-06-30,2006-06-30,2021-08-27,64700000.0,3784100000.0,3787450000.0,2176900000.0,1607200000.0,1.707,3.773,-261200000.0,368600000.0,368600000.0,1686600000.0,244200000.0,1.514,1.333,521500000.0,89700000.0,431800000.0,521500000.0,0.0,198400000.0,0.0,0.01,0.2,527700000.0,726100000.0,0.112,726100000.0,527700000.0,503900000.0,0.57,0.56,0.57,1622300000.0,1595475000.0,1622300000.0,8492520711.0,16.0,11.696,448600000.0,1.043,1.0,4777200000.0,0.739,712800000.0,23800000.0,1786000000.0,1845650000.0,766300000.0,13400000.0,0.0,13400000.0,2161800000.0,1438200000.0,723600000.0,8205420711.0,-184700000.0,-42400000.0,-333200000.0,-179800000.0,-85400000.0,-594600000.0,-303200000.0,400000.0,709800000.0,3300000.0,244200000.0,244200000.0,244200000.0,80300000.0,0.0,0.038,4157600000.0,619600000.0,264500000.0,0.351,5.058,33.601,33.921,758000000.0,0.0,19.335,1.269,1.286,771200000.0,2361900000.0,6463800000.0,6463800000.0,0.0,0.064,0.153,0.286,0.082,29200000.0,4065500000.0,1.0,424381728.0,430000000,434800000.0,15.032,3071300000.0,0.0,259700000.0,135500000.0,7.143,738700000.0
61,EL,MRT,2006-03-31,2006-03-31,2006-03-31,2021-08-27,9300000.0,3697000000.0,3812875000.0,2170500000.0,1526500000.0,1.675,3.621,-237400000.0,268300000.0,268300000.0,1657000000.0,266300000.0,1.486,1.403,555400000.0,119100000.0,436300000.0,555400000.0,0.0,199700000.0,0.0,0.011,0.2,543400000.0,743100000.0,0.116,743100000.0,543400000.0,521100000.0,0.61,0.61,0.61,1538400000.0,1613100000.0,1538400000.0,8194360278.0,15.0,11.027,415400000.0,0.978,1.0,4730300000.0,0.741,708300000.0,22300000.0,1815400000.0,1838425000.0,718100000.0,11500000.0,0.0,11500000.0,2158600000.0,1460400000.0,698200000.0,7913460278.0,-249700000.0,-49400000.0,-524000000.0,3200000.0,-85400000.0,-607100000.0,-286400000.0,400000.0,652800000.0,-9000000.0,266300000.0,266300000.0,266300000.0,76000000.0,0.0,0.042,4099200000.0,631100000.0,239500000.0,0.328,5.144,29.716,30.484,709000000.0,0.0,18.595,1.239,1.237,900100000.0,2317400000.0,6387300000.0,6387300000.0,0.0,0.07,0.165,0.296,0.085,23200000.0,4046000000.0,1.0,425569254.0,424800000,429800000.0,15.036,2988700000.0,0.0,254800000.0,133100000.0,7.036,710100000.0
62,EL,MRT,2005-12-31,2005-12-31,2005-12-31,2021-08-27,-3600000.0,3701000000.0,3884675000.0,2201600000.0,1499400000.0,1.631,3.464,-224200000.0,370300000.0,370300000.0,1629200000.0,313000000.0,1.438,1.488,651200000.0,209600000.0,441600000.0,651200000.0,0.0,199300000.0,0.0,0.012,0.2,609100000.0,808400000.0,0.128,808400000.0,609100000.0,590100000.0,0.705,0.7,0.705,1487600000.0,1706950000.0,1487600000.0,7533121723.0,12.0,9.319,333700000.0,0.777,1.0,4705200000.0,0.743,706200000.0,19000000.0,1745000000.0,1849950000.0,726600000.0,11400000.0,0.0,11400000.0,2213400000.0,1530700000.0,682700000.0,7224121723.0,-207600000.0,-49000000.0,-490700000.0,96600000.0,-85400000.0,-481600000.0,-272800000.0,400000.0,557900000.0,-11500000.0,313000000.0,313000000.0,313000000.0,73700000.0,0.0,0.049,4011600000.0,693600000.0,244600000.0,0.284,4.856,23.08,23.745,693200000.0,0.0,16.74,1.14,1.135,832300000.0,2257900000.0,6334400000.0,6334400000.0,0.0,0.081,0.183,0.329,0.096,18900000.0,4010000000.0,1.0,431548490.0,429400000,433200000.0,14.752,2994800000.0,0.0,277100000.0,148000000.0,6.974,670900000.0
63,EL,MRT,2005-09-30,2005-09-30,2005-09-30,2021-08-27,17900000.0,3967700000.0,3948125000.0,2479400000.0,1488300000.0,1.592,3.929,-237500000.0,389500000.0,389500000.0,1614600000.0,369600000.0,1.61,1.289,698500000.0,253600000.0,444900000.0,698500000.0,0.0,197000000.0,0.0,0.011,0.2,658200000.0,855200000.0,0.136,855200000.0,658200000.0,642800000.0,0.82,0.81,0.82,1733600000.0,1785375000.0,1733600000.0,7858426251.0,12.0,9.189,273200000.0,0.619,1.0,4672200000.0,0.743,700100000.0,15400000.0,2036200000.0,1840500000.0,814800000.0,11700000.0,0.0,11700000.0,2234100000.0,1540400000.0,693700000.0,7697026251.0,2400000.0,-2800000.0,-320900000.0,143000000.0,-90100000.0,-270100000.0,-239800000.0,500000.0,510700000.0,1400000.0,369600000.0,369600000.0,369600000.0,6400000.0,0.0,0.059,3996600000.0,675600000.0,255100000.0,0.244,4.44,20.825,21.238,690800000.0,0.0,17.415,1.224,1.222,915200000.0,2261700000.0,6286800000.0,6286800000.0,0.0,0.094,0.207,0.358,0.105,9500000.0,3996600000.0,1.0,441976816.0,441200000,447200000.0,14.249,3267600000.0,0.0,273200000.0,121300000.0,7.406,939000000.0
64,EL,MRT,2005-06-30,2005-06-30,2005-06-30,2021-08-27,9400000.0,3885800000.0,3899775000.0,2302600000.0,1583200000.0,1.61,3.757,-229600000.0,553300000.0,553300000.0,1602800000.0,406100000.0,1.537,1.295,714700000.0,263600000.0,451100000.0,714700000.0,0.0,196700000.0,0.0,0.01,0.2,713700000.0,910400000.0,0.145,910400000.0,713700000.0,699800000.0,0.9,0.89,0.9,1692800000.0,1786075000.0,1692800000.0,8874221427.0,12.0,9.748,248500000.0,0.551,1.0,4677200000.0,0.745,792400000.0,13900000.0,1757100000.0,1786300000.0,768300000.0,12300000.0,0.0,12300000.0,2193000000.0,1497700000.0,695300000.0,8836621427.0,-58300000.0,-7100000.0,-358000000.0,156100000.0,-90100000.0,-300400000.0,-237000000.0,-300000.0,478100000.0,1000000.0,406100000.0,406100000.0,406100000.0,3800000.0,0.0,0.065,3950400000.0,726800000.0,249400000.0,0.222,5.22,21.76,21.739,694200000.0,0.0,19.565,1.407,1.404,776600000.0,2203200000.0,6280000000.0,6280000000.0,0.0,0.104,0.227,0.4,0.114,-1200000.0,3950400000.0,1.0,451654558.0,450600000,457200000.0,13.937,3093400000.0,0.0,293700000.0,109900000.0,6.865,804900000.0
65,EL,MRT,2005-03-31,2005-03-31,2005-03-31,2021-08-27,75400000.0,3984200000.0,3855350000.0,2429900000.0,1554300000.0,1.584,4.243,-243800000.0,518000000.0,518000000.0,1564200000.0,410600000.0,1.731,1.082,555600000.0,113800000.0,441800000.0,555600000.0,0.0,196500000.0,0.0,0.009,0.2,683600000.0,880100000.0,0.144,880100000.0,683600000.0,667600000.0,0.905,0.89,0.905,1913800000.0,1796250000.0,1913800000.0,10109640211.0,15.0,11.487,173300000.0,0.384,1.0,4541900000.0,0.744,756600000.0,16000000.0,1861500000.0,1738425000.0,723300000.0,12700000.0,0.0,12700000.0,2070400000.0,1403700000.0,666700000.0,10134340211.0,-349800000.0,-7400000.0,-127600000.0,-284000000.0,-90100000.0,-524900000.0,-251500000.0,-300000.0,417100000.0,8400000.0,410600000.0,410600000.0,410600000.0,6800000.0,0.0,0.067,3843500000.0,698400000.0,251000000.0,0.221,5.295,24.682,24.851,690400000.0,0.0,22.49,1.66,1.661,921500000.0,2136600000.0,6106100000.0,6106100000.0,0.0,0.107,0.229,0.393,0.112,1100000.0,3841600000.0,1.0,450615394.0,451000000,457400000.0,13.539,3227600000.0,0.0,257000000.0,120700000.0,7.157,1026200000.0
66,EL,MRT,2004-12-31,2004-12-31,2004-12-31,2021-08-27,80100000.0,3954800000.0,3844825000.0,2404500000.0,1550300000.0,1.561,3.992,-234500000.0,577900000.0,577900000.0,1539100000.0,402700000.0,1.641,1.196,553200000.0,80400000.0,472800000.0,553200000.0,0.0,194400000.0,0.0,0.009,0.2,674500000.0,868900000.0,0.145,868900000.0,674500000.0,654900000.0,0.885,0.87,0.885,1801300000.0,1728050000.0,1801300000.0,10496011812.0,16.0,12.08,360900000.0,0.8,1.0,4463300000.0,0.744,757300000.0,19600000.0,1707200000.0,1747125000.0,699100000.0,12900000.0,0.0,12900000.0,2153500000.0,1465600000.0,687900000.0,10333011812.0,-292000000.0,-2300000.0,-189700000.0,-286000000.0,-158600000.0,-657300000.0,-237100000.0,-300000.0,595400000.0,7800000.0,402700000.0,402700000.0,402700000.0,7200000.0,0.0,0.067,3774100000.0,689200000.0,293600000.0,0.226,5.736,25.659,25.859,683100000.0,0.0,22.885,1.721,1.72,844400000.0,2030400000.0,6002400000.0,6002400000.0,0.0,0.105,0.233,0.386,0.112,3500000.0,3766700000.0,1.0,451518978.0,451200000,458400000.0,13.303,3197500000.0,0.0,252200000.0,127900000.0,7.087,938900000.0
67,EL,MRT,2004-09-30,2004-09-30,2004-09-30,2021-08-27,17400000.0,3774300000.0,3848675000.0,2267800000.0,1506500000.0,1.529,3.823,-208400000.0,387100000.0,387100000.0,1507900000.0,360100000.0,1.661,1.174,550100000.0,77500000.0,472600000.0,550100000.0,0.0,193500000.0,0.0,0.007,0.15,630200000.0,823700000.0,0.14,823700000.0,630200000.0,606700000.0,0.79,0.775,0.79,1736400000.0,1674775000.0,1736400000.0,9388912106.0,15.0,11.398,413200000.0,0.91,1.0,4377300000.0,0.744,752600000.0,23500000.0,1819400000.0,1789725000.0,712800000.0,12200000.0,0.0,12200000.0,2037900000.0,1365300000.0,672600000.0,9465212106.0,-95600000.0,-2600000.0,-140000000.0,-294000000.0,-68500000.0,-512900000.0,-211300000.0,-300000.0,621600000.0,7200000.0,360100000.0,360100000.0,360100000.0,36400000.0,0.0,0.061,3701800000.0,675500000.0,260700000.0,0.19,5.451,26.285,26.456,641200000.0,0.0,20.9,1.608,1.613,902200000.0,1982200000.0,5885200000.0,5885200000.0,0.0,0.094,0.215,0.352,0.107,5500000.0,3687300000.0,1.0,452880962.0,454200000,462400000.0,12.957,3021700000.0,0.0,246600000.0,114800000.0,6.653,902500000.0
68,EL,MRT,2004-06-30,2004-06-30,2004-06-30,2021-08-27,10500000.0,3708100000.0,3830150000.0,2199200000.0,1508900000.0,1.499,3.798,-212200000.0,611600000.0,611600000.0,1464300000.0,342100000.0,1.664,1.139,535300000.0,73800000.0,461500000.0,535300000.0,0.0,191700000.0,0.0,0.006,0.15,603600000.0,795300000.0,0.139,795300000.0,603600000.0,576500000.0,0.75,0.74,0.75,1733500000.0,1616575000.0,1733500000.0,11058490079.0,18.0,13.905,460800000.0,1.01,1.0,4277200000.0,0.745,744200000.0,27100000.0,1565600000.0,1872575000.0,653500000.0,12600000.0,0.0,12600000.0,1974600000.0,1322000000.0,652600000.0,11084690079.0,247500000.0,-1400000.0,-39500000.0,-100200000.0,-68500000.0,-216000000.0,-213700000.0,-100000.0,673000000.0,4200000.0,342100000.0,342100000.0,342100000.0,36400000.0,0.0,0.06,3628300000.0,648900000.0,267300000.0,0.2,6.394,32.402,32.52,647000000.0,0.0,24.39,1.931,1.939,664900000.0,1887200000.0,5741500000.0,5741500000.0,0.0,0.089,0.212,0.322,0.105,7900000.0,3609500000.0,1.0,454476838.0,456400000,463200000.0,12.58,2963900000.0,0.0,234400000.0,109400000.0,6.494,877200000.0
69,EL,MRT,2004-03-31,2004-03-31,2004-03-31,2021-08-27,-3100000.0,3942100000.0,3740600000.0,2472400000.0,1469700000.0,1.499,3.594,-192400000.0,867800000.0,867800000.0,1422700000.0,324000000.0,1.928,1.402,841600000.0,5300000.0,836300000.0,841600000.0,0.0,186200000.0,0.0,0.007,0.15,559900000.0,746100000.0,0.133,746100000.0,559900000.0,537000000.0,0.695,0.68,0.695,1641000000.0,1539100000.0,1641000000.0,10095945274.0,18.0,13.532,497600000.0,1.09,1.0,4183900000.0,0.746,737100000.0,22900000.0,1896300000.0,1846900000.0,574500000.0,13800000.0,0.0,13800000.0,2301100000.0,1282500000.0,1018600000.0,10132545274.0,339800000.0,-44200000.0,-176900000.0,100600000.0,-74300000.0,-139600000.0,-219700000.0,16900000.0,690000000.0,10200000.0,324000000.0,318200000.0,318200000.0,36500000.0,0.0,0.057,3578000000.0,605900000.0,226100000.0,0.216,6.175,31.843,31.899,620400000.0,5800000.0,22.17,1.807,1.806,786700000.0,1816100000.0,5606600000.0,5606600000.0,0.0,0.085,0.207,0.303,0.1,7000000.0,3533600000.0,1.0,457038578.0,456600000,463800000.0,12.279,3205000000.0,24300000.0,213000000.0,129500000.0,7.019,1189900000.0
70,EL,MRT,2003-12-31,2003-12-31,2003-12-31,2021-08-27,-10100000.0,3970200000.0,3622075000.0,2458700000.0,1511500000.0,1.496,3.474,-185200000.0,869900000.0,869900000.0,1377900000.0,309500000.0,1.87,1.5,833300000.0,4900000.0,828400000.0,833300000.0,0.0,181500000.0,0.0,0.008,0.15,520800000.0,702300000.0,0.13,702300000.0,520800000.0,502900000.0,0.65,0.635,0.65,1588200000.0,1497925000.0,1588200000.0,9311998037.0,18.0,13.259,383700000.0,0.839,1.0,4040600000.0,0.746,741000000.0,17900000.0,1877600000.0,1738825000.0,574300000.0,14000000.0,0.0,14000000.0,2382000000.0,1315000000.0,1067000000.0,8952598037.0,215100000.0,-53700000.0,-166900000.0,61000000.0,-58100000.0,-154500000.0,-219600000.0,19300000.0,568900000.0,19900000.0,309500000.0,297800000.0,297800000.0,35900000.0,0.0,0.055,3475000000.0,565600000.0,232900000.0,0.231,5.637,30.062,30.2,621700000.0,11700000.0,19.63,1.652,1.656,767800000.0,1717800000.0,5418500000.0,5418500000.0,0.0,0.082,0.199,0.3,0.096,6200000.0,3431700000.0,1.0,456067144.0,457200000,463200000.0,11.851,3229200000.0,33400000.0,193400000.0,120800000.0,7.063,1143700000.0
71,EL,MRT,2003-09-30,2003-09-30,2003-09-30,2021-08-27,-60000000.0,3700200000.0,3520925000.0,2190100000.0,1510100000.0,1.479,3.296,-174600000.0,482700000.0,482700000.0,1334100000.0,323400000.0,1.91,1.461,842100000.0,8600000.0,833500000.0,842100000.0,0.0,178200000.0,0.0,0.006,0.1,505700000.0,683900000.0,0.131,683900000.0,505700000.0,492800000.0,0.665,0.65,0.665,1503600000.0,1459050000.0,1503600000.0,7702199572.0,15.0,11.262,334000000.0,0.732,1.0,3872700000.0,0.744,762000000.0,12900000.0,2150800000.0,1627100000.0,627900000.0,13700000.0,0.0,13700000.0,2196600000.0,1146800000.0,1049800000.0,7774899572.0,125500000.0,-52800000.0,-181500000.0,63700000.0,-64000000.0,-186800000.0,-207800000.0,19600000.0,508600000.0,11500000.0,323400000.0,305900000.0,305900000.0,5900000.0,0.0,0.059,3354900000.0,517800000.0,242900000.0,0.15,5.171,25.416,25.639,604400000.0,17500000.0,17.05,1.493,1.494,841000000.0,1690600000.0,5206800000.0,5206800000.0,0.0,0.087,0.21,0.311,0.097,3600000.0,3312900000.0,1.0,456005840.0,456200000,461200000.0,11.413,2938200000.0,33400000.0,169400000.0,115800000.0,6.441,1043300000.0
72,EL,MRT,2003-06-30,2003-06-30,2003-06-30,2021-08-27,-53100000.0,3349900000.0,3448350000.0,1844900000.0,1505000000.0,1.478,3.06,-168600000.0,364100000.0,364100000.0,1324400000.0,319800000.0,1.751,1.353,291400000.0,7800000.0,283600000.0,291400000.0,0.0,174800000.0,0.0,0.006,0.1,491200000.0,666000000.0,0.131,666000000.0,491200000.0,483100000.0,0.635,0.63,0.635,1423600000.0,1429525000.0,1423600000.0,7571561503.0,15.0,11.369,390000000.0,0.838,1.0,3771600000.0,0.74,760700000.0,8100000.0,1462900000.0,1527100000.0,599000000.0,14000000.0,0.0,14000000.0,1926300000.0,1053600000.0,872700000.0,7730961503.0,-182800000.0,-50400000.0,-335800000.0,-132900000.0,-81700000.0,-555000000.0,-198000000.0,21000000.0,558600000.0,11600000.0,319800000.0,296400000.0,296400000.0,5800000.0,0.0,0.058,3267900000.0,503700000.0,229900000.0,0.157,5.431,26.083,26.402,607700000.0,23400000.0,16.765,1.517,1.53,634200000.0,1613600000.0,5096000000.0,5096000000.0,0.0,0.086,0.207,0.322,0.096,1500000.0,3225600000.0,1.0,461136982.0,465200000,469400000.0,10.954,2589200000.0,0.0,163300000.0,111900000.0,5.566,791300000.0
73,EL,MRT,2003-03-31,2003-03-31,2003-03-31,2021-08-27,-66800000.0,3468000000.0,3465000000.0,1993900000.0,1474100000.0,1.437,3.18,-170400000.0,528000000.0,528000000.0,1293400000.0,241400000.0,1.741,1.349,368600000.0,94400000.0,274200000.0,368600000.0,0.0,172200000.0,0.0,0.008,0.125,372600000.0,544800000.0,0.109,544800000.0,372600000.0,364100000.0,0.475,0.46,0.475,1476300000.0,1439100000.0,1476300000.0,6804521202.0,18.0,12.49,402600000.0,0.867,1.0,3686800000.0,0.74,699100000.0,8500000.0,1464000000.0,1568000000.0,532400000.0,29700000.0,0.0,29700000.0,1991700000.0,1145500000.0,846200000.0,7051621202.0,59000000.0,-15400000.0,-210500000.0,-44000000.0,-93600000.0,-352800000.0,-181600000.0,4200000.0,573000000.0,20400000.0,241400000.0,218000000.0,218000000.0,22800000.0,0.0,0.044,3307300000.0,379500000.0,185500000.0,0.263,4.777,32.347,31.958,581200000.0,23400000.0,15.18,1.416,1.415,733100000.0,1566500000.0,4980200000.0,4980200000.0,0.0,0.063,0.151,0.238,0.075,800000.0,3178200000.0,1.0,464533676.0,464200000,468000000.0,10.729,2768900000.0,64600000.0,122700000.0,118600000.0,5.965,848400000.0
74,EL,MRT,2002-12-31,2002-12-31,2002-12-31,2021-08-27,-79300000.0,3565600000.0,3435375000.0,2085200000.0,1480400000.0,1.417,3.073,-176200000.0,654800000.0,654800000.0,1297900000.0,208300000.0,1.746,1.489,407700000.0,84000000.0,323700000.0,407700000.0,0.0,169700000.0,0.0,0.011,0.15,326000000.0,495700000.0,0.102,495700000.0,326000000.0,316800000.0,0.4,0.39,0.4,1432700000.0,1438400000.0,1432700000.0,6210699921.0,19.0,12.529,453500000.0,0.973,1.0,3570500000.0,0.733,693700000.0,9200000.0,1430700000.0,1632325000.0,534600000.0,30000000.0,0.0,30000000.0,2132900000.0,1194100000.0,938800000.0,6157799921.0,212400000.0,-8600000.0,-175200000.0,-8200000.0,-59000000.0,-245600000.0,-181200000.0,3600000.0,629700000.0,9500000.0,208300000.0,184900000.0,184900000.0,21600000.0,0.0,0.038,3239200000.0,331300000.0,202500000.0,0.375,4.298,33.303,33.0,581200000.0,23400000.0,13.2,1.265,1.264,694800000.0,1488500000.0,4868400000.0,4868400000.0,0.0,0.054,0.129,0.2,0.067,100000.0,3111600000.0,1.0,466499994.0,466200000,470000000.0,10.443,2871900000.0,73400000.0,108500000.0,127500000.0,6.16,891100000.0
75,EL,MRT,2002-09-30,2002-09-30,2002-09-30,2021-08-27,-96900000.0,3409900000.0,3383200000.0,1930900000.0,1479000000.0,1.407,2.945,-189300000.0,357200000.0,357200000.0,1272300000.0,188800000.0,1.898,1.461,410100000.0,6500000.0,403600000.0,410100000.0,0.0,166000000.0,0.0,0.005,0.075,298400000.0,464400000.0,0.098,464400000.0,298400000.0,289500000.0,0.35,0.345,0.35,1385500000.0,1446075000.0,1385500000.0,6566050457.0,22.0,14.139,437500000.0,0.93,1.0,3486900000.0,0.733,694500000.0,8900000.0,1750800000.0,1712500000.0,580600000.0,26800000.0,0.0,26800000.0,2024400000.0,1017500000.0,1006900000.0,6702450457.0,199800000.0,-9200000.0,-146000000.0,-21200000.0,-70900000.0,-239400000.0,-194600000.0,3900000.0,626800000.0,7000000.0,188800000.0,165400000.0,165400000.0,21000000.0,0.0,0.035,3183300000.0,303600000.0,237600000.0,0.214,4.838,40.523,41.057,579700000.0,23400000.0,14.37,1.408,1.42,778700000.0,1431200000.0,4759200000.0,4759200000.0,0.0,0.049,0.114,0.174,0.063,500000.0,3056700000.0,1.0,466419656.0,470400000,474800000.0,10.117,2715400000.0,73300000.0,100700000.0,127400000.0,5.773,913400000.0
76,EL,MRT,2002-06-30,2002-06-30,2002-06-30,2021-08-27,-92500000.0,3416500000.0,3355850000.0,1927600000.0,1488900000.0,1.404,3.069,-203200000.0,546900000.0,546900000.0,1260500000.0,191900000.0,2.009,1.337,410500000.0,6600000.0,403900000.0,410500000.0,0.0,162000000.0,0.0,0.004,0.075,316400000.0,478400000.0,0.102,478400000.0,316400000.0,306600000.0,0.355,0.35,0.355,1461900000.0,1453625000.0,1461900000.0,8299450752.0,26.0,17.348,316100000.0,0.664,1.0,3451000000.0,0.732,694000000.0,9800000.0,1626500000.0,1768675000.0,544500000.0,30300000.0,0.0,30300000.0,1954600000.0,959600000.0,995000000.0,8358750752.0,200200000.0,-18500000.0,-42000000.0,-8800000.0,-71000000.0,-123100000.0,-217000000.0,4700000.0,519300000.0,21000000.0,191900000.0,168500000.0,168500000.0,21000000.0,0.0,0.036,3108900000.0,342100000.0,216400000.0,0.211,5.718,49.607,49.577,580700000.0,23400000.0,17.6,1.774,1.78,624800000.0,1363700000.0,4711500000.0,4711500000.0,0.0,0.05,0.116,0.179,0.067,-100000.0,2982800000.0,1.0,474929020.0,476400000,482200000.0,9.89,2722500000.0,72700000.0,114700000.0,110000000.0,5.715,968000000.0
77,EL,MRT,2002-03-31,2002-03-31,2002-03-31,2021-08-27,-118900000.0,3349500000.0,3306425000.0,1853600000.0,1495900000.0,1.41,3.097,-198600000.0,469000000.0,469000000.0,1247000000.0,237700000.0,2.148,1.273,409700000.0,5300000.0,404400000.0,409700000.0,0.0,160900000.0,0.0,0.004,0.075,386000000.0,546900000.0,0.117,546900000.0,386000000.0,376800000.0,0.45,0.45,0.45,1473500000.0,1426175000.0,1473500000.0,8094848710.0,21.0,14.801,227900000.0,0.479,1.0,3414900000.0,0.733,705900000.0,9200000.0,1721300000.0,1789900000.0,514900000.0,33200000.0,0.0,33200000.0,1876000000.0,863000000.0,1013000000.0,8124548710.0,85500000.0,-20200000.0,-39400000.0,-9900000.0,-71100000.0,-120400000.0,-215500000.0,3300000.0,426500000.0,-5100000.0,237700000.0,214300000.0,214300000.0,0.0,0.0,0.046,3003900000.0,411000000.0,191600000.0,0.167,5.514,37.912,37.956,570000000.0,23400000.0,17.08,1.743,1.743,677100000.0,1406800000.0,4661900000.0,4661900000.0,0.0,0.065,0.15,0.216,0.083,1200000.0,2934600000.0,1.0,475676154.0,475800000,480800000.0,9.798,2643600000.0,67100000.0,139100000.0,113600000.0,5.556,990600000.0
78,EL,MRT,2001-12-31,2001-12-31,2001-12-31,2021-08-27,-108100000.0,3356900000.0,3274675000.0,1865900000.0,1491000000.0,1.418,3.073,-202400000.0,442400000.0,442400000.0,1226400000.0,252100000.0,2.148,1.294,412700000.0,5500000.0,407200000.0,412700000.0,0.0,159500000.0,0.0,0.005,0.075,409900000.0,569400000.0,0.123,569400000.0,409900000.0,401300000.0,0.48,0.475,0.48,1463400000.0,1400675000.0,1463400000.0,7895454595.0,19.0,13.866,128800000.0,0.27,1.0,3417300000.0,0.736,707000000.0,8600000.0,1751400000.0,1778550000.0,560800000.0,35300000.0,0.0,35300000.0,1893500000.0,868800000.0,1024700000.0,7621954595.0,18400000.0,-19900000.0,-21800000.0,-6000000.0,-71100000.0,-98900000.0,-217600000.0,4700000.0,331200000.0,3700000.0,252100000.0,228700000.0,228700000.0,0.0,0.0,0.049,2982100000.0,435200000.0,153400000.0,0.156,5.208,33.327,33.396,564000000.0,23400000.0,16.03,1.641,1.644,663800000.0,1373800000.0,4643700000.0,4643700000.0,0.0,0.07,0.163,0.23,0.088,-1000000.0,2912100000.0,1.0,475480636.0,476200000,481400000.0,9.752,2649900000.0,70000000.0,149200000.0,145600000.0,5.565,997100000.0
79,EL,MRT,2001-09-30,2001-09-30,2001-09-30,2021-08-27,-101800000.0,3300500000.0,3246750000.0,1795600000.0,1504900000.0,1.428,2.963,-203600000.0,157400000.0,157400000.0,1161100000.0,289300000.0,2.064,1.331,430900000.0,17300000.0,413600000.0,430900000.0,0.0,158300000.0,0.0,0.005,0.075,472300000.0,630600000.0,0.136,630600000.0,472300000.0,461300000.0,0.56,0.55,0.56,1415700000.0,1366950000.0,1415700000.0,7984231597.0,17.0,12.661,24100000.0,0.05,1.0,3476000000.0,0.75,728500000.0,11000000.0,1975500000.0,1739850000.0,647900000.0,34000000.0,0.0,34000000.0,1884800000.0,870000000.0,1014800000.0,7914231597.0,-76400000.0,-23600000.0,-21400000.0,6900000.0,-71100000.0,-85600000.0,-224000000.0,3200000.0,227700000.0,5500000.0,289300000.0,265900000.0,265900000.0,0.0,0.0,0.057,2980800000.0,495200000.0,228700000.0,0.134,5.59,29.764,29.598,551900000.0,23400000.0,16.575,1.707,1.708,794100000.0,1322000000.0,4637100000.0,4637100000.0,0.0,0.082,0.195,0.271,0.102,800000.0,2908500000.0,1.0,477480036.0,477800000,484600000.0,9.705,2572000000.0,71700000.0,172000000.0,106000000.0,5.383,925600000.0
80,EL,MRT,2001-06-30,2001-06-30,2001-06-30,2021-08-27,-120500000.0,3218800000.0,3206100000.0,1738900000.0,1479900000.0,1.456,2.836,-192200000.0,346700000.0,346700000.0,1226400000.0,305200000.0,2.03,1.381,416700000.0,5800000.0,410900000.0,416700000.0,0.0,156300000.0,0.0,0.005,0.1,491500000.0,647800000.0,0.139,647800000.0,491500000.0,479200000.0,0.59,0.58,0.59,1352100000.0,1318325000.0,1352100000.0,10308860222.0,21.0,15.914,113200000.0,0.237,1.0,3441300000.0,0.737,720700000.0,12300000.0,1711400000.0,1662650000.0,630300000.0,41000000.0,0.0,41000000.0,1866700000.0,856700000.0,1010000000.0,10272260222.0,26400000.0,-16000000.0,13200000.0,-5700000.0,-71000000.0,-63500000.0,-206300000.0,1900000.0,305400000.0,-9200000.0,305200000.0,281800000.0,281800000.0,0.0,0.0,0.06,2945700000.0,495600000.0,239800000.0,0.169,7.597,36.452,36.525,528700000.0,23400000.0,21.55,2.201,2.201,580600000.0,1242700000.0,4667700000.0,4667700000.0,0.0,0.088,0.214,0.296,0.105,700000.0,2869200000.0,1.0,476671008.0,476800000,484400000.0,9.79,2498100000.0,70100000.0,174000000.0,79000000.0,5.239,882200000.0
81,EL,MRT,2001-03-31,2001-03-31,2001-03-31,2021-08-27,-87900000.0,3222500000.0,3162225000.0,1767300000.0,1455200000.0,1.469,2.876,-193100000.0,383500000.0,383500000.0,1311400000.0,342000000.0,2.052,1.35,420100000.0,6100000.0,414000000.0,420100000.0,0.0,147600000.0,0.0,0.005,0.1,552300000.0,699900000.0,0.151,699900000.0,552300000.0,537700000.0,0.665,0.655,0.665,1371500000.0,1270375000.0,1371500000.0,8670437804.0,16.0,12.388,149300000.0,0.313,1.0,3333800000.0,0.718,722100000.0,14600000.0,1675900000.0,1611650000.0,488600000.0,40500000.0,0.0,40500000.0,1851000000.0,861100000.0,989900000.0,8673237804.0,15900000.0,-60800000.0,9600000.0,-6200000.0,-71000000.0,-67600000.0,-261800000.0,-7900000.0,342400000.0,2900000.0,342000000.0,318600000.0,318600000.0,0.0,0.0,0.069,2777900000.0,555900000.0,187800000.0,0.15,6.324,27.223,27.383,527600000.0,23400000.0,18.21,1.867,1.869,681700000.0,1240100000.0,4645200000.0,4645200000.0,0.0,0.101,0.251,0.343,0.119,-1000000.0,2750700000.0,1.0,476289830.0,476800000,484000000.0,9.742,2500400000.0,57500000.0,195700000.0,107700000.0,5.244,906200000.0
82,EL,MRT,2000-12-31,2000-12-31,2000-12-31,2021-08-27,-78700000.0,3245200000.0,3095775000.0,1801200000.0,1444000000.0,1.48,2.789,-192300000.0,424000000.0,424000000.0,1244400000.0,337300000.0,1.963,1.443,421200000.0,6900000.0,414300000.0,421200000.0,0.0,141900000.0,0.0,0.005,0.1,547400000.0,689300000.0,0.15,689300000.0,547400000.0,531500000.0,0.655,0.645,0.655,1328500000.0,1208500000.0,1328500000.0,10614817805.0,19.0,15.399,241000000.0,0.506,1.0,3336400000.0,0.728,728300000.0,15900000.0,1596600000.0,1558700000.0,498400000.0,48300000.0,0.0,48300000.0,1916700000.0,917500000.0,999200000.0,10423917805.0,76300000.0,-65100000.0,-500000.0,-5900000.0,-71000000.0,-77400000.0,-268900000.0,-11500000.0,433300000.0,-10700000.0,337300000.0,313900000.0,313900000.0,0.0,0.0,0.069,2786400000.0,550000000.0,223000000.0,0.153,7.846,33.208,33.443,511500000.0,23400000.0,21.905,2.276,2.278,663100000.0,1192700000.0,4580800000.0,4580800000.0,0.0,0.101,0.26,0.351,0.119,500000.0,2755100000.0,1.0,475869336.0,476400000,484400000.0,9.615,2516900000.0,55200000.0,194200000.0,92500000.0,5.283,883700000.0
83,EL,MRT,2000-09-30,2000-09-30,2000-09-30,2021-08-27,-70900000.0,3137900000.0,3039625000.0,1701700000.0,1436200000.0,1.488,2.564,-186500000.0,233800000.0,233800000.0,1249500000.0,323900000.0,1.83,1.57,424700000.0,6600000.0,418100000.0,424700000.0,0.0,135200000.0,0.0,0.005,0.1,530200000.0,665400000.0,0.147,665400000.0,530200000.0,513400000.0,0.63,0.62,0.63,1221200000.0,1148950000.0,1221200000.0,8820134105.0,17.0,13.255,278200000.0,0.584,1.0,3274800000.0,0.724,732300000.0,16800000.0,1666700000.0,1520650000.0,521500000.0,62100000.0,0.0,62100000.0,1916700000.0,929800000.0,986900000.0,8715034105.0,-16400000.0,-82000000.0,200000.0,-111700000.0,-70900000.0,-182400000.0,-282100000.0,-13600000.0,464700000.0,-16600000.0,323900000.0,300500000.0,300500000.0,0.0,0.0,0.066,2742200000.0,532600000.0,222300000.0,0.159,7.136,29.002,29.071,488900000.0,23400000.0,18.315,1.926,1.928,725700000.0,1083200000.0,4524300000.0,4524300000.0,0.0,0.099,0.262,0.349,0.117,3100000.0,2708800000.0,1.0,475841338.0,476200000,484400000.0,9.501,2405600000.0,49300000.0,189500000.0,116700000.0,5.052,771900000.0
84,EL,MRT,2000-06-30,2000-06-30,2000-06-30,2021-08-27,-57100000.0,3043300000.0,2986800000.0,1618500000.0,1424800000.0,1.487,2.441,-180900000.0,320300000.0,320300000.0,1238000000.0,314100000.0,1.795,1.623,425400000.0,7000000.0,418400000.0,425400000.0,0.0,129100000.0,0.0,0.004,0.1,515800000.0,644900000.0,0.145,644900000.0,515800000.0,498700000.0,0.61,0.6,0.61,1160300000.0,1090900000.0,1160300000.0,11810838338.0,23.0,18.314,261600000.0,0.55,1.0,3202300000.0,0.721,739200000.0,17100000.0,1507400000.0,1491900000.0,546300000.0,61400000.0,0.0,61400000.0,1883000000.0,901800000.0,981200000.0,11749938338.0,-27200000.0,-180500000.0,-9600000.0,-7400000.0,-70900000.0,-87900000.0,-374300000.0,-12900000.0,442500000.0,-7500000.0,314100000.0,290700000.0,290700000.0,0.0,0.0,0.065,2686500000.0,515800000.0,236500000.0,0.164,10.127,40.419,40.508,480300000.0,23400000.0,24.71,2.646,2.646,550200000.0,1008600000.0,4440300000.0,4440300000.0,0.0,0.097,0.266,0.346,0.116,1700000.0,2653300000.0,1.0,475513490.0,475400000,485000000.0,9.34,2304100000.0,48900000.0,184600000.0,84200000.0,4.847,716700000.0
85,EL,MRT,2000-03-31,2000-03-31,2000-03-31,2021-08-27,-49700000.0,2956700000.0,2912650000.0,1608200000.0,1348500000.0,1.468,2.361,-156600000.0,367600000.0,367600000.0,970000000.0,307300000.0,1.885,1.631,428500000.0,7000000.0,421500000.0,428500000.0,0.0,118700000.0,0.0,0.004,0.1,505200000.0,623900000.0,0.146,623900000.0,505200000.0,488900000.0,0.595,0.585,0.595,1124000000.0,1031950000.0,1124000000.0,11974968866.0,24.0,19.194,228700000.0,0.48,1.0,3306600000.0,0.773,700300000.0,16300000.0,1464100000.0,1454450000.0,444900000.0,56600000.0,0.0,56600000.0,1832700000.0,853200000.0,979500000.0,11893768866.0,-2500000.0,-125700000.0,-9800000.0,-5900000.0,-69000000.0,-84700000.0,-285800000.0,-3500000.0,385300000.0,-17300000.0,307300000.0,283900000.0,283900000.0,0.0,0.0,0.066,2801400000.0,505200000.0,189000000.0,0.168,10.582,41.894,42.067,438100000.0,23400000.0,25.03,2.781,2.786,606900000.0,969100000.0,4276600000.0,4276600000.0,0.0,0.097,0.275,0.347,0.118,9700000.0,2768500000.0,1.0,475180538.0,476000000,485600000.0,8.984,2256400000.0,59900000.0,181600000.0,98200000.0,4.74,755000000.0
86,EL,MRT,1999-12-31,1999-12-31,1999-12-31,2021-08-27,-39100000.0,3020600000.0,2852725000.0,1695100000.0,1325500000.0,1.473,2.295,-146800000.0,347700000.0,347700000.0,955400000.0,300500000.0,1.781,1.77,428900000.0,6800000.0,422100000.0,428900000.0,0.0,111200000.0,0.0,0.004,0.096,496100000.0,607300000.0,0.145,607300000.0,496100000.0,479700000.0,0.58,0.575,0.58,1090300000.0,973250000.0,1090300000.0,12238970241.0,25.0,20.153,231300000.0,0.487,1.0,3246900000.0,0.773,705700000.0,16400000.0,1444400000.0,1419725000.0,463500000.0,47400000.0,0.0,47400000.0,1930300000.0,951700000.0,978600000.0,11952370241.0,-55000000.0,-196800000.0,8500000.0,-6300000.0,-67200000.0,-65000000.0,-351800000.0,-8200000.0,378100000.0,-16300000.0,300500000.0,277100000.0,277100000.0,0.0,0.0,0.066,2750800000.0,496100000.0,228100000.0,0.166,10.962,43.134,43.483,419400000.0,23400000.0,25.22,2.844,2.851,686900000.0,927300000.0,4202300000.0,4202300000.0,0.0,0.097,0.285,0.349,0.118,9400000.0,2717700000.0,1.0,473924276.0,475000000,484400000.0,8.847,2314900000.0,63400000.0,179200000.0,98600000.0,4.873,743400000.0
87,EL,MRT,1999-09-30,1999-09-30,1999-09-30,2021-08-27,-33300000.0,2926600000.0,2785400000.0,1648600000.0,1278000000.0,1.457,2.082,-131900000.0,250200000.0,250200000.0,922100000.0,283900000.0,1.703,1.959,536800000.0,111700000.0,425100000.0,536800000.0,0.0,103900000.0,0.0,0.005,0.093,471800000.0,575700000.0,0.142,575700000.0,471800000.0,455800000.0,0.545,0.54,0.545,989000000.0,912450000.0,989000000.0,9346016102.0,20.0,16.234,230400000.0,0.485,1.0,3136100000.0,0.773,693300000.0,16000000.0,1551700000.0,1390800000.0,510400000.0,33400000.0,0.0,33400000.0,1937600000.0,968200000.0,969400000.0,9264416102.0,45800000.0,-175900000.0,-3800000.0,75200000.0,-65400000.0,6000000.0,-311400000.0,-3600000.0,362300000.0,-11100000.0,283900000.0,260500000.0,260500000.0,0.0,0.0,0.064,2664300000.0,471800000.0,214800000.0,0.171,9.367,35.564,35.835,399400000.0,23400000.0,19.53,2.283,2.286,699000000.0,831100000.0,4058200000.0,4058200000.0,0.0,0.094,0.285,0.339,0.116,4800000.0,2631300000.0,1.0,474368464.0,475000000,485200000.0,8.544,2233300000.0,65800000.0,171900000.0,102800000.0,4.702,680400000.0
88,EL,MRT,1999-06-30,1999-06-30,1999-06-30,2021-08-27,-44300000.0,2746700000.0,2704700000.0,1570200000.0,1176500000.0,1.465,1.95,-117900000.0,347500000.0,347500000.0,899900000.0,272900000.0,1.821,1.971,429100000.0,6600000.0,422500000.0,429100000.0,0.0,99600000.0,0.0,0.004,0.089,456900000.0,556500000.0,0.14,556500000.0,456900000.0,440200000.0,0.525,0.515,0.525,924500000.0,856500000.0,924500000.0,11947820449.0,26.0,21.47,234400000.0,0.495,1.0,3061600000.0,0.773,608500000.0,16700000.0,1357600000.0,1357350000.0,513000000.0,35500000.0,0.0,35500000.0,1822200000.0,862200000.0,960000000.0,11886420449.0,70000000.0,-75000000.0,1900000.0,-11500000.0,-63600000.0,-73200000.0,-200300000.0,-7400000.0,352300000.0,-8800000.0,272900000.0,249500000.0,249500000.0,0.0,0.0,0.063,2604700000.0,456900000.0,223100000.0,0.17,12.857,47.641,47.743,383600000.0,23400000.0,25.065,3.0,2.999,533700000.0,766200000.0,3961500000.0,3961500000.0,0.0,0.092,0.291,0.337,0.115,8300000.0,2572100000.0,1.0,474223836.0,474000000,482400000.0,8.358,2138200000.0,63600000.0,167300000.0,87600000.0,4.511,708000000.0
89,EL,MRT,1999-03-31,1999-03-31,1999-03-31,2021-08-27,-27500000.0,2717000000.0,2646225000.0,1571900000.0,1145100000.0,1.473,1.876,-113500000.0,370100000.0,370100000.0,886200000.0,266500000.0,1.876,2.056,431500000.0,5900000.0,425600000.0,431500000.0,0.0,97900000.0,0.0,0.004,0.085,451100000.0,549000000.0,0.141,549000000.0,451100000.0,432700000.0,0.515,0.505,0.515,889200000.0,799475000.0,889200000.0,11192878177.0,25.0,20.388,216500000.0,0.457,1.0,3011600000.0,0.773,615200000.0,18400000.0,1325200000.0,1335725000.0,412600000.0,33300000.0,0.0,33300000.0,1827800000.0,838000000.0,989800000.0,11163378177.0,86700000.0,-75000000.0,100000.0,16000000.0,-63600000.0,-47500000.0,-193800000.0,-5300000.0,330000000.0,-2000000.0,266500000.0,243100000.0,243100000.0,0.0,0.0,0.062,2560500000.0,451100000.0,157000000.0,0.165,12.554,45.921,45.874,366400000.0,23400000.0,23.625,2.864,2.873,612900000.0,733700000.0,3897800000.0,3897800000.0,0.0,0.092,0.304,0.338,0.116,0.0,2528200000.0,1.0,472523944.0,474000000,483600000.0,8.223,2101800000.0,54700000.0,166200000.0,91000000.0,4.434,733900000.0
90,EL,MRT,1998-12-31,1998-12-31,1998-12-31,2021-08-27,-8400000.0,2751300000.0,2587950000.0,1682800000.0,1068500000.0,1.47,1.791,-118100000.0,402700000.0,402700000.0,865200000.0,258600000.0,1.861,2.248,432200000.0,6100000.0,426100000.0,432200000.0,0.0,95000000.0,0.0,0.004,0.085,440700000.0,535700000.0,0.141,535700000.0,440700000.0,422600000.0,0.5,0.488,0.5,847100000.0,745625000.0,847100000.0,10345357574.0,23.0,19.312,177300000.0,0.375,1.0,2939300000.0,0.773,547700000.0,18100000.0,1328700000.0,1300150000.0,449900000.0,27900000.0,0.0,27900000.0,1904200000.0,904400000.0,999800000.0,10095257574.0,110100000.0,-109600000.0,-12000000.0,118200000.0,-63700000.0,42500000.0,-225500000.0,2200000.0,295400000.0,-2300000.0,258600000.0,235200000.0,235200000.0,0.0,0.0,0.062,2497700000.0,441600000.0,182500000.0,0.17,11.917,42.922,42.75,354300000.0,23400000.0,21.375,2.654,2.657,649000000.0,695900000.0,3804500000.0,3804500000.0,0.0,0.091,0.315,0.339,0.116,0.0,2465800000.0,1.0,472292752.0,473000000,480600000.0,8.043,2203600000.0,62800000.0,164000000.0,116400000.0,4.659,778400000.0
91,EL,MRT,1998-09-30,1998-09-30,1998-09-30,2021-08-27,-18400000.0,2603800000.0,2497600000.0,1547100000.0,1056700000.0,1.487,1.614,-120100000.0,204400000.0,204400000.0,844700000.0,246600000.0,1.756,2.403,454500000.0,29000000.0,425500000.0,454500000.0,0.0,89700000.0,0.0,0.007,0.085,422200000.0,511900000.0,0.138,511900000.0,422200000.0,408800000.0,0.473,0.463,0.473,765200000.0,696825000.0,765200000.0,6222994505.0,15.0,12.157,112800000.0,0.238,1.0,2869700000.0,0.773,555200000.0,13400000.0,1417900000.0,1154900000.0,497500000.0,24900000.0,0.0,24900000.0,1838600000.0,880800000.0,957800000.0,6063994505.0,6900000.0,-459900000.0,-2400000.0,401300000.0,-53600000.0,345300000.0,-578300000.0,1700000.0,232900000.0,7000000.0,246600000.0,223200000.0,223200000.0,0.0,0.0,0.06,2445000000.0,424700000.0,165500000.0,0.18,7.925,27.168,27.088,341000000.0,23400000.0,12.812,1.633,1.635,685700000.0,615100000.0,3714400000.0,3714400000.0,0.0,0.089,0.32,0.366,0.114,0.0,2413600000.0,1.0,473287376.0,474000000,480400000.0,7.836,2048600000.0,63600000.0,162200000.0,110500000.0,4.322,666300000.0
92,EL,MRT,1998-06-30,1998-06-30,1998-06-30,2021-08-27,-34200000.0,2512800000.0,2192950000.0,1454600000.0,1058200000.0,1.65,1.47,-120600000.0,277500000.0,277500000.0,819500000.0,236800000.0,1.737,2.608,436500000.0,11500000.0,425000000.0,436500000.0,0.0,79800000.0,0.0,0.005,0.085,404200000.0,484000000.0,0.134,484000000.0,404200000.0,397900000.0,0.45,0.445,0.45,696400000.0,622050000.0,696400000.0,8373653015.0,21.0,17.301,137600000.0,0.291,1.0,2798500000.0,0.773,563300000.0,6300000.0,1271100000.0,999450000.0,513200000.0,27700000.0,0.0,27700000.0,1816400000.0,837400000.0,979000000.0,8244753015.0,21900000.0,-459900000.0,200000.0,398600000.0,-53600000.0,345200000.0,-577200000.0,3300000.0,258200000.0,-4300000.0,236800000.0,213400000.0,213400000.0,0.0,0.0,0.059,2389400000.0,409100000.0,209100000.0,0.189,11.839,38.635,38.717,335800000.0,23400000.0,17.422,2.279,2.281,497800000.0,559600000.0,3618000000.0,3618000000.0,0.0,0.097,0.343,0.404,0.112,0.0,2357600000.0,1.0,473224452.0,473600000,479000000.0,7.639,1949500000.0,59600000.0,161100000.0,79400000.0,4.116,617200000.0
93,EL,MRT,1998-03-31,1998-03-31,1998-03-31,2021-08-27,-28500000.0,2483900000.0,,1436800000.0,1047100000.0,,1.423,-113800000.0,283400000.0,283400000.0,809200000.0,229500000.0,1.673,2.686,412300000.0,7300000.0,405000000.0,412300000.0,0.0,73300000.0,0.0,0.005,0.085,388400000.0,461700000.0,0.13,461700000.0,388400000.0,388800000.0,0.435,0.427,0.435,673800000.0,,673800000.0,8046293602.0,21.0,17.428,179700000.0,0.379,1.0,2739700000.0,0.772,571000000.0,-400000.0,1182900000.0,,423700000.0,27400000.0,0.0,27400000.0,1810100000.0,858900000.0,951200000.0,8028693602.0,18200000.0,-459900000.0,4400000.0,350500000.0,-53600000.0,301300000.0,-571400000.0,2300000.0,293500000.0,-5200000.0,229500000.0,206100000.0,206100000.0,0.0,0.0,0.058,2345000000.0,394700000.0,151800000.0,0.195,11.916,38.955,39.011,322200000.0,23400000.0,16.97,2.262,2.265,557000000.0,531400000.0,3548900000.0,3548900000.0,0.0,,,,0.109,0.0,2296100000.0,1.0,473110996.0,473600000,479600000.0,7.493,1912900000.0,61000000.0,159300000.0,72100000.0,4.039,577900000.0
94,EL,MRT,1997-12-31,1997-12-31,1997-12-31,2021-08-27,-20600000.0,2389900000.0,,1448800000.0,941100000.0,,1.376,-102300000.0,292600000.0,292600000.0,781400000.0,222100000.0,1.243,2.666,310200000.0,310200000.0,0.0,310200000.0,0.0,65400000.0,0.0,0.007,0.085,374400000.0,439800000.0,0.127,439800000.0,374400000.0,380200000.0,0.42,0.412,0.42,651900000.0,,651900000.0,,,,178200000.0,0.376,1.0,2687400000.0,0.775,494300000.0,-5800000.0,747700000.0,,421900000.0,25500000.0,0.0,25500000.0,1738000000.0,1165500000.0,572500000.0,6084207409.0,4100000.0,-396800000.0,42300000.0,245900000.0,-63400000.0,224800000.0,-500000000.0,-900000.0,280500000.0,-1200000.0,222100000.0,198700000.0,198700000.0,0.0,0.0,0.057,2304600000.0,382800000.0,160900000.0,0.202,9.333,30.62,30.619,298700000.0,23400000.0,12.86,1.754,1.756,569700000.0,501700000.0,3468800000.0,3468800000.0,0.0,,,,0.108,0.0,2263200000.0,1.0,473110996.0,473600000,478000000.0,7.324,1895600000.0,62600000.0,158100000.0,78300000.0,4.003,283300000.0
95,EL,MRT,1997-09-30,1997-09-30,1997-09-30,2021-08-27,,,,,,,,,,,769700000.0,206700000.0,,,,,,,,,,0.007,0.085,351400000.0,,,,351400000.0,357400000.0,0.388,0.383,0.388,,,,,,,,,1.0,2639700000.0,0.774,,-6000000.0,,,,,,,,,,,,,,,,,,,,,206700000.0,183300000.0,183300000.0,0.0,0.0,0.054,2275900000.0,363800000.0,,0.219,,,29.8,,23400000.0,11.562,,1.606,,,3409400000.0,3409400000.0,0.0,,,,0.103,,2243100000.0,1.0,,473600000,477200000.0,7.199,,,150700000.0,,,
96,EL,MRT,1997-06-30,1997-06-30,1997-06-30,2021-08-27,-5200000.0,1873100000.0,,1311100000.0,562000000.0,,1.163,-82900000.0,255600000.0,255600000.0,765100000.0,197600000.0,1.726,2.42,31100000.0,31100000.0,0.0,31100000.0,0.0,58300000.0,0.0,0.007,0.085,346200000.0,404500000.0,0.12,404500000.0,346200000.0,350000000.0,0.37,0.365,0.37,547700000.0,,547700000.0,,,,170200000.0,0.362,1.0,2616500000.0,0.774,161300000.0,-3800000.0,727800000.0,,440600000.0,25900000.0,0.0,25900000.0,1325400000.0,759500000.0,565900000.0,,800000.0,-46500000.0,43000000.0,-96400000.0,-63400000.0,-116800000.0,-130700000.0,-1300000.0,253100000.0,-4800000.0,197600000.0,174200000.0,174200000.0,0.0,0.0,0.052,2257400000.0,359100000.0,165800000.0,0.23,,,33.953,265000000.0,23400000.0,12.562,,1.749,471700000.0,386400000.0,3381600000.0,3381600000.0,0.0,,,,0.102,0.0,2224600000.0,1.0,,470800000,474200000.0,7.183,1711800000.0,59900000.0,152400000.0,57400000.0,3.636,551600000.0
97,EL,MRT,1997-03-31,1997-03-31,1997-03-31,2021-08-27,,,,,,,,,,,,,,,,,,,,,,0.007,0.085,,,,,,,,,,,,,,,,,,1.0,,,,,,,,,,,,,,,,,,,,,,,,,,,,,,,,,,,,,,,,12.095,,,,,,,,,,,,,,1.0,,471200000,,,,,,,,
98,EL,MRT,1996-12-31,1996-12-31,1996-12-31,2021-08-27,,,,,,,,,,,,,,,,,,,,,,0.007,0.085,,,,,,,,,,,,,,,,,,1.0,,,,,,,,,,,,,,,,,,,,,,,,,,,,,,,,,,,,,,,,12.72,,,,,,,,,,,,,,1.0,,469600000,,,,,,,,
99,EL,MRT,1996-06-30,1996-06-30,1996-06-30,2021-08-27,,,,,,,,-63400000.0,,,731000000.0,160400000.0,,,,,,,,47700000.0,,0.004,0.043,298700000.0,346400000.0,0.108,346400000.0,298700000.0,298700000.0,0.295,0.292,0.295,,,,,,,108600000.0,0.233,1.0,2463500000.0,0.771,,0.0,,,,,,,,,,,-13100000.0,-25600000.0,60600000.0,-66700000.0,-107300000.0,-113400000.0,-74500000.0,14500000.0,172000000.0,2800000.0,160400000.0,102900000.0,102900000.0,0.0,0.0,0.032,2153200000.0,310300000.0,,0.146,,,35.699,,57500000.0,10.531,,1.534,,,3194500000.0,3194500000.0,0.0,,,,0.094,4300000.0,2153200000.0,1.0,,465200000,466400000.0,6.867,,,138300000.0,,,
