None,ticker,dimension,calendardate,datekey,reportperiod,lastupdated,accoci,assets,assetsavg,assetsc,assetsnc,assetturnover,bvps,capex,cashneq,cashnequsd,cor,consolinc,currentratio,de,debt,debtc,debtnc,debtusd,deferredrev,depamor,deposits,divyield,dps,ebit,ebitda,ebitdamargin,ebitdausd,ebitusd,ebt,eps,epsdil,epsusd,equity,equityavg,equityusd,ev,evebit,evebitda,fcf,fcfps,fxusd,gp,grossmargin,intangibles,intexp,invcap,invcapavg,inventory,investments,investmentsc,investmentsnc,liabilities,liabilitiesc,liabilitiesnc,marketcap,ncf,ncfbus,ncfcommon,ncfdebt,ncfdiv,ncff,ncfi,ncfinv,ncfo,ncfx,netinc,netinccmn,netinccmnusd,netincdis,netincnci,netmargin,opex,opinc,payables,payoutratio,pb,pe,pe1,ppnenet,prefdivis,price,ps,ps1,receivables,retearn,revenue,revenueusd,rnd,roa,roe,roic,ros,sbcomp,sgna,sharefactor,sharesbas,shareswa,shareswadil,sps,tangibles,taxassets,taxexp,taxliabilities,tbvps,workingcapital
0,XYL,ARY,2020-12-31,2021-02-26,2020-12-31,2021-08-03,-413000000,8750000000,8308250000.0,3523000000,5227000000,0.587,16.48,-183000000.0,1875000000,1875000000,3046000000.0,254000000.0,1.801,1.945,3084000000,600000000,2484000000,3084000000,0,251000000.0,0,0.011,1.06,362000000.0,613000000.0,0.126,613000000.0,362000000.0,285000000.0,1.41,1.4,1.41,2968000000,2875750000.0,2968000000,19165491563.0,53.0,31.265,641000000.0,3.559,1.0,1830000000.0,0.375,3947000000,77000000.0,4056000000,4416500000.0,558000000,0,0,0,5774000000,1956000000,3818000000,17956491563.0,1151000000.0,0.0,-41000000.0,1344000000.0,-188000000.0,473000000.0,-169000000.0,0.0,824000000.0,23000000.0,254000000.0,254000000.0,254000000.0,0.0,0.0,0.052,1463000000.0,367000000.0,569000000,0.752,6.05,70.695,70.61,657000000,0.0,99.56,3.683,3.677,923000000,1930000000.0,4876000000.0,4876000000.0,187000000.0,0.031,0.088,0.082,0.074,26000000.0,1143000000.0,1.0,180358493,180100000,181100000.0,27.074,4803000000,0,31000000.0,242000000,26.669,1567000000
1,XYL,ARY,2019-12-31,2020-02-28,2019-12-31,2021-08-03,-375000000,7710000000,7591750000.0,2450000000,5260000000,0.691,16.428,-226000000.0,724000000,724000000,3203000000.0,401000000.0,1.632,1.604,2316000000,276000000,2040000000,2316000000,0,257000000.0,0,0.013,0.98,483000000.0,740000000.0,0.141,740000000.0,483000000.0,416000000.0,2.23,2.21,2.23,2957000000,2883250000.0,2957000000,15530414492.0,32.0,20.987,613000000.0,3.406,1.0,2046000000.0,0.39,4013000000,67000000.0,3788000000,3906000000.0,539000000,0,0,0,4743000000,1501000000,3242000000,13938414492.0,428000000.0,-18000000.0,-27000000.0,281000000.0,-174000000.0,-177000000.0,-231000000.0,4000000.0,839000000.0,-3000000.0,401000000.0,401000000.0,401000000.0,0.0,0.0,0.076,1560000000.0,486000000.0,597000000,0.439,4.714,34.759,34.682,658000000,0.0,77.34,2.655,2.652,1036000000,1866000000.0,5249000000.0,5249000000.0,191000000.0,0.053,0.139,0.124,0.092,29000000.0,1158000000.0,1.0,180222582,180000000,181200000.0,29.161,3697000000,0,15000000.0,310000000,20.539,949000000
2,XYL,ARY,2018-12-31,2019-02-22,2018-12-31,2021-08-03,-336000000,7222000000,7282500000.0,2094000000,5128000000,0.715,15.395,-237000000.0,296000000,296000000,3181000000.0,549000000.0,1.508,1.604,2308000000,257000000,2051000000,2308000000,0,261000000.0,0,0.012,0.87,667000000.0,928000000.0,0.178,928000000.0,667000000.0,585000000.0,3.05,3.03,3.05,2768000000,2609750000.0,2768000000,15442541810.0,23.0,16.641,349000000.0,1.941,1.0,2026000000.0,0.389,4208000000,82000000.0,3637000000,3714000000.0,595000000,0,0,0,4440000000,1389000000,3051000000,13430541810.0,-118000000.0,-411000000.0,-52000000.0,216000000.0,-152000000.0,-40000000.0,-643000000.0,0.0,586000000.0,-21000000.0,549000000.0,549000000.0,549000000.0,0.0,0.0,0.105,1372000000.0,654000000.0,586000000,0.285,4.852,24.464,24.525,656000000,0.0,74.8,2.579,2.583,1031000000,1639000000.0,5207000000.0,5207000000.0,189000000.0,0.075,0.21,0.18,0.128,30000000.0,1161000000.0,1.0,179552698,179800000,181100000.0,28.96,3014000000,0,36000000.0,303000000,16.763,705000000
3,XYL,ARY,2017-12-31,2018-02-23,2017-12-31,2021-08-03,-210000000,6860000000,6719250000.0,2071000000,4789000000,0.701,13.937,-169000000.0,414000000,414000000,2856000000.0,330000000.0,1.883,1.734,2200000000,0,2200000000,2200000000,0,234000000.0,0,0.01,0.75,549000000.0,783000000.0,0.166,783000000.0,549000000.0,467000000.0,1.84,1.83,1.84,2503000000,2395500000.0,2503000000,15445278907.0,28.0,19.726,517000000.0,2.879,1.0,1851000000.0,0.393,3936000000,82000000.0,3610000000,3665500000.0,524000000,0,0,0,4341000000,1100000000,3241000000,13659278907.0,106000000.0,-17000000.0,-9000000.0,0.0,-130000000.0,-421000000.0,-181000000.0,-1000000.0,686000000.0,22000000.0,331000000.0,331000000.0,331000000.0,0.0,-1000000.0,0.07,1295000000.0,556000000.0,549000000,0.408,5.457,41.267,41.266,643000000,0.0,75.93,2.902,2.897,956000000,1227000000.0,4707000000.0,4707000000.0,180000000.0,0.049,0.138,0.15,0.117,21000000.0,1090000000.0,1.0,179893045,179600000,180900000.0,26.208,2924000000,0,136000000.0,252000000,16.281,971000000
4,XYL,ARY,2016-12-31,2017-02-23,2016-12-31,2021-08-03,-318000000,6474000000,5312500000.0,1839000000,4635000000,0.71,12.228,-123000000.0,308000000,308000000,2310000000.0,260000000.0,1.485,1.948,2368000000,260000000,2108000000,2368000000,0,151000000.0,0,0.014,0.645,410000000.0,561000000.0,0.149,561000000.0,410000000.0,340000000.0,1.45,1.45,1.45,2190000000,2187500000.0,2190000000,10588481166.0,26.0,18.874,374000000.0,2.088,1.0,1461000000.0,0.387,3833000000,70000000.0,3463000000,2698750000.0,522000000,0,0,0,4267000000,1238000000,3029000000,8528481166.0,-372000000.0,-1782000000.0,20000000.0,1126000000.0,-112000000.0,1034000000.0,-1886000000.0,0.0,497000000.0,-17000000.0,260000000.0,260000000.0,260000000.0,0.0,0.0,0.069,1055000000.0,406000000.0,457000000,0.445,3.894,32.802,32.772,616000000,0.0,47.52,2.262,2.257,843000000,1033000000.0,3771000000.0,3771000000.0,110000000.0,0.049,0.119,0.152,0.109,18000000.0,915000000.0,1.0,179471405,179100000,180000000.0,21.055,2641000000,0,80000000.0,352000000,14.746,601000000
5,XYL,ARY,2015-12-31,2016-02-26,2015-12-31,2021-08-03,-238000000,4657000000,4660250000.0,2005000000,2652000000,0.784,11.52,-117000000.0,680000000,680000000,2249000000.0,340000000.0,2.436,1.235,1274000000,78000000,1196000000,1274000000,0,133000000.0,0,0.015,0.578,458000000.0,591000000.0,0.162,591000000.0,458000000.0,403000000.0,1.88,1.87,1.88,2084000000,2049000000.0,2084000000,7326484678.0,16.0,12.397,347000000.0,1.918,1.0,1404000000.0,0.384,2019000000,55000000.0,2409000000,2472750000.0,433000000,0,0,0,2573000000,823000000,1750000000,6732484678.0,17000000.0,-17000000.0,-158000000.0,-3000000.0,-102000000.0,-262000000.0,-132000000.0,0.0,464000000.0,-53000000.0,340000000.0,340000000.0,340000000.0,0.0,0.0,0.093,955000000.0,449000000.0,338000000,0.307,3.231,19.801,20.064,439000000,0.0,37.72,1.843,1.868,749000000,885000000.0,3653000000.0,3653000000.0,95000000.0,0.073,0.166,0.185,0.125,15000000.0,854000000.0,1.0,178485808,180900000,181700000.0,20.193,2638000000,0,63000000.0,118000000,14.583,1182000000
6,XYL,ARY,2014-12-31,2015-02-26,2014-12-31,2021-08-03,-99000000,4864000000,4866250000.0,2102000000,2762000000,0.805,11.617,-117000000.0,663000000,663000000,2403000000.0,337000000.0,2.315,1.287,1288000000,89000000,1199000000,1288000000,0,142000000.0,0,0.015,0.525,475000000.0,617000000.0,0.158,617000000.0,475000000.0,421000000.0,1.84,1.83,1.84,2127000000,2198500000.0,2127000000,7146218720.0,15.0,11.582,299000000.0,1.633,1.0,1513000000.0,0.386,2066000000,54000000.0,2515000000,2584750000.0,486000000,0,0,0,2737000000,908000000,1829000000,6521218720.0,130000000.0,30000000.0,-108000000.0,52000000.0,-94000000.0,-147000000.0,-86000000.0,0.0,416000000.0,-53000000.0,337000000.0,337000000.0,337000000.0,0.0,0.0,0.086,1050000000.0,463000000.0,338000000,0.285,3.066,19.351,19.44,461000000,0.0,35.77,1.665,1.672,771000000,648000000.0,3916000000.0,3916000000.0,104000000.0,0.069,0.153,0.184,0.121,18000000.0,920000000.0,1.0,182309721,183100000,184200000.0,21.387,2798000000,38000000,84000000.0,158000000,15.281,1194000000
7,XYL,ARY,2013-12-31,2014-02-27,2013-12-31,2021-08-03,167000000,4896000000,4720000000.0,2009000000,2887000000,0.813,12.1,-120000000.0,533000000,533000000,2338000000.0,228000000.0,2.355,1.185,1241000000,42000000,1199000000,1241000000,0,150000000.0,0,0.012,0.477,353000000.0,503000000.0,0.131,503000000.0,353000000.0,298000000.0,1.23,1.22,1.23,2241000000,2122750000.0,2241000000,7978909592.0,23.0,15.863,204000000.0,1.102,1.0,1499000000.0,0.391,2206000000,55000000.0,2545000000,2551500000.0,475000000,0,0,0,2655000000,853000000,1802000000,7270909592.0,29000000.0,-81000000.0,-51000000.0,37000000.0,-87000000.0,-100000000.0,-199000000.0,0.0,324000000.0,4000000.0,228000000.0,228000000.0,228000000.0,0.0,0.0,0.059,1136000000.0,363000000.0,332000000,0.388,3.244,31.89,32.008,488000000,0.0,39.37,1.895,1.9,817000000,405000000.0,3837000000.0,3837000000.0,104000000.0,0.048,0.107,0.138,0.092,27000000.0,986000000.0,1.0,184681473,185200000,186000000.0,20.718,2690000000,41000000,70000000.0,191000000,14.525,1156000000
8,XYL,ARY,2012-12-31,2013-02-25,2012-12-31,2021-08-03,115000000,4679000000,4567500000.0,1874000000,2805000000,0.83,11.163,-107000000.0,504000000,504000000,2289000000.0,297000000.0,2.399,1.256,1205000000,6000000,1199000000,1205000000,0,142000000.0,0,0.019,0.521,443000000.0,585000000.0,0.154,585000000.0,443000000.0,388000000.0,1.6,1.59,1.6,2074000000,2006250000.0,2074000000,5731033040.0,13.0,9.797,289000000.0,1.555,1.0,1502000000.0,0.396,2131000000,55000000.0,2468000000,2461500000.0,443000000,0,0,0,2605000000,781000000,1824000000,5030033040.0,186000000.0,-41000000.0,11000000.0,-1000000.0,-75000000.0,-74000000.0,-147000000.0,0.0,396000000.0,11000000.0,297000000.0,297000000.0,297000000.0,0.0,0.0,0.078,1059000000.0,443000000.0,332000000,0.326,2.425,16.936,16.887,487000000,0.0,27.02,1.327,1.324,776000000,264000000.0,3791000000.0,3791000000.0,106000000.0,0.065,0.148,0.18,0.117,22000000.0,914000000.0,1.0,186159624,185800000,186200000.0,20.404,2548000000,41000000,91000000.0,173000000,13.714,1093000000
9,XYL,ARY,2011-12-31,2012-02-28,2011-12-31,2021-08-03,122000000,4393000000,4064000000.0,1642000000,2751000000,0.936,9.87,-115000000.0,318000000,318000000,2342000000.0,279000000.0,2.01,1.404,1206000000,5000000,1201000000,1206000000,0,137000000.0,0,0.004,0.101,400000000.0,537000000.0,0.141,537000000.0,400000000.0,383000000.0,1.51,1.5,1.51,1827000000,2273000000.0,1827000000,5845962878.0,15.0,10.886,334000000.0,1.804,1.0,1461000000.0,0.384,2115000000,17000000.0,2349000000,1725500000.0,426000000,0,0,0,2566000000,817000000,1749000000,4957962878.0,187000000.0,-309000000.0,1000000.0,1185000000.0,-19000000.0,172000000.0,-423000000.0,0.0,449000000.0,-11000000.0,279000000.0,279000000.0,279000000.0,0.0,0.0,0.073,1066000000.0,395000000.0,322000000,0.067,2.714,17.77,17.775,463000000,0.0,26.84,1.304,1.306,756000000,40000000.0,3803000000.0,3803000000.0,100000000.0,0.069,0.123,0.232,0.105,13000000.0,877000000.0,1.0,184722909,185100000,185300000.0,20.546,2278000000,45000000,104000000.0,165000000,12.307,825000000
10,XYL,ARY,2010-12-31,2011-10-05,2010-12-31,2021-08-03,358000000,3735000000,,1336000000,2399000000,,14.732,-94000000.0,131000000,131000000,1988000000.0,329000000.0,2.059,0.374,0,0,0,0,0,92000000.0,0,,0.0,388000000.0,480000000.0,0.15,480000000.0,388000000.0,388000000.0,,,,2719000000,,2719000000,,,,301000000.0,1.631,1.0,1214000000.0,0.379,1853000000,0.0,1102000000,,389000000,0,0,0,1016000000,649000000,367000000,,50000000.0,-1004000000.0,0.0,0.0,0.0,745000000.0,-1093000000.0,0.0,395000000.0,3000000.0,329000000.0,329000000.0,329000000.0,0.0,0.0,0.103,826000000.0,388000000.0,309000000,,,,,454000000,0.0,,,,690000000,,3202000000.0,3202000000.0,74000000.0,,,,0.121,9000000.0,737000000.0,1.0,184570429,184570429,,17.348,1882000000,0,59000000.0,99000000,10.197,687000000
11,XYL,ARY,2010-12-31,2011-09-26,2010-12-31,2021-08-03,358000000,3735000000,,1336000000,2399000000,,14.732,-94000000.0,131000000,131000000,1988000000.0,329000000.0,2.059,0.374,0,0,0,0,0,92000000.0,0,,0.0,388000000.0,480000000.0,0.15,480000000.0,388000000.0,388000000.0,,,,2719000000,,2719000000,,,,301000000.0,1.631,1.0,1214000000.0,0.379,1853000000,0.0,1102000000,,389000000,0,0,0,1016000000,649000000,367000000,,50000000.0,-1004000000.0,0.0,0.0,0.0,745000000.0,-1093000000.0,0.0,395000000.0,3000000.0,329000000.0,329000000.0,329000000.0,0.0,0.0,0.103,826000000.0,388000000.0,309000000,,,,,454000000,0.0,,,,690000000,,3202000000.0,3202000000.0,74000000.0,,,,0.121,9000000.0,737000000.0,1.0,184570429,184570429,,17.348,1882000000,0,59000000.0,99000000,10.197,687000000
12,XYL,ARY,2010-12-31,2011-09-13,2010-12-31,2021-08-03,358000000,3735000000,,1336000000,2399000000,,14.732,-94000000.0,131000000,131000000,1988000000.0,329000000.0,2.059,0.374,0,0,0,0,0,92000000.0,0,,0.0,388000000.0,480000000.0,0.15,480000000.0,388000000.0,388000000.0,,,,2719000000,,2719000000,,,,301000000.0,1.631,1.0,1214000000.0,0.379,1853000000,0.0,1102000000,,389000000,0,0,0,1016000000,649000000,367000000,,50000000.0,-1004000000.0,0.0,0.0,0.0,745000000.0,-1093000000.0,0.0,395000000.0,3000000.0,329000000.0,329000000.0,329000000.0,0.0,0.0,0.103,826000000.0,388000000.0,309000000,,,,,454000000,0.0,,,,690000000,,3202000000.0,3202000000.0,74000000.0,,,,0.121,9000000.0,737000000.0,1.0,184570429,184570429,,17.348,1882000000,0,59000000.0,99000000,10.197,687000000
13,XYL,ARY,2010-12-31,2011-08-22,2010-12-31,2021-08-03,358000000,3735000000,,1336000000,2399000000,,14.732,-94000000.0,131000000,131000000,1988000000.0,329000000.0,2.059,0.374,0,0,0,0,0,92000000.0,0,,0.0,388000000.0,480000000.0,0.15,480000000.0,388000000.0,388000000.0,,,,2719000000,,2719000000,,,,301000000.0,1.631,1.0,1214000000.0,0.379,1853000000,0.0,1102000000,,389000000,0,0,0,1016000000,649000000,367000000,,50000000.0,-1004000000.0,0.0,0.0,0.0,745000000.0,-1093000000.0,0.0,395000000.0,3000000.0,329000000.0,329000000.0,329000000.0,0.0,0.0,0.103,826000000.0,388000000.0,309000000,,,,,454000000,0.0,,,,690000000,,3202000000.0,3202000000.0,74000000.0,,,,0.121,9000000.0,737000000.0,1.0,184570429,184570429,,17.348,1882000000,0,59000000.0,99000000,10.197,687000000
14,XYL,ARY,2010-12-31,2011-07-11,2010-12-31,2021-08-03,358000000,3735000000,,1336000000,2399000000,,14.732,-94000000.0,131000000,131000000,1988000000.0,329000000.0,2.059,0.374,0,0,0,0,0,92000000.0,0,,0.0,388000000.0,480000000.0,0.15,480000000.0,388000000.0,388000000.0,,,,2719000000,,2719000000,,,,301000000.0,1.631,1.0,1214000000.0,0.379,1853000000,0.0,1102000000,,389000000,0,0,0,1016000000,649000000,367000000,,50000000.0,-1004000000.0,0.0,0.0,0.0,745000000.0,-1093000000.0,0.0,395000000.0,3000000.0,329000000.0,329000000.0,329000000.0,0.0,0.0,0.103,826000000.0,388000000.0,309000000,,,,,454000000,0.0,,,,690000000,,3202000000.0,3202000000.0,74000000.0,,,,0.121,9000000.0,737000000.0,1.0,184570429,184570429,,17.348,1882000000,0,59000000.0,99000000,10.197,687000000
0,XYL,ARQ,2021-06-30,2021-08-03,2021-06-30,2021-08-03,-398000000,8785000000,,3623000000,5162000000,,16.88,-42000000.0,1840000000,1840000000,831000000.0,113000000.0,1.849,1.887,3066000000,600000000,2466000000,3066000000,0,62000000.0,0,0.008,0.28,159000000.0,221000000.0,0.164,221000000.0,159000000.0,138000000.0,0.63,0.62,0.63,3040000000,,3040000000,24274251822.0,45.0,30.572,190000000.0,1.055,1.0,520000000.0,0.385,3899000000,21000000.0,4153000000,,642000000,0,0,0,5736000000,1959000000,3777000000,23048251822.0,152000000.0,2000000.0,5000000.0,0.0,-51000000.0,-47000000.0,-38000000.0,0.0,232000000.0,5000000.0,113000000.0,113000000.0,113000000.0,0.0,0.0,0.084,360000000.0,160000000.0,599000000,0.444,7.582,59.866,59.78,626000000,0.0,127.93,4.432,4.431,975000000,2029000000.0,1351000000.0,1351000000.0,53000000.0,,,,,8000000.0,304000000.0,1.0,180162994,180100000,181300000.0,7.501,4886000000,0,25000000.0,264000000,27.129,1664000000
1,XYL,ARQ,2021-03-31,2021-05-04,2021-03-31,2021-08-03,-426000000,8545000000,,3401000000,5144000000,,16.29,-38000000.0,1688000000,1688000000,766000000.0,87000000.0,1.844,1.906,3060000000,600000000,2460000000,3060000000,0,62000000.0,0,0.009,0.0,135000000.0,197000000.0,0.157,197000000.0,135000000.0,114000000.0,0.49,0.48,0.49,2937000000,,2937000000,22247822360.0,51.0,32.337,-64000000.0,-0.355,1.0,490000000.0,0.39,3906000000,21000000.0,4167000000,,596000000,0,0,0,5599000000,1844000000,3755000000,20875822360.0,-187000000.0,0.0,-64000000.0,0.0,-51000000.0,-115000000.0,-31000000.0,0.0,-26000000.0,-15000000.0,87000000.0,87000000.0,87000000.0,0.0,0.0,0.069,357000000.0,133000000.0,530000000,0.0,7.108,68.897,69.018,627000000,0.0,115.95,4.168,4.174,952000000,1967000000.0,1256000000.0,1256000000.0,50000000.0,,,,,9000000.0,301000000.0,1.0,180041590,180300000,181500000.0,6.966,4639000000,0,27000000.0,257000000,25.729,1557000000
2,XYL,ARQ,2020-12-31,2021-02-26,2020-12-31,2021-08-03,-413000000,8750000000,,3523000000,5227000000,,16.48,-48000000.0,1875000000,1875000000,847000000.0,148000000.0,1.801,1.945,3084000000,600000000,2484000000,3084000000,0,62000000.0,0,0.011,0.54,179000000.0,241000000.0,0.176,241000000.0,179000000.0,158000000.0,0.82,0.82,0.82,2968000000,,2968000000,19165491563.0,53.0,31.265,322000000.0,1.788,1.0,526000000.0,0.383,3947000000,21000000.0,4056000000,,558000000,0,0,0,5774000000,1956000000,3818000000,17956491563.0,473000000.0,0.0,10000000.0,600000000.0,-46000000.0,-77000000.0,157000000.0,200000000.0,370000000.0,23000000.0,148000000.0,148000000.0,148000000.0,0.0,0.0,0.108,347000000.0,179000000.0,569000000,0.659,6.05,70.695,70.61,657000000,0.0,99.56,3.683,3.677,923000000,1930000000.0,1373000000.0,1373000000.0,49000000.0,,,,,7000000.0,292000000.0,1.0,180358493,180100000,181400000.0,7.624,4803000000,0,10000000.0,242000000,26.669,1567000000
3,XYL,ARQ,2020-09-30,2020-10-29,2020-09-30,2021-08-03,-396000000,8448000000,,3311000000,5137000000,,15.928,-40000000.0,1402000000,1402000000,759000000.0,37000000.0,2.587,1.944,3093000000,40000000,3053000000,3093000000,0,63000000.0,0,0.009,0.26,72000000.0,135000000.0,0.111,135000000.0,72000000.0,50000000.0,0.2,0.2,0.2,2867000000,,2867000000,17345950565.0,46.0,27.533,235000000.0,1.306,1.0,461000000.0,0.378,3885000000,22000000.0,4974000000,,582000000,200000000,200000000,0,5573000000,1280000000,4293000000,15654950565.0,-175000000.0,0.0,4000000.0,-180000000.0,-47000000.0,-224000000.0,-238000000.0,-200000000.0,275000000.0,12000000.0,37000000.0,37000000.0,37000000.0,0.0,0.0,0.03,388000000.0,73000000.0,495000000,1.3,5.46,69.888,70.048,633000000,0.0,86.86,3.212,3.208,968000000,1828000000.0,1220000000.0,1220000000.0,45000000.0,,,,,3000000.0,266000000.0,1.0,180231989,180000000,181000000.0,6.778,4563000000,0,13000000.0,283000000,25.35,2031000000
4,XYL,ARQ,2020-06-30,2020-07-30,2020-06-30,2021-08-03,-409000000,8444000000,,3301000000,5143000000,,15.867,-44000000.0,1577000000,1577000000,726000000.0,31000000.0,2.404,1.953,3243000000,212000000,3031000000,3243000000,0,62000000.0,0,0.013,0.26,53000000.0,115000000.0,0.099,115000000.0,53000000.0,35000000.0,0.17,0.17,0.17,2856000000,,2856000000,15103560408.0,49.0,26.779,137000000.0,0.761,1.0,434000000.0,0.374,3928000000,18000000.0,4809000000,,595000000,0,0,0,5579000000,1373000000,4206000000,13437560408.0,838000000.0,0.0,0.0,734000000.0,-47000000.0,687000000.0,-40000000.0,0.0,181000000.0,10000000.0,31000000.0,31000000.0,31000000.0,0.0,0.0,0.027,380000000.0,54000000.0,498000000,1.529,4.705,53.324,53.336,635000000,0.0,74.67,2.715,2.715,956000000,1838000000.0,1160000000.0,1160000000.0,44000000.0,,,,,8000000.0,288000000.0,1.0,179959293,180000000,180600000.0,6.444,4516000000,0,4000000.0,304000000,25.089,1928000000
5,XYL,ARQ,2020-03-31,2020-05-05,2020-03-31,2021-08-03,-461000000,7591000000,,2462000000,5129000000,,15.605,-51000000.0,739000000,739000000,714000000.0,38000000.0,1.554,1.696,2490000000,459000000,2031000000,2490000000,0,64000000.0,0,0.015,0.0,58000000.0,122000000.0,0.109,122000000.0,58000000.0,42000000.0,0.21,0.21,0.21,2812000000,,2812000000,13454489810.0,31.0,19.613,-53000000.0,-0.294,1.0,409000000.0,0.364,3931000000,16000000.0,3827000000,,573000000,0,0,0,4770000000,1584000000,3186000000,11703489810.0,15000000.0,0.0,-55000000.0,190000000.0,-48000000.0,87000000.0,-48000000.0,0.0,-2000000.0,-22000000.0,38000000.0,38000000.0,38000000.0,0.0,0.0,0.034,348000000.0,61000000.0,506000000,0.0,4.162,32.51,32.525,628000000,0.0,65.05,2.279,2.283,975000000,1854000000.0,1123000000.0,1123000000.0,49000000.0,,,,,8000000.0,297000000.0,1.0,179915293,180200000,181300000.0,6.232,3660000000,0,4000000.0,315000000,20.311,878000000
6,XYL,ARQ,2019-12-31,2020-02-28,2019-12-31,2021-08-03,-375000000,7710000000,,2450000000,5260000000,,16.4,-51000000.0,724000000,724000000,834000000.0,118000000.0,1.632,1.604,2316000000,276000000,2040000000,2316000000,0,65000000.0,0,0.013,0.26,193000000.0,258000000.0,0.188,258000000.0,193000000.0,178000000.0,0.66,0.65,0.66,2957000000,,2957000000,15530414492.0,32.0,20.987,337000000.0,1.869,1.0,537000000.0,0.392,4013000000,15000000.0,3788000000,,539000000,0,0,0,4743000000,1501000000,3242000000,13938414492.0,271000000.0,2000000.0,2000000.0,218000000.0,-43000000.0,-78000000.0,-46000000.0,1000000.0,388000000.0,7000000.0,118000000.0,118000000.0,118000000.0,0.0,0.0,0.086,342000000.0,195000000.0,597000000,0.394,4.714,34.759,34.682,658000000,0.0,77.34,2.655,2.652,1036000000,1866000000.0,1371000000.0,1371000000.0,49000000.0,,,,,6000000.0,288000000.0,1.0,180222582,180300000,181200000.0,7.604,3697000000,0,60000000.0,310000000,20.505,949000000
7,XYL,ARQ,2019-09-30,2019-10-31,2019-09-30,2021-08-03,-364000000,7515000000,,2263000000,5252000000,,16.024,-46000000.0,453000000,453000000,787000000.0,65000000.0,1.549,1.601,2336000000,306000000,2030000000,2336000000,0,65000000.0,0,0.013,0.48,4000000.0,69000000.0,0.053,69000000.0,4000000.0,-12000000.0,0.36,0.36,0.36,2886000000,,2886000000,15693248617.0,32.0,21.037,199000000.0,1.105,1.0,509000000.0,0.393,3991000000,16000000.0,3946000000,,580000000,0,0,0,4620000000,1461000000,3159000000,13810248617.0,70000000.0,0.0,2000000.0,-81000000.0,-44000000.0,-124000000.0,-39000000.0,3000000.0,245000000.0,-12000000.0,65000000.0,65000000.0,65000000.0,0.0,0.0,0.05,498000000.0,11000000.0,521000000,1.333,4.785,27.186,27.195,641000000,0.0,76.69,2.624,2.624,1078000000,1791000000.0,1296000000.0,1296000000.0,44000000.0,,,,,7000000.0,273000000.0,1.0,180078871,180100000,181200000.0,7.196,3524000000,0,-77000000.0,310000000,19.567,802000000
8,XYL,ARQ,2019-06-30,2019-08-01,2019-06-30,2021-08-03,-327000000,7674000000,,2258000000,5416000000,,16.078,-60000000.0,383000000,383000000,819000000.0,139000000.0,1.469,1.648,2453000000,402000000,2051000000,2453000000,0,63000000.0,0,0.011,0.24,174000000.0,237000000.0,0.176,237000000.0,174000000.0,156000000.0,0.77,0.77,0.77,2894000000,,2894000000,16258093844.0,24.0,17.634,63000000.0,0.35,1.0,526000000.0,0.391,4210000000,18000000.0,3997000000,,604000000,0,0,0,4768000000,1537000000,3231000000,14188093844.0,108000000.0,-15000000.0,4000000.0,94000000.0,-43000000.0,54000000.0,-69000000.0,0.0,123000000.0,0.0,139000000.0,139000000.0,139000000.0,0.0,0.0,0.103,355000000.0,171000000.0,539000000,0.312,4.903,24.761,24.705,661000000,0.0,78.81,2.7,2.699,1096000000,1770000000.0,1345000000.0,1345000000.0,47000000.0,,,,,7000000.0,294000000.0,1.0,180029106,180000000,181200000.0,7.472,3464000000,0,17000000.0,305000000,19.244,721000000
9,XYL,ARQ,2019-03-31,2019-05-02,2019-03-31,2021-08-03,-316000000,7468000000,,2081000000,5387000000,,15.559,-69000000.0,275000000,275000000,763000000.0,79000000.0,1.444,1.667,2348000000,304000000,2044000000,2348000000,0,64000000.0,0,0.011,0.0,112000000.0,176000000.0,0.142,176000000.0,112000000.0,94000000.0,0.44,0.43,0.44,2796000000,,2796000000,16384871536.0,25.0,17.79,14000000.0,0.078,1.0,474000000.0,0.383,4207000000,18000000.0,3893000000,,617000000,0,0,0,4660000000,1441000000,3219000000,14311871536.0,-21000000.0,-5000000.0,-35000000.0,50000000.0,-44000000.0,-29000000.0,-77000000.0,0.0,83000000.0,2000000.0,79000000.0,79000000.0,79000000.0,0.0,0.0,0.064,365000000.0,109000000.0,548000000,0.0,5.119,26.069,25.993,653000000,0.0,79.54,2.738,2.735,1020000000,1674000000.0,1237000000.0,1237000000.0,51000000.0,,,,,9000000.0,303000000.0,1.0,179933009,179700000,181100000.0,6.884,3261000000,0,15000000.0,312000000,18.147,640000000
10,XYL,ARQ,2018-12-31,2019-02-22,2018-12-31,2021-08-03,-336000000,7222000000,,2094000000,5128000000,,15.395,-66000000.0,296000000,296000000,844000000.0,225000000.0,1.508,1.604,2308000000,257000000,2051000000,2308000000,0,66000000.0,0,0.012,0.45,198000000.0,264000000.0,0.19,264000000.0,198000000.0,179000000.0,1.25,1.24,1.25,2768000000,,2768000000,15442541810.0,23.0,16.641,132000000.0,0.734,1.0,542000000.0,0.391,4208000000,19000000.0,3637000000,,595000000,0,0,0,4440000000,1389000000,3051000000,13430541810.0,-108000000.0,0.0,-1000000.0,-144000000.0,-38000000.0,-235000000.0,-64000000.0,0.0,198000000.0,-7000000.0,225000000.0,225000000.0,225000000.0,0.0,0.0,0.162,348000000.0,194000000.0,586000000,0.36,4.852,24.464,24.525,656000000,0.0,74.8,2.579,2.583,1031000000,1639000000.0,1386000000.0,1386000000.0,52000000.0,,,,,7000000.0,293000000.0,1.0,179552698,179800000,180800000.0,7.709,3014000000,0,-46000000.0,303000000,16.763,705000000
11,XYL,ARQ,2018-09-30,2018-10-30,2018-09-30,2021-08-03,-293000000,7326000000,,2204000000,5122000000,,14.563,-60000000.0,404000000,404000000,782000000.0,130000000.0,1.486,1.794,2531000000,342000000,2189000000,2531000000,0,63000000.0,0,0.012,0.21,182000000.0,245000000.0,0.19,245000000.0,182000000.0,161000000.0,0.73,0.72,0.73,2617000000,,2617000000,13831906336.0,22.0,15.559,127000000.0,0.707,1.0,505000000.0,0.392,4267000000,21000000.0,3703000000,,622000000,0,0,0,4695000000,1483000000,3212000000,11704906336.0,83000000.0,19000000.0,3000000.0,-23000000.0,-38000000.0,-57000000.0,-42000000.0,0.0,187000000.0,-5000000.0,130000000.0,130000000.0,130000000.0,0.0,0.0,0.101,329000000.0,176000000.0,570000000,0.288,4.473,29.633,29.605,636000000,0.0,65.13,2.296,2.296,1017000000,1452000000.0,1287000000.0,1287000000.0,46000000.0,,,,,7000000.0,279000000.0,1.0,179716050,179700000,181100000.0,7.162,3059000000,0,31000000.0,284000000,17.023,721000000
12,XYL,ARQ,2018-06-30,2018-07-31,2018-06-30,2021-08-03,-294000000,7232000000,,2106000000,5126000000,,13.977,-50000000.0,321000000,321000000,798000000.0,115000000.0,1.426,1.871,2540000000,361000000,2179000000,2540000000,0,65000000.0,0,0.01,0.21,171000000.0,236000000.0,0.179,236000000.0,171000000.0,150000000.0,0.64,0.64,0.64,2513000000,,2513000000,15970531189.0,26.0,18.679,88000000.0,0.489,1.0,519000000.0,0.394,4265000000,21000000.0,3709000000,,598000000,0,0,0,4703000000,1477000000,3226000000,13751531189.0,24000000.0,0.0,-24000000.0,12000000.0,-38000000.0,-50000000.0,-46000000.0,0.0,138000000.0,-18000000.0,115000000.0,115000000.0,115000000.0,0.0,0.0,0.087,348000000.0,171000000.0,580000000,0.328,5.472,37.166,37.346,643000000,0.0,76.56,2.747,2.75,1019000000,1359000000.0,1317000000.0,1317000000.0,50000000.0,,,,,7000000.0,293000000.0,1.0,179617701,179800000,181000000.0,7.325,2967000000,0,35000000.0,288000000,16.502,629000000
13,XYL,ARQ,2018-03-31,2018-05-01,2018-03-31,2021-08-03,-207000000,7350000000,,2066000000,5284000000,,14.125,-61000000.0,297000000,297000000,757000000.0,79000000.0,1.415,1.886,2599000000,371000000,2228000000,2599000000,0,67000000.0,0,0.011,0.0,116000000.0,183000000.0,0.15,183000000.0,116000000.0,95000000.0,0.44,0.43,0.44,2541000000,,2541000000,14963065329.0,26.0,18.315,2000000.0,0.011,1.0,460000000.0,0.378,4385000000,21000000.0,3807000000,,578000000,0,0,0,4793000000,1460000000,3333000000,12661065329.0,-117000000.0,-430000000.0,-30000000.0,371000000.0,-38000000.0,302000000.0,-491000000.0,0.0,63000000.0,9000000.0,79000000.0,79000000.0,79000000.0,0.0,0.0,0.065,347000000.0,113000000.0,543000000,0.0,4.983,35.766,35.903,666000000,0.0,70.37,2.609,2.609,999000000,1282000000.0,1217000000.0,1217000000.0,41000000.0,,,,,9000000.0,296000000.0,1.0,179921349,179900000,181400000.0,6.765,2965000000,0,16000000.0,285000000,16.481,606000000
14,XYL,ARQ,2017-12-31,2018-02-23,2017-12-31,2021-08-03,-210000000,6860000000,,2071000000,4789000000,,13.937,-50000000.0,414000000,414000000,768000000.0,70000000.0,1.883,1.734,2200000000,0,2200000000,2200000000,0,60000000.0,0,0.01,0.39,165000000.0,225000000.0,0.176,225000000.0,165000000.0,145000000.0,0.39,0.39,0.39,2503000000,,2503000000,15445278907.0,28.0,19.726,257000000.0,1.431,1.0,509000000.0,0.399,3936000000,20000000.0,3610000000,,524000000,0,0,0,4341000000,1100000000,3241000000,13659278907.0,131000000.0,-12000000.0,8000000.0,184000000.0,-33000000.0,-122000000.0,-59000000.0,0.0,307000000.0,5000000.0,71000000.0,71000000.0,71000000.0,0.0,-1000000.0,0.056,330000000.0,179000000.0,549000000,1.0,5.457,41.267,41.266,643000000,0.0,75.93,2.902,2.897,956000000,1227000000.0,1277000000.0,1277000000.0,49000000.0,,,,,5000000.0,278000000.0,1.0,179893045,179600000,181500000.0,7.11,2924000000,0,74000000.0,252000000,16.281,971000000
15,XYL,ARQ,2017-09-30,2017-10-31,2017-09-30,2021-08-03,-199000000,6783000000,,1995000000,4788000000,,13.714,-42000000.0,283000000,283000000,724000000.0,104000000.0,1.756,1.747,2286000000,97000000,2189000000,2286000000,0,58000000.0,0,0.01,0.18,153000000.0,211000000.0,0.177,211000000.0,153000000.0,132000000.0,0.58,0.58,0.58,2463000000,,2463000000,13951787867.0,28.0,19.324,186000000.0,1.036,1.0,471000000.0,0.394,3915000000,21000000.0,3735000000,,562000000,0,0,0,4303000000,1136000000,3167000000,11948787867.0,-5000000.0,-10000000.0,1000000.0,-152000000.0,-32000000.0,-184000000.0,-53000000.0,-1000000.0,228000000.0,4000000.0,105000000.0,105000000.0,105000000.0,0.0,-1000000.0,0.088,319000000.0,152000000.0,477000000,0.31,4.851,38.544,38.68,637000000,0.0,66.53,2.641,2.641,990000000,1188000000.0,1195000000.0,1195000000.0,45000000.0,,,,,5000000.0,270000000.0,1.0,179599998,179600000,180900000.0,6.654,2868000000,0,27000000.0,324000000,15.969,859000000
16,XYL,ARQ,2017-06-30,2017-08-01,2017-06-30,2021-08-03,-220000000,6707000000,,1961000000,4746000000,,13.168,-34000000.0,288000000,288000000,705000000.0,100000000.0,1.634,1.829,2411000000,243000000,2168000000,2411000000,0,57000000.0,0,0.011,0.18,141000000.0,198000000.0,0.17,198000000.0,141000000.0,120000000.0,0.55,0.55,0.55,2365000000,,2365000000,12771410508.0,28.0,19.528,65000000.0,0.362,1.0,459000000.0,0.394,3901000000,21000000.0,3729000000,,554000000,0,0,0,4325000000,1200000000,3125000000,10648410508.0,1000000.0,0.0,-14000000.0,-27000000.0,-32000000.0,-74000000.0,-31000000.0,0.0,99000000.0,7000000.0,99000000.0,99000000.0,99000000.0,0.0,1000000.0,0.085,320000000.0,139000000.0,442000000,0.327,4.502,38.304,38.258,627000000,0.0,59.3,2.519,2.52,944000000,1117000000.0,1164000000.0,1164000000.0,44000000.0,,,,,5000000.0,270000000.0,1.0,179568474,179600000,180600000.0,6.481,2806000000,0,21000000.0,329000000,15.624,761000000
17,XYL,ARQ,2017-03-31,2017-05-02,2017-03-31,2021-08-03,-276000000,6527000000,,1863000000,4664000000,,12.533,-43000000.0,287000000,287000000,659000000.0,56000000.0,1.564,1.892,2387000000,261000000,2126000000,2387000000,0,59000000.0,0,0.013,0.0,90000000.0,149000000.0,0.139,149000000.0,90000000.0,70000000.0,0.31,0.31,0.31,2251000000,,2251000000,11159504531.0,27.0,18.63,9000000.0,0.05,1.0,412000000.0,0.385,3848000000,20000000.0,3588000000,,540000000,0,0,0,4259000000,1191000000,3068000000,9059504531.0,-21000000.0,5000000.0,-4000000.0,-5000000.0,-33000000.0,-41000000.0,-38000000.0,0.0,52000000.0,6000000.0,56000000.0,56000000.0,56000000.0,0.0,0.0,0.052,326000000.0,86000000.0,414000000,0.0,4.025,36.238,36.266,612000000,0.0,50.41,2.268,2.266,868000000,1050000000.0,1071000000.0,1071000000.0,42000000.0,,,,,6000000.0,272000000.0,1.0,179716416,179600000,180700000.0,5.963,2679000000,0,14000000.0,350000000,14.916,672000000
18,XYL,ARQ,2016-12-31,2017-02-23,2016-12-31,2021-08-03,-318000000,6474000000,,1839000000,4635000000,,12.207,-33000000.0,308000000,308000000,689000000.0,50000000.0,1.485,1.948,2368000000,260000000,2108000000,2368000000,0,54000000.0,0,0.014,0.335,110000000.0,164000000.0,0.15,164000000.0,110000000.0,90000000.0,0.28,0.28,0.28,2190000000,,2190000000,10588481166.0,26.0,18.874,190000000.0,1.059,1.0,406000000.0,0.371,3833000000,20000000.0,3463000000,,522000000,0,0,0,4267000000,1238000000,3029000000,8528481166.0,-351000000.0,-1712000000.0,1000000.0,1212000000.0,-28000000.0,1184000000.0,-1731000000.0,0.0,223000000.0,-27000000.0,50000000.0,50000000.0,50000000.0,0.0,0.0,0.046,297000000.0,109000000.0,457000000,1.196,3.894,32.802,32.772,616000000,0.0,47.52,2.262,2.257,843000000,1033000000.0,1095000000.0,1095000000.0,35000000.0,,,,,3000000.0,250000000.0,1.0,179471405,179400000,180600000.0,6.104,2641000000,0,40000000.0,352000000,14.721,601000000
19,XYL,ARQ,2016-09-30,2016-11-01,2016-09-30,2021-08-03,-255000000,4778000000,,2092000000,2686000000,,12.421,-28000000.0,659000000,659000000,540000000.0,73000000.0,2.488,1.145,1210000000,62000000,1148000000,1210000000,0,32000000.0,0,0.01,0.155,111000000.0,143000000.0,0.159,143000000.0,111000000.0,95000000.0,0.41,0.41,0.41,2227000000,,2227000000,9016642311.0,20.0,15.819,121000000.0,0.675,1.0,357000000.0,0.398,2065000000,16000000.0,2423000000,,488000000,0,0,0,2551000000,841000000,1710000000,8465642311.0,73000000.0,0.0,6000000.0,-30000000.0,-28000000.0,-52000000.0,-28000000.0,0.0,149000000.0,4000000.0,73000000.0,73000000.0,73000000.0,0.0,0.0,0.081,248000000.0,109000000.0,341000000,0.378,3.801,26.129,26.217,440000000,0.0,47.19,2.307,2.305,792000000,1011000000.0,897000000.0,897000000.0,23000000.0,,,,,5000000.0,219000000.0,1.0,179394836,179300000,180300000.0,5.003,2713000000,0,22000000.0,114000000,15.131,1251000000
20,XYL,ARQ,2016-06-30,2016-08-02,2016-06-30,2021-08-03,-252000000,4694000000,,2007000000,2687000000,,12.138,-25000000.0,586000000,586000000,563000000.0,71000000.0,2.448,1.159,1234000000,91000000,1143000000,1234000000,0,33000000.0,0,0.013,0.155,110000000.0,143000000.0,0.153,143000000.0,110000000.0,90000000.0,0.39,0.39,0.39,2174000000,,2174000000,8963817638.0,20.0,15.455,59000000.0,0.329,1.0,369000000.0,0.396,2069000000,20000000.0,2453000000,,483000000,0,0,0,2520000000,820000000,1700000000,8315817638.0,-607000000.0,0.0,8000000.0,-636000000.0,-28000000.0,-657000000.0,-22000000.0,0.0,84000000.0,-12000000.0,71000000.0,71000000.0,71000000.0,0.0,0.0,0.076,260000000.0,109000000.0,339000000,0.397,3.825,24.53,24.818,438000000,0.0,46.41,2.263,2.262,784000000,966000000.0,932000000.0,932000000.0,27000000.0,,,,,5000000.0,227000000.0,1.0,179181591,179100000,179900000.0,5.204,2625000000,0,19000000.0,117000000,14.657,1187000000
21,XYL,ARQ,2016-03-31,2016-05-03,2016-03-31,2021-08-03,-212000000,5304000000,,2575000000,2729000000,,12.088,-37000000.0,1193000000,1193000000,518000000.0,66000000.0,1.798,1.457,1873000000,720000000,1153000000,1873000000,0,32000000.0,0,0.014,0.0,79000000.0,111000000.0,0.131,111000000.0,79000000.0,65000000.0,0.37,0.37,0.37,2159000000,,2159000000,8172223070.0,18.0,14.188,4000000.0,0.022,1.0,329000000.0,0.388,2096000000,14000000.0,2456000000,,482000000,0,0,0,3145000000,1432000000,1713000000,7492223070.0,513000000.0,-70000000.0,5000000.0,580000000.0,-28000000.0,559000000.0,-105000000.0,0.0,41000000.0,18000000.0,66000000.0,66000000.0,66000000.0,0.0,0.0,0.078,250000000.0,79000000.0,332000000,0.0,3.47,21.907,22.159,446000000,0.0,41.88,2.045,2.042,752000000,923000000.0,847000000.0,847000000.0,25000000.0,,,,,5000000.0,219000000.0,1.0,178897399,178600000,179300000.0,4.742,3208000000,0,-1000000.0,106000000,17.962,1143000000
22,XYL,ARQ,2015-12-31,2016-02-26,2015-12-31,2021-08-03,-238000000,4657000000,,2005000000,2652000000,,11.636,-40000000.0,680000000,680000000,604000000.0,114000000.0,2.436,1.235,1274000000,78000000,1196000000,1274000000,0,31000000.0,0,0.015,0.296,142000000.0,173000000.0,0.174,173000000.0,142000000.0,128000000.0,0.63,0.63,0.63,2084000000,,2084000000,7326484678.0,16.0,12.397,164000000.0,0.916,1.0,390000000.0,0.392,2019000000,14000000.0,2409000000,,433000000,0,0,0,2573000000,823000000,1750000000,6732484678.0,69000000.0,-18000000.0,-44000000.0,0.0,-25000000.0,-68000000.0,-58000000.0,0.0,204000000.0,-9000000.0,114000000.0,114000000.0,114000000.0,0.0,0.0,0.115,248000000.0,142000000.0,338000000,0.47,3.231,19.801,20.064,439000000,0.0,37.72,1.843,1.868,749000000,885000000.0,994000000.0,994000000.0,24000000.0,,,,,4000000.0,223000000.0,1.0,178485808,179100000,179900000.0,5.55,2638000000,0,14000000.0,118000000,14.729,1182000000
23,XYL,ARQ,2015-09-30,2015-10-29,2015-09-30,2021-08-03,-229000000,4645000000,,2017000000,2628000000,,11.3,-20000000.0,611000000,611000000,551000000.0,88000000.0,2.475,1.274,1275000000,79000000,1196000000,1275000000,0,33000000.0,0,0.012,0.141,120000000.0,153000000.0,0.17,153000000.0,120000000.0,107000000.0,0.48,0.48,0.48,2043000000,,2043000000,7182166581.0,16.0,12.091,117000000.0,0.647,1.0,351000000.0,0.389,2018000000,13000000.0,2476000000,,477000000,0,0,0,2602000000,815000000,1787000000,6518166581.0,11000000.0,0.0,-70000000.0,-1000000.0,-26000000.0,-98000000.0,-21000000.0,0.0,137000000.0,-7000000.0,88000000.0,88000000.0,88000000.0,0.0,0.0,0.098,231000000.0,120000000.0,314000000,0.294,3.19,20.243,20.531,418000000,0.0,36.34,1.761,1.775,762000000,796000000.0,902000000.0,902000000.0,23000000.0,,,,,3000000.0,207000000.0,1.0,179366169,180800000,181600000.0,4.989,2627000000,35000000,19000000.0,141000000,14.53,1202000000
24,XYL,ARQ,2015-06-30,2015-07-30,2015-06-30,2021-08-03,-198000000,4719000000,,2056000000,2663000000,,11.46,-20000000.0,600000000,600000000,572000000.0,74000000.0,2.456,1.269,1277000000,81000000,1196000000,1277000000,0,34000000.0,0,0.015,0.141,105000000.0,139000000.0,0.151,139000000.0,105000000.0,91000000.0,0.41,0.41,0.41,2080000000,,2080000000,7069400098.0,15.0,11.439,64000000.0,0.353,1.0,348000000.0,0.378,2034000000,14000000.0,2525000000,,498000000,0,0,0,2639000000,837000000,1802000000,6392400098.0,46000000.0,0.0,3000000.0,-2000000.0,-25000000.0,-25000000.0,-17000000.0,0.0,84000000.0,4000000.0,74000000.0,74000000.0,74000000.0,0.0,0.0,0.08,244000000.0,104000000.0,315000000,0.344,3.073,18.801,18.834,431000000,0.0,35.22,1.699,1.699,772000000,734000000.0,920000000.0,920000000.0,25000000.0,,,,,4000000.0,218000000.0,1.0,181499151,181500000,182300000.0,5.069,2685000000,37000000,17000000.0,152000000,14.793,1219000000
25,XYL,ARQ,2015-03-31,2015-04-30,2015-03-31,2021-08-03,-233000000,4620000000,,1973000000,2647000000,,10.923,-37000000.0,554000000,554000000,522000000.0,64000000.0,2.369,1.323,1276000000,81000000,1195000000,1276000000,0,35000000.0,0,0.014,0.0,91000000.0,126000000.0,0.151,126000000.0,91000000.0,77000000.0,0.35,0.35,0.35,1989000000,,1989000000,7436361158.0,15.0,11.766,2000000.0,0.011,1.0,315000000.0,0.376,2028000000,14000000.0,2481000000,,502000000,0,0,0,2631000000,833000000,1798000000,6714361158.0,-109000000.0,1000000.0,-47000000.0,0.0,-26000000.0,-71000000.0,-36000000.0,0.0,39000000.0,-41000000.0,64000000.0,64000000.0,64000000.0,0.0,0.0,0.076,232000000.0,83000000.0,311000000,0.0,3.376,19.075,19.181,434000000,0.0,37.02,1.745,1.752,738000000,686000000.0,837000000.0,837000000.0,23000000.0,,,,,4000000.0,206000000.0,1.0,181371182,182100000,183100000.0,4.596,2592000000,38000000,13000000.0,152000000,14.234,1140000000
26,XYL,ARQ,2014-12-31,2015-02-26,2014-12-31,2021-08-03,-99000000,4864000000,,2102000000,2762000000,,11.674,-42000000.0,663000000,663000000,635000000.0,96000000.0,2.315,1.287,1288000000,89000000,1199000000,1288000000,0,35000000.0,0,0.015,0.141,141000000.0,176000000.0,0.169,176000000.0,141000000.0,128000000.0,0.53,0.52,0.53,2127000000,,2127000000,7146218720.0,15.0,11.582,121000000.0,0.664,1.0,407000000.0,0.391,2066000000,13000000.0,2515000000,,486000000,0,0,0,2737000000,908000000,1829000000,6521218720.0,134000000.0,0.0,7000000.0,50000000.0,-23000000.0,35000000.0,-41000000.0,0.0,163000000.0,-23000000.0,96000000.0,96000000.0,96000000.0,0.0,0.0,0.092,266000000.0,141000000.0,338000000,0.266,3.066,19.351,19.44,461000000,0.0,35.77,1.665,1.672,771000000,648000000.0,1042000000.0,1042000000.0,26000000.0,,,,,4000000.0,232000000.0,1.0,182309721,182200000,183000000.0,5.719,2798000000,38000000,32000000.0,158000000,15.357,1194000000
27,XYL,ARQ,2014-09-30,2014-10-28,2014-09-30,2021-08-03,49000000,4814000000,,2025000000,2789000000,,12.036,-28000000.0,529000000,529000000,587000000.0,106000000.0,2.382,1.195,1240000000,41000000,1199000000,1240000000,0,35000000.0,0,0.014,0.256,142000000.0,177000000.0,0.184,177000000.0,142000000.0,128000000.0,0.58,0.58,0.58,2193000000,,2193000000,7345782380.0,16.0,12.202,127000000.0,0.697,1.0,376000000.0,0.39,2115000000,14000000.0,2560000000,,516000000,0,0,0,2621000000,850000000,1771000000,6634782380.0,79000000.0,30000000.0,-30000000.0,1000000.0,-24000000.0,-52000000.0,2000000.0,0.0,155000000.0,-26000000.0,106000000.0,106000000.0,106000000.0,0.0,0.0,0.11,246000000.0,130000000.0,314000000,0.441,3.025,21.472,21.586,454000000,0.0,36.48,1.698,1.701,804000000,575000000.0,963000000.0,963000000.0,24000000.0,,,,,5000000.0,222000000.0,1.0,181874517,182200000,183400000.0,5.285,2699000000,35000000,22000000.0,183000000,14.813,1175000000
28,XYL,ARQ,2014-06-30,2014-07-29,2014-06-30,2021-08-03,158000000,4900000000,,2016000000,2884000000,,12.241,-23000000.0,450000000,450000000,617000000.0,86000000.0,2.383,1.183,1242000000,43000000,1199000000,1242000000,0,36000000.0,0,0.013,0.128,117000000.0,153000000.0,0.152,153000000.0,117000000.0,104000000.0,0.47,0.47,0.47,2245000000,,2245000000,7587734762.0,19.0,13.598,53000000.0,0.289,1.0,388000000.0,0.386,2190000000,13000000.0,2656000000,,527000000,0,0,0,2655000000,846000000,1809000000,6795734762.0,-16000000.0,0.0,-45000000.0,-1000000.0,-23000000.0,-68000000.0,-23000000.0,0.0,76000000.0,-1000000.0,86000000.0,86000000.0,86000000.0,0.0,0.0,0.086,272000000.0,116000000.0,328000000,0.272,3.027,24.622,24.8,469000000,0.0,37.2,1.738,1.745,830000000,493000000.0,1005000000.0,1005000000.0,27000000.0,,,,,5000000.0,242000000.0,1.0,182681042,183400000,184500000.0,5.48,2710000000,37000000,18000000.0,195000000,14.776,1170000000
29,XYL,ARQ,2014-03-31,2014-04-29,2014-03-31,2021-08-03,166000000,4887000000,,1991000000,2896000000,,12.081,-24000000.0,466000000,466000000,564000000.0,49000000.0,2.323,1.192,1243000000,44000000,1199000000,1243000000,0,36000000.0,0,0.013,0.0,75000000.0,111000000.0,0.123,111000000.0,75000000.0,61000000.0,0.27,0.27,0.27,2229000000,,2229000000,7473862595.0,21.0,14.569,-2000000.0,-0.011,1.0,342000000.0,0.377,2199000000,14000000.0,2608000000,,516000000,0,0,0,2658000000,857000000,1801000000,6696862595.0,-67000000.0,0.0,-40000000.0,2000000.0,-24000000.0,-62000000.0,-24000000.0,0.0,22000000.0,-3000000.0,49000000.0,49000000.0,49000000.0,0.0,0.0,0.054,266000000.0,76000000.0,325000000,0.0,3.004,28.377,28.469,476000000,0.0,36.44,1.733,1.74,803000000,430000000.0,906000000.0,906000000.0,27000000.0,,,,,4000000.0,224000000.0,1.0,183777788,184500000,185800000.0,4.911,2688000000,40000000,12000000.0,198000000,14.569,1134000000
30,XYL,ARQ,2013-12-31,2014-02-27,2013-12-31,2021-08-03,167000000,4896000000,,2009000000,2887000000,,12.16,-36000000.0,533000000,533000000,623000000.0,68000000.0,2.355,1.185,1241000000,42000000,1199000000,1241000000,0,40000000.0,0,0.012,0.128,121000000.0,161000000.0,0.156,161000000.0,121000000.0,107000000.0,0.37,0.36,0.37,2241000000,,2241000000,7978909592.0,23.0,15.863,125000000.0,0.678,1.0,410000000.0,0.397,2206000000,14000000.0,2545000000,,475000000,0,0,0,2655000000,853000000,1802000000,7270909592.0,139000000.0,0.0,-9000000.0,39000000.0,-22000000.0,9000000.0,-34000000.0,0.0,161000000.0,3000000.0,68000000.0,68000000.0,68000000.0,0.0,0.0,0.066,281000000.0,129000000.0,332000000,0.346,3.244,31.89,32.008,488000000,0.0,39.37,1.895,1.9,817000000,405000000.0,1033000000.0,1033000000.0,26000000.0,,,,,6000000.0,242000000.0,1.0,184681473,184300000,185400000.0,5.605,2690000000,41000000,39000000.0,191000000,14.596,1156000000
31,XYL,ARQ,2013-09-30,2013-10-29,2013-09-30,2021-08-03,129000000,4784000000,,1899000000,2885000000,,11.652,-27000000.0,394000000,394000000,581000000.0,73000000.0,2.368,1.217,1202000000,3000000,1199000000,1202000000,0,36000000.0,0,0.014,0.233,97000000.0,133000000.0,0.138,133000000.0,97000000.0,83000000.0,0.39,0.39,0.39,2158000000,,2158000000,6809402382.0,20.0,14.069,74000000.0,0.4,1.0,384000000.0,0.398,2201000000,14000000.0,2589000000,,496000000,0,0,0,2626000000,802000000,1824000000,6001402382.0,34000000.0,0.0,-25000000.0,-2000000.0,-22000000.0,-49000000.0,-27000000.0,0.0,101000000.0,9000000.0,73000000.0,73000000.0,73000000.0,0.0,0.0,0.076,286000000.0,98000000.0,324000000,0.597,2.781,25.757,25.817,478000000,0.0,32.53,1.591,1.597,845000000,359000000.0,965000000.0,965000000.0,24000000.0,,,,,9000000.0,256000000.0,1.0,184488238,185200000,186000000.0,5.211,2583000000,44000000,10000000.0,173000000,13.947,1097000000
32,XYL,ARQ,2013-06-30,2013-07-30,2013-06-30,2021-08-03,55000000,4611000000,,1779000000,2832000000,,11.068,-30000000.0,360000000,360000000,589000000.0,46000000.0,2.417,1.247,1204000000,5000000,1199000000,1204000000,0,37000000.0,0,0.017,0.116,71000000.0,108000000.0,0.113,108000000.0,71000000.0,57000000.0,0.25,0.25,0.25,2052000000,,2052000000,5576247424.0,16.0,11.13,12000000.0,0.065,1.0,371000000.0,0.386,2172000000,14000000.0,2547000000,,471000000,0,0,0,2559000000,736000000,1823000000,4732247424.0,-15000000.0,-3000000.0,-2000000.0,0.0,-21000000.0,-24000000.0,-33000000.0,0.0,42000000.0,0.0,46000000.0,46000000.0,46000000.0,0.0,0.0,0.048,301000000.0,70000000.0,311000000,0.464,2.306,20.398,20.27,470000000,0.0,25.54,1.266,1.266,792000000,308000000.0,960000000.0,960000000.0,28000000.0,,,,,6000000.0,252000000.0,1.0,185287683,185400000,186100000.0,5.178,2439000000,43000000,11000000.0,179000000,13.155,1043000000
33,XYL,ARQ,2013-03-31,2013-04-30,2013-03-31,2021-08-03,72000000,4589000000,,1757000000,2832000000,,10.98,-27000000.0,375000000,375000000,545000000.0,41000000.0,2.437,1.25,1205000000,6000000,1199000000,1205000000,0,37000000.0,0,0.015,0.0,64000000.0,101000000.0,0.115,101000000.0,64000000.0,51000000.0,0.22,0.22,0.22,2040000000,,2040000000,5971832382.0,15.0,10.779,-7000000.0,-0.038,1.0,334000000.0,0.38,2173000000,13000000.0,2525000000,,461000000,0,0,0,2549000000,721000000,1828000000,5141832382.0,-129000000.0,-78000000.0,-15000000.0,0.0,-22000000.0,-36000000.0,-105000000.0,0.0,20000000.0,-8000000.0,41000000.0,41000000.0,41000000.0,0.0,0.0,0.047,268000000.0,66000000.0,309000000,0.0,2.521,18.698,18.624,474000000,0.0,27.75,1.373,1.377,767000000,283000000.0,879000000.0,879000000.0,26000000.0,,,,,6000000.0,236000000.0,1.0,185291257,185800000,186400000.0,4.731,2416000000,43000000,10000000.0,179000000,13.003,1036000000
34,XYL,ARQ,2012-12-31,2013-02-25,2012-12-31,2021-08-03,115000000,4679000000,,1874000000,2805000000,,11.145,-30000000.0,504000000,504000000,587000000.0,73000000.0,2.399,1.256,1205000000,6000000,1199000000,1205000000,0,39000000.0,0,0.019,0.116,103000000.0,142000000.0,0.147,142000000.0,103000000.0,89000000.0,0.4,0.39,0.4,2074000000,,2074000000,5731033040.0,13.0,9.797,136000000.0,0.731,1.0,382000000.0,0.394,2131000000,14000000.0,2468000000,,443000000,0,0,0,2605000000,781000000,1824000000,5030033040.0,80000000.0,-29000000.0,-7000000.0,-7000000.0,-19000000.0,-33000000.0,-58000000.0,0.0,166000000.0,5000000.0,73000000.0,73000000.0,73000000.0,0.0,0.0,0.075,278000000.0,104000000.0,332000000,0.29,2.425,16.936,16.887,487000000,0.0,27.02,1.327,1.324,776000000,264000000.0,969000000.0,969000000.0,26000000.0,,,,,6000000.0,232000000.0,1.0,186159624,186100000,186200000.0,5.207,2548000000,41000000,16000000.0,173000000,13.692,1093000000
35,XYL,ARQ,2012-09-30,2012-11-06,2012-09-30,2021-08-03,153000000,4596000000,,1834000000,2762000000,,11.049,-23000000.0,424000000,424000000,557000000.0,72000000.0,2.336,1.238,1212000000,13000000,1199000000,1212000000,0,36000000.0,0,0.019,0.202,114000000.0,150000000.0,0.161,150000000.0,114000000.0,100000000.0,0.39,0.38,0.39,2054000000,,2054000000,5627934742.0,13.0,9.788,82000000.0,0.441,1.0,374000000.0,0.402,2106000000,14000000.0,2493000000,,467000000,0,0,0,2542000000,785000000,1757000000,4839934742.0,66000000.0,-12000000.0,5000000.0,6000000.0,-17000000.0,-10000000.0,-36000000.0,0.0,105000000.0,7000000.0,72000000.0,72000000.0,72000000.0,0.0,0.0,0.077,263000000.0,111000000.0,316000000,0.518,2.356,17.536,,464000000,0.0,26.05,1.265,1.266,801000000,206000000.0,931000000.0,931000000.0,24000000.0,,,,,6000000.0,231000000.0,1.0,185794040,185900000,186300000.0,5.008,2490000000,36000000,28000000.0,170000000,13.394,1049000000
36,XYL,ARQ,2012-09-30,2012-11-01,2012-09-30,2021-08-03,153000000,4596000000,,1834000000,2762000000,,11.049,-23000000.0,424000000,424000000,557000000.0,72000000.0,2.336,1.238,1212000000,13000000,1199000000,1212000000,0,36000000.0,0,0.02,0.202,114000000.0,150000000.0,0.161,150000000.0,114000000.0,100000000.0,0.39,0.38,0.39,2054000000,,2054000000,5507168616.0,13.0,9.578,82000000.0,0.441,1.0,374000000.0,0.402,2106000000,14000000.0,2493000000,,467000000,0,0,0,2542000000,785000000,1757000000,4719168616.0,66000000.0,-12000000.0,5000000.0,6000000.0,-17000000.0,-10000000.0,-36000000.0,0.0,105000000.0,7000000.0,72000000.0,72000000.0,72000000.0,0.0,0.0,0.077,263000000.0,111000000.0,316000000,0.518,2.298,17.098,,464000000,0.0,25.4,1.234,1.234,801000000,206000000.0,931000000.0,931000000.0,24000000.0,,,,,6000000.0,231000000.0,1.0,185794040,185900000,186300000.0,5.008,2490000000,36000000,28000000.0,170000000,13.394,1049000000
37,XYL,ARQ,2012-06-30,2012-08-02,2012-06-30,2021-08-03,106000000,4482000000,,1749000000,2733000000,,10.484,-25000000.0,358000000,358000000,583000000.0,89000000.0,2.245,1.301,1206000000,7000000,1199000000,1206000000,0,33000000.0,0,0.013,0.101,128000000.0,161000000.0,0.167,161000000.0,128000000.0,115000000.0,0.48,0.48,0.48,1948000000,,1948000000,5222446432.0,13.0,,39000000.0,0.21,1.0,383000000.0,0.396,2086000000,13000000.0,2465000000,,467000000,0,0,0,2534000000,779000000,1755000000,4374446432.0,11000000.0,0.0,-2000000.0,0.0,-20000000.0,-21000000.0,-24000000.0,0.0,64000000.0,-8000000.0,89000000.0,89000000.0,89000000.0,0.0,0.0,0.092,254000000.0,129000000.0,327000000,0.21,2.246,15.567,,459000000,0.0,23.57,1.141,1.143,770000000,153000000.0,966000000.0,966000000.0,28000000.0,,,,,5000000.0,220000000.0,1.0,185593824,185800000,186200000.0,5.199,2396000000,47000000,26000000.0,176000000,12.896,970000000
38,XYL,ARQ,2012-03-31,2012-05-03,2012-03-31,2021-08-03,177000000,4513000000,,1735000000,2778000000,,10.512,-29000000.0,347000000,347000000,562000000.0,63000000.0,2.118,1.316,1206000000,4000000,1202000000,1206000000,0,34000000.0,0,0.007,0.101,98000000.0,132000000.0,0.143,132000000.0,98000000.0,84000000.0,0.34,0.34,0.34,1949000000,,1949000000,5921345306.0,,,32000000.0,0.173,1.0,363000000.0,0.392,2133000000,14000000.0,2420000000,,465000000,0,0,0,2564000000,819000000,1745000000,5062345306.0,29000000.0,0.0,15000000.0,0.0,-19000000.0,-10000000.0,-29000000.0,0.0,61000000.0,7000000.0,63000000.0,63000000.0,63000000.0,0.0,0.0,0.068,264000000.0,99000000.0,329000000,0.297,2.597,,,468000000,0.0,27.3,,,761000000,84000000.0,925000000.0,925000000.0,28000000.0,,,,,5000000.0,231000000.0,1.0,185433894,185400000,185900000.0,4.989,2380000000,45000000,21000000.0,155000000,12.837,916000000
39,XYL,ARQ,2011-12-31,2012-02-28,2011-12-31,2021-08-03,122000000,4393000000,,1642000000,2751000000,,9.87,-45000000.0,318000000,318000000,623000000.0,52000000.0,2.01,1.404,1206000000,5000000,1201000000,1206000000,0,33000000.0,0,0.004,0.0,99000000.0,132000000.0,0.132,132000000.0,99000000.0,84000000.0,,,,1827000000,,1827000000,5845962878.0,15.0,10.886,152000000.0,0.821,1.0,380000000.0,0.379,2115000000,15000000.0,2349000000,,426000000,0,0,0,2566000000,817000000,1749000000,4957962878.0,134000000.0,0.0,1000000.0,-9000000.0,-19000000.0,-10000000.0,-46000000.0,0.0,197000000.0,-7000000.0,52000000.0,52000000.0,52000000.0,0.0,0.0,0.052,281000000.0,99000000.0,322000000,,2.714,17.77,17.775,463000000,0.0,26.84,1.304,1.306,756000000,40000000.0,1003000000.0,1003000000.0,27000000.0,,,,,6000000.0,234000000.0,1.0,184722909,185100000,,5.419,2278000000,45000000,32000000.0,165000000,12.307,825000000
40,XYL,ARQ,2011-09-30,2011-11-21,2011-09-30,2021-08-03,302000000,4151000000,,1480000000,2671000000,,10.57,,184000000,184000000,574000000.0,77000000.0,2.212,1.128,1207000000,5000000,1202000000,1207000000,0,,0,0.004,0.101,83000000.0,,,,83000000.0,82000000.0,,,,1951000000,,1951000000,5382553533.0,,,,,1.0,365000000.0,0.389,2152000000,1000000.0,2353000000,,437000000,0,0,0,2200000000,669000000,1531000000,4359553533.0,,,,,,,,,,,77000000.0,77000000.0,77000000.0,0.0,0.0,0.082,286000000.0,79000000.0,283000000,,2.235,,,442000000,0.0,23.62,,,753000000,,939000000.0,939000000.0,23000000.0,,,,,,215000000.0,1.0,184570429,184570429,,5.087,1999000000,0,5000000.0,77000000,10.831,811000000
41,XYL,ARQ,2010-12-31,2011-10-05,2010-12-31,2021-08-03,358000000,3735000000,,1336000000,2399000000,,14.732,,131000000,131000000,,,2.059,0.374,0,0,0,0,0,,0,,0.0,,,,,,,,,,2719000000,,2719000000,,,,,,1.0,,,1853000000,,1102000000,,389000000,0,0,0,1016000000,649000000,367000000,,,,,,,,,,,,,,,,,,,,309000000,,,,,454000000,,,,,690000000,,,,,,,,,,,1.0,184570429,184570429,,,1882000000,0,,99000000,10.197,687000000
42,XYL,ARQ,2010-12-31,2011-09-26,2010-12-31,2021-08-03,358000000,3735000000,,1336000000,2399000000,,14.732,,131000000,131000000,,,2.059,0.374,0,0,0,0,0,,0,,0.0,,,,,,,,,,2719000000,,2719000000,,,,,,1.0,,,1853000000,,1102000000,,389000000,0,0,0,1016000000,649000000,367000000,,,,,,,,,,,,,,,,,,,,309000000,,,,,454000000,,,,,690000000,,,,,,,,,,,1.0,184570429,184570429,,,1882000000,0,,99000000,10.197,687000000
43,XYL,ARQ,2010-12-31,2011-09-13,2010-12-31,2021-08-03,358000000,3735000000,,1336000000,2399000000,,14.732,,131000000,131000000,,,2.059,0.374,0,0,0,0,0,,0,,0.0,,,,,,,,,,2719000000,,2719000000,,,,,,1.0,,,1853000000,,1102000000,,389000000,0,0,0,1016000000,649000000,367000000,,,,,,,,,,,,,,,,,,,,309000000,,,,,454000000,,,,,690000000,,,,,,,,,,,1.0,184570429,184570429,,,1882000000,0,,99000000,10.197,687000000
44,XYL,ARQ,2010-12-31,2011-08-22,2010-12-31,2021-08-03,358000000,3735000000,,1336000000,2399000000,,14.732,,131000000,131000000,,,2.059,0.374,0,0,0,0,0,,0,,0.0,,,,,,,,,,2719000000,,2719000000,,,,,,1.0,,,1853000000,,1102000000,,389000000,0,0,0,1016000000,649000000,367000000,,,,,,,,,,,,,,,,,,,,309000000,,,,,454000000,,,,,690000000,,,,,,,,,,,1.0,184570429,184570429,,,1882000000,0,,99000000,10.197,687000000
45,XYL,ARQ,2010-12-31,2011-07-11,2010-12-31,2021-08-03,358000000,3735000000,,1336000000,2399000000,,14.732,,131000000,131000000,,,2.059,0.374,0,0,0,0,0,,0,,0.0,,,,,,,,,,2719000000,,2719000000,,,,,,1.0,,,1853000000,,1102000000,,389000000,0,0,0,1016000000,649000000,367000000,,,,,,,,,,,,,,,,,,,,309000000,,,,,454000000,,,,,690000000,,,,,,,,,,,1.0,184570429,184570429,,,1882000000,0,,99000000,10.197,687000000
0,XYL,ART,2021-06-30,2021-08-03,2021-06-30,2021-08-03,-398000000,8785000000,8632000000.0,3623000000,5162000000,0.602,16.88,-168000000.0,1840000000,1840000000,3203000000.0,385000000.0,1.849,1.887,3066000000,600000000,2466000000,3066000000,0,249000000.0,0,0.008,1.08,545000000.0,794000000.0,0.153,794000000.0,545000000.0,460000000.0,2.14,2.12,2.14,3040000000,2953000000.0,3040000000,24274251822.0,45.0,30.572,683000000.0,3.792,1.0,1997000000.0,0.384,3899000000,85000000.0,4153000000,4337500000.0,642000000,0,0,0,5736000000,1959000000,3777000000,23048251822.0,263000000.0,2000000.0,-45000000.0,420000000.0,-195000000.0,-463000000.0,-150000000.0,0.0,851000000.0,25000000.0,385000000.0,385000000.0,385000000.0,0.0,0.0,0.074,1452000000.0,545000000.0,599000000,0.505,7.582,59.866,59.78,626000000,0.0,127.93,4.432,4.431,975000000,2029000000.0,5200000000.0,5200000000.0,197000000.0,0.045,0.13,0.126,0.105,27000000.0,1163000000.0,1.0,180162994,180100000,181300000.0,28.873,4886000000,0,75000000.0,264000000,27.129,1664000000
1,XYL,ART,2021-03-31,2021-05-04,2021-03-31,2021-08-03,-426000000,8545000000,8546750000.0,3401000000,5144000000,0.586,16.29,-170000000.0,1688000000,1688000000,3098000000.0,303000000.0,1.844,1.906,3060000000,600000000,2460000000,3060000000,0,249000000.0,0,0.009,1.06,439000000.0,688000000.0,0.137,688000000.0,439000000.0,357000000.0,1.68,1.67,1.68,2937000000,2907000000.0,2937000000,22247822360.0,51.0,32.337,630000000.0,3.494,1.0,1911000000.0,0.382,3906000000,82000000.0,4167000000,4501500000.0,596000000,0,0,0,5599000000,1844000000,3755000000,20875822360.0,949000000.0,0.0,-50000000.0,1154000000.0,-191000000.0,271000000.0,-152000000.0,0.0,800000000.0,30000000.0,303000000.0,303000000.0,303000000.0,0.0,0.0,0.06,1472000000.0,439000000.0,530000000,0.631,7.108,68.897,69.018,627000000,0.0,115.95,4.168,4.174,952000000,1967000000.0,5009000000.0,5009000000.0,188000000.0,0.035,0.104,0.098,0.088,27000000.0,1147000000.0,1.0,180041590,180300000,181500000.0,27.781,4639000000,0,54000000.0,257000000,25.729,1557000000
2,XYL,ART,2020-12-31,2021-02-26,2020-12-31,2021-08-03,-413000000,8750000000,8308250000.0,3523000000,5227000000,0.587,16.48,-183000000.0,1875000000,1875000000,3046000000.0,254000000.0,1.801,1.945,3084000000,600000000,2484000000,3084000000,0,251000000.0,0,0.011,1.06,362000000.0,613000000.0,0.126,613000000.0,362000000.0,285000000.0,1.41,1.4,1.41,2968000000,2875750000.0,2968000000,19165491563.0,53.0,31.265,641000000.0,3.559,1.0,1830000000.0,0.375,3947000000,77000000.0,4056000000,4416500000.0,558000000,0,0,0,5774000000,1956000000,3818000000,17956491563.0,1151000000.0,0.0,-41000000.0,1344000000.0,-188000000.0,473000000.0,-169000000.0,0.0,824000000.0,23000000.0,254000000.0,254000000.0,254000000.0,0.0,0.0,0.052,1463000000.0,367000000.0,569000000,0.752,6.05,70.695,70.61,657000000,0.0,99.56,3.683,3.677,923000000,1930000000.0,4876000000.0,4876000000.0,187000000.0,0.031,0.088,0.082,0.074,26000000.0,1143000000.0,1.0,180358493,180100000,181100000.0,27.074,4803000000,0,31000000.0,242000000,26.669,1567000000
3,XYL,ART,2020-09-30,2020-10-29,2020-09-30,2021-08-03,-396000000,8448000000,8048250000.0,3311000000,5137000000,0.606,15.928,-186000000.0,1402000000,1402000000,3033000000.0,224000000.0,2.587,1.944,3093000000,40000000,3053000000,3093000000,0,254000000.0,0,0.009,0.78,376000000.0,630000000.0,0.129,630000000.0,376000000.0,305000000.0,1.24,1.23,1.24,2867000000,2873000000.0,2867000000,17345950565.0,46.0,27.533,656000000.0,3.644,1.0,1841000000.0,0.378,3885000000,71000000.0,4974000000,4349500000.0,582000000,200000000,200000000,0,5573000000,1280000000,4293000000,15654950565.0,949000000.0,2000000.0,-49000000.0,962000000.0,-185000000.0,472000000.0,-372000000.0,-199000000.0,842000000.0,7000000.0,224000000.0,224000000.0,224000000.0,0.0,0.0,0.046,1458000000.0,383000000.0,495000000,0.629,5.46,69.888,70.048,633000000,0.0,86.86,3.212,3.208,968000000,1828000000.0,4874000000.0,4874000000.0,187000000.0,0.028,0.078,0.086,0.077,25000000.0,1139000000.0,1.0,180231989,180000000,181000000.0,27.078,4563000000,0,81000000.0,283000000,25.35,2031000000
4,XYL,ART,2020-06-30,2020-07-30,2020-06-30,2021-08-03,-409000000,8444000000,7815000000.0,3301000000,5143000000,0.633,15.867,-192000000.0,1577000000,1577000000,3061000000.0,252000000.0,2.404,1.953,3243000000,212000000,3031000000,3243000000,0,256000000.0,0,0.013,1.0,308000000.0,564000000.0,0.114,564000000.0,308000000.0,243000000.0,1.4,1.39,1.4,2856000000,2877750000.0,2856000000,15103560408.0,49.0,26.779,620000000.0,3.444,1.0,1889000000.0,0.382,3928000000,65000000.0,4809000000,4092500000.0,595000000,0,0,0,5579000000,1373000000,4206000000,13437560408.0,1194000000.0,2000000.0,-51000000.0,1061000000.0,-182000000.0,572000000.0,-173000000.0,4000000.0,812000000.0,-17000000.0,252000000.0,252000000.0,252000000.0,0.0,0.0,0.051,1568000000.0,321000000.0,498000000,0.714,4.705,53.324,53.336,635000000,0.0,74.67,2.715,2.715,956000000,1838000000.0,4950000000.0,4950000000.0,186000000.0,0.032,0.088,0.075,0.062,29000000.0,1146000000.0,1.0,179959293,180000000,180600000.0,27.5,4516000000,0,-9000000.0,304000000,25.089,1928000000
5,XYL,ART,2020-03-31,2020-05-05,2020-03-31,2021-08-03,-461000000,7591000000,7622500000.0,2462000000,5129000000,0.674,15.605,-208000000.0,739000000,739000000,3154000000.0,360000000.0,1.554,1.696,2490000000,459000000,2031000000,2490000000,0,257000000.0,0,0.015,0.98,429000000.0,686000000.0,0.134,686000000.0,429000000.0,364000000.0,2.0,1.99,2.0,2812000000,2887250000.0,2812000000,13454489810.0,31.0,19.613,546000000.0,3.03,1.0,1981000000.0,0.386,3931000000,65000000.0,3827000000,3889500000.0,573000000,0,0,0,4770000000,1584000000,3186000000,11703489810.0,464000000.0,-13000000.0,-47000000.0,421000000.0,-178000000.0,-61000000.0,-202000000.0,4000000.0,754000000.0,-27000000.0,360000000.0,360000000.0,360000000.0,0.0,0.0,0.07,1543000000.0,438000000.0,506000000,0.49,4.162,32.51,32.525,628000000,0.0,65.05,2.279,2.283,975000000,1854000000.0,5135000000.0,5135000000.0,189000000.0,0.047,0.125,0.11,0.084,28000000.0,1152000000.0,1.0,179915293,180200000,181300000.0,28.496,3660000000,0,4000000.0,315000000,20.311,878000000
6,XYL,ART,2019-12-31,2020-02-28,2019-12-31,2021-08-03,-375000000,7710000000,7591750000.0,2450000000,5260000000,0.691,16.428,-226000000.0,724000000,724000000,3203000000.0,401000000.0,1.632,1.604,2316000000,276000000,2040000000,2316000000,0,257000000.0,0,0.013,0.98,483000000.0,740000000.0,0.141,740000000.0,483000000.0,416000000.0,2.23,2.21,2.23,2957000000,2883250000.0,2957000000,15530414492.0,32.0,20.987,613000000.0,3.406,1.0,2046000000.0,0.39,4013000000,67000000.0,3788000000,3906000000.0,539000000,0,0,0,4743000000,1501000000,3242000000,13938414492.0,428000000.0,-18000000.0,-27000000.0,281000000.0,-174000000.0,-177000000.0,-231000000.0,4000000.0,839000000.0,-3000000.0,401000000.0,401000000.0,401000000.0,0.0,0.0,0.076,1560000000.0,486000000.0,597000000,0.439,4.714,34.759,34.682,658000000,0.0,77.34,2.655,2.652,1036000000,1866000000.0,5249000000.0,5249000000.0,191000000.0,0.053,0.139,0.124,0.092,29000000.0,1158000000.0,1.0,180222582,180000000,181200000.0,29.161,3697000000,0,15000000.0,310000000,20.539,949000000
7,XYL,ART,2019-09-30,2019-10-31,2019-09-30,2021-08-03,-364000000,7515000000,7469750000.0,2263000000,5252000000,0.705,16.024,-241000000.0,453000000,453000000,3213000000.0,508000000.0,1.549,1.601,2336000000,306000000,2030000000,2336000000,0,258000000.0,0,0.013,0.96,488000000.0,746000000.0,0.142,746000000.0,488000000.0,417000000.0,2.82,2.8,2.82,2886000000,2836000000.0,2886000000,15693248617.0,32.0,21.037,408000000.0,2.265,1.0,2051000000.0,0.39,3991000000,71000000.0,3946000000,3868250000.0,580000000,0,0,0,4620000000,1461000000,3159000000,13810248617.0,49000000.0,-20000000.0,-30000000.0,-81000000.0,-169000000.0,-334000000.0,-249000000.0,3000000.0,649000000.0,-17000000.0,508000000.0,508000000.0,508000000.0,0.0,0.0,0.097,1566000000.0,485000000.0,521000000,0.34,4.785,27.186,27.195,641000000,0.0,76.69,2.624,2.624,1078000000,1791000000.0,5264000000.0,5264000000.0,194000000.0,0.068,0.179,0.126,0.093,30000000.0,1163000000.0,1.0,180078871,180100000,181200000.0,29.228,3524000000,0,-91000000.0,310000000,19.567,802000000
8,XYL,ART,2019-06-30,2019-08-01,2019-06-30,2021-08-03,-327000000,7674000000,7422500000.0,2258000000,5416000000,0.708,16.078,-255000000.0,383000000,383000000,3208000000.0,573000000.0,1.469,1.648,2453000000,402000000,2051000000,2453000000,0,256000000.0,0,0.011,0.9,666000000.0,922000000.0,0.175,922000000.0,666000000.0,590000000.0,3.19,3.16,3.19,2894000000,2768750000.0,2894000000,16258093844.0,24.0,17.634,336000000.0,1.867,1.0,2047000000.0,0.39,4210000000,76000000.0,3997000000,3807500000.0,604000000,0,0,0,4768000000,1537000000,3231000000,14188093844.0,62000000.0,-1000000.0,-29000000.0,-23000000.0,-163000000.0,-267000000.0,-252000000.0,0.0,591000000.0,-10000000.0,573000000.0,573000000.0,573000000.0,0.0,0.0,0.109,1397000000.0,650000000.0,539000000,0.282,4.903,24.761,24.705,661000000,0.0,78.81,2.7,2.699,1096000000,1770000000.0,5255000000.0,5255000000.0,196000000.0,0.077,0.207,0.175,0.127,30000000.0,1169000000.0,1.0,180029106,180000000,181200000.0,29.194,3464000000,0,17000000.0,305000000,19.244,721000000
9,XYL,ART,2019-03-31,2019-05-02,2019-03-31,2021-08-03,-316000000,7468000000,7312000000.0,2081000000,5387000000,0.715,15.559,-245000000.0,275000000,275000000,3187000000.0,549000000.0,1.444,1.667,2348000000,304000000,2044000000,2348000000,0,258000000.0,0,0.011,0.87,663000000.0,921000000.0,0.176,921000000.0,663000000.0,584000000.0,3.06,3.03,3.06,2796000000,2673500000.0,2796000000,16384871536.0,25.0,17.79,361000000.0,2.009,1.0,2040000000.0,0.39,4207000000,79000000.0,3893000000,3735500000.0,617000000,0,0,0,4660000000,1441000000,3219000000,14311871536.0,-22000000.0,14000000.0,-57000000.0,-105000000.0,-158000000.0,-371000000.0,-229000000.0,0.0,606000000.0,-28000000.0,549000000.0,549000000.0,549000000.0,0.0,0.0,0.105,1390000000.0,650000000.0,548000000,0.284,5.119,26.069,25.993,653000000,0.0,79.54,2.738,2.735,1020000000,1674000000.0,5227000000.0,5227000000.0,199000000.0,0.075,0.205,0.177,0.127,30000000.0,1168000000.0,1.0,179933009,179700000,181100000.0,29.087,3261000000,0,35000000.0,312000000,18.147,640000000
10,XYL,ART,2018-12-31,2019-02-22,2018-12-31,2021-08-03,-336000000,7222000000,7282500000.0,2094000000,5128000000,0.715,15.395,-237000000.0,296000000,296000000,3181000000.0,549000000.0,1.508,1.604,2308000000,257000000,2051000000,2308000000,0,261000000.0,0,0.012,0.87,667000000.0,928000000.0,0.178,928000000.0,667000000.0,585000000.0,3.05,3.03,3.05,2768000000,2609750000.0,2768000000,15442541810.0,23.0,16.641,349000000.0,1.941,1.0,2026000000.0,0.389,4208000000,82000000.0,3637000000,3714000000.0,595000000,0,0,0,4440000000,1389000000,3051000000,13430541810.0,-118000000.0,-411000000.0,-52000000.0,216000000.0,-152000000.0,-40000000.0,-643000000.0,0.0,586000000.0,-21000000.0,549000000.0,549000000.0,549000000.0,0.0,0.0,0.105,1372000000.0,654000000.0,586000000,0.285,4.852,24.464,24.525,656000000,0.0,74.8,2.579,2.583,1031000000,1639000000.0,5207000000.0,5207000000.0,189000000.0,0.075,0.21,0.18,0.128,30000000.0,1161000000.0,1.0,179552698,179800000,181100000.0,28.96,3014000000,0,36000000.0,303000000,16.763,705000000
11,XYL,ART,2018-09-30,2018-10-30,2018-09-30,2021-08-03,-293000000,7326000000,7192000000.0,2204000000,5122000000,0.709,14.563,-221000000.0,404000000,404000000,3105000000.0,394000000.0,1.486,1.794,2531000000,342000000,2189000000,2531000000,0,255000000.0,0,0.012,0.81,634000000.0,889000000.0,0.174,889000000.0,634000000.0,551000000.0,2.2,2.18,2.2,2617000000,2543500000.0,2617000000,13831906336.0,22.0,15.559,474000000.0,2.638,1.0,1993000000.0,0.391,4267000000,83000000.0,3703000000,3707250000.0,622000000,0,0,0,4695000000,1483000000,3212000000,11704906336.0,121000000.0,-423000000.0,-43000000.0,544000000.0,-147000000.0,73000000.0,-638000000.0,0.0,695000000.0,-9000000.0,395000000.0,395000000.0,395000000.0,0.0,-1000000.0,0.077,1354000000.0,639000000.0,570000000,0.368,4.473,29.633,29.605,636000000,0.0,65.13,2.296,2.296,1017000000,1452000000.0,5098000000.0,5098000000.0,186000000.0,0.055,0.155,0.171,0.124,28000000.0,1146000000.0,1.0,179716050,179700000,181100000.0,28.37,3059000000,0,156000000.0,284000000,17.023,721000000
12,XYL,ART,2018-06-30,2018-07-31,2018-06-30,2021-08-03,-294000000,7232000000,7056250000.0,2106000000,5126000000,0.709,13.977,-203000000.0,321000000,321000000,3047000000.0,368000000.0,1.426,1.871,2540000000,361000000,2179000000,2540000000,0,250000000.0,0,0.01,0.78,605000000.0,855000000.0,0.171,855000000.0,605000000.0,522000000.0,2.05,2.04,2.05,2513000000,2505000000.0,2513000000,15970531189.0,26.0,18.679,533000000.0,2.964,1.0,1959000000.0,0.391,4265000000,83000000.0,3709000000,3715250000.0,598000000,0,0,0,4703000000,1477000000,3226000000,13751531189.0,33000000.0,-452000000.0,-45000000.0,415000000.0,-141000000.0,-54000000.0,-649000000.0,-1000000.0,736000000.0,0.0,370000000.0,370000000.0,370000000.0,0.0,-2000000.0,0.074,1344000000.0,615000000.0,580000000,0.38,5.472,37.166,37.346,643000000,0.0,76.56,2.747,2.75,1019000000,1359000000.0,5006000000.0,5006000000.0,185000000.0,0.052,0.148,0.163,0.121,26000000.0,1137000000.0,1.0,179617701,179800000,181000000.0,27.842,2967000000,0,152000000.0,288000000,16.502,629000000
13,XYL,ART,2018-03-31,2018-05-01,2018-03-31,2021-08-03,-207000000,7350000000,6925000000.0,2066000000,5284000000,0.701,14.125,-187000000.0,297000000,297000000,2954000000.0,353000000.0,1.415,1.886,2599000000,371000000,2228000000,2599000000,0,242000000.0,0,0.011,0.75,575000000.0,817000000.0,0.168,817000000.0,575000000.0,492000000.0,1.96,1.95,1.96,2541000000,2468000000.0,2541000000,14963065329.0,26.0,18.315,510000000.0,2.835,1.0,1899000000.0,0.391,4385000000,83000000.0,3807000000,3720250000.0,578000000,0,0,0,4793000000,1460000000,3333000000,12661065329.0,10000000.0,-452000000.0,-35000000.0,376000000.0,-135000000.0,-78000000.0,-634000000.0,-1000000.0,697000000.0,25000000.0,354000000.0,354000000.0,354000000.0,0.0,-1000000.0,0.073,1316000000.0,583000000.0,543000000,0.383,4.983,35.766,35.903,666000000,0.0,70.37,2.609,2.609,999000000,1282000000.0,4853000000.0,4853000000.0,179000000.0,0.051,0.143,0.155,0.118,24000000.0,1114000000.0,1.0,179921349,179900000,181400000.0,26.976,2965000000,0,138000000.0,285000000,16.481,606000000
14,XYL,ART,2017-12-31,2018-02-23,2017-12-31,2021-08-03,-210000000,6860000000,6719250000.0,2071000000,4789000000,0.701,13.937,-169000000.0,414000000,414000000,2856000000.0,330000000.0,1.883,1.734,2200000000,0,2200000000,2200000000,0,234000000.0,0,0.01,0.75,549000000.0,783000000.0,0.166,783000000.0,549000000.0,467000000.0,1.84,1.83,1.84,2503000000,2395500000.0,2503000000,15445278907.0,28.0,19.726,517000000.0,2.879,1.0,1851000000.0,0.393,3936000000,82000000.0,3610000000,3665500000.0,524000000,0,0,0,4341000000,1100000000,3241000000,13659278907.0,106000000.0,-17000000.0,-9000000.0,0.0,-130000000.0,-421000000.0,-181000000.0,-1000000.0,686000000.0,22000000.0,331000000.0,331000000.0,331000000.0,0.0,-1000000.0,0.07,1295000000.0,556000000.0,549000000,0.408,5.457,41.267,41.266,643000000,0.0,75.93,2.902,2.897,956000000,1227000000.0,4707000000.0,4707000000.0,180000000.0,0.049,0.138,0.15,0.117,21000000.0,1090000000.0,1.0,179893045,179600000,180900000.0,26.208,2924000000,0,136000000.0,252000000,16.281,971000000
15,XYL,ART,2017-09-30,2017-10-31,2017-09-30,2021-08-03,-199000000,6783000000,6622750000.0,1995000000,4788000000,0.683,13.714,-152000000.0,283000000,283000000,2777000000.0,310000000.0,1.756,1.747,2286000000,97000000,2189000000,2286000000,0,228000000.0,0,0.01,0.695,494000000.0,722000000.0,0.16,722000000.0,494000000.0,412000000.0,1.72,1.72,1.72,2463000000,2317250000.0,2463000000,13951787867.0,28.0,19.324,450000000.0,2.506,1.0,1748000000.0,0.386,3915000000,82000000.0,3735000000,3628750000.0,562000000,0,0,0,4303000000,1136000000,3167000000,11948787867.0,-376000000.0,-1717000000.0,-16000000.0,1028000000.0,-125000000.0,885000000.0,-1853000000.0,-1000000.0,602000000.0,-10000000.0,310000000.0,310000000.0,310000000.0,0.0,0.0,0.069,1262000000.0,486000000.0,477000000,0.404,4.851,38.544,38.68,637000000,0.0,66.53,2.641,2.641,990000000,1188000000.0,4525000000.0,4525000000.0,166000000.0,0.047,0.134,0.136,0.109,19000000.0,1062000000.0,1.0,179599998,179600000,180900000.0,25.195,2868000000,0,102000000.0,324000000,15.969,859000000
16,XYL,ART,2017-06-30,2017-08-01,2017-06-30,2021-08-03,-220000000,6707000000,6121500000.0,1961000000,4746000000,0.691,13.168,-138000000.0,288000000,288000000,2593000000.0,279000000.0,1.634,1.829,2411000000,243000000,2168000000,2411000000,0,202000000.0,0,0.011,0.67,452000000.0,654000000.0,0.155,654000000.0,452000000.0,375000000.0,1.55,1.55,1.55,2365000000,2258250000.0,2365000000,12771410508.0,28.0,19.528,385000000.0,2.144,1.0,1634000000.0,0.387,3901000000,77000000.0,3729000000,3300750000.0,554000000,0,0,0,4325000000,1200000000,3125000000,10648410508.0,-298000000.0,-1707000000.0,-11000000.0,1150000000.0,-121000000.0,1017000000.0,-1828000000.0,0.0,523000000.0,-10000000.0,278000000.0,278000000.0,278000000.0,0.0,1000000.0,0.066,1191000000.0,443000000.0,442000000,0.432,4.502,38.304,38.258,627000000,0.0,59.3,2.519,2.52,944000000,1117000000.0,4227000000.0,4227000000.0,144000000.0,0.045,0.123,0.137,0.107,19000000.0,1011000000.0,1.0,179568474,179600000,180600000.0,23.536,2806000000,0,97000000.0,329000000,15.624,761000000
17,XYL,ART,2017-03-31,2017-05-02,2017-03-31,2021-08-03,-276000000,6527000000,5618250000.0,1863000000,4664000000,0.711,12.533,-129000000.0,287000000,287000000,2451000000.0,250000000.0,1.564,1.892,2387000000,261000000,2126000000,2387000000,0,178000000.0,0,0.013,0.645,421000000.0,599000000.0,0.15,599000000.0,421000000.0,345000000.0,1.39,1.39,1.39,2251000000,2210500000.0,2251000000,11159504531.0,27.0,18.63,379000000.0,2.11,1.0,1544000000.0,0.386,3848000000,76000000.0,3588000000,2981750000.0,540000000,0,0,0,4259000000,1191000000,3068000000,9059504531.0,-906000000.0,-1707000000.0,11000000.0,541000000.0,-117000000.0,434000000.0,-1819000000.0,0.0,508000000.0,-29000000.0,250000000.0,250000000.0,250000000.0,0.0,0.0,0.063,1131000000.0,413000000.0,414000000,0.464,4.025,36.238,36.266,612000000,0.0,50.41,2.268,2.266,868000000,1050000000.0,3995000000.0,3995000000.0,127000000.0,0.044,0.113,0.141,0.105,19000000.0,968000000.0,1.0,179716416,179600000,180700000.0,22.244,2679000000,0,95000000.0,350000000,14.916,672000000
18,XYL,ART,2016-12-31,2017-02-23,2016-12-31,2021-08-03,-318000000,6474000000,5312500000.0,1839000000,4635000000,0.71,12.228,-123000000.0,308000000,308000000,2310000000.0,260000000.0,1.485,1.948,2368000000,260000000,2108000000,2368000000,0,151000000.0,0,0.014,0.645,410000000.0,561000000.0,0.149,561000000.0,410000000.0,340000000.0,1.45,1.45,1.45,2190000000,2187500000.0,2190000000,10588481166.0,26.0,18.874,374000000.0,2.088,1.0,1461000000.0,0.387,3833000000,70000000.0,3463000000,2698750000.0,522000000,0,0,0,4267000000,1238000000,3029000000,8528481166.0,-372000000.0,-1782000000.0,20000000.0,1126000000.0,-112000000.0,1034000000.0,-1886000000.0,0.0,497000000.0,-17000000.0,260000000.0,260000000.0,260000000.0,0.0,0.0,0.069,1055000000.0,406000000.0,457000000,0.445,3.894,32.802,32.772,616000000,0.0,47.52,2.262,2.257,843000000,1033000000.0,3771000000.0,3771000000.0,110000000.0,0.049,0.119,0.152,0.109,18000000.0,915000000.0,1.0,179471405,179100000,180000000.0,21.055,2641000000,0,80000000.0,352000000,14.746,601000000
19,XYL,ART,2016-09-30,2016-11-01,2016-09-30,2021-08-03,-255000000,4778000000,4858250000.0,2092000000,2686000000,0.755,12.421,-130000000.0,659000000,659000000,2225000000.0,324000000.0,2.488,1.145,1210000000,62000000,1148000000,1210000000,0,128000000.0,0,0.01,0.465,442000000.0,570000000.0,0.155,570000000.0,442000000.0,378000000.0,1.8,1.8,1.8,2227000000,2161000000.0,2227000000,9016642311.0,20.0,15.819,348000000.0,1.941,1.0,1445000000.0,0.394,2065000000,64000000.0,2423000000,2435250000.0,488000000,0,0,0,2551000000,841000000,1710000000,8465642311.0,48000000.0,-88000000.0,-25000000.0,-86000000.0,-109000000.0,-218000000.0,-213000000.0,0.0,478000000.0,1000000.0,324000000.0,324000000.0,324000000.0,0.0,0.0,0.088,1006000000.0,439000000.0,341000000,0.258,3.801,26.129,26.217,440000000,0.0,47.19,2.307,2.305,792000000,1011000000.0,3670000000.0,3670000000.0,99000000.0,0.067,0.15,0.182,0.12,19000000.0,888000000.0,1.0,179394836,179300000,180300000.0,20.468,2713000000,0,54000000.0,114000000,15.131,1251000000
20,XYL,ART,2016-06-30,2016-08-02,2016-06-30,2021-08-03,-252000000,4694000000,4825000000.0,2007000000,2687000000,0.762,12.138,-122000000.0,586000000,586000000,2236000000.0,339000000.0,2.448,1.159,1234000000,91000000,1143000000,1234000000,0,129000000.0,0,0.013,0.592,451000000.0,580000000.0,0.158,580000000.0,451000000.0,390000000.0,1.87,1.87,1.87,2174000000,2115000000.0,2174000000,8963817638.0,20.0,15.455,344000000.0,1.921,1.0,1439000000.0,0.392,2069000000,61000000.0,2453000000,2448500000.0,483000000,0,0,0,2520000000,820000000,1700000000,8315817638.0,-14000000.0,-88000000.0,-101000000.0,-57000000.0,-107000000.0,-264000000.0,-206000000.0,0.0,466000000.0,-10000000.0,339000000.0,339000000.0,339000000.0,0.0,0.0,0.092,989000000.0,450000000.0,339000000,0.317,3.825,24.53,24.818,438000000,0.0,46.41,2.263,2.262,784000000,966000000.0,3675000000.0,3675000000.0,99000000.0,0.07,0.16,0.184,0.123,17000000.0,876000000.0,1.0,179181591,179100000,179900000.0,20.519,2625000000,0,51000000.0,117000000,14.657,1187000000
21,XYL,ART,2016-03-31,2016-05-03,2016-03-31,2021-08-03,-212000000,5304000000,4831250000.0,2575000000,2729000000,0.758,12.088,-117000000.0,1193000000,1193000000,2245000000.0,342000000.0,1.798,1.457,1873000000,720000000,1153000000,1873000000,0,130000000.0,0,0.014,0.578,446000000.0,576000000.0,0.157,576000000.0,446000000.0,391000000.0,1.89,1.89,1.89,2159000000,2091500000.0,2159000000,8172223070.0,18.0,14.188,349000000.0,1.954,1.0,1418000000.0,0.387,2096000000,55000000.0,2456000000,2466500000.0,482000000,0,0,0,3145000000,1432000000,1713000000,7492223070.0,639000000.0,-88000000.0,-106000000.0,577000000.0,-104000000.0,368000000.0,-201000000.0,0.0,466000000.0,6000000.0,342000000.0,342000000.0,342000000.0,0.0,0.0,0.093,973000000.0,445000000.0,332000000,0.306,3.47,21.907,22.159,446000000,0.0,41.88,2.045,2.042,752000000,923000000.0,3663000000.0,3663000000.0,97000000.0,0.071,0.164,0.181,0.122,16000000.0,867000000.0,1.0,178897399,178600000,179300000.0,20.51,3208000000,0,49000000.0,106000000,17.962,1143000000
22,XYL,ART,2015-12-31,2016-02-26,2015-12-31,2021-08-03,-238000000,4657000000,4660250000.0,2005000000,2652000000,0.784,11.52,-117000000.0,680000000,680000000,2249000000.0,340000000.0,2.436,1.235,1274000000,78000000,1196000000,1274000000,0,133000000.0,0,0.015,0.578,458000000.0,591000000.0,0.162,591000000.0,458000000.0,403000000.0,1.88,1.87,1.88,2084000000,2049000000.0,2084000000,7326484678.0,16.0,12.397,347000000.0,1.918,1.0,1404000000.0,0.384,2019000000,55000000.0,2409000000,2472750000.0,433000000,0,0,0,2573000000,823000000,1750000000,6732484678.0,17000000.0,-17000000.0,-158000000.0,-3000000.0,-102000000.0,-262000000.0,-132000000.0,0.0,464000000.0,-53000000.0,340000000.0,340000000.0,340000000.0,0.0,0.0,0.093,955000000.0,449000000.0,338000000,0.307,3.231,19.801,20.064,439000000,0.0,37.72,1.843,1.868,749000000,885000000.0,3653000000.0,3653000000.0,95000000.0,0.073,0.166,0.185,0.125,15000000.0,854000000.0,1.0,178485808,180900000,181700000.0,20.193,2638000000,0,63000000.0,118000000,14.583,1182000000
23,XYL,ART,2015-09-30,2015-10-29,2015-09-30,2021-08-03,-229000000,4645000000,4712000000.0,2017000000,2628000000,0.785,11.3,-119000000.0,611000000,611000000,2280000000.0,322000000.0,2.475,1.274,1275000000,79000000,1196000000,1275000000,0,137000000.0,0,0.012,0.423,457000000.0,594000000.0,0.16,594000000.0,457000000.0,403000000.0,1.77,1.76,1.77,2043000000,2059750000.0,2043000000,7182166581.0,16.0,12.091,304000000.0,1.681,1.0,1421000000.0,0.384,2018000000,54000000.0,2476000000,2499250000.0,477000000,0,0,0,2602000000,815000000,1787000000,6518166581.0,82000000.0,1000000.0,-107000000.0,47000000.0,-100000000.0,-159000000.0,-115000000.0,0.0,423000000.0,-67000000.0,322000000.0,322000000.0,322000000.0,0.0,0.0,0.087,973000000.0,448000000.0,314000000,0.239,3.19,20.243,20.531,418000000,0.0,36.34,1.761,1.775,762000000,796000000.0,3701000000.0,3701000000.0,97000000.0,0.068,0.156,0.183,0.123,15000000.0,863000000.0,1.0,179366169,180800000,181600000.0,20.47,2627000000,35000000,81000000.0,141000000,14.53,1202000000
24,XYL,ART,2015-06-30,2015-07-30,2015-06-30,2021-08-03,-198000000,4719000000,4754250000.0,2056000000,2663000000,0.791,11.46,-127000000.0,600000000,600000000,2316000000.0,340000000.0,2.456,1.269,1277000000,81000000,1196000000,1277000000,0,139000000.0,0,0.015,0.538,479000000.0,618000000.0,0.164,618000000.0,479000000.0,424000000.0,1.87,1.86,1.87,2080000000,2097250000.0,2080000000,7069400098.0,15.0,11.439,314000000.0,1.73,1.0,1446000000.0,0.384,2034000000,55000000.0,2525000000,2520250000.0,498000000,0,0,0,2639000000,837000000,1802000000,6392400098.0,150000000.0,31000000.0,-67000000.0,49000000.0,-98000000.0,-113000000.0,-92000000.0,0.0,441000000.0,-86000000.0,340000000.0,340000000.0,340000000.0,0.0,0.0,0.09,988000000.0,458000000.0,315000000,0.288,3.073,18.801,18.834,431000000,0.0,35.22,1.699,1.699,772000000,734000000.0,3762000000.0,3762000000.0,98000000.0,0.072,0.162,0.19,0.127,17000000.0,878000000.0,1.0,181499151,181500000,182300000.0,20.727,2685000000,37000000,84000000.0,152000000,14.793,1219000000
25,XYL,ART,2015-03-31,2015-04-30,2015-03-31,2021-08-03,-233000000,4620000000,4799500000.0,1973000000,2647000000,0.802,10.923,-130000000.0,554000000,554000000,2361000000.0,352000000.0,2.369,1.323,1276000000,81000000,1195000000,1276000000,0,141000000.0,0,0.014,0.525,491000000.0,632000000.0,0.164,632000000.0,491000000.0,437000000.0,1.93,1.92,1.93,1989000000,2138500000.0,1989000000,7436361158.0,15.0,11.766,303000000.0,1.664,1.0,1486000000.0,0.386,2028000000,54000000.0,2481000000,2553000000.0,502000000,0,0,0,2631000000,833000000,1798000000,6714361158.0,88000000.0,31000000.0,-115000000.0,50000000.0,-96000000.0,-156000000.0,-98000000.0,0.0,433000000.0,-91000000.0,352000000.0,352000000.0,352000000.0,0.0,0.0,0.091,1016000000.0,470000000.0,311000000,0.272,3.376,19.075,19.181,434000000,0.0,37.02,1.745,1.752,738000000,686000000.0,3847000000.0,3847000000.0,100000000.0,0.073,0.165,0.192,0.128,18000000.0,902000000.0,1.0,181371182,182100000,183100000.0,21.126,2592000000,38000000,85000000.0,152000000,14.234,1140000000
26,XYL,ART,2014-12-31,2015-02-26,2014-12-31,2021-08-03,-99000000,4864000000,4866250000.0,2102000000,2762000000,0.805,11.617,-117000000.0,663000000,663000000,2403000000.0,337000000.0,2.315,1.287,1288000000,89000000,1199000000,1288000000,0,142000000.0,0,0.015,0.525,475000000.0,617000000.0,0.158,617000000.0,475000000.0,421000000.0,1.84,1.83,1.84,2127000000,2198500000.0,2127000000,7146218720.0,15.0,11.582,299000000.0,1.633,1.0,1513000000.0,0.386,2066000000,54000000.0,2515000000,2584750000.0,486000000,0,0,0,2737000000,908000000,1829000000,6521218720.0,130000000.0,30000000.0,-108000000.0,52000000.0,-94000000.0,-147000000.0,-86000000.0,0.0,416000000.0,-53000000.0,337000000.0,337000000.0,337000000.0,0.0,0.0,0.086,1050000000.0,463000000.0,338000000,0.285,3.066,19.351,19.44,461000000,0.0,35.77,1.665,1.672,771000000,648000000.0,3916000000.0,3916000000.0,104000000.0,0.069,0.153,0.184,0.121,18000000.0,920000000.0,1.0,182309721,183100000,184200000.0,21.387,2798000000,38000000,84000000.0,158000000,15.281,1194000000
27,XYL,ART,2014-09-30,2014-10-28,2014-09-30,2021-08-03,49000000,4814000000,4874250000.0,2025000000,2789000000,0.802,12.036,-111000000.0,529000000,529000000,2391000000.0,309000000.0,2.382,1.195,1240000000,41000000,1199000000,1240000000,0,147000000.0,0,0.014,0.512,455000000.0,602000000.0,0.154,602000000.0,455000000.0,400000000.0,1.69,1.68,1.69,2193000000,2227000000.0,2193000000,7345782380.0,16.0,12.202,303000000.0,1.663,1.0,1516000000.0,0.388,2115000000,55000000.0,2560000000,2592250000.0,516000000,0,0,0,2621000000,850000000,1771000000,6634782380.0,135000000.0,30000000.0,-124000000.0,41000000.0,-93000000.0,-173000000.0,-79000000.0,0.0,414000000.0,-27000000.0,309000000.0,309000000.0,309000000.0,0.0,0.0,0.079,1065000000.0,451000000.0,314000000,0.303,3.025,21.472,21.586,454000000,0.0,36.48,1.698,1.701,804000000,575000000.0,3907000000.0,3907000000.0,104000000.0,0.063,0.139,0.176,0.116,20000000.0,930000000.0,1.0,181874517,182200000,183400000.0,21.443,2699000000,35000000,91000000.0,183000000,14.813,1175000000
28,XYL,ART,2014-06-30,2014-07-29,2014-06-30,2021-08-03,158000000,4900000000,4866750000.0,2016000000,2884000000,0.803,12.241,-110000000.0,450000000,450000000,2385000000.0,276000000.0,2.383,1.183,1242000000,43000000,1199000000,1242000000,0,148000000.0,0,0.013,0.489,410000000.0,558000000.0,0.143,558000000.0,410000000.0,355000000.0,1.5,1.49,1.5,2245000000,2218250000.0,2245000000,7587734762.0,19.0,13.598,250000000.0,1.363,1.0,1524000000.0,0.39,2190000000,55000000.0,2656000000,2599500000.0,527000000,0,0,0,2655000000,846000000,1809000000,6795734762.0,90000000.0,0.0,-119000000.0,38000000.0,-91000000.0,-170000000.0,-108000000.0,0.0,360000000.0,8000000.0,276000000.0,276000000.0,276000000.0,0.0,0.0,0.071,1105000000.0,419000000.0,328000000,0.326,3.027,24.622,24.8,469000000,0.0,37.2,1.738,1.745,830000000,493000000.0,3909000000.0,3909000000.0,104000000.0,0.057,0.124,0.158,0.105,24000000.0,964000000.0,1.0,182681042,183400000,184500000.0,21.314,2710000000,37000000,79000000.0,195000000,14.776,1170000000
29,XYL,ART,2014-03-31,2014-04-29,2014-03-31,2021-08-03,166000000,4887000000,4794500000.0,1991000000,2896000000,0.806,12.081,-117000000.0,466000000,466000000,2357000000.0,236000000.0,2.323,1.192,1243000000,44000000,1199000000,1243000000,0,149000000.0,0,0.013,0.477,364000000.0,513000000.0,0.133,513000000.0,364000000.0,308000000.0,1.28,1.27,1.28,2229000000,2170000000.0,2229000000,7473862595.0,21.0,14.569,209000000.0,1.133,1.0,1507000000.0,0.39,2199000000,56000000.0,2608000000,2572250000.0,516000000,0,0,0,2658000000,857000000,1801000000,6696862595.0,91000000.0,-3000000.0,-76000000.0,39000000.0,-89000000.0,-126000000.0,-118000000.0,0.0,326000000.0,9000000.0,236000000.0,236000000.0,236000000.0,0.0,0.0,0.061,1134000000.0,373000000.0,325000000,0.373,3.004,28.377,28.469,476000000,0.0,36.44,1.733,1.74,803000000,430000000.0,3864000000.0,3864000000.0,105000000.0,0.049,0.109,0.142,0.094,25000000.0,974000000.0,1.0,183777788,184500000,185800000.0,20.943,2688000000,40000000,72000000.0,198000000,14.569,1134000000
30,XYL,ART,2013-12-31,2014-02-27,2013-12-31,2021-08-03,167000000,4896000000,4720000000.0,2009000000,2887000000,0.813,12.1,-120000000.0,533000000,533000000,2338000000.0,228000000.0,2.355,1.185,1241000000,42000000,1199000000,1241000000,0,150000000.0,0,0.012,0.477,353000000.0,503000000.0,0.131,503000000.0,353000000.0,298000000.0,1.23,1.22,1.23,2241000000,2122750000.0,2241000000,7978909592.0,23.0,15.863,204000000.0,1.102,1.0,1499000000.0,0.391,2206000000,55000000.0,2545000000,2551500000.0,475000000,0,0,0,2655000000,853000000,1802000000,7270909592.0,29000000.0,-81000000.0,-51000000.0,37000000.0,-87000000.0,-100000000.0,-199000000.0,0.0,324000000.0,4000000.0,228000000.0,228000000.0,228000000.0,0.0,0.0,0.059,1136000000.0,363000000.0,332000000,0.388,3.244,31.89,32.008,488000000,0.0,39.37,1.895,1.9,817000000,405000000.0,3837000000.0,3837000000.0,104000000.0,0.048,0.107,0.138,0.092,27000000.0,986000000.0,1.0,184681473,185200000,186000000.0,20.718,2690000000,41000000,70000000.0,191000000,14.525,1156000000
31,XYL,ART,2013-09-30,2013-10-29,2013-09-30,2021-08-03,129000000,4784000000,4665750000.0,1899000000,2885000000,0.809,11.652,-114000000.0,394000000,394000000,2302000000.0,233000000.0,2.368,1.217,1202000000,3000000,1199000000,1202000000,0,149000000.0,0,0.014,0.466,335000000.0,484000000.0,0.128,484000000.0,335000000.0,280000000.0,1.26,1.25,1.26,2158000000,2081000000.0,2158000000,6809402382.0,20.0,14.069,215000000.0,1.161,1.0,1471000000.0,0.39,2201000000,55000000.0,2589000000,2532250000.0,496000000,0,0,0,2626000000,802000000,1824000000,6001402382.0,-30000000.0,-110000000.0,-49000000.0,-9000000.0,-84000000.0,-142000000.0,-223000000.0,0.0,329000000.0,6000000.0,233000000.0,233000000.0,233000000.0,0.0,0.0,0.062,1133000000.0,338000000.0,324000000,0.37,2.781,25.757,25.817,478000000,0.0,32.53,1.591,1.597,845000000,359000000.0,3773000000.0,3773000000.0,104000000.0,0.05,0.112,0.132,0.089,27000000.0,976000000.0,1.0,184488238,185200000,186000000.0,20.373,2583000000,44000000,47000000.0,173000000,13.947,1097000000
32,XYL,ART,2013-06-30,2013-07-30,2013-06-30,2021-08-03,55000000,4611000000,4618750000.0,1779000000,2832000000,0.81,11.068,-110000000.0,360000000,360000000,2278000000.0,232000000.0,2.417,1.247,1204000000,5000000,1199000000,1204000000,0,149000000.0,0,0.017,0.435,352000000.0,501000000.0,0.134,501000000.0,352000000.0,297000000.0,1.26,1.24,1.26,2052000000,2055000000.0,2052000000,5576247424.0,16.0,11.13,223000000.0,1.203,1.0,1461000000.0,0.391,2172000000,55000000.0,2547000000,2508250000.0,471000000,0,0,0,2559000000,736000000,1823000000,4732247424.0,2000000.0,-122000000.0,-19000000.0,-1000000.0,-79000000.0,-103000000.0,-232000000.0,0.0,333000000.0,4000000.0,232000000.0,232000000.0,232000000.0,0.0,0.0,0.062,1110000000.0,351000000.0,311000000,0.345,2.306,20.398,20.27,470000000,0.0,25.54,1.266,1.266,792000000,308000000.0,3739000000.0,3739000000.0,104000000.0,0.05,0.113,0.14,0.094,24000000.0,951000000.0,1.0,185287683,185400000,186100000.0,20.167,2439000000,43000000,65000000.0,179000000,13.155,1043000000
33,XYL,ART,2013-03-31,2013-04-30,2013-03-31,2021-08-03,72000000,4589000000,4586500000.0,1757000000,2832000000,0.817,10.98,-105000000.0,375000000,375000000,2272000000.0,275000000.0,2.437,1.25,1205000000,6000000,1199000000,1205000000,0,145000000.0,0,0.015,0.42,409000000.0,554000000.0,0.148,554000000.0,409000000.0,355000000.0,1.49,1.47,1.49,2040000000,2029000000.0,2040000000,5971832382.0,15.0,10.779,250000000.0,1.346,1.0,1473000000.0,0.393,2173000000,54000000.0,2525000000,2487750000.0,461000000,0,0,0,2549000000,721000000,1828000000,5141832382.0,28000000.0,-119000000.0,-19000000.0,-1000000.0,-78000000.0,-100000000.0,-223000000.0,0.0,355000000.0,-4000000.0,275000000.0,275000000.0,275000000.0,0.0,0.0,0.073,1063000000.0,410000000.0,309000000,0.282,2.521,18.698,18.624,474000000,0.0,27.75,1.373,1.377,767000000,283000000.0,3745000000.0,3745000000.0,104000000.0,0.06,0.136,0.164,0.109,23000000.0,919000000.0,1.0,185291257,185800000,186400000.0,20.156,2416000000,43000000,80000000.0,179000000,13.003,1036000000
34,XYL,ART,2012-12-31,2013-02-25,2012-12-31,2021-08-03,115000000,4679000000,4567500000.0,1874000000,2805000000,0.83,11.163,-107000000.0,504000000,504000000,2289000000.0,297000000.0,2.399,1.256,1205000000,6000000,1199000000,1205000000,0,142000000.0,0,0.019,0.521,443000000.0,585000000.0,0.154,585000000.0,443000000.0,388000000.0,1.6,1.59,1.6,2074000000,2006250000.0,2074000000,5731033040.0,13.0,9.797,289000000.0,1.555,1.0,1502000000.0,0.396,2131000000,55000000.0,2468000000,2461500000.0,443000000,0,0,0,2605000000,781000000,1824000000,5030033040.0,186000000.0,-41000000.0,11000000.0,-1000000.0,-75000000.0,-74000000.0,-147000000.0,0.0,396000000.0,11000000.0,297000000.0,297000000.0,297000000.0,0.0,0.0,0.078,1059000000.0,443000000.0,332000000,0.326,2.425,16.936,16.887,487000000,0.0,27.02,1.327,1.324,776000000,264000000.0,3791000000.0,3791000000.0,106000000.0,0.065,0.148,0.18,0.117,22000000.0,914000000.0,1.0,186159624,185800000,186200000.0,20.404,2548000000,41000000,91000000.0,173000000,13.714,1093000000
35,XYL,ART,2012-09-30,2012-11-06,2012-09-30,2021-08-03,153000000,4596000000,4496000000.0,1834000000,2762000000,0.851,11.049,-122000000.0,424000000,424000000,2325000000.0,276000000.0,2.336,1.238,1212000000,13000000,1199000000,1212000000,0,136000000.0,0,0.019,0.506,439000000.0,575000000.0,0.15,575000000.0,439000000.0,383000000.0,,,,2054000000,1944500000.0,2054000000,5627934742.0,13.0,9.788,305000000.0,1.641,1.0,1500000000.0,0.392,2106000000,56000000.0,2493000000,2431750000.0,467000000,0,0,0,2542000000,785000000,1757000000,4839934742.0,240000000.0,-12000000.0,19000000.0,-3000000.0,-75000000.0,-51000000.0,-135000000.0,0.0,427000000.0,-1000000.0,276000000.0,276000000.0,276000000.0,0.0,0.0,0.072,1062000000.0,438000000.0,316000000,,2.356,17.536,,464000000,0.0,26.05,1.265,1.266,801000000,206000000.0,3825000000.0,3825000000.0,107000000.0,0.061,0.142,0.181,0.115,22000000.0,916000000.0,1.0,185794040,185900000,,20.576,2490000000,36000000,107000000.0,170000000,13.394,1049000000
36,XYL,ART,2012-09-30,2012-11-01,2012-09-30,2021-08-03,153000000,4596000000,4496000000.0,1834000000,2762000000,0.851,11.049,-122000000.0,424000000,424000000,2325000000.0,276000000.0,2.336,1.238,1212000000,13000000,1199000000,1212000000,0,136000000.0,0,0.02,0.506,439000000.0,575000000.0,0.15,575000000.0,439000000.0,383000000.0,,,,2054000000,1944500000.0,2054000000,5507168616.0,13.0,9.578,305000000.0,1.641,1.0,1500000000.0,0.392,2106000000,56000000.0,2493000000,2431750000.0,467000000,0,0,0,2542000000,785000000,1757000000,4719168616.0,240000000.0,-12000000.0,19000000.0,-3000000.0,-75000000.0,-51000000.0,-135000000.0,0.0,427000000.0,-1000000.0,276000000.0,276000000.0,276000000.0,0.0,0.0,0.072,1062000000.0,438000000.0,316000000,,2.298,17.098,,464000000,0.0,25.4,1.234,1.234,801000000,206000000.0,3825000000.0,3825000000.0,107000000.0,0.061,0.142,0.181,0.115,22000000.0,916000000.0,1.0,185794040,185900000,,20.576,2490000000,36000000,107000000.0,170000000,13.394,1049000000
37,XYL,ART,2012-06-30,2012-08-02,2012-06-30,2021-08-03,106000000,4482000000,4384750000.0,1749000000,2733000000,0.874,10.484,,358000000,358000000,2342000000.0,281000000.0,2.245,1.301,1206000000,7000000,1199000000,1206000000,0,,0,0.013,0.304,408000000.0,,,,408000000.0,365000000.0,,,,1948000000,1918750000.0,1948000000,5222446432.0,13.0,,,,1.0,1491000000.0,0.389,2086000000,43000000.0,2465000000,2396750000.0,467000000,0,0,0,2534000000,779000000,1755000000,4374446432.0,,,,,,,,,,,281000000.0,281000000.0,281000000.0,0.0,0.0,0.073,1085000000.0,406000000.0,327000000,,2.246,15.567,,459000000,0.0,23.57,1.141,1.143,770000000,153000000.0,3833000000.0,3833000000.0,106000000.0,0.064,0.146,0.17,0.106,,900000000.0,1.0,185593824,185800000,,20.63,2396000000,47000000,84000000.0,176000000,12.896,970000000
38,XYL,ART,2012-03-31,2012-05-03,2012-03-31,2021-08-03,177000000,4513000000,,1735000000,2778000000,,10.512,,347000000,347000000,,,2.118,1.316,1206000000,4000000,1202000000,1206000000,0,,0,0.007,0.202,,,,,,,,,,1949000000,,1949000000,5921345306.0,,,,,1.0,,,2133000000,,2420000000,,465000000,0,0,0,2564000000,819000000,1745000000,5062345306.0,,,,,,,,,,,,,,,,,,,329000000,,2.597,,,468000000,,27.3,,,761000000,84000000.0,,,,,,,,,,1.0,185433894,185400000,,,2380000000,45000000,,155000000,12.837,916000000
39,XYL,ART,2011-12-31,2012-02-28,2011-12-31,2021-08-03,122000000,4393000000,4064000000.0,1642000000,2751000000,0.936,9.87,-115000000.0,318000000,318000000,2342000000.0,279000000.0,2.01,1.404,1206000000,5000000,1201000000,1206000000,0,137000000.0,0,0.004,0.101,400000000.0,537000000.0,0.141,537000000.0,400000000.0,383000000.0,1.51,1.5,1.51,1827000000,2273000000.0,1827000000,5845962878.0,15.0,10.886,334000000.0,1.804,1.0,1461000000.0,0.384,2115000000,17000000.0,2349000000,1725500000.0,426000000,0,0,0,2566000000,817000000,1749000000,4957962878.0,187000000.0,-309000000.0,1000000.0,1185000000.0,-19000000.0,172000000.0,-423000000.0,0.0,449000000.0,-11000000.0,279000000.0,279000000.0,279000000.0,0.0,0.0,0.073,1066000000.0,395000000.0,322000000,0.067,2.714,17.77,17.775,463000000,0.0,26.84,1.304,1.306,756000000,40000000.0,3803000000.0,3803000000.0,100000000.0,0.069,0.123,0.232,0.105,13000000.0,877000000.0,1.0,184722909,185100000,185300000.0,20.546,2278000000,45000000,104000000.0,165000000,12.307,825000000
40,XYL,ART,2011-09-30,2011-11-21,2011-09-30,2021-08-03,302000000,4151000000,,1480000000,2671000000,,10.57,,184000000,184000000,,,2.212,1.128,1207000000,5000000,1202000000,1207000000,0,,0,0.004,0.101,,,,,,,,,,1951000000,,1951000000,5382553533.0,,,,,1.0,,,2152000000,,2353000000,,437000000,0,0,0,2200000000,669000000,1531000000,4359553533.0,,,,,,,,,,,,,,,,,,,283000000,,2.235,,,442000000,,23.62,,,753000000,,,,,,,,,,,1.0,184570429,184570429,,,1999000000,0,,77000000,10.831,811000000
41,XYL,ART,2010-12-31,2011-10-05,2010-12-31,2021-08-03,358000000,3735000000,,1336000000,2399000000,,14.732,-94000000.0,131000000,131000000,1988000000.0,329000000.0,2.059,0.374,0,0,0,0,0,92000000.0,0,,0.0,388000000.0,480000000.0,0.15,480000000.0,388000000.0,388000000.0,,,,2719000000,,2719000000,,,,301000000.0,1.631,1.0,1214000000.0,0.379,1853000000,0.0,1102000000,,389000000,0,0,0,1016000000,649000000,367000000,,50000000.0,-1004000000.0,0.0,0.0,0.0,745000000.0,-1093000000.0,0.0,395000000.0,3000000.0,329000000.0,329000000.0,329000000.0,0.0,0.0,0.103,826000000.0,388000000.0,309000000,,,,,454000000,0.0,,,,690000000,,3202000000.0,3202000000.0,74000000.0,,,,0.121,9000000.0,737000000.0,1.0,184570429,184570429,,17.348,1882000000,0,59000000.0,99000000,10.197,687000000
42,XYL,ART,2010-12-31,2011-09-26,2010-12-31,2021-08-03,358000000,3735000000,,1336000000,2399000000,,14.732,-94000000.0,131000000,131000000,1988000000.0,329000000.0,2.059,0.374,0,0,0,0,0,92000000.0,0,,0.0,388000000.0,480000000.0,0.15,480000000.0,388000000.0,388000000.0,,,,2719000000,,2719000000,,,,301000000.0,1.631,1.0,1214000000.0,0.379,1853000000,0.0,1102000000,,389000000,0,0,0,1016000000,649000000,367000000,,50000000.0,-1004000000.0,0.0,0.0,0.0,745000000.0,-1093000000.0,0.0,395000000.0,3000000.0,329000000.0,329000000.0,329000000.0,0.0,0.0,0.103,826000000.0,388000000.0,309000000,,,,,454000000,0.0,,,,690000000,,3202000000.0,3202000000.0,74000000.0,,,,0.121,9000000.0,737000000.0,1.0,184570429,184570429,,17.348,1882000000,0,59000000.0,99000000,10.197,687000000
43,XYL,ART,2010-12-31,2011-09-13,2010-12-31,2021-08-03,358000000,3735000000,,1336000000,2399000000,,14.732,-94000000.0,131000000,131000000,1988000000.0,329000000.0,2.059,0.374,0,0,0,0,0,92000000.0,0,,0.0,388000000.0,480000000.0,0.15,480000000.0,388000000.0,388000000.0,,,,2719000000,,2719000000,,,,301000000.0,1.631,1.0,1214000000.0,0.379,1853000000,0.0,1102000000,,389000000,0,0,0,1016000000,649000000,367000000,,50000000.0,-1004000000.0,0.0,0.0,0.0,745000000.0,-1093000000.0,0.0,395000000.0,3000000.0,329000000.0,329000000.0,329000000.0,0.0,0.0,0.103,826000000.0,388000000.0,309000000,,,,,454000000,0.0,,,,690000000,,3202000000.0,3202000000.0,74000000.0,,,,0.121,9000000.0,737000000.0,1.0,184570429,184570429,,17.348,1882000000,0,59000000.0,99000000,10.197,687000000
44,XYL,ART,2010-12-31,2011-08-22,2010-12-31,2021-08-03,358000000,3735000000,,1336000000,2399000000,,14.732,-94000000.0,131000000,131000000,1988000000.0,329000000.0,2.059,0.374,0,0,0,0,0,92000000.0,0,,0.0,388000000.0,480000000.0,0.15,480000000.0,388000000.0,388000000.0,,,,2719000000,,2719000000,,,,301000000.0,1.631,1.0,1214000000.0,0.379,1853000000,0.0,1102000000,,389000000,0,0,0,1016000000,649000000,367000000,,50000000.0,-1004000000.0,0.0,0.0,0.0,745000000.0,-1093000000.0,0.0,395000000.0,3000000.0,329000000.0,329000000.0,329000000.0,0.0,0.0,0.103,826000000.0,388000000.0,309000000,,,,,454000000,0.0,,,,690000000,,3202000000.0,3202000000.0,74000000.0,,,,0.121,9000000.0,737000000.0,1.0,184570429,184570429,,17.348,1882000000,0,59000000.0,99000000,10.197,687000000
45,XYL,ART,2010-12-31,2011-07-11,2010-12-31,2021-08-03,358000000,3735000000,,1336000000,2399000000,,14.732,-94000000.0,131000000,131000000,1988000000.0,329000000.0,2.059,0.374,0,0,0,0,0,92000000.0,0,,0.0,388000000.0,480000000.0,0.15,480000000.0,388000000.0,388000000.0,,,,2719000000,,2719000000,,,,301000000.0,1.631,1.0,1214000000.0,0.379,1853000000,0.0,1102000000,,389000000,0,0,0,1016000000,649000000,367000000,,50000000.0,-1004000000.0,0.0,0.0,0.0,745000000.0,-1093000000.0,0.0,395000000.0,3000000.0,329000000.0,329000000.0,329000000.0,0.0,0.0,0.103,826000000.0,388000000.0,309000000,,,,,454000000,0.0,,,,690000000,,3202000000.0,3202000000.0,74000000.0,,,,0.121,9000000.0,737000000.0,1.0,184570429,184570429,,17.348,1882000000,0,59000000.0,99000000,10.197,687000000
